PokerStars Hand #226200566594:  Hold'em No Limit ($0.01/$0.02 USD) - 2021/04/25 16:47:14 PT [2021/04/25 19:47:14 ET]
Table 'Vesale III' 9-max Seat #8 is the button
Seat 1: trucopp79 ($2.07 in chips) 
Seat 2: felipe002323 ($1.09 in chips) 
Seat 3: HardMickey83 ($2.99 in chips) 
Seat 4: Vadimur1962 ($1.48 in chips) 
Seat 5: elronaa ($0.81 in chips) 
Seat 6: wlyanna ($4.85 in chips) 
Seat 7: Dorex2007 ($1.50 in chips) 
Seat 8: sammysnuggle ($2.92 in chips) 
Seat 9: absii5 ($1.33 in chips) 
absii5: posts small blind $0.01
trucopp79: posts big blind $0.02
Dorex2007: posts big blind $0.02
*** HOLE CARDS ***
Dealt to Dorex2007 [Ks Tc]
felipe002323 has timed out
felipe002323: folds 
HardMickey83: folds 
Vadimur1962: folds 
elronaa: calls $0.02
wlyanna: folds 
Dorex2007: raises $0.04 to $0.06
sammysnuggle: folds 
absii5: folds 
trucopp79: calls $0.04
elronaa: calls $0.04
*** FLOP *** [7c Jc 3h]
trucopp79: checks 
elronaa: checks 
Dorex2007: bets $0.09
trucopp79: folds 
elronaa: calls $0.09
*** TURN *** [7c Jc 3h] [4c]
elronaa: checks 
Dorex2007: checks 
*** RIVER *** [7c Jc 3h 4c] [Ac]
elronaa: checks 
Dorex2007: bets $0.36
elronaa: folds 
Uncalled bet ($0.36) returned to Dorex2007
Dorex2007 collected $0.36 from pot
Dorex2007: doesn't show hand 
*** SUMMARY ***
Total pot $0.37 | Rake $0.01 
Board [7c Jc 3h 4c Ac]
Seat 1: trucopp79 (big blind) folded on the Flop
Seat 2: felipe002323 folded before Flop (didn't bet)
Seat 3: HardMickey83 folded before Flop (didn't bet)
Seat 4: Vadimur1962 folded before Flop (didn't bet)
Seat 5: elronaa folded on the River
Seat 6: wlyanna folded before Flop (didn't bet)
Seat 7: Dorex2007 collected ($0.36)
Seat 8: sammysnuggle (button) folded before Flop (didn't bet)
Seat 9: absii5 (small blind) folded before Flop



PokerStars Hand #226200589176:  Hold'em No Limit ($0.01/$0.02 USD) - 2021/04/25 16:48:16 PT [2021/04/25 19:48:16 ET]
Table 'Vesale III' 9-max Seat #9 is the button
Seat 1: trucopp79 ($2.01 in chips) 
Seat 2: felipe002323 ($1.09 in chips) 
Seat 3: HardMickey83 ($2.99 in chips) 
Seat 4: Vadimur1962 ($1.48 in chips) 
Seat 5: elronaa ($0.66 in chips) 
Seat 6: wlyanna ($4.85 in chips) 
Seat 7: Dorex2007 ($1.71 in chips) 
Seat 8: sammysnuggle ($2.92 in chips) 
Seat 9: absii5 ($1.32 in chips) 
trucopp79: posts small blind $0.01
felipe002323: posts big blind $0.02
*** HOLE CARDS ***
Dealt to Dorex2007 [6s Kc]
HardMickey83: folds 
Vadimur1962: folds 
elronaa: folds 
wlyanna: folds 
Dorex2007: folds 
sammysnuggle: folds 
absii5: folds 
trucopp79: raises $0.06 to $0.08
felipe002323: folds 
Uncalled bet ($0.06) returned to trucopp79
trucopp79 collected $0.04 from pot
trucopp79: doesn't show hand 
*** SUMMARY ***
Total pot $0.04 | Rake $0 
Seat 1: trucopp79 (small blind) collected ($0.04)
Seat 2: felipe002323 (big blind) folded before Flop
Seat 3: HardMickey83 folded before Flop (didn't bet)
Seat 4: Vadimur1962 folded before Flop (didn't bet)
Seat 5: elronaa folded before Flop (didn't bet)
Seat 6: wlyanna folded before Flop (didn't bet)
Seat 7: Dorex2007 folded before Flop (didn't bet)
Seat 8: sammysnuggle folded before Flop (didn't bet)
Seat 9: absii5 (button) folded before Flop (didn't bet)



PokerStars Hand #226200598612:  Hold'em No Limit ($0.01/$0.02 USD) - 2021/04/25 16:48:42 PT [2021/04/25 19:48:42 ET]
Table 'Vesale III' 9-max Seat #1 is the button
Seat 1: trucopp79 ($2.03 in chips) 
Seat 2: felipe002323 ($1.07 in chips) 
Seat 3: HardMickey83 ($2.99 in chips) 
Seat 4: Vadimur1962 ($1.48 in chips) 
Seat 5: elronaa ($0.66 in chips) 
Seat 6: wlyanna ($4.85 in chips) 
Seat 7: Dorex2007 ($1.71 in chips) 
Seat 8: sammysnuggle ($2.92 in chips) 
Seat 9: absii5 ($1.32 in chips) 
felipe002323: posts small blind $0.01
HardMickey83: posts big blind $0.02
*** HOLE CARDS ***
Dealt to Dorex2007 [4c 9d]
Vadimur1962: calls $0.02
elronaa: calls $0.02
wlyanna: folds 
Dorex2007: folds 
sammysnuggle: folds 
absii5: folds 
trucopp79: folds 
felipe002323: calls $0.01
HardMickey83: checks 
*** FLOP *** [Js 8h 5d]
felipe002323: bets $0.02
HardMickey83: calls $0.02
Vadimur1962: calls $0.02
elronaa: calls $0.02
*** TURN *** [Js 8h 5d] [5s]
felipe002323: bets $0.02
HardMickey83: calls $0.02
Vadimur1962: calls $0.02
elronaa: folds 
*** RIVER *** [Js 8h 5d 5s] [Qd]
felipe002323: bets $0.02
HardMickey83: folds 
Vadimur1962: calls $0.02
*** SHOW DOWN ***
felipe002323: shows [Jd 2s] (two pair, Jacks and Fives)
Vadimur1962: mucks hand 
felipe002323 collected $0.25 from pot
*** SUMMARY ***
Total pot $0.26 | Rake $0.01 
Board [Js 8h 5d 5s Qd]
Seat 1: trucopp79 (button) folded before Flop (didn't bet)
Seat 2: felipe002323 (small blind) showed [Jd 2s] and won ($0.25) with two pair, Jacks and Fives
Seat 3: HardMickey83 (big blind) folded on the River
Seat 4: Vadimur1962 mucked [4d 4s]
Seat 5: elronaa folded on the Turn
Seat 6: wlyanna folded before Flop (didn't bet)
Seat 7: Dorex2007 folded before Flop (didn't bet)
Seat 8: sammysnuggle folded before Flop (didn't bet)
Seat 9: absii5 folded before Flop (didn't bet)



PokerStars Hand #226200618438:  Hold'em No Limit ($0.01/$0.02 USD) - 2021/04/25 16:49:38 PT [2021/04/25 19:49:38 ET]
Table 'Vesale III' 9-max Seat #2 is the button
Seat 1: trucopp79 ($2.03 in chips) 
Seat 2: felipe002323 ($1.24 in chips) 
Seat 3: HardMickey83 ($2.93 in chips) 
Seat 4: Vadimur1962 ($1.40 in chips) 
Seat 5: elronaa ($0.62 in chips) 
Seat 6: wlyanna ($4.85 in chips) 
Seat 7: Dorex2007 ($1.71 in chips) 
Seat 8: sammysnuggle ($2.92 in chips) 
Seat 9: absii5 ($1.32 in chips) 
HardMickey83: posts small blind $0.01
Vadimur1962: posts big blind $0.02
*** HOLE CARDS ***
Dealt to Dorex2007 [4h 5c]
elronaa: folds 
wlyanna: folds 
Dorex2007: folds 
sammysnuggle: raises $0.10 to $0.12
absii5: folds 
trucopp79: folds 
felipe002323: folds 
HardMickey83: folds 
Vadimur1962: folds 
Uncalled bet ($0.10) returned to sammysnuggle
sammysnuggle collected $0.05 from pot
sammysnuggle: doesn't show hand 
*** SUMMARY ***
Total pot $0.05 | Rake $0 
Seat 1: trucopp79 folded before Flop (didn't bet)
Seat 2: felipe002323 (button) folded before Flop (didn't bet)
Seat 3: HardMickey83 (small blind) folded before Flop
Seat 4: Vadimur1962 (big blind) folded before Flop
Seat 5: elronaa folded before Flop (didn't bet)
Seat 6: wlyanna folded before Flop (didn't bet)
Seat 7: Dorex2007 folded before Flop (didn't bet)
Seat 8: sammysnuggle collected ($0.05)
Seat 9: absii5 folded before Flop (didn't bet)



PokerStars Hand #226200629481:  Hold'em No Limit ($0.01/$0.02 USD) - 2021/04/25 16:50:09 PT [2021/04/25 19:50:09 ET]
Table 'Vesale III' 9-max Seat #3 is the button
Seat 1: trucopp79 ($2.03 in chips) 
Seat 2: felipe002323 ($1.24 in chips) 
Seat 3: HardMickey83 ($2.92 in chips) 
Seat 4: Vadimur1962 ($1.38 in chips) 
Seat 5: elronaa ($0.62 in chips) 
Seat 6: wlyanna ($4.85 in chips) 
Seat 7: Dorex2007 ($1.71 in chips) 
Seat 8: sammysnuggle ($2.95 in chips) 
Seat 9: absii5 ($1.32 in chips) 
Vadimur1962: posts small blind $0.01
elronaa: posts big blind $0.02
*** HOLE CARDS ***
Dealt to Dorex2007 [4d 4s]
wlyanna: raises $0.06 to $0.08
Dorex2007: folds 
sammysnuggle: folds 
absii5: folds 
trucopp79: folds 
felipe002323: calls $0.08
HardMickey83: folds 
Vadimur1962: folds 
elronaa: calls $0.06
*** FLOP *** [Th Jc 2c]
elronaa: checks 
wlyanna: bets $0.08
felipe002323: calls $0.08
elronaa: calls $0.08
*** TURN *** [Th Jc 2c] [Js]
elronaa: checks 
wlyanna: checks 
felipe002323: checks 
*** RIVER *** [Th Jc 2c Js] [3d]
elronaa: checks 
wlyanna: checks 
felipe002323: bets $0.16
elronaa: folds 
wlyanna: calls $0.16
*** SHOW DOWN ***
felipe002323: shows [6h 6d] (two pair, Jacks and Sixes)
wlyanna: mucks hand 
felipe002323 collected $0.78 from pot
*** SUMMARY ***
Total pot $0.81 | Rake $0.03 
Board [Th Jc 2c Js 3d]
Seat 1: trucopp79 folded before Flop (didn't bet)
Seat 2: felipe002323 showed [6h 6d] and won ($0.78) with two pair, Jacks and Sixes
Seat 3: HardMickey83 (button) folded before Flop (didn't bet)
Seat 4: Vadimur1962 (small blind) folded before Flop
Seat 5: elronaa (big blind) folded on the River
Seat 6: wlyanna mucked [Kh Ad]
Seat 7: Dorex2007 folded before Flop (didn't bet)
Seat 8: sammysnuggle folded before Flop (didn't bet)
Seat 9: absii5 folded before Flop (didn't bet)



PokerStars Hand #226200652723:  Hold'em No Limit ($0.01/$0.02 USD) - 2021/04/25 16:51:01 PT [2021/04/25 19:51:01 ET]
Table 'Vesale III' 9-max Seat #4 is the button
Seat 1: trucopp79 ($2.03 in chips) 
Seat 2: felipe002323 ($1.70 in chips) 
Seat 3: HardMickey83 ($2.92 in chips) 
Seat 4: Vadimur1962 ($1.37 in chips) 
Seat 5: elronaa ($0.46 in chips) 
Seat 6: wlyanna ($4.53 in chips) 
Seat 7: Dorex2007 ($1.71 in chips) 
Seat 8: sammysnuggle ($2.95 in chips) 
Seat 9: absii5 ($1.32 in chips) 
elronaa: posts small blind $0.01
wlyanna: posts big blind $0.02
*** HOLE CARDS ***
Dealt to Dorex2007 [7h 3d]
Dorex2007: folds 
sammysnuggle: folds 
absii5: folds 
trucopp79: calls $0.02
felipe002323: calls $0.02
HardMickey83: calls $0.02
Vadimur1962: folds 
elronaa: folds 
wlyanna: checks 
*** FLOP *** [Ac Qs 6s]
wlyanna: checks 
trucopp79: bets $0.02
felipe002323: calls $0.02
HardMickey83: raises $0.06 to $0.08
wlyanna: folds 
trucopp79: calls $0.06
felipe002323: calls $0.06
*** TURN *** [Ac Qs 6s] [9d]
trucopp79: bets $0.02
felipe002323: calls $0.02
HardMickey83: calls $0.02
*** RIVER *** [Ac Qs 6s 9d] [5c]
trucopp79: bets $0.02
felipe002323: folds 
HardMickey83: calls $0.02
*** SHOW DOWN ***
trucopp79: shows [As 7c] (a pair of Aces)
HardMickey83: mucks hand 
trucopp79 collected $0.41 from pot
*** SUMMARY ***
Total pot $0.43 | Rake $0.02 
Board [Ac Qs 6s 9d 5c]
Seat 1: trucopp79 showed [As 7c] and won ($0.41) with a pair of Aces
Seat 2: felipe002323 folded on the River
Seat 3: HardMickey83 mucked [Qc 7d]
Seat 4: Vadimur1962 (button) folded before Flop (didn't bet)
Seat 5: elronaa (small blind) folded before Flop
Seat 6: wlyanna (big blind) folded on the Flop
Seat 7: Dorex2007 folded before Flop (didn't bet)
Seat 8: sammysnuggle folded before Flop (didn't bet)
Seat 9: absii5 folded before Flop (didn't bet)



PokerStars Hand #226200679173:  Hold'em No Limit ($0.01/$0.02 USD) - 2021/04/25 16:52:15 PT [2021/04/25 19:52:15 ET]
Table 'Vesale III' 9-max Seat #5 is the button
Seat 1: trucopp79 ($2.30 in chips) 
Seat 2: felipe002323 ($1.58 in chips) 
Seat 3: HardMickey83 ($2.78 in chips) 
Seat 4: Vadimur1962 ($1.37 in chips) 
Seat 5: elronaa ($0.45 in chips) 
Seat 6: wlyanna ($4.51 in chips) 
Seat 7: Dorex2007 ($1.71 in chips) 
Seat 8: sammysnuggle ($2.95 in chips) 
Seat 9: absii5 ($1.32 in chips) 
wlyanna: posts small blind $0.01
Dorex2007: posts big blind $0.02
*** HOLE CARDS ***
Dealt to Dorex2007 [Ks 4c]
sammysnuggle: folds 
absii5: calls $0.02
trucopp79: folds 
felipe002323: folds 
HardMickey83: folds 
Vadimur1962: calls $0.02
elronaa: calls $0.02
wlyanna: folds 
Dorex2007: checks 
*** FLOP *** [3h 3c 4h]
Dorex2007: checks 
absii5: checks 
Vadimur1962: checks 
elronaa: checks 
*** TURN *** [3h 3c 4h] [5h]
Dorex2007: bets $0.09
absii5: calls $0.09
Vadimur1962: calls $0.09
elronaa: folds 
*** RIVER *** [3h 3c 4h 5h] [8s]
Dorex2007: checks 
absii5: bets $0.17
Vadimur1962: calls $0.17
Dorex2007: folds 
*** SHOW DOWN ***
absii5: shows [2c Ac] (a straight, Ace to Five)
Vadimur1962: shows [Kh 7h] (a flush, King high)
Vadimur1962 collected $0.68 from pot
*** SUMMARY ***
Total pot $0.70 | Rake $0.02 
Board [3h 3c 4h 5h 8s]
Seat 1: trucopp79 folded before Flop (didn't bet)
Seat 2: felipe002323 folded before Flop (didn't bet)
Seat 3: HardMickey83 folded before Flop (didn't bet)
Seat 4: Vadimur1962 showed [Kh 7h] and won ($0.68) with a flush, King high
Seat 5: elronaa (button) folded on the Turn
Seat 6: wlyanna (small blind) folded before Flop
Seat 7: Dorex2007 (big blind) folded on the River
Seat 8: sammysnuggle folded before Flop (didn't bet)
Seat 9: absii5 showed [2c Ac] and lost with a straight, Ace to Five



PokerStars Hand #226200698664:  Hold'em No Limit ($0.01/$0.02 USD) - 2021/04/25 16:53:10 PT [2021/04/25 19:53:10 ET]
Table 'Vesale III' 9-max Seat #6 is the button
Seat 1: trucopp79 ($2.30 in chips) 
Seat 2: felipe002323 ($1.58 in chips) 
Seat 3: HardMickey83 ($2.78 in chips) 
Seat 4: Vadimur1962 ($1.77 in chips) 
Seat 5: elronaa ($0.43 in chips) 
Seat 6: wlyanna ($4.50 in chips) 
Seat 7: Dorex2007 ($1.60 in chips) 
Seat 8: sammysnuggle ($2.95 in chips) 
Seat 9: absii5 ($1.04 in chips) 
Dorex2007: posts small blind $0.01
sammysnuggle: posts big blind $0.02
*** HOLE CARDS ***
Dealt to Dorex2007 [5h Jc]
absii5: folds 
trucopp79: raises $0.02 to $0.04
felipe002323: folds 
HardMickey83: folds 
Vadimur1962: folds 
elronaa: raises $0.39 to $0.43 and is all-in
wlyanna: folds 
Dorex2007: folds 
sammysnuggle: folds 
trucopp79: folds 
Uncalled bet ($0.39) returned to elronaa
elronaa collected $0.11 from pot
elronaa: doesn't show hand 
*** SUMMARY ***
Total pot $0.11 | Rake $0 
Seat 1: trucopp79 folded before Flop
Seat 2: felipe002323 folded before Flop (didn't bet)
Seat 3: HardMickey83 folded before Flop (didn't bet)
Seat 4: Vadimur1962 folded before Flop (didn't bet)
Seat 5: elronaa collected ($0.11)
Seat 6: wlyanna (button) folded before Flop (didn't bet)
Seat 7: Dorex2007 (small blind) folded before Flop
Seat 8: sammysnuggle (big blind) folded before Flop
Seat 9: absii5 folded before Flop (didn't bet)



PokerStars Hand #226200712783:  Hold'em No Limit ($0.01/$0.02 USD) - 2021/04/25 16:53:49 PT [2021/04/25 19:53:49 ET]
Table 'Vesale III' 9-max Seat #7 is the button
Seat 1: trucopp79 ($2.26 in chips) 
Seat 2: felipe002323 ($1.58 in chips) 
Seat 3: HardMickey83 ($2.78 in chips) 
Seat 4: Vadimur1962 ($1.77 in chips) 
Seat 5: elronaa ($0.50 in chips) 
Seat 6: wlyanna ($4.50 in chips) 
Seat 7: Dorex2007 ($1.59 in chips) 
Seat 8: sammysnuggle ($2.93 in chips) 
Seat 9: absii5 ($1.04 in chips) 
sammysnuggle: posts small blind $0.01
absii5: posts big blind $0.02
*** HOLE CARDS ***
Dealt to Dorex2007 [As 4d]
trucopp79: folds 
felipe002323: calls $0.02
HardMickey83: folds 
Vadimur1962: folds 
elronaa: folds 
wlyanna: folds 
Dorex2007: folds 
sammysnuggle: calls $0.01
absii5: checks 
*** FLOP *** [9h Qd Js]
sammysnuggle: checks 
absii5: checks 
felipe002323: bets $0.04
sammysnuggle: folds 
absii5: folds 
Uncalled bet ($0.04) returned to felipe002323
felipe002323 collected $0.06 from pot
*** SUMMARY ***
Total pot $0.06 | Rake $0 
Board [9h Qd Js]
Seat 1: trucopp79 folded before Flop (didn't bet)
Seat 2: felipe002323 collected ($0.06)
Seat 3: HardMickey83 folded before Flop (didn't bet)
Seat 4: Vadimur1962 folded before Flop (didn't bet)
Seat 5: elronaa folded before Flop (didn't bet)
Seat 6: wlyanna folded before Flop (didn't bet)
Seat 7: Dorex2007 (button) folded before Flop (didn't bet)
Seat 8: sammysnuggle (small blind) folded on the Flop
Seat 9: absii5 (big blind) folded on the Flop



PokerStars Hand #226200726483:  Hold'em No Limit ($0.01/$0.02 USD) - 2021/04/25 16:54:28 PT [2021/04/25 19:54:28 ET]
Table 'Vesale III' 9-max Seat #8 is the button
Seat 1: trucopp79 ($2.26 in chips) 
Seat 2: felipe002323 ($1.62 in chips) 
Seat 3: HardMickey83 ($2.78 in chips) 
Seat 4: Vadimur1962 ($1.77 in chips) 
Seat 5: elronaa ($0.50 in chips) 
Seat 6: wlyanna ($4.50 in chips) 
Seat 7: Dorex2007 ($1.59 in chips) 
Seat 8: sammysnuggle ($2.91 in chips) 
Seat 9: absii5 ($1.02 in chips) 
absii5: posts small blind $0.01
trucopp79: posts big blind $0.02
*** HOLE CARDS ***
Dealt to Dorex2007 [7s Jc]
felipe002323: calls $0.02
HardMickey83: folds 
Vadimur1962: folds 
elronaa: calls $0.02
wlyanna: folds 
Dorex2007: folds 
sammysnuggle: folds 
absii5: folds 
trucopp79: checks 
*** FLOP *** [8c Td 3c]
trucopp79: bets $0.07
felipe002323: folds 
elronaa: folds 
Uncalled bet ($0.07) returned to trucopp79
trucopp79 collected $0.07 from pot
trucopp79: doesn't show hand 
*** SUMMARY ***
Total pot $0.07 | Rake $0 
Board [8c Td 3c]
Seat 1: trucopp79 (big blind) collected ($0.07)
Seat 2: felipe002323 folded on the Flop
Seat 3: HardMickey83 folded before Flop (didn't bet)
Seat 4: Vadimur1962 folded before Flop (didn't bet)
Seat 5: elronaa folded on the Flop
Seat 6: wlyanna folded before Flop (didn't bet)
Seat 7: Dorex2007 folded before Flop (didn't bet)
Seat 8: sammysnuggle (button) folded before Flop (didn't bet)
Seat 9: absii5 (small blind) folded before Flop



PokerStars Hand #226200738677:  Hold'em No Limit ($0.01/$0.02 USD) - 2021/04/25 16:55:03 PT [2021/04/25 19:55:03 ET]
Table 'Vesale III' 9-max Seat #9 is the button
Seat 1: trucopp79 ($2.31 in chips) 
Seat 2: felipe002323 ($1.60 in chips) 
Seat 3: HardMickey83 ($2.78 in chips) 
Seat 4: Vadimur1962 ($1.77 in chips) 
Seat 5: elronaa ($0.48 in chips) 
Seat 6: wlyanna ($4.50 in chips) 
Seat 7: Dorex2007 ($1.59 in chips) 
Seat 8: sammysnuggle ($2.91 in chips) 
Seat 9: absii5 ($1.01 in chips) 
trucopp79: posts small blind $0.01
felipe002323: posts big blind $0.02
*** HOLE CARDS ***
Dealt to Dorex2007 [2h Th]
HardMickey83: folds 
Vadimur1962: folds 
elronaa: folds 
wlyanna: folds 
Dorex2007: folds 
sammysnuggle: folds 
absii5: folds 
trucopp79: calls $0.01
felipe002323: checks 
*** FLOP *** [8h 4h 2s]
trucopp79: checks 
felipe002323: bets $0.02
trucopp79: folds 
Uncalled bet ($0.02) returned to felipe002323
felipe002323 collected $0.04 from pot
*** SUMMARY ***
Total pot $0.04 | Rake $0 
Board [8h 4h 2s]
Seat 1: trucopp79 (small blind) folded on the Flop
Seat 2: felipe002323 (big blind) collected ($0.04)
Seat 3: HardMickey83 folded before Flop (didn't bet)
Seat 4: Vadimur1962 folded before Flop (didn't bet)
Seat 5: elronaa folded before Flop (didn't bet)
Seat 6: wlyanna folded before Flop (didn't bet)
Seat 7: Dorex2007 folded before Flop (didn't bet)
Seat 8: sammysnuggle folded before Flop (didn't bet)
Seat 9: absii5 (button) folded before Flop (didn't bet)



PokerStars Hand #226200747752:  Hold'em No Limit ($0.01/$0.02 USD) - 2021/04/25 16:55:35 PT [2021/04/25 19:55:35 ET]
Table 'Vesale III' 9-max Seat #1 is the button
Seat 1: trucopp79 ($2.29 in chips) 
Seat 2: felipe002323 ($1.62 in chips) 
Seat 3: HardMickey83 ($2.78 in chips) 
Seat 4: Vadimur1962 ($1.77 in chips) 
Seat 5: elronaa ($0.48 in chips) 
Seat 6: wlyanna ($4.50 in chips) 
Seat 7: Dorex2007 ($1.59 in chips) 
Seat 8: sammysnuggle ($2.91 in chips) 
Seat 9: absii5 ($1.01 in chips) 
felipe002323: posts small blind $0.01
HardMickey83: posts big blind $0.02
*** HOLE CARDS ***
Dealt to Dorex2007 [Kh 8s]
Vadimur1962: calls $0.02
elronaa: calls $0.02
wlyanna: folds 
Dorex2007: folds 
sammysnuggle: folds 
absii5: calls $0.02
trucopp79: folds 
felipe002323: folds 
HardMickey83: checks 
*** FLOP *** [Qs Jd 7d]
HardMickey83: checks 
Vadimur1962: checks 
elronaa: bets $0.09
absii5: calls $0.09
HardMickey83: folds 
Vadimur1962: calls $0.09
*** TURN *** [Qs Jd 7d] [8h]
Vadimur1962: checks 
elronaa: bets $0.37 and is all-in
absii5: calls $0.37
Vadimur1962: folds 
*** RIVER *** [Qs Jd 7d 8h] [9d]
*** SHOW DOWN ***
elronaa: shows [Td 4d] (a flush, Jack high)
absii5: shows [Ah Qh] (a pair of Queens)
elronaa collected $1.06 from pot
*** SUMMARY ***
Total pot $1.10 | Rake $0.04 
Board [Qs Jd 7d 8h 9d]
Seat 1: trucopp79 (button) folded before Flop (didn't bet)
Seat 2: felipe002323 (small blind) folded before Flop
Seat 3: HardMickey83 (big blind) folded on the Flop
Seat 4: Vadimur1962 folded on the Turn
Seat 5: elronaa showed [Td 4d] and won ($1.06) with a flush, Jack high
Seat 6: wlyanna folded before Flop (didn't bet)
Seat 7: Dorex2007 folded before Flop (didn't bet)
Seat 8: sammysnuggle folded before Flop (didn't bet)
Seat 9: absii5 showed [Ah Qh] and lost with a pair of Queens



PokerStars Hand #226200764691:  Hold'em No Limit ($0.01/$0.02 USD) - 2021/04/25 16:56:37 PT [2021/04/25 19:56:37 ET]
Table 'Vesale III' 9-max Seat #2 is the button
Seat 1: trucopp79 ($2.29 in chips) 
Seat 2: felipe002323 ($1.61 in chips) 
Seat 3: HardMickey83 ($2.76 in chips) 
Seat 4: Vadimur1962 ($1.66 in chips) 
Seat 5: elronaa ($1.06 in chips) 
Seat 6: wlyanna ($4.50 in chips) 
Seat 7: Dorex2007 ($1.59 in chips) 
Seat 8: sammysnuggle ($2.91 in chips) 
Seat 9: absii5 ($0.53 in chips) 
HardMickey83: posts small blind $0.01
Vadimur1962: posts big blind $0.02
*** HOLE CARDS ***
Dealt to Dorex2007 [4c Tc]
elronaa: folds 
wlyanna: folds 
Dorex2007: folds 
sammysnuggle: folds 
absii5: folds 
trucopp79: folds 
felipe002323: folds 
HardMickey83: raises $0.04 to $0.06
Vadimur1962: folds 
Uncalled bet ($0.04) returned to HardMickey83
HardMickey83 collected $0.04 from pot
HardMickey83: doesn't show hand 
*** SUMMARY ***
Total pot $0.04 | Rake $0 
Seat 1: trucopp79 folded before Flop (didn't bet)
Seat 2: felipe002323 (button) folded before Flop (didn't bet)
Seat 3: HardMickey83 (small blind) collected ($0.04)
Seat 4: Vadimur1962 (big blind) folded before Flop
Seat 5: elronaa folded before Flop (didn't bet)
Seat 6: wlyanna folded before Flop (didn't bet)
Seat 7: Dorex2007 folded before Flop (didn't bet)
Seat 8: sammysnuggle folded before Flop (didn't bet)
Seat 9: absii5 folded before Flop (didn't bet)



PokerStars Hand #226200772136:  Hold'em No Limit ($0.01/$0.02 USD) - 2021/04/25 16:57:05 PT [2021/04/25 19:57:05 ET]
Table 'Vesale III' 9-max Seat #3 is the button
Seat 1: trucopp79 ($2.29 in chips) 
Seat 2: felipe002323 ($1.61 in chips) 
Seat 3: HardMickey83 ($2.78 in chips) 
Seat 4: Vadimur1962 ($1.64 in chips) 
Seat 5: elronaa ($1.06 in chips) 
Seat 6: wlyanna ($4.50 in chips) 
Seat 7: Dorex2007 ($1.59 in chips) 
Seat 8: sammysnuggle ($2.91 in chips) 
Seat 9: absii5 ($0.53 in chips) 
Vadimur1962: posts small blind $0.01
elronaa: posts big blind $0.02
*** HOLE CARDS ***
Dealt to Dorex2007 [Qd Jc]
wlyanna: folds 
Dorex2007: folds 
sammysnuggle: raises $0.06 to $0.08
absii5: folds 
trucopp79: folds 
felipe002323: folds 
HardMickey83: folds 
Vadimur1962: folds 
elronaa: calls $0.06
*** FLOP *** [8d As 3s]
elronaa: checks 
sammysnuggle: checks 
*** TURN *** [8d As 3s] [Ks]
elronaa: checks 
sammysnuggle: checks 
*** RIVER *** [8d As 3s Ks] [5c]
elronaa: checks 
sammysnuggle: checks 
*** SHOW DOWN ***
elronaa: shows [Kh Ts] (a pair of Kings)
sammysnuggle: mucks hand 
elronaa collected $0.16 from pot
*** SUMMARY ***
Total pot $0.17 | Rake $0.01 
Board [8d As 3s Ks 5c]
Seat 1: trucopp79 folded before Flop (didn't bet)
Seat 2: felipe002323 folded before Flop (didn't bet)
Seat 3: HardMickey83 (button) folded before Flop (didn't bet)
Seat 4: Vadimur1962 (small blind) folded before Flop
Seat 5: elronaa (big blind) showed [Kh Ts] and won ($0.16) with a pair of Kings
Seat 6: wlyanna folded before Flop (didn't bet)
Seat 7: Dorex2007 folded before Flop (didn't bet)
Seat 8: sammysnuggle mucked [Th Td]
Seat 9: absii5 folded before Flop (didn't bet)



PokerStars Hand #226200781478:  Hold'em No Limit ($0.01/$0.02 USD) - 2021/04/25 16:57:40 PT [2021/04/25 19:57:40 ET]
Table 'Vesale III' 9-max Seat #4 is the button
Seat 1: trucopp79 ($2.29 in chips) 
Seat 2: felipe002323 ($1.61 in chips) 
Seat 3: HardMickey83 ($2.78 in chips) 
Seat 4: Vadimur1962 ($1.63 in chips) 
Seat 5: elronaa ($1.14 in chips) 
Seat 6: wlyanna ($4.50 in chips) 
Seat 7: Dorex2007 ($1.59 in chips) 
Seat 8: sammysnuggle ($2.83 in chips) 
Seat 9: absii5 ($0.53 in chips) 
elronaa: posts small blind $0.01
wlyanna: posts big blind $0.02
*** HOLE CARDS ***
Dealt to Dorex2007 [Ac Jd]
Dorex2007: folds 
sammysnuggle: folds 
absii5: calls $0.02
trucopp79: folds 
felipe002323: folds 
HardMickey83: calls $0.02
Vadimur1962: calls $0.02
elronaa: folds 
wlyanna: checks 
*** FLOP *** [Ad 3c 8c]
wlyanna: checks 
absii5: checks 
HardMickey83: checks 
Vadimur1962: bets $0.08
wlyanna: folds 
absii5: folds 
HardMickey83: folds 
Uncalled bet ($0.08) returned to Vadimur1962
Vadimur1962 collected $0.09 from pot
Vadimur1962: doesn't show hand 
*** SUMMARY ***
Total pot $0.09 | Rake $0 
Board [Ad 3c 8c]
Seat 1: trucopp79 folded before Flop (didn't bet)
Seat 2: felipe002323 folded before Flop (didn't bet)
Seat 3: HardMickey83 folded on the Flop
Seat 4: Vadimur1962 (button) collected ($0.09)
Seat 5: elronaa (small blind) folded before Flop
Seat 6: wlyanna (big blind) folded on the Flop
Seat 7: Dorex2007 folded before Flop (didn't bet)
Seat 8: sammysnuggle folded before Flop (didn't bet)
Seat 9: absii5 folded on the Flop



PokerStars Hand #226200790921:  Hold'em No Limit ($0.01/$0.02 USD) - 2021/04/25 16:58:15 PT [2021/04/25 19:58:15 ET]
Table 'Vesale III' 9-max Seat #5 is the button
Seat 1: trucopp79 ($2.29 in chips) 
Seat 2: felipe002323 ($1.61 in chips) 
Seat 3: HardMickey83 ($2.76 in chips) 
Seat 4: Vadimur1962 ($1.70 in chips) 
Seat 5: elronaa ($1.13 in chips) 
Seat 6: wlyanna ($4.48 in chips) 
Seat 7: Dorex2007 ($1.59 in chips) 
Seat 8: sammysnuggle ($2.83 in chips) 
Seat 9: absii5 ($0.51 in chips) 
wlyanna: posts small blind $0.01
Dorex2007: posts big blind $0.02
*** HOLE CARDS ***
Dealt to Dorex2007 [As 9s]
sammysnuggle: raises $0.08 to $0.10
absii5: raises $0.41 to $0.51 and is all-in
trucopp79: folds 
felipe002323: folds 
HardMickey83: folds 
Vadimur1962: folds 
elronaa: folds 
wlyanna: folds 
Dorex2007: folds 
sammysnuggle: calls $0.41
*** FLOP *** [6h Kd 3h]
*** TURN *** [6h Kd 3h] [5s]
*** RIVER *** [6h Kd 3h 5s] [Th]
*** SHOW DOWN ***
sammysnuggle: shows [9d 9h] (a pair of Nines)
absii5: shows [Ah Jh] (a flush, Ace high)
absii5 collected $1.01 from pot
*** SUMMARY ***
Total pot $1.05 | Rake $0.04 
Board [6h Kd 3h 5s Th]
Seat 1: trucopp79 folded before Flop (didn't bet)
Seat 2: felipe002323 folded before Flop (didn't bet)
Seat 3: HardMickey83 folded before Flop (didn't bet)
Seat 4: Vadimur1962 folded before Flop (didn't bet)
Seat 5: elronaa (button) folded before Flop (didn't bet)
Seat 6: wlyanna (small blind) folded before Flop
Seat 7: Dorex2007 (big blind) folded before Flop
Seat 8: sammysnuggle showed [9d 9h] and lost with a pair of Nines
Seat 9: absii5 showed [Ah Jh] and won ($1.01) with a flush, Ace high



PokerStars Hand #226200801753:  Hold'em No Limit ($0.01/$0.02 USD) - 2021/04/25 16:58:57 PT [2021/04/25 19:58:57 ET]
Table 'Vesale III' 9-max Seat #6 is the button
Seat 1: trucopp79 ($2.29 in chips) 
Seat 2: felipe002323 ($1.61 in chips) 
Seat 3: HardMickey83 ($2.76 in chips) 
Seat 4: Vadimur1962 ($1.70 in chips) 
Seat 5: elronaa ($1.13 in chips) 
Seat 6: wlyanna ($4.47 in chips) 
Seat 7: Dorex2007 ($1.57 in chips) 
Seat 8: sammysnuggle ($2.32 in chips) 
Seat 9: absii5 ($1.01 in chips) 
Dorex2007: posts small blind $0.01
sammysnuggle: posts big blind $0.02
*** HOLE CARDS ***
Dealt to Dorex2007 [8c 9c]
absii5: folds 
trucopp79: folds 
felipe002323: folds 
HardMickey83: folds 
Vadimur1962: calls $0.02
elronaa: folds 
wlyanna: folds 
Dorex2007: calls $0.01
sammysnuggle: checks 
*** FLOP *** [Qh 6c Js]
Dorex2007: checks 
sammysnuggle: bets $0.06
Vadimur1962: calls $0.06
Dorex2007: calls $0.06
*** TURN *** [Qh 6c Js] [9d]
Dorex2007: checks 
sammysnuggle: checks 
Vadimur1962: checks 
*** RIVER *** [Qh 6c Js 9d] [3d]
Dorex2007: bets $0.15
sammysnuggle: folds 
Vadimur1962: folds 
Uncalled bet ($0.15) returned to Dorex2007
Dorex2007 collected $0.23 from pot
Dorex2007: doesn't show hand 
*** SUMMARY ***
Total pot $0.24 | Rake $0.01 
Board [Qh 6c Js 9d 3d]
Seat 1: trucopp79 folded before Flop (didn't bet)
Seat 2: felipe002323 folded before Flop (didn't bet)
Seat 3: HardMickey83 folded before Flop (didn't bet)
Seat 4: Vadimur1962 folded on the River
Seat 5: elronaa folded before Flop (didn't bet)
Seat 6: wlyanna (button) folded before Flop (didn't bet)
Seat 7: Dorex2007 (small blind) collected ($0.23)
Seat 8: sammysnuggle (big blind) folded on the River
Seat 9: absii5 folded before Flop (didn't bet)



PokerStars Hand #226200818948:  Hold'em No Limit ($0.01/$0.02 USD) - 2021/04/25 17:00:01 PT [2021/04/25 20:00:01 ET]
Table 'Vesale III' 9-max Seat #7 is the button
Seat 1: trucopp79 ($2.29 in chips) 
Seat 2: felipe002323 ($1.61 in chips) 
Seat 3: HardMickey83 ($2.76 in chips) 
Seat 4: Vadimur1962 ($1.62 in chips) 
Seat 5: elronaa ($1.13 in chips) 
Seat 6: wlyanna ($4.47 in chips) 
Seat 7: Dorex2007 ($1.72 in chips) 
Seat 8: sammysnuggle ($2.24 in chips) 
Seat 9: absii5 ($1.01 in chips) 
sammysnuggle: posts small blind $0.01
absii5: posts big blind $0.02
*** HOLE CARDS ***
Dealt to Dorex2007 [7h Kc]
trucopp79: folds 
felipe002323: folds 
HardMickey83: raises $0.04 to $0.06
Vadimur1962: folds 
elronaa: calls $0.06
wlyanna: folds 
Dorex2007: folds 
sammysnuggle: folds 
absii5: folds 
*** FLOP *** [8s Qd 7d]
HardMickey83: bets $0.09
elronaa: calls $0.09
*** TURN *** [8s Qd 7d] [5s]
HardMickey83: checks 
elronaa: checks 
*** RIVER *** [8s Qd 7d 5s] [5d]
HardMickey83: checks 
elronaa: checks 
*** SHOW DOWN ***
HardMickey83: shows [Ac 7c] (two pair, Sevens and Fives)
elronaa: mucks hand 
HardMickey83 collected $0.32 from pot
*** SUMMARY ***
Total pot $0.33 | Rake $0.01 
Board [8s Qd 7d 5s 5d]
Seat 1: trucopp79 folded before Flop (didn't bet)
Seat 2: felipe002323 folded before Flop (didn't bet)
Seat 3: HardMickey83 showed [Ac 7c] and won ($0.32) with two pair, Sevens and Fives
Seat 4: Vadimur1962 folded before Flop (didn't bet)
Seat 5: elronaa mucked [Kd Ah]
Seat 6: wlyanna folded before Flop (didn't bet)
Seat 7: Dorex2007 (button) folded before Flop (didn't bet)
Seat 8: sammysnuggle (small blind) folded before Flop
Seat 9: absii5 (big blind) folded before Flop



PokerStars Hand #226200834159:  Hold'em No Limit ($0.01/$0.02 USD) - 2021/04/25 17:00:40 PT [2021/04/25 20:00:40 ET]
Table 'Vesale III' 9-max Seat #8 is the button
Seat 1: trucopp79 ($2.29 in chips) 
Seat 2: felipe002323 ($1.61 in chips) 
Seat 3: HardMickey83 ($2.93 in chips) 
Seat 4: Vadimur1962 ($1.62 in chips) 
Seat 5: elronaa ($0.98 in chips) 
Seat 6: wlyanna ($4.47 in chips) 
Seat 7: Dorex2007 ($1.72 in chips) 
Seat 8: sammysnuggle ($2.23 in chips) 
Seat 9: absii5 ($0.99 in chips) 
absii5: posts small blind $0.01
trucopp79: posts big blind $0.02
*** HOLE CARDS ***
Dealt to Dorex2007 [3c 8c]
felipe002323: folds 
HardMickey83: folds 
Vadimur1962: folds 
elronaa: folds 
wlyanna: folds 
Dorex2007: folds 
sammysnuggle: folds 
absii5: folds 
Uncalled bet ($0.01) returned to trucopp79
trucopp79 collected $0.02 from pot
trucopp79: doesn't show hand 
*** SUMMARY ***
Total pot $0.02 | Rake $0 
Seat 1: trucopp79 (big blind) collected ($0.02)
Seat 2: felipe002323 folded before Flop (didn't bet)
Seat 3: HardMickey83 folded before Flop (didn't bet)
Seat 4: Vadimur1962 folded before Flop (didn't bet)
Seat 5: elronaa folded before Flop (didn't bet)
Seat 6: wlyanna folded before Flop (didn't bet)
Seat 7: Dorex2007 folded before Flop (didn't bet)
Seat 8: sammysnuggle (button) folded before Flop (didn't bet)
Seat 9: absii5 (small blind) folded before Flop



PokerStars Hand #226200842426:  Hold'em No Limit ($0.01/$0.02 USD) - 2021/04/25 17:01:07 PT [2021/04/25 20:01:07 ET]
Table 'Vesale III' 9-max Seat #9 is the button
Seat 1: trucopp79 ($2.30 in chips) 
Seat 2: felipe002323 ($1.61 in chips) 
Seat 3: HardMickey83 ($2.93 in chips) 
Seat 4: Vadimur1962 ($1.62 in chips) 
Seat 5: elronaa ($0.98 in chips) 
Seat 6: wlyanna ($4.47 in chips) 
Seat 7: Dorex2007 ($1.72 in chips) 
Seat 8: sammysnuggle ($2.23 in chips) 
Seat 9: absii5 ($0.98 in chips) 
trucopp79: posts small blind $0.01
felipe002323: posts big blind $0.02
*** HOLE CARDS ***
Dealt to Dorex2007 [9c 3s]
HardMickey83: folds 
Vadimur1962: folds 
elronaa: calls $0.02
wlyanna: folds 
Dorex2007: folds 
sammysnuggle: folds 
absii5: folds 
trucopp79: calls $0.01
felipe002323: checks 
*** FLOP *** [As Ks 7d]
trucopp79: checks 
felipe002323: checks 
elronaa: checks 
*** TURN *** [As Ks 7d] [6c]
trucopp79 said, "rra"
trucopp79: checks 
felipe002323: checks 
elronaa: bets $0.06
trucopp79: calls $0.06
felipe002323: folds 
*** RIVER *** [As Ks 7d 6c] [8s]
trucopp79: checks 
elronaa: bets $0.08
trucopp79: folds 
Uncalled bet ($0.08) returned to elronaa
elronaa collected $0.17 from pot
elronaa: doesn't show hand 
*** SUMMARY ***
Total pot $0.18 | Rake $0.01 
Board [As Ks 7d 6c 8s]
Seat 1: trucopp79 (small blind) folded on the River
Seat 2: felipe002323 (big blind) folded on the Turn
Seat 3: HardMickey83 folded before Flop (didn't bet)
Seat 4: Vadimur1962 folded before Flop (didn't bet)
Seat 5: elronaa collected ($0.17)
Seat 6: wlyanna folded before Flop (didn't bet)
Seat 7: Dorex2007 folded before Flop (didn't bet)
Seat 8: sammysnuggle folded before Flop (didn't bet)
Seat 9: absii5 (button) folded before Flop (didn't bet)



PokerStars Hand #226200877774:  Hold'em No Limit ($0.01/$0.02 USD) - 2021/04/25 17:02:11 PT [2021/04/25 20:02:11 ET]
Table 'Vesale III' 9-max Seat #1 is the button
Seat 1: trucopp79 ($2.22 in chips) 
Seat 2: felipe002323 ($1.59 in chips) 
Seat 3: HardMickey83 ($2.93 in chips) 
Seat 4: Vadimur1962 ($1.62 in chips) 
Seat 5: elronaa ($1.07 in chips) 
Seat 6: wlyanna ($4.47 in chips) 
Seat 7: Dorex2007 ($1.72 in chips) 
Seat 8: sammysnuggle ($2.23 in chips) 
Seat 9: absii5 ($0.98 in chips) 
felipe002323: posts small blind $0.01
HardMickey83: posts big blind $0.02
*** HOLE CARDS ***
Dealt to Dorex2007 [8h 8c]
Vadimur1962: folds 
elronaa: folds 
wlyanna: folds 
Dorex2007: raises $0.04 to $0.06
sammysnuggle: folds 
absii5: folds 
trucopp79: calls $0.06
felipe002323: calls $0.05
HardMickey83: folds 
*** FLOP *** [7h 3c Ac]
felipe002323: checks 
Dorex2007: checks 
trucopp79: bets $0.10
felipe002323: folds 
Dorex2007: calls $0.10
*** TURN *** [7h 3c Ac] [2d]
Dorex2007: checks 
trucopp79: checks 
*** RIVER *** [7h 3c Ac 2d] [Jd]
Dorex2007: bets $0.20
trucopp79: folds 
Uncalled bet ($0.20) returned to Dorex2007
Dorex2007 collected $0.39 from pot
Dorex2007: doesn't show hand 
*** SUMMARY ***
Total pot $0.40 | Rake $0.01 
Board [7h 3c Ac 2d Jd]
Seat 1: trucopp79 (button) folded on the River
Seat 2: felipe002323 (small blind) folded on the Flop
Seat 3: HardMickey83 (big blind) folded before Flop
Seat 4: Vadimur1962 folded before Flop (didn't bet)
Seat 5: elronaa folded before Flop (didn't bet)
Seat 6: wlyanna folded before Flop (didn't bet)
Seat 7: Dorex2007 collected ($0.39)
Seat 8: sammysnuggle folded before Flop (didn't bet)
Seat 9: absii5 folded before Flop (didn't bet)



PokerStars Hand #226200894320:  Hold'em No Limit ($0.01/$0.02 USD) - 2021/04/25 17:02:59 PT [2021/04/25 20:02:59 ET]
Table 'Vesale III' 9-max Seat #2 is the button
Seat 1: trucopp79 ($2.06 in chips) 
Seat 2: felipe002323 ($1.53 in chips) 
Seat 3: HardMickey83 ($2.91 in chips) 
Seat 4: Vadimur1962 ($1.62 in chips) 
Seat 5: elronaa ($1.07 in chips) 
Seat 6: wlyanna ($4.47 in chips) 
Seat 7: Dorex2007 ($1.95 in chips) 
Seat 8: sammysnuggle ($2.23 in chips) 
Seat 9: absii5 ($0.98 in chips) 
HardMickey83: posts small blind $0.01
Vadimur1962: posts big blind $0.02
*** HOLE CARDS ***
Dealt to Dorex2007 [9h 2s]
elronaa: calls $0.02
wlyanna: folds 
Dorex2007: folds 
sammysnuggle: folds 
absii5: folds 
trucopp79: calls $0.02
felipe002323: folds 
HardMickey83: calls $0.01
Vadimur1962: checks 
*** FLOP *** [8d 5s 2h]
HardMickey83: checks 
Vadimur1962: checks 
elronaa: checks 
trucopp79: bets $0.02
HardMickey83: calls $0.02
Vadimur1962: calls $0.02
elronaa: folds 
*** TURN *** [8d 5s 2h] [Tc]
HardMickey83: checks 
Vadimur1962: checks 
trucopp79: checks 
*** RIVER *** [8d 5s 2h Tc] [8s]
HardMickey83: checks 
Vadimur1962: checks 
trucopp79: checks 
*** SHOW DOWN ***
HardMickey83: shows [7c 5c] (two pair, Eights and Fives)
Vadimur1962: mucks hand 
trucopp79: mucks hand 
HardMickey83 collected $0.14 from pot
*** SUMMARY ***
Total pot $0.14 | Rake $0 
Board [8d 5s 2h Tc 8s]
Seat 1: trucopp79 mucked [6h 7s]
Seat 2: felipe002323 (button) folded before Flop (didn't bet)
Seat 3: HardMickey83 (small blind) showed [7c 5c] and won ($0.14) with two pair, Eights and Fives
Seat 4: Vadimur1962 (big blind) mucked [2c Qh]
Seat 5: elronaa folded on the Flop
Seat 6: wlyanna folded before Flop (didn't bet)
Seat 7: Dorex2007 folded before Flop (didn't bet)
Seat 8: sammysnuggle folded before Flop (didn't bet)
Seat 9: absii5 folded before Flop (didn't bet)



PokerStars Hand #226200913319:  Hold'em No Limit ($0.01/$0.02 USD) - 2021/04/25 17:03:55 PT [2021/04/25 20:03:55 ET]
Table 'Vesale III' 9-max Seat #3 is the button
Seat 1: trucopp79 ($2.02 in chips) 
Seat 2: felipe002323 ($1.53 in chips) 
Seat 3: HardMickey83 ($3.01 in chips) 
Seat 4: Vadimur1962 ($1.58 in chips) 
Seat 5: elronaa ($1.05 in chips) 
Seat 6: wlyanna ($4.47 in chips) 
Seat 7: Dorex2007 ($1.95 in chips) 
Seat 8: sammysnuggle ($2.23 in chips) 
Seat 9: absii5 ($0.98 in chips) 
Vadimur1962: posts small blind $0.01
elronaa: posts big blind $0.02
*** HOLE CARDS ***
Dealt to Dorex2007 [Tc 4c]
wlyanna: folds 
Dorex2007: calls $0.02
sammysnuggle: folds 
absii5: calls $0.02
trucopp79: folds 
felipe002323: folds 
HardMickey83: calls $0.02
Vadimur1962: calls $0.01
elronaa: checks 
*** FLOP *** [As 7d Ah]
Vadimur1962: checks 
elronaa: checks 
Dorex2007: checks 
absii5: checks 
HardMickey83: checks 
*** TURN *** [As 7d Ah] [9h]
Vadimur1962: bets $0.07
elronaa: calls $0.07
Dorex2007: folds 
absii5: calls $0.07
HardMickey83: folds 
*** RIVER *** [As 7d Ah 9h] [6d]
Vadimur1962: bets $0.10
elronaa: calls $0.10
absii5: calls $0.10
*** SHOW DOWN ***
Vadimur1962: shows [5c Ad] (three of a kind, Aces)
elronaa: mucks hand 
absii5: mucks hand 
Vadimur1962 collected $0.59 from pot
*** SUMMARY ***
Total pot $0.61 | Rake $0.02 
Board [As 7d Ah 9h 6d]
Seat 1: trucopp79 folded before Flop (didn't bet)
Seat 2: felipe002323 folded before Flop (didn't bet)
Seat 3: HardMickey83 (button) folded on the Turn
Seat 4: Vadimur1962 (small blind) showed [5c Ad] and won ($0.59) with three of a kind, Aces
Seat 5: elronaa (big blind) mucked [4h 9c]
Seat 6: wlyanna folded before Flop (didn't bet)
Seat 7: Dorex2007 folded on the Turn
Seat 8: sammysnuggle folded before Flop (didn't bet)
Seat 9: absii5 mucked [Kh Ks]



PokerStars Hand #226200931070:  Hold'em No Limit ($0.01/$0.02 USD) - 2021/04/25 17:04:47 PT [2021/04/25 20:04:47 ET]
Table 'Vesale III' 9-max Seat #4 is the button
Seat 1: trucopp79 ($2.02 in chips) 
Seat 2: felipe002323 ($1.53 in chips) 
Seat 3: HardMickey83 ($2.99 in chips) 
Seat 4: Vadimur1962 ($1.98 in chips) 
Seat 5: elronaa ($0.86 in chips) 
Seat 6: wlyanna ($4.47 in chips) 
Seat 7: Dorex2007 ($1.93 in chips) 
Seat 8: sammysnuggle ($2.23 in chips) 
Seat 9: absii5 ($0.79 in chips) 
elronaa: posts small blind $0.01
wlyanna: posts big blind $0.02
*** HOLE CARDS ***
Dealt to Dorex2007 [Kd Kc]
Dorex2007: raises $0.04 to $0.06
sammysnuggle: folds 
absii5: folds 
trucopp79: folds 
felipe002323: folds 
HardMickey83: folds 
Vadimur1962: folds 
elronaa: calls $0.05
wlyanna: folds 
*** FLOP *** [6h 5h Ad]
elronaa: bets $0.07
Dorex2007: calls $0.07
*** TURN *** [6h 5h Ad] [8s]
elronaa: bets $0.13
Dorex2007: folds 
Uncalled bet ($0.13) returned to elronaa
elronaa collected $0.27 from pot
elronaa: doesn't show hand 
*** SUMMARY ***
Total pot $0.28 | Rake $0.01 
Board [6h 5h Ad 8s]
Seat 1: trucopp79 folded before Flop (didn't bet)
Seat 2: felipe002323 folded before Flop (didn't bet)
Seat 3: HardMickey83 folded before Flop (didn't bet)
Seat 4: Vadimur1962 (button) folded before Flop (didn't bet)
Seat 5: elronaa (small blind) collected ($0.27)
Seat 6: wlyanna (big blind) folded before Flop
Seat 7: Dorex2007 folded on the Turn
Seat 8: sammysnuggle folded before Flop (didn't bet)
Seat 9: absii5 folded before Flop (didn't bet)



PokerStars Hand #226200942448:  Hold'em No Limit ($0.01/$0.02 USD) - 2021/04/25 17:05:20 PT [2021/04/25 20:05:20 ET]
Table 'Vesale III' 9-max Seat #5 is the button
Seat 1: trucopp79 ($2.02 in chips) 
Seat 2: felipe002323 ($1.53 in chips) 
Seat 3: HardMickey83 ($2.99 in chips) 
Seat 4: Vadimur1962 ($1.98 in chips) 
Seat 5: elronaa ($1 in chips) 
Seat 6: wlyanna ($4.45 in chips) 
Seat 7: Dorex2007 ($1.80 in chips) 
Seat 8: sammysnuggle ($2.23 in chips) 
Seat 9: absii5 ($0.79 in chips) 
wlyanna: posts small blind $0.01
Dorex2007: posts big blind $0.02
*** HOLE CARDS ***
Dealt to Dorex2007 [3s 3c]
sammysnuggle: folds 
absii5: calls $0.02
trucopp79: folds 
felipe002323: calls $0.02
HardMickey83: calls $0.02
Vadimur1962: folds 
elronaa: calls $0.02
wlyanna: folds 
Dorex2007: checks 
*** FLOP *** [6c 2s 7c]
Dorex2007: checks 
absii5: checks 
felipe002323: checks 
HardMickey83: bets $0.07
elronaa: raises $0.13 to $0.20
Dorex2007: folds 
absii5: folds 
felipe002323: folds 
HardMickey83: folds 
Uncalled bet ($0.13) returned to elronaa
elronaa collected $0.24 from pot
elronaa: doesn't show hand 
*** SUMMARY ***
Total pot $0.25 | Rake $0.01 
Board [6c 2s 7c]
Seat 1: trucopp79 folded before Flop (didn't bet)
Seat 2: felipe002323 folded on the Flop
Seat 3: HardMickey83 folded on the Flop
Seat 4: Vadimur1962 folded before Flop (didn't bet)
Seat 5: elronaa (button) collected ($0.24)
Seat 6: wlyanna (small blind) folded before Flop
Seat 7: Dorex2007 (big blind) folded on the Flop
Seat 8: sammysnuggle folded before Flop (didn't bet)
Seat 9: absii5 folded on the Flop



PokerStars Hand #226200958039:  Hold'em No Limit ($0.01/$0.02 USD) - 2021/04/25 17:06:05 PT [2021/04/25 20:06:05 ET]
Table 'Vesale III' 9-max Seat #6 is the button
Seat 1: trucopp79 ($2.02 in chips) 
Seat 2: felipe002323 ($1.51 in chips) 
Seat 3: HardMickey83 ($2.90 in chips) 
Seat 4: Vadimur1962 ($1.98 in chips) 
Seat 5: elronaa ($1.15 in chips) 
Seat 6: wlyanna ($4.44 in chips) 
Seat 7: Dorex2007 ($1.78 in chips) 
Seat 8: sammysnuggle ($2.23 in chips) 
Seat 9: absii5 ($0.77 in chips) 
Dorex2007: posts small blind $0.01
sammysnuggle: posts big blind $0.02
*** HOLE CARDS ***
Dealt to Dorex2007 [Qd 2s]
absii5: folds 
trucopp79: calls $0.02
felipe002323: folds 
HardMickey83: folds 
Vadimur1962: folds 
elronaa: calls $0.02
wlyanna: folds 
Dorex2007: folds 
sammysnuggle: checks 
*** FLOP *** [8h 5d Ah]
sammysnuggle: checks 
trucopp79: checks 
elronaa: bets $0.02
sammysnuggle: folds 
trucopp79: folds 
Uncalled bet ($0.02) returned to elronaa
elronaa collected $0.07 from pot
elronaa: doesn't show hand 
*** SUMMARY ***
Total pot $0.07 | Rake $0 
Board [8h 5d Ah]
Seat 1: trucopp79 folded on the Flop
Seat 2: felipe002323 folded before Flop (didn't bet)
Seat 3: HardMickey83 folded before Flop (didn't bet)
Seat 4: Vadimur1962 folded before Flop (didn't bet)
Seat 5: elronaa collected ($0.07)
Seat 6: wlyanna (button) folded before Flop (didn't bet)
Seat 7: Dorex2007 (small blind) folded before Flop
Seat 8: sammysnuggle (big blind) folded on the Flop
Seat 9: absii5 folded before Flop (didn't bet)



PokerStars Hand #226200967502:  Hold'em No Limit ($0.01/$0.02 USD) - 2021/04/25 17:06:33 PT [2021/04/25 20:06:33 ET]
Table 'Vesale III' 9-max Seat #7 is the button
Seat 1: trucopp79 ($2 in chips) 
Seat 2: felipe002323 ($1.51 in chips) 
Seat 3: HardMickey83 ($2.90 in chips) 
Seat 4: Vadimur1962 ($1.98 in chips) 
Seat 5: elronaa ($1.20 in chips) 
Seat 6: wlyanna ($4.44 in chips) 
Seat 7: Dorex2007 ($1.77 in chips) 
Seat 8: sammysnuggle ($2.21 in chips) 
Seat 9: absii5 ($0.77 in chips) 
sammysnuggle: posts small blind $0.01
absii5: posts big blind $0.02
*** HOLE CARDS ***
Dealt to Dorex2007 [4c Ks]
trucopp79: calls $0.02
felipe002323: folds 
HardMickey83: folds 
Vadimur1962: folds 
elronaa: raises $0.04 to $0.06
wlyanna: folds 
Dorex2007: folds 
sammysnuggle: folds 
absii5: calls $0.04
trucopp79: folds 
*** FLOP *** [Qh 9s 6h]
absii5: checks 
elronaa: bets $0.07
absii5: folds 
Uncalled bet ($0.07) returned to elronaa
elronaa collected $0.14 from pot
elronaa: doesn't show hand 
*** SUMMARY ***
Total pot $0.15 | Rake $0.01 
Board [Qh 9s 6h]
Seat 1: trucopp79 folded before Flop
Seat 2: felipe002323 folded before Flop (didn't bet)
Seat 3: HardMickey83 folded before Flop (didn't bet)
Seat 4: Vadimur1962 folded before Flop (didn't bet)
Seat 5: elronaa collected ($0.14)
Seat 6: wlyanna folded before Flop (didn't bet)
Seat 7: Dorex2007 (button) folded before Flop (didn't bet)
Seat 8: sammysnuggle (small blind) folded before Flop
Seat 9: absii5 (big blind) folded on the Flop



PokerStars Hand #226200980109:  Hold'em No Limit ($0.01/$0.02 USD) - 2021/04/25 17:07:10 PT [2021/04/25 20:07:10 ET]
Table 'Vesale III' 9-max Seat #8 is the button
Seat 1: trucopp79 ($1.98 in chips) 
Seat 2: felipe002323 ($1.51 in chips) 
Seat 3: HardMickey83 ($2.90 in chips) 
Seat 4: Vadimur1962 ($1.98 in chips) 
Seat 5: elronaa ($1.28 in chips) 
Seat 6: wlyanna ($4.44 in chips) 
Seat 7: Dorex2007 ($1.77 in chips) 
Seat 8: sammysnuggle ($2.20 in chips) 
Seat 9: absii5 ($0.71 in chips) 
absii5: posts small blind $0.01
trucopp79: posts big blind $0.02
*** HOLE CARDS ***
Dealt to Dorex2007 [4h 7d]
felipe002323: calls $0.02
HardMickey83: folds 
Vadimur1962: folds 
elronaa: folds 
wlyanna: folds 
Dorex2007: folds 
sammysnuggle: folds 
absii5: calls $0.01
trucopp79: raises $0.06 to $0.08
felipe002323: calls $0.06
absii5: raises $0.63 to $0.71 and is all-in
trucopp79: calls $0.63
felipe002323: folds 
*** FLOP *** [6d Th Qc]
*** TURN *** [6d Th Qc] [4s]
*** RIVER *** [6d Th Qc 4s] [7c]
*** SHOW DOWN ***
absii5: shows [Kc Kh] (a pair of Kings)
trucopp79: shows [Qs Qd] (three of a kind, Queens)
trucopp79 collected $1.45 from pot
*** SUMMARY ***
Total pot $1.50 | Rake $0.05 
Board [6d Th Qc 4s 7c]
Seat 1: trucopp79 (big blind) showed [Qs Qd] and won ($1.45) with three of a kind, Queens
Seat 2: felipe002323 folded before Flop
Seat 3: HardMickey83 folded before Flop (didn't bet)
Seat 4: Vadimur1962 folded before Flop (didn't bet)
Seat 5: elronaa folded before Flop (didn't bet)
Seat 6: wlyanna folded before Flop (didn't bet)
Seat 7: Dorex2007 folded before Flop (didn't bet)
Seat 8: sammysnuggle (button) folded before Flop (didn't bet)
Seat 9: absii5 (small blind) showed [Kc Kh] and lost with a pair of Kings



PokerStars Hand #226200997572:  Hold'em No Limit ($0.01/$0.02 USD) - 2021/04/25 17:08:01 PT [2021/04/25 20:08:01 ET]
Table 'Vesale III' 9-max Seat #1 is the button
Seat 1: trucopp79 ($2.72 in chips) 
Seat 2: felipe002323 ($1.43 in chips) 
Seat 3: HardMickey83 ($2.90 in chips) 
Seat 4: Vadimur1962 ($1.98 in chips) 
Seat 5: elronaa ($1.28 in chips) 
Seat 6: wlyanna ($4.44 in chips) 
Seat 7: Dorex2007 ($1.77 in chips) 
Seat 8: sammysnuggle ($2.20 in chips) 
felipe002323: posts small blind $0.01
HardMickey83: posts big blind $0.02
*** HOLE CARDS ***
Dealt to Dorex2007 [7c 5d]
Vadimur1962: folds 
elronaa: folds 
absii5 leaves the table
wlyanna: folds 
Dorex2007: folds 
sammysnuggle: raises $0.08 to $0.10
trucopp79: calls $0.10
felipe002323: calls $0.09
HardMickey83: folds 
*** FLOP *** [8d 9c 4c]
felipe002323: checks 
sammysnuggle: bets $0.14
trucopp79: folds 
felipe002323: folds 
Uncalled bet ($0.14) returned to sammysnuggle
sammysnuggle collected $0.31 from pot
sammysnuggle: doesn't show hand 
*** SUMMARY ***
Total pot $0.32 | Rake $0.01 
Board [8d 9c 4c]
Seat 1: trucopp79 (button) folded on the Flop
Seat 2: felipe002323 (small blind) folded on the Flop
Seat 3: HardMickey83 (big blind) folded before Flop
Seat 4: Vadimur1962 folded before Flop (didn't bet)
Seat 5: elronaa folded before Flop (didn't bet)
Seat 6: wlyanna folded before Flop (didn't bet)
Seat 7: Dorex2007 folded before Flop (didn't bet)
Seat 8: sammysnuggle collected ($0.31)



PokerStars Hand #226201014385:  Hold'em No Limit ($0.01/$0.02 USD) - 2021/04/25 17:08:51 PT [2021/04/25 20:08:51 ET]
Table 'Vesale III' 9-max Seat #2 is the button
Seat 1: trucopp79 ($2.62 in chips) 
Seat 2: felipe002323 ($1.33 in chips) 
Seat 3: HardMickey83 ($2.88 in chips) 
Seat 4: Vadimur1962 ($1.98 in chips) 
Seat 5: elronaa ($1.28 in chips) 
Seat 6: wlyanna ($4.44 in chips) 
Seat 7: Dorex2007 ($1.77 in chips) 
Seat 8: sammysnuggle ($2.41 in chips) 
HardMickey83: posts small blind $0.01
Vadimur1962: posts big blind $0.02
*** HOLE CARDS ***
Dealt to Dorex2007 [Kh 8s]
elronaa: folds 
wlyanna: folds 
Dorex2007: folds 
sammysnuggle: folds 
trucopp79: raises $0.06 to $0.08
felipe002323: folds 
HardMickey83: folds 
Vadimur1962: calls $0.06
*** FLOP *** [9c Tc 5s]
Vadimur1962: checks 
trucopp79: bets $0.08
Vadimur1962: calls $0.08
*** TURN *** [9c Tc 5s] [Th]
Vadimur1962: checks 
trucopp79: checks 
*** RIVER *** [9c Tc 5s Th] [Jc]
Vadimur1962: checks 
trucopp79: checks 
*** SHOW DOWN ***
Vadimur1962: shows [Ad Ts] (three of a kind, Tens)
trucopp79: mucks hand 
Vadimur1962 collected $0.32 from pot
*** SUMMARY ***
Total pot $0.33 | Rake $0.01 
Board [9c Tc 5s Th Jc]
Seat 1: trucopp79 mucked [8d 8c]
Seat 2: felipe002323 (button) folded before Flop (didn't bet)
Seat 3: HardMickey83 (small blind) folded before Flop
Seat 4: Vadimur1962 (big blind) showed [Ad Ts] and won ($0.32) with three of a kind, Tens
Seat 5: elronaa folded before Flop (didn't bet)
Seat 6: wlyanna folded before Flop (didn't bet)
Seat 7: Dorex2007 folded before Flop (didn't bet)
Seat 8: sammysnuggle folded before Flop (didn't bet)



PokerStars Hand #226201031448:  Hold'em No Limit ($0.01/$0.02 USD) - 2021/04/25 17:09:42 PT [2021/04/25 20:09:42 ET]
Table 'Vesale III' 9-max Seat #3 is the button
Seat 1: trucopp79 ($2.46 in chips) 
Seat 2: felipe002323 ($1.33 in chips) 
Seat 3: HardMickey83 ($2.87 in chips) 
Seat 4: Vadimur1962 ($2.14 in chips) 
Seat 5: elronaa ($1.28 in chips) 
Seat 6: wlyanna ($4.44 in chips) 
Seat 7: Dorex2007 ($1.77 in chips) 
Seat 8: sammysnuggle ($2.41 in chips) 
Vadimur1962: posts small blind $0.01
elronaa: posts big blind $0.02
*** HOLE CARDS ***
Dealt to Dorex2007 [Kc 7d]
wlyanna: folds 
Wildee182 joins the table at seat #9 
Dorex2007: folds 
sammysnuggle: folds 
trucopp79: folds 
felipe002323: folds 
HardMickey83 has timed out
HardMickey83: folds 
Vadimur1962: folds 
Uncalled bet ($0.01) returned to elronaa
elronaa collected $0.02 from pot
elronaa: doesn't show hand 
*** SUMMARY ***
Total pot $0.02 | Rake $0 
Seat 1: trucopp79 folded before Flop (didn't bet)
Seat 2: felipe002323 folded before Flop (didn't bet)
Seat 3: HardMickey83 (button) folded before Flop (didn't bet)
Seat 4: Vadimur1962 (small blind) folded before Flop
Seat 5: elronaa (big blind) collected ($0.02)
Seat 6: wlyanna folded before Flop (didn't bet)
Seat 7: Dorex2007 folded before Flop (didn't bet)
Seat 8: sammysnuggle folded before Flop (didn't bet)



PokerStars Hand #226201043774:  Hold'em No Limit ($0.01/$0.02 USD) - 2021/04/25 17:10:19 PT [2021/04/25 20:10:19 ET]
Table 'Vesale III' 9-max Seat #4 is the button
Seat 1: trucopp79 ($2.46 in chips) 
Seat 2: felipe002323 ($1.33 in chips) 
Seat 3: HardMickey83 ($2.87 in chips) 
Seat 4: Vadimur1962 ($2.13 in chips) 
Seat 5: elronaa ($1.29 in chips) 
Seat 6: wlyanna ($4.44 in chips) 
Seat 7: Dorex2007 ($1.77 in chips) 
Seat 8: sammysnuggle ($2.41 in chips) 
Seat 9: Wildee182 ($0.80 in chips) 
elronaa: posts small blind $0.01
wlyanna: posts big blind $0.02
Wildee182: posts big blind $0.02
*** HOLE CARDS ***
Dealt to Dorex2007 [Ks 6s]
Dorex2007: folds 
sammysnuggle: raises $0.08 to $0.10
Wildee182: folds 
trucopp79: folds 
felipe002323: folds 
HardMickey83: folds 
Vadimur1962: folds 
elronaa: folds 
wlyanna: calls $0.08
*** FLOP *** [Qh 3d 2s]
wlyanna: bets $0.15
sammysnuggle: folds 
Uncalled bet ($0.15) returned to wlyanna
wlyanna collected $0.22 from pot
wlyanna: doesn't show hand 
*** SUMMARY ***
Total pot $0.23 | Rake $0.01 
Board [Qh 3d 2s]
Seat 1: trucopp79 folded before Flop (didn't bet)
Seat 2: felipe002323 folded before Flop (didn't bet)
Seat 3: HardMickey83 folded before Flop (didn't bet)
Seat 4: Vadimur1962 (button) folded before Flop (didn't bet)
Seat 5: elronaa (small blind) folded before Flop
Seat 6: wlyanna (big blind) collected ($0.22)
Seat 7: Dorex2007 folded before Flop (didn't bet)
Seat 8: sammysnuggle folded on the Flop
Seat 9: Wildee182 folded before Flop (didn't bet)



PokerStars Hand #226201054613:  Hold'em No Limit ($0.01/$0.02 USD) - 2021/04/25 17:10:51 PT [2021/04/25 20:10:51 ET]
Table 'Vesale III' 9-max Seat #5 is the button
Seat 1: trucopp79 ($2.46 in chips) 
Seat 3: HardMickey83 ($2.87 in chips) 
Seat 4: Vadimur1962 ($2.13 in chips) 
Seat 5: elronaa ($1.28 in chips) 
Seat 6: wlyanna ($4.56 in chips) 
Seat 7: Dorex2007 ($1.77 in chips) 
Seat 8: sammysnuggle ($2.31 in chips) 
Seat 9: Wildee182 ($0.78 in chips) 
wlyanna: posts small blind $0.01
Dorex2007: posts big blind $0.02
*** HOLE CARDS ***
Dealt to Dorex2007 [7s 8h]
sammysnuggle: calls $0.02
Wildee182: folds 
trucopp79: raises $0.06 to $0.08
HardMickey83: folds 
Vadimur1962: folds 
elronaa: calls $0.08
wlyanna: folds 
Dorex2007: folds 
sammysnuggle: folds 
*** FLOP *** [4c As 7c]
trucopp79: bets $0.15
elronaa: calls $0.15
*** TURN *** [4c As 7c] [Td]
trucopp79: bets $0.37
elronaa: calls $0.37
*** RIVER *** [4c As 7c Td] [Kd]
trucopp79: bets $1.21
elronaa: calls $0.68 and is all-in
Uncalled bet ($0.53) returned to trucopp79
*** SHOW DOWN ***
trucopp79: shows [Ah Ks] (two pair, Aces and Kings)
elronaa: shows [Jc Qc] (a straight, Ten to Ace)
elronaa collected $2.52 from pot
*** SUMMARY ***
Total pot $2.61 | Rake $0.09 
Board [4c As 7c Td Kd]
Seat 1: trucopp79 showed [Ah Ks] and lost with two pair, Aces and Kings
Seat 3: HardMickey83 folded before Flop (didn't bet)
Seat 4: Vadimur1962 folded before Flop (didn't bet)
Seat 5: elronaa (button) showed [Jc Qc] and won ($2.52) with a straight, Ten to Ace
Seat 6: wlyanna (small blind) folded before Flop
Seat 7: Dorex2007 (big blind) folded before Flop
Seat 8: sammysnuggle folded before Flop
Seat 9: Wildee182 folded before Flop (didn't bet)



PokerStars Hand #226201074028:  Hold'em No Limit ($0.01/$0.02 USD) - 2021/04/25 17:11:49 PT [2021/04/25 20:11:49 ET]
Table 'Vesale III' 9-max Seat #6 is the button
Seat 1: trucopp79 ($1.18 in chips) 
Seat 3: HardMickey83 ($2.87 in chips) 
Seat 4: Vadimur1962 ($2.13 in chips) 
Seat 5: elronaa ($2.52 in chips) 
Seat 6: wlyanna ($4.55 in chips) 
Seat 7: Dorex2007 ($1.75 in chips) 
Seat 8: sammysnuggle ($2.29 in chips) 
Seat 9: Wildee182 ($0.78 in chips) 
Dorex2007: posts small blind $0.01
sammysnuggle: posts big blind $0.02
*** HOLE CARDS ***
Dealt to Dorex2007 [Tc 2s]
Wildee182: folds 
trucopp79: raises $0.06 to $0.08
HardMickey83: folds 
Vadimur1962: folds 
elronaa: folds 
elronaa leaves the table
wlyanna: folds 
Dorex2007: folds 
sammysnuggle: folds 
Uncalled bet ($0.06) returned to trucopp79
trucopp79 collected $0.05 from pot
trucopp79: doesn't show hand 
*** SUMMARY ***
Total pot $0.05 | Rake $0 
Seat 1: trucopp79 collected ($0.05)
Seat 3: HardMickey83 folded before Flop (didn't bet)
Seat 4: Vadimur1962 folded before Flop (didn't bet)
Seat 5: elronaa folded before Flop (didn't bet)
Seat 6: wlyanna (button) folded before Flop (didn't bet)
Seat 7: Dorex2007 (small blind) folded before Flop
Seat 8: sammysnuggle (big blind) folded before Flop
Seat 9: Wildee182 folded before Flop (didn't bet)



PokerStars Hand #226201080151:  Hold'em No Limit ($0.01/$0.02 USD) - 2021/04/25 17:12:08 PT [2021/04/25 20:12:08 ET]
Table 'Vesale III' 9-max Seat #7 is the button
Seat 1: trucopp79 ($1.21 in chips) 
Seat 3: HardMickey83 ($2.87 in chips) 
Seat 4: Vadimur1962 ($2.13 in chips) 
Seat 6: wlyanna ($4.55 in chips) 
Seat 7: Dorex2007 ($1.74 in chips) 
Seat 8: sammysnuggle ($2.27 in chips) 
Seat 9: Wildee182 ($0.78 in chips) 
sammysnuggle: posts small blind $0.01
Wildee182: posts big blind $0.02
*** HOLE CARDS ***
Dealt to Dorex2007 [3d 5h]
asdabelle joins the table at seat #5 
trucopp79: folds 
HardMickey83: raises $0.04 to $0.06
Vadimur1962: folds 
wlyanna: folds 
wlyanna leaves the table
Dorex2007: folds 
sammysnuggle: folds 
Wildee182: folds 
Uncalled bet ($0.04) returned to HardMickey83
HardMickey83 collected $0.05 from pot
HardMickey83: doesn't show hand 
*** SUMMARY ***
Total pot $0.05 | Rake $0 
Seat 1: trucopp79 folded before Flop (didn't bet)
Seat 3: HardMickey83 collected ($0.05)
Seat 4: Vadimur1962 folded before Flop (didn't bet)
Seat 6: wlyanna folded before Flop (didn't bet)
Seat 7: Dorex2007 (button) folded before Flop (didn't bet)
Seat 8: sammysnuggle (small blind) folded before Flop
Seat 9: Wildee182 (big blind) folded before Flop



PokerStars Hand #226201086432:  Hold'em No Limit ($0.01/$0.02 USD) - 2021/04/25 17:12:27 PT [2021/04/25 20:12:27 ET]
Table 'Vesale III' 9-max Seat #8 is the button
Seat 1: trucopp79 ($1.21 in chips) 
Seat 3: HardMickey83 ($2.90 in chips) 
Seat 4: Vadimur1962 ($2.13 in chips) 
Seat 7: Dorex2007 ($1.74 in chips) 
Seat 8: sammysnuggle ($2.26 in chips) 
Seat 9: Wildee182 ($0.76 in chips) 
Wildee182: posts small blind $0.01
trucopp79: posts big blind $0.02
asdabelle: sits out 
*** HOLE CARDS ***
Dealt to Dorex2007 [8c 4s]
HardMickey83: folds 
Vadimur1962: folds 
Dorex2007: folds 
sammysnuggle: folds 
Wildee182: folds 
Uncalled bet ($0.01) returned to trucopp79
trucopp79 collected $0.02 from pot
trucopp79: doesn't show hand 
*** SUMMARY ***
Total pot $0.02 | Rake $0 
Seat 1: trucopp79 (big blind) collected ($0.02)
Seat 3: HardMickey83 folded before Flop (didn't bet)
Seat 4: Vadimur1962 folded before Flop (didn't bet)
Seat 7: Dorex2007 folded before Flop (didn't bet)
Seat 8: sammysnuggle (button) folded before Flop (didn't bet)
Seat 9: Wildee182 (small blind) folded before Flop



PokerStars Hand #226201091889:  Hold'em No Limit ($0.01/$0.02 USD) - 2021/04/25 17:12:43 PT [2021/04/25 20:12:43 ET]
Table 'Vesale III' 9-max Seat #9 is the button
Seat 1: trucopp79 ($1.22 in chips) 
Seat 3: HardMickey83 ($2.90 in chips) 
Seat 4: Vadimur1962 ($2.13 in chips) 
Seat 7: Dorex2007 ($1.74 in chips) 
Seat 8: sammysnuggle ($2.26 in chips) 
Seat 9: Wildee182 ($0.75 in chips) 
trucopp79: posts small blind $0.01
HardMickey83: posts big blind $0.02
asdabelle: sits out 
*** HOLE CARDS ***
Dealt to Dorex2007 [Jc 7d]
Vadimur1962: folds 
Dorex2007: folds 
sammysnuggle: folds 
Wildee182: folds 
trucopp79: raises $0.02 to $0.04
HardMickey83: calls $0.02
*** FLOP *** [Jh As Ah]
trucopp79: bets $0.02
HardMickey83: folds 
Uncalled bet ($0.02) returned to trucopp79
trucopp79 collected $0.08 from pot
trucopp79: doesn't show hand 
*** SUMMARY ***
Total pot $0.08 | Rake $0 
Board [Jh As Ah]
Seat 1: trucopp79 (small blind) collected ($0.08)
Seat 3: HardMickey83 (big blind) folded on the Flop
Seat 4: Vadimur1962 folded before Flop (didn't bet)
Seat 7: Dorex2007 folded before Flop (didn't bet)
Seat 8: sammysnuggle folded before Flop (didn't bet)
Seat 9: Wildee182 (button) folded before Flop (didn't bet)



PokerStars Hand #226201105229:  Hold'em No Limit ($0.01/$0.02 USD) - 2021/04/25 17:13:07 PT [2021/04/25 20:13:07 ET]
Table 'Vesale III' 9-max Seat #1 is the button
Seat 1: trucopp79 ($1.26 in chips) 
Seat 3: HardMickey83 ($2.86 in chips) 
Seat 4: Vadimur1962 ($2.13 in chips) 
Seat 7: Dorex2007 ($1.74 in chips) 
Seat 8: sammysnuggle ($2.26 in chips) 
Seat 9: Wildee182 ($0.75 in chips) 
HardMickey83: posts small blind $0.01
Vadimur1962: posts big blind $0.02
asdabelle: sits out 
*** HOLE CARDS ***
Dealt to Dorex2007 [Jc 5d]
Dorex2007: folds 
sammysnuggle: folds 
Wildee182: folds 
trucopp79: calls $0.02
HardMickey83: calls $0.01
Vadimur1962: checks 
*** FLOP *** [8d 9h Ks]
HardMickey83: checks 
Vadimur1962: bets $0.05
trucopp79: calls $0.05
HardMickey83: folds 
*** TURN *** [8d 9h Ks] [9d]
Vadimur1962: bets $0.05
trucopp79: calls $0.05
*** RIVER *** [8d 9h Ks 9d] [2d]
Vadimur1962: checks 
trucopp79: bets $0.10
Vadimur1962: calls $0.10
*** SHOW DOWN ***
trucopp79: shows [7c Th] (a pair of Nines)
Vadimur1962: shows [Kc Qh] (two pair, Kings and Nines)
Vadimur1962 collected $0.44 from pot
*** SUMMARY ***
Total pot $0.46 | Rake $0.02 
Board [8d 9h Ks 9d 2d]
Seat 1: trucopp79 (button) showed [7c Th] and lost with a pair of Nines
Seat 3: HardMickey83 (small blind) folded on the Flop
Seat 4: Vadimur1962 (big blind) showed [Kc Qh] and won ($0.44) with two pair, Kings and Nines
Seat 7: Dorex2007 folded before Flop (didn't bet)
Seat 8: sammysnuggle folded before Flop (didn't bet)
Seat 9: Wildee182 folded before Flop (didn't bet)



PokerStars Hand #226201120519:  Hold'em No Limit ($0.01/$0.02 USD) - 2021/04/25 17:13:53 PT [2021/04/25 20:13:53 ET]
Table 'Vesale III' 9-max Seat #3 is the button
Seat 1: trucopp79 ($1.04 in chips) 
Seat 3: HardMickey83 ($2.84 in chips) 
Seat 4: Vadimur1962 ($2.35 in chips) 
Seat 5: asdabelle ($0.80 in chips) 
Seat 7: Dorex2007 ($1.74 in chips) 
Seat 8: sammysnuggle ($2.26 in chips) 
Seat 9: Wildee182 ($0.75 in chips) 
Vadimur1962: posts small blind $0.01
asdabelle: posts big blind $0.02
*** HOLE CARDS ***
Dealt to Dorex2007 [4s 5s]
Dorex2007: folds 
sammysnuggle: folds 
Wildee182: calls $0.02
trucopp79: folds 
HardMickey83: calls $0.02
Vadimur1962: calls $0.01
asdabelle: checks 
*** FLOP *** [6c 6h 2d]
Vadimur1962: checks 
Tema0201 joins the table at seat #6 
asdabelle: checks 
Wildee182: checks 
HardMickey83: checks 
*** TURN *** [6c 6h 2d] [Ah]
Vadimur1962: bets $0.06
asdabelle: folds 
Wildee182: folds 
HardMickey83: folds 
Uncalled bet ($0.06) returned to Vadimur1962
Vadimur1962 collected $0.08 from pot
Vadimur1962: doesn't show hand 
*** SUMMARY ***
Total pot $0.08 | Rake $0 
Board [6c 6h 2d Ah]
Seat 1: trucopp79 folded before Flop (didn't bet)
Seat 3: HardMickey83 (button) folded on the Turn
Seat 4: Vadimur1962 (small blind) collected ($0.08)
Seat 5: asdabelle (big blind) folded on the Turn
Seat 7: Dorex2007 folded before Flop (didn't bet)
Seat 8: sammysnuggle folded before Flop (didn't bet)
Seat 9: Wildee182 folded on the Turn



PokerStars Hand #226201140372:  Hold'em No Limit ($0.01/$0.02 USD) - 2021/04/25 17:14:54 PT [2021/04/25 20:14:54 ET]
Table 'Vesale III' 9-max Seat #4 is the button
Seat 1: trucopp79 ($1.04 in chips) 
Seat 2: felipe002323 ($1.33 in chips) 
Seat 3: HardMickey83 ($2.82 in chips) 
Seat 4: Vadimur1962 ($2.41 in chips) 
Seat 5: asdabelle ($0.78 in chips) 
Seat 6: Tema0201 ($2 in chips) 
Seat 7: Dorex2007 ($1.74 in chips) 
Seat 8: sammysnuggle ($2.26 in chips) 
Seat 9: Wildee182 ($0.73 in chips) 
asdabelle: posts small blind $0.01
Tema0201: posts big blind $0.02
felipe002323: posts small & big blinds $0.03
*** HOLE CARDS ***
Dealt to Dorex2007 [Jd Kc]
Dorex2007: folds 
sammysnuggle: folds 
Wildee182: folds 
trucopp79: raises $0.02 to $0.04
felipe002323: folds 
HardMickey83: calls $0.04
Vadimur1962: folds 
asdabelle: calls $0.03
Tema0201: calls $0.02
*** FLOP *** [9s Qs 8h]
asdabelle: checks 
Tema0201: checks 
trucopp79: checks 
HardMickey83: checks 
*** TURN *** [9s Qs 8h] [9c]
asdabelle: checks 
Tema0201: checks 
trucopp79: bets $0.02
HardMickey83: folds 
asdabelle: folds 
Tema0201: folds 
Uncalled bet ($0.02) returned to trucopp79
trucopp79 collected $0.18 from pot
trucopp79: doesn't show hand 
*** SUMMARY ***
Total pot $0.19 | Rake $0.01 
Board [9s Qs 8h 9c]
Seat 1: trucopp79 collected ($0.18)
Seat 2: felipe002323 folded before Flop (didn't bet)
Seat 3: HardMickey83 folded on the Turn
Seat 4: Vadimur1962 (button) folded before Flop (didn't bet)
Seat 5: asdabelle (small blind) folded on the Turn
Seat 6: Tema0201 (big blind) folded on the Turn
Seat 7: Dorex2007 folded before Flop (didn't bet)
Seat 8: sammysnuggle folded before Flop (didn't bet)
Seat 9: Wildee182 folded before Flop (didn't bet)



PokerStars Hand #226201171860:  Hold'em No Limit ($0.01/$0.02 USD) - 2021/04/25 17:16:16 PT [2021/04/25 20:16:16 ET]
Table 'Vesale III' 9-max Seat #5 is the button
Seat 1: trucopp79 ($1.18 in chips) 
Seat 2: felipe002323 ($1.30 in chips) 
Seat 3: HardMickey83 ($2.78 in chips) 
Seat 4: Vadimur1962 ($2.41 in chips) 
Seat 5: asdabelle ($0.74 in chips) 
Seat 6: Tema0201 ($1.96 in chips) 
Seat 7: Dorex2007 ($1.74 in chips) 
Seat 8: sammysnuggle ($2.26 in chips) 
Seat 9: Wildee182 ($0.73 in chips) 
Tema0201: posts small blind $0.01
Dorex2007: posts big blind $0.02
*** HOLE CARDS ***
Dealt to Dorex2007 [2c 4s]
sammysnuggle: folds 
Wildee182: calls $0.02
trucopp79: calls $0.02
felipe002323: folds 
HardMickey83: folds 
Vadimur1962: folds 
asdabelle: folds 
Tema0201: calls $0.01
Dorex2007: checks 
*** FLOP *** [2h Jc Qh]
Tema0201: checks 
Dorex2007: checks 
Wildee182: checks 
trucopp79: checks 
*** TURN *** [2h Jc Qh] [5d]
Tema0201: checks 
Dorex2007: bets $0.08
Wildee182: calls $0.08
trucopp79: folds 
Tema0201: folds 
*** RIVER *** [2h Jc Qh 5d] [Qc]
Dorex2007: bets $0.15
Wildee182: raises $0.15 to $0.30
Dorex2007: folds 
Uncalled bet ($0.15) returned to Wildee182
Wildee182 collected $0.52 from pot
Wildee182: doesn't show hand 
*** SUMMARY ***
Total pot $0.54 | Rake $0.02 
Board [2h Jc Qh 5d Qc]
Seat 1: trucopp79 folded on the Turn
Seat 2: felipe002323 folded before Flop (didn't bet)
Seat 3: HardMickey83 folded before Flop (didn't bet)
Seat 4: Vadimur1962 folded before Flop (didn't bet)
Seat 5: asdabelle (button) folded before Flop (didn't bet)
Seat 6: Tema0201 (small blind) folded on the Turn
Seat 7: Dorex2007 (big blind) folded on the River
Seat 8: sammysnuggle folded before Flop (didn't bet)
Seat 9: Wildee182 collected ($0.52)



PokerStars Hand #226201203700:  Hold'em No Limit ($0.01/$0.02 USD) - 2021/04/25 17:17:53 PT [2021/04/25 20:17:53 ET]
Table 'Vesale III' 9-max Seat #6 is the button
Seat 1: trucopp79 ($1.16 in chips) 
Seat 2: felipe002323 ($1.30 in chips) 
Seat 3: HardMickey83 ($2.78 in chips) 
Seat 4: Vadimur1962 ($2.41 in chips) 
Seat 5: asdabelle ($0.74 in chips) 
Seat 6: Tema0201 ($1.94 in chips) 
Seat 7: Dorex2007 ($1.49 in chips) 
Seat 8: sammysnuggle ($2.26 in chips) 
Seat 9: Wildee182 ($1 in chips) 
Dorex2007: posts small blind $0.01
sammysnuggle: posts big blind $0.02
*** HOLE CARDS ***
Dealt to Dorex2007 [Ts Kc]
Wildee182: calls $0.02
trucopp79: calls $0.02
felipe002323: folds 
HardMickey83: folds 
Vadimur1962: folds 
asdabelle: folds 
Tema0201: calls $0.02
Dorex2007: calls $0.01
sammysnuggle: checks 
*** FLOP *** [Ah Jc 9h]
Dorex2007: checks 
sammysnuggle: checks 
Wildee182: checks 
trucopp79: checks 
Tema0201: bets $0.06
Dorex2007: folds 
sammysnuggle: calls $0.06
Wildee182: folds 
trucopp79: folds 
*** TURN *** [Ah Jc 9h] [5h]
sammysnuggle: checks 
Tema0201: bets $0.12
sammysnuggle: calls $0.12
*** RIVER *** [Ah Jc 9h 5h] [7h]
sammysnuggle: checks 
Tema0201: bets $0.24
sammysnuggle: folds 
Uncalled bet ($0.24) returned to Tema0201
Tema0201 collected $0.44 from pot
Tema0201: doesn't show hand 
*** SUMMARY ***
Total pot $0.46 | Rake $0.02 
Board [Ah Jc 9h 5h 7h]
Seat 1: trucopp79 folded on the Flop
Seat 2: felipe002323 folded before Flop (didn't bet)
Seat 3: HardMickey83 folded before Flop (didn't bet)
Seat 4: Vadimur1962 folded before Flop (didn't bet)
Seat 5: asdabelle folded before Flop (didn't bet)
Seat 6: Tema0201 (button) collected ($0.44)
Seat 7: Dorex2007 (small blind) folded on the Flop
Seat 8: sammysnuggle (big blind) folded on the River
Seat 9: Wildee182 folded on the Flop



PokerStars Hand #226201227177:  Hold'em No Limit ($0.01/$0.02 USD) - 2021/04/25 17:19:04 PT [2021/04/25 20:19:04 ET]
Table 'Vesale III' 9-max Seat #7 is the button
Seat 1: trucopp79 ($1.14 in chips) 
Seat 2: felipe002323 ($1.30 in chips) 
Seat 3: HardMickey83 ($2.78 in chips) 
Seat 4: Vadimur1962 ($2.41 in chips) 
Seat 5: asdabelle ($0.74 in chips) 
Seat 6: Tema0201 ($2.18 in chips) 
Seat 7: Dorex2007 ($1.47 in chips) 
Seat 8: sammysnuggle ($2.06 in chips) 
Seat 9: Wildee182 ($0.98 in chips) 
sammysnuggle: posts small blind $0.01
Wildee182: posts big blind $0.02
*** HOLE CARDS ***
Dealt to Dorex2007 [Jd 2s]
trucopp79: calls $0.02
felipe002323: folds 
HardMickey83: raises $0.06 to $0.08
Vadimur1962: folds 
asdabelle: folds 
Tema0201: folds 
Dorex2007: folds 
sammysnuggle: folds 
Wildee182: calls $0.06
trucopp79: calls $0.06
*** FLOP *** [8c Kh 9s]
Wildee182: checks 
trucopp79: checks 
HardMickey83: bets $0.16
Wildee182: folds 
trucopp79: folds 
Uncalled bet ($0.16) returned to HardMickey83
HardMickey83 collected $0.24 from pot
HardMickey83: doesn't show hand 
*** SUMMARY ***
Total pot $0.25 | Rake $0.01 
Board [8c Kh 9s]
Seat 1: trucopp79 folded on the Flop
Seat 2: felipe002323 folded before Flop (didn't bet)
Seat 3: HardMickey83 collected ($0.24)
Seat 4: Vadimur1962 folded before Flop (didn't bet)
Seat 5: asdabelle folded before Flop (didn't bet)
Seat 6: Tema0201 folded before Flop (didn't bet)
Seat 7: Dorex2007 (button) folded before Flop (didn't bet)
Seat 8: sammysnuggle (small blind) folded before Flop
Seat 9: Wildee182 (big blind) folded on the Flop



PokerStars Hand #226201241279:  Hold'em No Limit ($0.01/$0.02 USD) - 2021/04/25 17:19:47 PT [2021/04/25 20:19:47 ET]
Table 'Vesale III' 9-max Seat #8 is the button
Seat 1: trucopp79 ($1.06 in chips) 
Seat 2: felipe002323 ($1.30 in chips) 
Seat 3: HardMickey83 ($2.94 in chips) 
Seat 4: Vadimur1962 ($2.41 in chips) 
Seat 5: asdabelle ($0.74 in chips) 
Seat 6: Tema0201 ($2.18 in chips) 
Seat 7: Dorex2007 ($1.47 in chips) 
Seat 8: sammysnuggle ($2.05 in chips) 
Seat 9: Wildee182 ($0.90 in chips) 
Wildee182: posts small blind $0.01
trucopp79: posts big blind $0.02
*** HOLE CARDS ***
Dealt to Dorex2007 [8d 7s]
felipe002323: folds 
HardMickey83: folds 
Vadimur1962: calls $0.02
asdabelle: calls $0.02
Tema0201: folds 
Dorex2007: folds 
sammysnuggle: folds 
Wildee182: folds 
trucopp79: raises $0.02 to $0.04
Vadimur1962: calls $0.02
asdabelle: calls $0.02
*** FLOP *** [Qs 6c 6s]
trucopp79: checks 
Vadimur1962: checks 
asdabelle: bets $0.06
trucopp79: calls $0.06
Vadimur1962: folds 
*** TURN *** [Qs 6c 6s] [3s]
trucopp79: checks 
asdabelle: checks 
*** RIVER *** [Qs 6c 6s 3s] [9h]
trucopp79: checks 
asdabelle: checks 
*** SHOW DOWN ***
trucopp79: shows [Kc Th] (a pair of Sixes)
asdabelle: shows [As Jd] (a pair of Sixes - Ace kicker)
asdabelle collected $0.24 from pot
*** SUMMARY ***
Total pot $0.25 | Rake $0.01 
Board [Qs 6c 6s 3s 9h]
Seat 1: trucopp79 (big blind) showed [Kc Th] and lost with a pair of Sixes
Seat 2: felipe002323 folded before Flop (didn't bet)
Seat 3: HardMickey83 folded before Flop (didn't bet)
Seat 4: Vadimur1962 folded on the Flop
Seat 5: asdabelle showed [As Jd] and won ($0.24) with a pair of Sixes
Seat 6: Tema0201 folded before Flop (didn't bet)
Seat 7: Dorex2007 folded before Flop (didn't bet)
Seat 8: sammysnuggle (button) folded before Flop (didn't bet)
Seat 9: Wildee182 (small blind) folded before Flop



PokerStars Hand #226201273360:  Hold'em No Limit ($0.01/$0.02 USD) - 2021/04/25 17:21:03 PT [2021/04/25 20:21:03 ET]
Table 'Vesale III' 9-max Seat #9 is the button
Seat 1: trucopp79 ($0.96 in chips) 
Seat 2: felipe002323 ($1.30 in chips) 
Seat 3: HardMickey83 ($2.94 in chips) 
Seat 4: Vadimur1962 ($2.37 in chips) 
Seat 5: asdabelle ($0.88 in chips) 
Seat 6: Tema0201 ($2.18 in chips) 
Seat 7: Dorex2007 ($1.47 in chips) 
Seat 8: sammysnuggle ($2.05 in chips) 
Seat 9: Wildee182 ($0.89 in chips) 
trucopp79: posts small blind $0.01
felipe002323: posts big blind $0.02
*** HOLE CARDS ***
Dealt to Dorex2007 [Jc 8c]
HardMickey83: folds 
Vadimur1962: folds 
asdabelle: folds 
Tema0201: calls $0.02
Dorex2007: folds 
sammysnuggle: folds 
Wildee182: raises $0.06 to $0.08
trucopp79: calls $0.07
felipe002323: folds 
Tema0201: folds 
*** FLOP *** [4s Ad 3c]
trucopp79: checks 
Wildee182: bets $0.16
trucopp79: calls $0.16
*** TURN *** [4s Ad 3c] [Ks]
trucopp79: checks 
Wildee182: bets $0.65 and is all-in
trucopp79: folds 
Uncalled bet ($0.65) returned to Wildee182
Wildee182 collected $0.50 from pot
Wildee182: doesn't show hand 
*** SUMMARY ***
Total pot $0.52 | Rake $0.02 
Board [4s Ad 3c Ks]
Seat 1: trucopp79 (small blind) folded on the Turn
Seat 2: felipe002323 (big blind) folded before Flop
Seat 3: HardMickey83 folded before Flop (didn't bet)
Seat 4: Vadimur1962 folded before Flop (didn't bet)
Seat 5: asdabelle folded before Flop (didn't bet)
Seat 6: Tema0201 folded before Flop
Seat 7: Dorex2007 folded before Flop (didn't bet)
Seat 8: sammysnuggle folded before Flop (didn't bet)
Seat 9: Wildee182 (button) collected ($0.50)



PokerStars Hand #226201307648:  Hold'em No Limit ($0.01/$0.02 USD) - 2021/04/25 17:22:18 PT [2021/04/25 20:22:18 ET]
Table 'Vesale III' 9-max Seat #1 is the button
Seat 1: trucopp79 ($0.72 in chips) 
Seat 2: felipe002323 ($1.28 in chips) 
Seat 3: HardMickey83 ($2.94 in chips) 
Seat 4: Vadimur1962 ($2.37 in chips) 
Seat 5: asdabelle ($0.88 in chips) 
Seat 6: Tema0201 ($2.16 in chips) 
Seat 7: Dorex2007 ($1.47 in chips) 
Seat 8: sammysnuggle ($2.05 in chips) 
Seat 9: Wildee182 ($1.15 in chips) 
felipe002323: posts small blind $0.01
HardMickey83: posts big blind $0.02
*** HOLE CARDS ***
Dealt to Dorex2007 [6c Ac]
Vadimur1962: folds 
asdabelle: folds 
Tema0201: folds 
Tema0201 leaves the table
Dorex2007: raises $0.04 to $0.06
sammysnuggle: calls $0.06
Wildee182: calls $0.06
trucopp79: calls $0.06
felipe002323: folds 
HardMickey83: folds 
*** FLOP *** [9h Ad Qc]
ToadMush joins the table at seat #6 
Dorex2007: bets $0.26
sammysnuggle: folds 
Wildee182: folds 
trucopp79: calls $0.26
*** TURN *** [9h Ad Qc] [3c]
Dorex2007: bets $0.76
trucopp79: calls $0.40 and is all-in
Uncalled bet ($0.36) returned to Dorex2007
*** RIVER *** [9h Ad Qc 3c] [6h]
*** SHOW DOWN ***
Dorex2007: shows [6c Ac] (two pair, Aces and Sixes)
trucopp79: shows [Kd 9c] (a pair of Nines)
Dorex2007 collected $1.53 from pot
*** SUMMARY ***
Total pot $1.59 | Rake $0.06 
Board [9h Ad Qc 3c 6h]
Seat 1: trucopp79 (button) showed [Kd 9c] and lost with a pair of Nines
Seat 2: felipe002323 (small blind) folded before Flop
Seat 3: HardMickey83 (big blind) folded before Flop
Seat 4: Vadimur1962 folded before Flop (didn't bet)
Seat 5: asdabelle folded before Flop (didn't bet)
Seat 6: Tema0201 folded before Flop (didn't bet)
Seat 7: Dorex2007 showed [6c Ac] and won ($1.53) with two pair, Aces and Sixes
Seat 8: sammysnuggle folded on the Flop
Seat 9: Wildee182 folded on the Flop



PokerStars Hand #226201325737:  Hold'em No Limit ($0.01/$0.02 USD) - 2021/04/25 17:23:08 PT [2021/04/25 20:23:08 ET]
Table 'Vesale III' 9-max Seat #2 is the button
Seat 1: trucopp79 ($2 in chips) 
Seat 2: felipe002323 ($1.27 in chips) 
Seat 3: HardMickey83 ($2.92 in chips) 
Seat 4: Vadimur1962 ($2.37 in chips) 
Seat 5: asdabelle ($0.88 in chips) 
Seat 7: Dorex2007 ($2.28 in chips) 
Seat 8: sammysnuggle ($1.99 in chips) 
Seat 9: Wildee182 ($1.09 in chips) 
HardMickey83: posts small blind $0.01
Vadimur1962: posts big blind $0.02
ToadMush: sits out 
*** HOLE CARDS ***
Dealt to Dorex2007 [7c Ad]
asdabelle: calls $0.02
Dorex2007: folds 
sammysnuggle: folds 
Wildee182: calls $0.02
trucopp79: folds 
felipe002323: folds 
HardMickey83: calls $0.01
Vadimur1962: checks 
*** FLOP *** [Jd 5d Tc]
HardMickey83: checks 
Vadimur1962: checks 
asdabelle: checks 
Wildee182: checks 
*** TURN *** [Jd 5d Tc] [9h]
HardMickey83: checks 
Vadimur1962: checks 
asdabelle: checks 
Wildee182: bets $0.06
HardMickey83: folds 
Vadimur1962: folds 
asdabelle: folds 
Uncalled bet ($0.06) returned to Wildee182
Wildee182 collected $0.08 from pot
Wildee182: doesn't show hand 
*** SUMMARY ***
Total pot $0.08 | Rake $0 
Board [Jd 5d Tc 9h]
Seat 1: trucopp79 folded before Flop (didn't bet)
Seat 2: felipe002323 (button) folded before Flop (didn't bet)
Seat 3: HardMickey83 (small blind) folded on the Turn
Seat 4: Vadimur1962 (big blind) folded on the Turn
Seat 5: asdabelle folded on the Turn
Seat 7: Dorex2007 folded before Flop (didn't bet)
Seat 8: sammysnuggle folded before Flop (didn't bet)
Seat 9: Wildee182 collected ($0.08)



PokerStars Hand #226201341630:  Hold'em No Limit ($0.01/$0.02 USD) - 2021/04/25 17:23:57 PT [2021/04/25 20:23:57 ET]
Table 'Vesale III' 9-max Seat #3 is the button
Seat 1: trucopp79 ($2 in chips) 
Seat 2: felipe002323 ($1.27 in chips) 
Seat 3: HardMickey83 ($2.90 in chips) 
Seat 4: Vadimur1962 ($2.35 in chips) 
Seat 6: ToadMush ($2 in chips) 
Seat 7: Dorex2007 ($2.28 in chips) 
Seat 8: sammysnuggle ($1.99 in chips) 
Seat 9: Wildee182 ($1.15 in chips) 
Vadimur1962: posts small blind $0.01
asdabelle: is sitting out 
ToadMush: posts big blind $0.02
*** HOLE CARDS ***
Dealt to Dorex2007 [7c 4s]
Dorex2007: folds 
sammysnuggle: folds 
Wildee182: calls $0.02
trucopp79: raises $0.06 to $0.08
felipe002323: calls $0.08
HardMickey83: folds 
Vadimur1962: folds 
ToadMush: folds 
Wildee182: folds 
*** FLOP *** [Ah 9d 6c]
trucopp79: checks 
felipe002323: checks 
*** TURN *** [Ah 9d 6c] [Kh]
trucopp79: bets $0.10
felipe002323: folds 
Uncalled bet ($0.10) returned to trucopp79
trucopp79 collected $0.20 from pot
trucopp79: doesn't show hand 
*** SUMMARY ***
Total pot $0.21 | Rake $0.01 
Board [Ah 9d 6c Kh]
Seat 1: trucopp79 collected ($0.20)
Seat 2: felipe002323 folded on the Turn
Seat 3: HardMickey83 (button) folded before Flop (didn't bet)
Seat 4: Vadimur1962 (small blind) folded before Flop
Seat 6: ToadMush (big blind) folded before Flop
Seat 7: Dorex2007 folded before Flop (didn't bet)
Seat 8: sammysnuggle folded before Flop (didn't bet)
Seat 9: Wildee182 folded before Flop



PokerStars Hand #226201355714:  Hold'em No Limit ($0.01/$0.02 USD) - 2021/04/25 17:24:41 PT [2021/04/25 20:24:41 ET]
Table 'Vesale III' 9-max Seat #4 is the button
Seat 1: trucopp79 ($2.12 in chips) 
Seat 2: felipe002323 ($1.19 in chips) 
Seat 3: HardMickey83 ($2.90 in chips) 
Seat 4: Vadimur1962 ($2.34 in chips) 
Seat 6: ToadMush ($1.98 in chips) 
Seat 7: Dorex2007 ($2.28 in chips) 
Seat 8: sammysnuggle ($1.99 in chips) 
Seat 9: Wildee182 ($1.13 in chips) 
ToadMush: posts small blind $0.01
Dorex2007: posts big blind $0.02
*** HOLE CARDS ***
Dealt to Dorex2007 [8c Qh]
sammysnuggle: folds 
Wildee182: folds 
trucopp79: calls $0.02
felipe002323: calls $0.02
HardMickey83: folds 
Vadimur1962: folds 
ToadMush: calls $0.01
Dorex2007: checks 
*** FLOP *** [Kc Qc 2h]
ToadMush: checks 
Dorex2007: checks 
trucopp79: checks 
felipe002323: checks 
*** TURN *** [Kc Qc 2h] [7s]
ToadMush: checks 
Dorex2007: bets $0.04
trucopp79: folds 
felipe002323: folds 
ToadMush: folds 
Uncalled bet ($0.04) returned to Dorex2007
Dorex2007 collected $0.08 from pot
Dorex2007: doesn't show hand 
*** SUMMARY ***
Total pot $0.08 | Rake $0 
Board [Kc Qc 2h 7s]
Seat 1: trucopp79 folded on the Turn
Seat 2: felipe002323 folded on the Turn
Seat 3: HardMickey83 folded before Flop (didn't bet)
Seat 4: Vadimur1962 (button) folded before Flop (didn't bet)
Seat 6: ToadMush (small blind) folded on the Turn
Seat 7: Dorex2007 (big blind) collected ($0.08)
Seat 8: sammysnuggle folded before Flop (didn't bet)
Seat 9: Wildee182 folded before Flop (didn't bet)



PokerStars Hand #226201378763:  Hold'em No Limit ($0.01/$0.02 USD) - 2021/04/25 17:25:53 PT [2021/04/25 20:25:53 ET]
Table 'Vesale III' 9-max Seat #6 is the button
Seat 1: trucopp79 ($2.10 in chips) 
Seat 2: felipe002323 ($1.17 in chips) 
Seat 3: HardMickey83 ($2.90 in chips) 
Seat 4: Vadimur1962 ($2.34 in chips) 
Seat 6: ToadMush ($1.96 in chips) 
Seat 7: Dorex2007 ($2.34 in chips) 
Seat 8: sammysnuggle ($1.99 in chips) 
Seat 9: Wildee182 ($1.13 in chips) 
Dorex2007: posts small blind $0.01
sammysnuggle: posts big blind $0.02
asdabelle: sits out 
*** HOLE CARDS ***
Dealt to Dorex2007 [4s 6c]
Wildee182 has timed out
Wildee182: folds 
trucopp79: raises $0.06 to $0.08
felipe002323: folds 
HardMickey83: folds 
Vadimur1962: folds 
ToadMush: folds 
Dorex2007: folds 
sammysnuggle: folds 
Uncalled bet ($0.06) returned to trucopp79
trucopp79 collected $0.05 from pot
trucopp79: doesn't show hand 
*** SUMMARY ***
Total pot $0.05 | Rake $0 
Seat 1: trucopp79 collected ($0.05)
Seat 2: felipe002323 folded before Flop (didn't bet)
Seat 3: HardMickey83 folded before Flop (didn't bet)
Seat 4: Vadimur1962 folded before Flop (didn't bet)
Seat 6: ToadMush (button) folded before Flop (didn't bet)
Seat 7: Dorex2007 (small blind) folded before Flop
Seat 8: sammysnuggle (big blind) folded before Flop
Seat 9: Wildee182 folded before Flop (didn't bet)



PokerStars Hand #226201388974:  Hold'em No Limit ($0.01/$0.02 USD) - 2021/04/25 17:26:24 PT [2021/04/25 20:26:24 ET]
Table 'Vesale III' 9-max Seat #7 is the button
Seat 1: trucopp79 ($2.13 in chips) 
Seat 2: felipe002323 ($1.17 in chips) 
Seat 3: HardMickey83 ($2.90 in chips) 
Seat 4: Vadimur1962 ($2.34 in chips) 
Seat 6: ToadMush ($1.96 in chips) 
Seat 7: Dorex2007 ($2.33 in chips) 
Seat 8: sammysnuggle ($1.97 in chips) 
sammysnuggle: posts small blind $0.01
trucopp79: posts big blind $0.02
asdabelle: sits out 
*** HOLE CARDS ***
Dealt to Dorex2007 [Qh 2h]
felipe002323: folds 
HardMickey83: folds 
Vadimur1962: folds 
ToadMush: folds 
Dorex2007: raises $0.04 to $0.06
sammysnuggle: folds 
trucopp79: calls $0.04
*** FLOP *** [4c 8c Jd]
trucopp79: checks 
Dorex2007: checks 
*** TURN *** [4c 8c Jd] [3d]
trucopp79: checks 
Dorex2007: bets $0.09
trucopp79: calls $0.09
*** RIVER *** [4c 8c Jd 3d] [Ts]
trucopp79: checks 
Dorex2007: checks 
*** SHOW DOWN ***
trucopp79: shows [Th 7h] (a pair of Tens)
Dorex2007: mucks hand 
trucopp79 collected $0.30 from pot
*** SUMMARY ***
Total pot $0.31 | Rake $0.01 
Board [4c 8c Jd 3d Ts]
Seat 1: trucopp79 (big blind) showed [Th 7h] and won ($0.30) with a pair of Tens
Seat 2: felipe002323 folded before Flop (didn't bet)
Seat 3: HardMickey83 folded before Flop (didn't bet)
Seat 4: Vadimur1962 folded before Flop (didn't bet)
Seat 6: ToadMush folded before Flop (didn't bet)
Seat 7: Dorex2007 (button) mucked [Qh 2h]
Seat 8: sammysnuggle (small blind) folded before Flop



PokerStars Hand #226201403018:  Hold'em No Limit ($0.01/$0.02 USD) - 2021/04/25 17:27:07 PT [2021/04/25 20:27:07 ET]
Table 'Vesale III' 9-max Seat #8 is the button
Seat 1: trucopp79 ($2.28 in chips) 
Seat 2: felipe002323 ($1.17 in chips) 
Seat 3: HardMickey83 ($2.90 in chips) 
Seat 4: Vadimur1962 ($2.34 in chips) 
Seat 6: ToadMush ($1.96 in chips) 
Seat 7: Dorex2007 ($2.18 in chips) 
Seat 8: sammysnuggle ($1.96 in chips) 
trucopp79: posts small blind $0.01
felipe002323: posts big blind $0.02
asdabelle: sits out 
*** HOLE CARDS ***
Dealt to Dorex2007 [6h 4d]
HardMickey83: folds 
Vadimur1962: folds 
ToadMush: raises $0.03 to $0.05
Dorex2007: folds 
sammysnuggle: folds 
trucopp79: calls $0.04
felipe002323: folds 
*** FLOP *** [7c 5h 3d]
trucopp79: bets $0.06
ToadMush: folds 
Uncalled bet ($0.06) returned to trucopp79
trucopp79 collected $0.12 from pot
trucopp79: doesn't show hand 
*** SUMMARY ***
Total pot $0.12 | Rake $0 
Board [7c 5h 3d]
Seat 1: trucopp79 (small blind) collected ($0.12)
Seat 2: felipe002323 (big blind) folded before Flop
Seat 3: HardMickey83 folded before Flop (didn't bet)
Seat 4: Vadimur1962 folded before Flop (didn't bet)
Seat 6: ToadMush folded on the Flop
Seat 7: Dorex2007 folded before Flop (didn't bet)
Seat 8: sammysnuggle (button) folded before Flop (didn't bet)



PokerStars Hand #226201421742:  Hold'em No Limit ($0.01/$0.02 USD) - 2021/04/25 17:27:48 PT [2021/04/25 20:27:48 ET]
Table 'Vesale III' 9-max Seat #1 is the button
Seat 1: trucopp79 ($2.35 in chips) 
Seat 2: felipe002323 ($1.15 in chips) 
Seat 3: HardMickey83 ($2.90 in chips) 
Seat 4: Vadimur1962 ($2.34 in chips) 
Seat 5: asdabelle ($0.86 in chips) 
Seat 6: ToadMush ($1.91 in chips) 
Seat 7: Dorex2007 ($2.18 in chips) 
Seat 8: sammysnuggle ($1.96 in chips) 
Seat 9: Wildee182 ($1.13 in chips) 
felipe002323: posts small blind $0.01
HardMickey83: posts big blind $0.02
asdabelle: posts small & big blinds $0.03
Wildee182: posts small & big blinds $0.03
*** HOLE CARDS ***
Dealt to Dorex2007 [Qc Jd]
Vadimur1962: folds 
asdabelle: checks 
ToadMush: folds 
Dorex2007: folds 
sammysnuggle: folds 
Wildee182: raises $0.04 to $0.06
trucopp79: folds 
felipe002323: calls $0.05
HardMickey83: folds 
asdabelle: folds 
*** FLOP *** [Ad 5s Kc]
felipe002323: bets $0.04
Wildee182: calls $0.04
*** TURN *** [Ad 5s Kc] [2s]
felipe002323: bets $0.04
Wildee182: calls $0.04
*** RIVER *** [Ad 5s Kc 2s] [3h]
felipe002323: bets $0.02
Wildee182: raises $0.06 to $0.08
felipe002323: calls $0.06
*** SHOW DOWN ***
Wildee182: shows [Js As] (a pair of Aces)
felipe002323: mucks hand 
Wildee182 collected $0.48 from pot
*** SUMMARY ***
Total pot $0.50 | Rake $0.02 
Board [Ad 5s Kc 2s 3h]
Seat 1: trucopp79 (button) folded before Flop (didn't bet)
Seat 2: felipe002323 (small blind) mucked [8c Ac]
Seat 3: HardMickey83 (big blind) folded before Flop
Seat 4: Vadimur1962 folded before Flop (didn't bet)
Seat 5: asdabelle folded before Flop (didn't bet)
Seat 6: ToadMush folded before Flop (didn't bet)
Seat 7: Dorex2007 folded before Flop (didn't bet)
Seat 8: sammysnuggle folded before Flop (didn't bet)
Seat 9: Wildee182 showed [Js As] and won ($0.48) with a pair of Aces



PokerStars Hand #226201442313:  Hold'em No Limit ($0.01/$0.02 USD) - 2021/04/25 17:28:53 PT [2021/04/25 20:28:53 ET]
Table 'Vesale III' 9-max Seat #2 is the button
Seat 1: trucopp79 ($2.35 in chips) 
Seat 2: felipe002323 ($0.93 in chips) 
Seat 3: HardMickey83 ($2.88 in chips) 
Seat 4: Vadimur1962 ($2.34 in chips) 
Seat 5: asdabelle ($0.83 in chips) 
Seat 6: ToadMush ($1.91 in chips) 
Seat 7: Dorex2007 ($2.18 in chips) 
Seat 8: sammysnuggle ($1.96 in chips) 
Seat 9: Wildee182 ($1.38 in chips) 
HardMickey83: posts small blind $0.01
Vadimur1962: posts big blind $0.02
*** HOLE CARDS ***
Dealt to Dorex2007 [2h 5h]
asdabelle: folds 
ToadMush: folds 
Dorex2007: folds 
sammysnuggle: raises $0.06 to $0.08
Wildee182: folds 
trucopp79: raises $0.06 to $0.14
felipe002323: folds 
HardMickey83: folds 
Vadimur1962: folds 
sammysnuggle: raises $0.26 to $0.40
trucopp79: raises $0.26 to $0.66
sammysnuggle: raises $1.30 to $1.96 and is all-in
trucopp79: calls $1.30
*** FLOP *** [9h Qd Qs]
*** TURN *** [9h Qd Qs] [Jd]
*** RIVER *** [9h Qd Qs Jd] [7s]
*** SHOW DOWN ***
sammysnuggle: shows [Kd Ks] (two pair, Kings and Queens)
trucopp79: shows [Ac Ah] (two pair, Aces and Queens)
trucopp79 collected $3.81 from pot
*** SUMMARY ***
Total pot $3.95 | Rake $0.14 
Board [9h Qd Qs Jd 7s]
Seat 1: trucopp79 showed [Ac Ah] and won ($3.81) with two pair, Aces and Queens
Seat 2: felipe002323 (button) folded before Flop (didn't bet)
Seat 3: HardMickey83 (small blind) folded before Flop
Seat 4: Vadimur1962 (big blind) folded before Flop
Seat 5: asdabelle folded before Flop (didn't bet)
Seat 6: ToadMush folded before Flop (didn't bet)
Seat 7: Dorex2007 folded before Flop (didn't bet)
Seat 8: sammysnuggle showed [Kd Ks] and lost with two pair, Kings and Queens
Seat 9: Wildee182 folded before Flop (didn't bet)



PokerStars Hand #226201458273:  Hold'em No Limit ($0.01/$0.02 USD) - 2021/04/25 17:29:44 PT [2021/04/25 20:29:44 ET]
Table 'Vesale III' 9-max Seat #3 is the button
Seat 1: trucopp79 ($4.20 in chips) 
Seat 2: felipe002323 ($0.93 in chips) 
Seat 3: HardMickey83 ($2.87 in chips) 
Seat 4: Vadimur1962 ($2.32 in chips) 
Seat 6: ToadMush ($1.91 in chips) 
Seat 7: Dorex2007 ($2.18 in chips) 
Seat 9: Wildee182 ($1.38 in chips) 
Vadimur1962: posts small blind $0.01
asdabelle: is sitting out 
ToadMush: posts big blind $0.02
*** HOLE CARDS ***
Dealt to Dorex2007 [5s 2d]
Dorex2007: folds 
Wildee182: folds 
trucopp79: raises $0.02 to $0.04
felipe002323: folds 
sammysnuggle leaves the table
HardMickey83: folds 
Vadimur1962: calls $0.03
ToadMush: raises $0.16 to $0.20
marcos jo196 joins the table at seat #8 
trucopp79: folds 
Vadimur1962: folds 
Uncalled bet ($0.16) returned to ToadMush
ToadMush collected $0.12 from pot
ToadMush: doesn't show hand 
*** SUMMARY ***
Total pot $0.12 | Rake $0 
Seat 1: trucopp79 folded before Flop
Seat 2: felipe002323 folded before Flop (didn't bet)
Seat 3: HardMickey83 (button) folded before Flop (didn't bet)
Seat 4: Vadimur1962 (small blind) folded before Flop
Seat 6: ToadMush (big blind) collected ($0.12)
Seat 7: Dorex2007 folded before Flop (didn't bet)
Seat 9: Wildee182 folded before Flop (didn't bet)



PokerStars Hand #226201468679:  Hold'em No Limit ($0.01/$0.02 USD) - 2021/04/25 17:30:17 PT [2021/04/25 20:30:17 ET]
Table 'Vesale III' 9-max Seat #4 is the button
Seat 1: trucopp79 ($4.16 in chips) 
Seat 2: felipe002323 ($0.93 in chips) 
Seat 3: HardMickey83 ($2.87 in chips) 
Seat 4: Vadimur1962 ($2.28 in chips) 
Seat 6: ToadMush ($1.99 in chips) 
Seat 7: Dorex2007 ($2.18 in chips) 
Seat 9: Wildee182 ($1.38 in chips) 
ToadMush: posts small blind $0.01
Dorex2007: posts big blind $0.02
marcos jo196: sits out 
*** HOLE CARDS ***
Dealt to Dorex2007 [4h Qc]
Wildee182: folds 
trucopp79: folds 
felipe002323: folds 
HardMickey83: folds 
Vadimur1962: folds 
ToadMush: folds 
Uncalled bet ($0.01) returned to Dorex2007
Dorex2007 collected $0.02 from pot
Dorex2007: doesn't show hand 
*** SUMMARY ***
Total pot $0.02 | Rake $0 
Seat 1: trucopp79 folded before Flop (didn't bet)
Seat 2: felipe002323 folded before Flop (didn't bet)
Seat 3: HardMickey83 folded before Flop (didn't bet)
Seat 4: Vadimur1962 (button) folded before Flop (didn't bet)
Seat 6: ToadMush (small blind) folded before Flop
Seat 7: Dorex2007 (big blind) collected ($0.02)
Seat 9: Wildee182 folded before Flop (didn't bet)



PokerStars Hand #226201475251:  Hold'em No Limit ($0.01/$0.02 USD) - 2021/04/25 17:30:38 PT [2021/04/25 20:30:38 ET]
Table 'Vesale III' 9-max Seat #6 is the button
Seat 1: trucopp79 ($4.16 in chips) 
Seat 2: felipe002323 ($0.93 in chips) 
Seat 3: HardMickey83 ($2.87 in chips) 
Seat 4: Vadimur1962 ($2.28 in chips) 
Seat 5: asdabelle ($0.83 in chips) 
Seat 6: ToadMush ($1.98 in chips) 
Seat 7: Dorex2007 ($2.19 in chips) 
Seat 8: marcos jo196 ($1.79 in chips) 
Seat 9: Wildee182 ($1.38 in chips) 
Dorex2007: posts small blind $0.01
marcos jo196: posts big blind $0.02
asdabelle: posts small & big blinds $0.03
*** HOLE CARDS ***
Dealt to Dorex2007 [Qc 8c]
Wildee182: folds 
trucopp79: raises $0.02 to $0.04
felipe002323: folds 
HardMickey83: calls $0.04
Vadimur1962: calls $0.04
asdabelle: folds 
ToadMush: folds 
Dorex2007: folds 
marcos jo196: calls $0.02
*** FLOP *** [Qd Ad 4h]
marcos jo196: checks 
trucopp79: checks 
HardMickey83: bets $0.12
Vadimur1962: calls $0.12
marcos jo196: folds 
trucopp79: folds 
*** TURN *** [Qd Ad 4h] [2d]
HardMickey83: bets $0.21
Vadimur1962: folds 
Uncalled bet ($0.21) returned to HardMickey83
HardMickey83 collected $0.42 from pot
HardMickey83: doesn't show hand 
*** SUMMARY ***
Total pot $0.44 | Rake $0.02 
Board [Qd Ad 4h 2d]
Seat 1: trucopp79 folded on the Flop
Seat 2: felipe002323 folded before Flop (didn't bet)
Seat 3: HardMickey83 collected ($0.42)
Seat 4: Vadimur1962 folded on the Turn
Seat 5: asdabelle folded before Flop (didn't bet)
Seat 6: ToadMush (button) folded before Flop (didn't bet)
Seat 7: Dorex2007 (small blind) folded before Flop
Seat 8: marcos jo196 (big blind) folded on the Flop
Seat 9: Wildee182 folded before Flop (didn't bet)



PokerStars Hand #226201494045:  Hold'em No Limit ($0.01/$0.02 USD) - 2021/04/25 17:31:37 PT [2021/04/25 20:31:37 ET]
Table 'Vesale III' 9-max Seat #7 is the button
Seat 1: trucopp79 ($4.12 in chips) 
Seat 2: felipe002323 ($0.93 in chips) 
Seat 3: HardMickey83 ($3.13 in chips) 
Seat 4: Vadimur1962 ($2.12 in chips) 
Seat 5: asdabelle ($0.80 in chips) 
Seat 6: ToadMush ($1.98 in chips) 
Seat 7: Dorex2007 ($2.18 in chips) 
Seat 8: marcos jo196 ($1.75 in chips) 
Seat 9: Wildee182 ($1.38 in chips) 
marcos jo196: posts small blind $0.01
Wildee182: posts big blind $0.02
*** HOLE CARDS ***
Dealt to Dorex2007 [9s Ah]
trucopp79: raises $0.06 to $0.08
felipe002323: folds 
HardMickey83: folds 
Vadimur1962: folds 
asdabelle: folds 
ToadMush: folds 
Dorex2007: folds 
marcos jo196: folds 
Wildee182: folds 
Uncalled bet ($0.06) returned to trucopp79
trucopp79 collected $0.05 from pot
trucopp79: doesn't show hand 
*** SUMMARY ***
Total pot $0.05 | Rake $0 
Seat 1: trucopp79 collected ($0.05)
Seat 2: felipe002323 folded before Flop (didn't bet)
Seat 3: HardMickey83 folded before Flop (didn't bet)
Seat 4: Vadimur1962 folded before Flop (didn't bet)
Seat 5: asdabelle folded before Flop (didn't bet)
Seat 6: ToadMush folded before Flop (didn't bet)
Seat 7: Dorex2007 (button) folded before Flop (didn't bet)
Seat 8: marcos jo196 (small blind) folded before Flop
Seat 9: Wildee182 (big blind) folded before Flop



PokerStars Hand #226201501845:  Hold'em No Limit ($0.01/$0.02 USD) - 2021/04/25 17:32:02 PT [2021/04/25 20:32:02 ET]
Table 'Vesale III' 9-max Seat #8 is the button
Seat 1: trucopp79 ($4.15 in chips) 
Seat 2: felipe002323 ($0.93 in chips) 
Seat 3: HardMickey83 ($3.13 in chips) 
Seat 4: Vadimur1962 ($2.12 in chips) 
Seat 5: asdabelle ($0.80 in chips) 
Seat 6: ToadMush ($1.98 in chips) 
Seat 7: Dorex2007 ($2.18 in chips) 
Seat 8: marcos jo196 ($1.74 in chips) 
Seat 9: Wildee182 ($1.36 in chips) 
Wildee182: posts small blind $0.01
trucopp79: posts big blind $0.02
*** HOLE CARDS ***
Dealt to Dorex2007 [4c 6s]
felipe002323: folds 
HardMickey83: folds 
Vadimur1962: folds 
asdabelle: folds 
ToadMush: folds 
Dorex2007: folds 
marcos jo196: raises $0.03 to $0.05
Wildee182: folds 
trucopp79: folds 
Uncalled bet ($0.03) returned to marcos jo196
marcos jo196 collected $0.05 from pot
marcos jo196: doesn't show hand 
*** SUMMARY ***
Total pot $0.05 | Rake $0 
Seat 1: trucopp79 (big blind) folded before Flop
Seat 2: felipe002323 folded before Flop (didn't bet)
Seat 3: HardMickey83 folded before Flop (didn't bet)
Seat 4: Vadimur1962 folded before Flop (didn't bet)
Seat 5: asdabelle folded before Flop (didn't bet)
Seat 6: ToadMush folded before Flop (didn't bet)
Seat 7: Dorex2007 folded before Flop (didn't bet)
Seat 8: marcos jo196 (button) collected ($0.05)
Seat 9: Wildee182 (small blind) folded before Flop



PokerStars Hand #226201511962:  Hold'em No Limit ($0.01/$0.02 USD) - 2021/04/25 17:32:34 PT [2021/04/25 20:32:34 ET]
Table 'Vesale III' 9-max Seat #9 is the button
Seat 1: trucopp79 ($4.13 in chips) 
Seat 2: felipe002323 ($0.93 in chips) 
Seat 3: HardMickey83 ($3.13 in chips) 
Seat 4: Vadimur1962 ($2.12 in chips) 
Seat 5: asdabelle ($0.80 in chips) 
Seat 6: ToadMush ($1.98 in chips) 
Seat 7: Dorex2007 ($2.18 in chips) 
Seat 8: marcos jo196 ($1.77 in chips) 
Seat 9: Wildee182 ($1.35 in chips) 
trucopp79: posts small blind $0.01
felipe002323: posts big blind $0.02
*** HOLE CARDS ***
Dealt to Dorex2007 [9d 5c]
HardMickey83: folds 
Vadimur1962: folds 
asdabelle: folds 
ToadMush: folds 
Dorex2007: folds 
marcos jo196: folds 
Wildee182: raises $0.04 to $0.06
trucopp79: folds 
felipe002323: calls $0.04
*** FLOP *** [Qs As Jd]
felipe002323: checks 
Wildee182: checks 
*** TURN *** [Qs As Jd] [9s]
felipe002323: bets $0.04
Wildee182: calls $0.04
*** RIVER *** [Qs As Jd 9s] [9c]
felipe002323: bets $0.10
Wildee182: calls $0.10
*** SHOW DOWN ***
felipe002323: shows [Kc 8s] (a pair of Nines)
Wildee182: shows [Ah Qc] (two pair, Aces and Queens)
Wildee182 collected $0.40 from pot
*** SUMMARY ***
Total pot $0.41 | Rake $0.01 
Board [Qs As Jd 9s 9c]
Seat 1: trucopp79 (small blind) folded before Flop
Seat 2: felipe002323 (big blind) showed [Kc 8s] and lost with a pair of Nines
Seat 3: HardMickey83 folded before Flop (didn't bet)
Seat 4: Vadimur1962 folded before Flop (didn't bet)
Seat 5: asdabelle folded before Flop (didn't bet)
Seat 6: ToadMush folded before Flop (didn't bet)
Seat 7: Dorex2007 folded before Flop (didn't bet)
Seat 8: marcos jo196 folded before Flop (didn't bet)
Seat 9: Wildee182 (button) showed [Ah Qc] and won ($0.40) with two pair, Aces and Queens



PokerStars Hand #226201526041:  Hold'em No Limit ($0.01/$0.02 USD) - 2021/04/25 17:33:18 PT [2021/04/25 20:33:18 ET]
Table 'Vesale III' 9-max Seat #1 is the button
Seat 1: trucopp79 ($4.12 in chips) 
Seat 2: felipe002323 ($0.73 in chips) 
Seat 3: HardMickey83 ($3.13 in chips) 
Seat 4: Vadimur1962 ($2.12 in chips) 
Seat 5: asdabelle ($0.80 in chips) 
Seat 6: ToadMush ($1.98 in chips) 
Seat 7: Dorex2007 ($2.18 in chips) 
Seat 8: marcos jo196 ($1.77 in chips) 
Seat 9: Wildee182 ($1.55 in chips) 
felipe002323: posts small blind $0.01
HardMickey83: posts big blind $0.02
*** HOLE CARDS ***
Dealt to Dorex2007 [5h 7d]
Vadimur1962: folds 
asdabelle: folds 
ToadMush: folds 
Dorex2007: folds 
marcos jo196: folds 
Wildee182: raises $0.04 to $0.06
trucopp79: calls $0.06
felipe002323: calls $0.05
HardMickey83: folds 
*** FLOP *** [9d Ts Qs]
felipe002323: bets $0.04
Wildee182: folds 
trucopp79: calls $0.04
*** TURN *** [9d Ts Qs] [2d]
felipe002323: bets $0.02
trucopp79: calls $0.02
*** RIVER *** [9d Ts Qs 2d] [8s]
felipe002323: bets $0.16
trucopp79: folds 
Uncalled bet ($0.16) returned to felipe002323
felipe002323 collected $0.31 from pot
*** SUMMARY ***
Total pot $0.32 | Rake $0.01 
Board [9d Ts Qs 2d 8s]
Seat 1: trucopp79 (button) folded on the River
Seat 2: felipe002323 (small blind) collected ($0.31)
Seat 3: HardMickey83 (big blind) folded before Flop
Seat 4: Vadimur1962 folded before Flop (didn't bet)
Seat 5: asdabelle folded before Flop (didn't bet)
Seat 6: ToadMush folded before Flop (didn't bet)
Seat 7: Dorex2007 folded before Flop (didn't bet)
Seat 8: marcos jo196 folded before Flop (didn't bet)
Seat 9: Wildee182 folded on the Flop



PokerStars Hand #226201543228:  Hold'em No Limit ($0.01/$0.02 USD) - 2021/04/25 17:34:13 PT [2021/04/25 20:34:13 ET]
Table 'Vesale III' 9-max Seat #2 is the button
Seat 1: trucopp79 ($4 in chips) 
Seat 2: felipe002323 ($0.92 in chips) 
Seat 3: HardMickey83 ($3.11 in chips) 
Seat 4: Vadimur1962 ($2.12 in chips) 
Seat 5: asdabelle ($0.80 in chips) 
Seat 6: ToadMush ($1.98 in chips) 
Seat 7: Dorex2007 ($2.18 in chips) 
Seat 8: marcos jo196 ($1.77 in chips) 
Seat 9: Wildee182 ($1.49 in chips) 
HardMickey83: posts small blind $0.01
Vadimur1962: posts big blind $0.02
*** HOLE CARDS ***
Dealt to Dorex2007 [Qc Kc]
asdabelle: folds 
ToadMush: folds 
Dorex2007: raises $0.04 to $0.06
marcos jo196: folds 
Wildee182: calls $0.06
trucopp79: folds 
felipe002323: folds 
HardMickey83: folds 
Vadimur1962: folds 
*** FLOP *** [9s 3h Td]
Dorex2007: checks 
Wildee182: checks 
*** TURN *** [9s 3h Td] [8d]
Dorex2007: bets $0.14
Wildee182: folds 
Uncalled bet ($0.14) returned to Dorex2007
Dorex2007 collected $0.14 from pot
Dorex2007: doesn't show hand 
*** SUMMARY ***
Total pot $0.15 | Rake $0.01 
Board [9s 3h Td 8d]
Seat 1: trucopp79 folded before Flop (didn't bet)
Seat 2: felipe002323 (button) folded before Flop (didn't bet)
Seat 3: HardMickey83 (small blind) folded before Flop
Seat 4: Vadimur1962 (big blind) folded before Flop
Seat 5: asdabelle folded before Flop (didn't bet)
Seat 6: ToadMush folded before Flop (didn't bet)
Seat 7: Dorex2007 collected ($0.14)
Seat 8: marcos jo196 folded before Flop (didn't bet)
Seat 9: Wildee182 folded on the Turn



PokerStars Hand #226201555699:  Hold'em No Limit ($0.01/$0.02 USD) - 2021/04/25 17:34:53 PT [2021/04/25 20:34:53 ET]
Table 'Vesale III' 9-max Seat #3 is the button
Seat 1: trucopp79 ($4 in chips) 
Seat 2: felipe002323 ($0.92 in chips) 
Seat 3: HardMickey83 ($3.10 in chips) 
Seat 4: Vadimur1962 ($2.10 in chips) 
Seat 5: asdabelle ($0.80 in chips) 
Seat 6: ToadMush ($1.98 in chips) 
Seat 7: Dorex2007 ($2.26 in chips) 
Seat 8: marcos jo196 ($1.77 in chips) 
Seat 9: Wildee182 ($1.43 in chips) 
Vadimur1962: posts small blind $0.01
asdabelle: posts big blind $0.02
*** HOLE CARDS ***
Dealt to Dorex2007 [Jd 2c]
ToadMush: folds 
Dorex2007: folds 
marcos jo196: folds 
Wildee182: folds 
trucopp79: calls $0.02
felipe002323: calls $0.02
HardMickey83: calls $0.02
Vadimur1962: calls $0.01
asdabelle: checks 
*** FLOP *** [6d Ts 9d]
Vadimur1962: checks 
asdabelle: checks 
trucopp79: checks 
felipe002323: bets $0.02
HardMickey83: calls $0.02
Vadimur1962: calls $0.02
asdabelle: folds 
trucopp79: folds 
*** TURN *** [6d Ts 9d] [Js]
Vadimur1962: checks 
felipe002323: bets $0.02
HardMickey83: calls $0.02
Vadimur1962: calls $0.02
*** RIVER *** [6d Ts 9d Js] [Kh]
Vadimur1962: checks 
felipe002323: bets $0.04
HardMickey83: folds 
Vadimur1962: folds 
Uncalled bet ($0.04) returned to felipe002323
felipe002323 collected $0.21 from pot
*** SUMMARY ***
Total pot $0.22 | Rake $0.01 
Board [6d Ts 9d Js Kh]
Seat 1: trucopp79 folded on the Flop
Seat 2: felipe002323 collected ($0.21)
Seat 3: HardMickey83 (button) folded on the River
Seat 4: Vadimur1962 (small blind) folded on the River
Seat 5: asdabelle (big blind) folded on the Flop
Seat 6: ToadMush folded before Flop (didn't bet)
Seat 7: Dorex2007 folded before Flop (didn't bet)
Seat 8: marcos jo196 folded before Flop (didn't bet)
Seat 9: Wildee182 folded before Flop (didn't bet)



PokerStars Hand #226201577784:  Hold'em No Limit ($0.01/$0.02 USD) - 2021/04/25 17:36:03 PT [2021/04/25 20:36:03 ET]
Table 'Vesale III' 9-max Seat #4 is the button
Seat 1: trucopp79 ($3.98 in chips) 
Seat 2: felipe002323 ($1.07 in chips) 
Seat 3: HardMickey83 ($3.04 in chips) 
Seat 4: Vadimur1962 ($2.04 in chips) 
Seat 5: asdabelle ($0.78 in chips) 
Seat 6: ToadMush ($1.98 in chips) 
Seat 7: Dorex2007 ($2.26 in chips) 
Seat 8: marcos jo196 ($1.77 in chips) 
Seat 9: Wildee182 ($1.43 in chips) 
asdabelle: posts small blind $0.01
ToadMush: posts big blind $0.02
*** HOLE CARDS ***
Dealt to Dorex2007 [7h 7s]
Dorex2007: calls $0.02
marcos jo196: folds 
Wildee182: folds 
trucopp79: raises $0.02 to $0.04
felipe002323: folds 
HardMickey83: folds 
Vadimur1962: calls $0.04
asdabelle: folds 
ToadMush: folds 
Dorex2007: calls $0.02
*** FLOP *** [Qd Ts 4d]
Dorex2007: checks 
trucopp79: bets $0.02
Vadimur1962: calls $0.02
Dorex2007: calls $0.02
*** TURN *** [Qd Ts 4d] [2c]
Dorex2007: checks 
trucopp79: checks 
Vadimur1962: checks 
*** RIVER *** [Qd Ts 4d 2c] [Kh]
Dorex2007: checks 
trucopp79: bets $0.02
Vadimur1962: calls $0.02
Dorex2007: folds 
*** SHOW DOWN ***
trucopp79: shows [6h 6d] (a pair of Sixes)
Vadimur1962: shows [Jc Tc] (a pair of Tens)
Vadimur1962 collected $0.24 from pot
*** SUMMARY ***
Total pot $0.25 | Rake $0.01 
Board [Qd Ts 4d 2c Kh]
Seat 1: trucopp79 showed [6h 6d] and lost with a pair of Sixes
Seat 2: felipe002323 folded before Flop (didn't bet)
Seat 3: HardMickey83 folded before Flop (didn't bet)
Seat 4: Vadimur1962 (button) showed [Jc Tc] and won ($0.24) with a pair of Tens
Seat 5: asdabelle (small blind) folded before Flop
Seat 6: ToadMush (big blind) folded before Flop
Seat 7: Dorex2007 folded on the River
Seat 8: marcos jo196 folded before Flop (didn't bet)
Seat 9: Wildee182 folded before Flop (didn't bet)



PokerStars Hand #226201601878:  Hold'em No Limit ($0.01/$0.02 USD) - 2021/04/25 17:36:51 PT [2021/04/25 20:36:51 ET]
Table 'Vesale III' 9-max Seat #5 is the button
Seat 1: trucopp79 ($3.90 in chips) 
Seat 2: felipe002323 ($1.07 in chips) 
Seat 3: HardMickey83 ($3.04 in chips) 
Seat 4: Vadimur1962 ($2.20 in chips) 
Seat 5: asdabelle ($0.77 in chips) 
Seat 6: ToadMush ($1.96 in chips) 
Seat 7: Dorex2007 ($2.20 in chips) 
Seat 8: marcos jo196 ($1.77 in chips) 
Seat 9: Wildee182 ($1.43 in chips) 
ToadMush: posts small blind $0.01
Dorex2007: posts big blind $0.02
*** HOLE CARDS ***
Dealt to Dorex2007 [Jc 8h]
marcos jo196: folds 
Wildee182: folds 
trucopp79: raises $0.02 to $0.04
felipe002323: folds 
HardMickey83: folds 
Vadimur1962: folds 
asdabelle: folds 
ToadMush: folds 
Dorex2007: calls $0.02
*** FLOP *** [6s 5h 7h]
Dorex2007: checks 
trucopp79: bets $0.09
Dorex2007: calls $0.09
*** TURN *** [6s 5h 7h] [5s]
Dorex2007: checks 
trucopp79: checks 
*** RIVER *** [6s 5h 7h 5s] [Td]
Dorex2007: bets $0.26
trucopp79: calls $0.26
*** SHOW DOWN ***
Dorex2007: shows [Jc 8h] (a pair of Fives)
trucopp79: shows [7d 8d] (two pair, Sevens and Fives)
trucopp79 collected $0.76 from pot
*** SUMMARY ***
Total pot $0.79 | Rake $0.03 
Board [6s 5h 7h 5s Td]
Seat 1: trucopp79 showed [7d 8d] and won ($0.76) with two pair, Sevens and Fives
Seat 2: felipe002323 folded before Flop (didn't bet)
Seat 3: HardMickey83 folded before Flop (didn't bet)
Seat 4: Vadimur1962 folded before Flop (didn't bet)
Seat 5: asdabelle (button) folded before Flop (didn't bet)
Seat 6: ToadMush (small blind) folded before Flop
Seat 7: Dorex2007 (big blind) showed [Jc 8h] and lost with a pair of Fives
Seat 8: marcos jo196 folded before Flop (didn't bet)
Seat 9: Wildee182 folded before Flop (didn't bet)



PokerStars Hand #226201618848:  Hold'em No Limit ($0.01/$0.02 USD) - 2021/04/25 17:37:44 PT [2021/04/25 20:37:44 ET]
Table 'Vesale III' 9-max Seat #6 is the button
Seat 1: trucopp79 ($4.27 in chips) 
Seat 2: felipe002323 ($1.07 in chips) 
Seat 3: HardMickey83 ($3.04 in chips) 
Seat 4: Vadimur1962 ($2.20 in chips) 
Seat 5: asdabelle ($0.77 in chips) 
Seat 6: ToadMush ($1.95 in chips) 
Seat 7: Dorex2007 ($1.81 in chips) 
Seat 8: marcos jo196 ($1.77 in chips) 
Seat 9: Wildee182 ($1.43 in chips) 
Dorex2007: posts small blind $0.01
marcos jo196: posts big blind $0.02
*** HOLE CARDS ***
Dealt to Dorex2007 [9h 8c]
Wildee182: folds 
trucopp79: raises $0.02 to $0.04
felipe002323: folds 
HardMickey83: folds 
Vadimur1962: folds 
asdabelle: folds 
ToadMush: folds 
Dorex2007: calls $0.03
marcos jo196: calls $0.02
*** FLOP *** [7h 3d 3h]
Dorex2007: checks 
marcos jo196: checks 
trucopp79: checks 
*** TURN *** [7h 3d 3h] [7s]
Dorex2007: checks 
marcos jo196: checks 
trucopp79: bets $0.02
Dorex2007: folds 
marcos jo196: folds 
Uncalled bet ($0.02) returned to trucopp79
trucopp79 collected $0.12 from pot
trucopp79: doesn't show hand 
*** SUMMARY ***
Total pot $0.12 | Rake $0 
Board [7h 3d 3h 7s]
Seat 1: trucopp79 collected ($0.12)
Seat 2: felipe002323 folded before Flop (didn't bet)
Seat 3: HardMickey83 folded before Flop (didn't bet)
Seat 4: Vadimur1962 folded before Flop (didn't bet)
Seat 5: asdabelle folded before Flop (didn't bet)
Seat 6: ToadMush (button) folded before Flop (didn't bet)
Seat 7: Dorex2007 (small blind) folded on the Turn
Seat 8: marcos jo196 (big blind) folded on the Turn
Seat 9: Wildee182 folded before Flop (didn't bet)



PokerStars Hand #226201635585:  Hold'em No Limit ($0.01/$0.02 USD) - 2021/04/25 17:38:30 PT [2021/04/25 20:38:30 ET]
Table 'Vesale III' 9-max Seat #7 is the button
Seat 1: trucopp79 ($4.35 in chips) 
Seat 2: felipe002323 ($1.07 in chips) 
Seat 3: HardMickey83 ($3.04 in chips) 
Seat 4: Vadimur1962 ($2.20 in chips) 
Seat 5: asdabelle ($0.77 in chips) 
Seat 6: ToadMush ($1.95 in chips) 
Seat 7: Dorex2007 ($1.77 in chips) 
Seat 8: marcos jo196 ($1.73 in chips) 
Seat 9: Wildee182 ($1.43 in chips) 
marcos jo196: posts small blind $0.01
Wildee182: posts big blind $0.02
*** HOLE CARDS ***
Dealt to Dorex2007 [3c 9h]
trucopp79: raises $0.02 to $0.04
felipe002323: calls $0.04
HardMickey83: folds 
Vadimur1962: folds 
asdabelle: calls $0.04
ToadMush: folds 
Dorex2007: folds 
marcos jo196: calls $0.03
Wildee182: calls $0.02
*** FLOP *** [Jh 7s 8s]
marcos jo196: checks 
Wildee182: checks 
trucopp79: bets $0.19
felipe002323: folds 
asdabelle: folds 
marcos jo196: folds 
Wildee182: folds 
Uncalled bet ($0.19) returned to trucopp79
trucopp79 collected $0.19 from pot
trucopp79: doesn't show hand 
*** SUMMARY ***
Total pot $0.20 | Rake $0.01 
Board [Jh 7s 8s]
Seat 1: trucopp79 collected ($0.19)
Seat 2: felipe002323 folded on the Flop
Seat 3: HardMickey83 folded before Flop (didn't bet)
Seat 4: Vadimur1962 folded before Flop (didn't bet)
Seat 5: asdabelle folded on the Flop
Seat 6: ToadMush folded before Flop (didn't bet)
Seat 7: Dorex2007 (button) folded before Flop (didn't bet)
Seat 8: marcos jo196 (small blind) folded on the Flop
Seat 9: Wildee182 (big blind) folded on the Flop



PokerStars Hand #226201649958:  Hold'em No Limit ($0.01/$0.02 USD) - 2021/04/25 17:39:15 PT [2021/04/25 20:39:15 ET]
Table 'Vesale III' 9-max Seat #8 is the button
Seat 1: trucopp79 ($4.50 in chips) 
Seat 2: felipe002323 ($1.03 in chips) 
Seat 3: HardMickey83 ($3.04 in chips) 
Seat 4: Vadimur1962 ($2.20 in chips) 
Seat 5: asdabelle ($0.73 in chips) 
Seat 6: ToadMush ($1.95 in chips) 
Seat 7: Dorex2007 ($1.77 in chips) 
Seat 8: marcos jo196 ($1.69 in chips) 
Seat 9: Wildee182 ($1.39 in chips) 
Wildee182: posts small blind $0.01
trucopp79: posts big blind $0.02
*** HOLE CARDS ***
Dealt to Dorex2007 [4h 9d]
felipe002323: folds 
HardMickey83: folds 
Vadimur1962: calls $0.02
asdabelle: folds 
ToadMush: folds 
Dorex2007: folds 
marcos jo196: folds 
Wildee182: folds 
trucopp79: checks 
*** FLOP *** [As 4c Js]
trucopp79: checks 
Vadimur1962: checks 
*** TURN *** [As 4c Js] [Ks]
trucopp79: bets $0.02
Vadimur1962: calls $0.02
*** RIVER *** [As 4c Js Ks] [Ac]
trucopp79: bets $0.02
Vadimur1962: calls $0.02
*** SHOW DOWN ***
trucopp79: shows [Jd 3d] (two pair, Aces and Jacks)
Vadimur1962: shows [Kd Td] (two pair, Aces and Kings)
Vadimur1962 collected $0.13 from pot
*** SUMMARY ***
Total pot $0.13 | Rake $0 
Board [As 4c Js Ks Ac]
Seat 1: trucopp79 (big blind) showed [Jd 3d] and lost with two pair, Aces and Jacks
Seat 2: felipe002323 folded before Flop (didn't bet)
Seat 3: HardMickey83 folded before Flop (didn't bet)
Seat 4: Vadimur1962 showed [Kd Td] and won ($0.13) with two pair, Aces and Kings
Seat 5: asdabelle folded before Flop (didn't bet)
Seat 6: ToadMush folded before Flop (didn't bet)
Seat 7: Dorex2007 folded before Flop (didn't bet)
Seat 8: marcos jo196 (button) folded before Flop (didn't bet)
Seat 9: Wildee182 (small blind) folded before Flop



PokerStars Hand #226201664307:  Hold'em No Limit ($0.01/$0.02 USD) - 2021/04/25 17:40:01 PT [2021/04/25 20:40:01 ET]
Table 'Vesale III' 9-max Seat #9 is the button
Seat 1: trucopp79 ($4.44 in chips) 
Seat 2: felipe002323 ($1.03 in chips) 
Seat 3: HardMickey83 ($3.04 in chips) 
Seat 4: Vadimur1962 ($2.27 in chips) 
Seat 5: asdabelle ($0.73 in chips) 
Seat 6: ToadMush ($1.95 in chips) 
Seat 7: Dorex2007 ($1.77 in chips) 
Seat 8: marcos jo196 ($1.69 in chips) 
Seat 9: Wildee182 ($1.38 in chips) 
trucopp79: posts small blind $0.01
felipe002323: posts big blind $0.02
*** HOLE CARDS ***
Dealt to Dorex2007 [Jd Qd]
HardMickey83: folds 
Vadimur1962: folds 
asdabelle: folds 
ToadMush: folds 
Dorex2007: raises $0.04 to $0.06
marcos jo196: folds 
Wildee182: folds 
trucopp79: folds 
felipe002323: folds 
Uncalled bet ($0.04) returned to Dorex2007
Dorex2007 collected $0.05 from pot
Dorex2007: doesn't show hand 
*** SUMMARY ***
Total pot $0.05 | Rake $0 
Seat 1: trucopp79 (small blind) folded before Flop
Seat 2: felipe002323 (big blind) folded before Flop
Seat 3: HardMickey83 folded before Flop (didn't bet)
Seat 4: Vadimur1962 folded before Flop (didn't bet)
Seat 5: asdabelle folded before Flop (didn't bet)
Seat 6: ToadMush folded before Flop (didn't bet)
Seat 7: Dorex2007 collected ($0.05)
Seat 8: marcos jo196 folded before Flop (didn't bet)
Seat 9: Wildee182 (button) folded before Flop (didn't bet)



PokerStars Hand #226201672415:  Hold'em No Limit ($0.01/$0.02 USD) - 2021/04/25 17:40:28 PT [2021/04/25 20:40:28 ET]
Table 'Vesale III' 9-max Seat #1 is the button
Seat 1: trucopp79 ($4.43 in chips) 
Seat 2: felipe002323 ($1.01 in chips) 
Seat 3: HardMickey83 ($3.04 in chips) 
Seat 4: Vadimur1962 ($2.27 in chips) 
Seat 5: asdabelle ($0.73 in chips) 
Seat 6: ToadMush ($1.95 in chips) 
Seat 7: Dorex2007 ($1.80 in chips) 
Seat 8: marcos jo196 ($1.69 in chips) 
Seat 9: Wildee182 ($1.38 in chips) 
felipe002323: posts small blind $0.01
HardMickey83: posts big blind $0.02
*** HOLE CARDS ***
Dealt to Dorex2007 [9s Jc]
Vadimur1962: folds 
asdabelle: folds 
ToadMush: folds 
Dorex2007: folds 
marcos jo196: folds 
Wildee182: calls $0.02
trucopp79: calls $0.02
felipe002323: calls $0.01
HardMickey83: checks 
*** FLOP *** [9h Th 4d]
felipe002323: checks 
HardMickey83: checks 
Wildee182: checks 
trucopp79: bets $0.02
felipe002323: calls $0.02
HardMickey83: calls $0.02
Wildee182: folds 
*** TURN *** [9h Th 4d] [9d]
felipe002323: checks 
HardMickey83: checks 
trucopp79: checks 
*** RIVER *** [9h Th 4d 9d] [Jh]
felipe002323: checks 
HardMickey83: checks 
trucopp79: checks 
*** SHOW DOWN ***
felipe002323: shows [Qc Js] (two pair, Jacks and Nines)
HardMickey83: mucks hand 
trucopp79: mucks hand 
felipe002323 collected $0.14 from pot
*** SUMMARY ***
Total pot $0.14 | Rake $0 
Board [9h Th 4d 9d Jh]
Seat 1: trucopp79 (button) mucked [7c As]
Seat 2: felipe002323 (small blind) showed [Qc Js] and won ($0.14) with two pair, Jacks and Nines
Seat 3: HardMickey83 (big blind) mucked [4s 3h]
Seat 4: Vadimur1962 folded before Flop (didn't bet)
Seat 5: asdabelle folded before Flop (didn't bet)
Seat 6: ToadMush folded before Flop (didn't bet)
Seat 7: Dorex2007 folded before Flop (didn't bet)
Seat 8: marcos jo196 folded before Flop (didn't bet)
Seat 9: Wildee182 folded on the Flop



PokerStars Hand #226201692210:  Hold'em No Limit ($0.01/$0.02 USD) - 2021/04/25 17:41:32 PT [2021/04/25 20:41:32 ET]
Table 'Vesale III' 9-max Seat #2 is the button
Seat 1: trucopp79 ($4.39 in chips) 
Seat 2: felipe002323 ($1.11 in chips) 
Seat 3: HardMickey83 ($3 in chips) 
Seat 4: Vadimur1962 ($2.27 in chips) 
Seat 5: asdabelle ($0.73 in chips) 
Seat 7: Dorex2007 ($1.80 in chips) 
Seat 8: marcos jo196 ($1.69 in chips) 
Seat 9: Wildee182 ($1.36 in chips) 
HardMickey83: posts small blind $0.01
Vadimur1962: posts big blind $0.02
*** HOLE CARDS ***
Dealt to Dorex2007 [4h Jc]
asdabelle: folds 
Dorex2007: folds 
marcos jo196: calls $0.02
Wildee182: folds 
trucopp79: raises $0.06 to $0.08
felipe002323: folds 
HardMickey83: folds 
Vadimur1962: folds 
marcos jo196: calls $0.06
*** FLOP *** [Ad 2d 6s]
marcos jo196: checks 
trucopp79: checks 
*** TURN *** [Ad 2d 6s] [Tc]
marcos jo196: bets $0.18
trucopp79: calls $0.18
*** RIVER *** [Ad 2d 6s Tc] [9h]
marcos jo196: bets $0.53
trucopp79: folds 
Uncalled bet ($0.53) returned to marcos jo196
marcos jo196 collected $0.53 from pot
marcos jo196: doesn't show hand 
*** SUMMARY ***
Total pot $0.55 | Rake $0.02 
Board [Ad 2d 6s Tc 9h]
Seat 1: trucopp79 folded on the River
Seat 2: felipe002323 (button) folded before Flop (didn't bet)
Seat 3: HardMickey83 (small blind) folded before Flop
Seat 4: Vadimur1962 (big blind) folded before Flop
Seat 5: asdabelle folded before Flop (didn't bet)
Seat 7: Dorex2007 folded before Flop (didn't bet)
Seat 8: marcos jo196 collected ($0.53)
Seat 9: Wildee182 folded before Flop (didn't bet)



PokerStars Hand #226201712665:  Hold'em No Limit ($0.01/$0.02 USD) - 2021/04/25 17:42:23 PT [2021/04/25 20:42:23 ET]
Table 'Vesale III' 9-max Seat #3 is the button
Seat 1: trucopp79 ($4.13 in chips) 
Seat 2: felipe002323 ($1.11 in chips) 
Seat 3: HardMickey83 ($2.99 in chips) 
Seat 4: Vadimur1962 ($2.25 in chips) 
Seat 5: asdabelle ($0.73 in chips) 
Seat 7: Dorex2007 ($1.80 in chips) 
Seat 8: marcos jo196 ($1.96 in chips) 
Seat 9: Wildee182 ($1.36 in chips) 
Vadimur1962: posts small blind $0.01
asdabelle: posts big blind $0.02
*** HOLE CARDS ***
Dealt to Dorex2007 [4c 5c]
Dorex2007: folds 
marcos jo196: calls $0.02
Wildee182: folds 
trucopp79: raises $0.02 to $0.04
felipe002323: folds 
HardMickey83: folds 
Vadimur1962: folds 
asdabelle: folds 
marcos jo196: calls $0.02
*** FLOP *** [Th Kh Kd]
marcos jo196: checks 
trucopp79: bets $0.02
marcos jo196: calls $0.02
*** TURN *** [Th Kh Kd] [Qd]
marcos jo196: checks 
trucopp79: bets $0.02
marcos jo196: raises $0.18 to $0.20
trucopp79: calls $0.18
*** RIVER *** [Th Kh Kd Qd] [3h]
marcos jo196: bets $0.53
trucopp79: raises $1.03 to $1.56
marcos jo196: folds 
Uncalled bet ($1.03) returned to trucopp79
trucopp79 collected $1.55 from pot
trucopp79: doesn't show hand 
*** SUMMARY ***
Total pot $1.61 | Rake $0.06 
Board [Th Kh Kd Qd 3h]
Seat 1: trucopp79 collected ($1.55)
Seat 2: felipe002323 folded before Flop (didn't bet)
Seat 3: HardMickey83 (button) folded before Flop (didn't bet)
Seat 4: Vadimur1962 (small blind) folded before Flop
Seat 5: asdabelle (big blind) folded before Flop
Seat 7: Dorex2007 folded before Flop (didn't bet)
Seat 8: marcos jo196 folded on the River
Seat 9: Wildee182 folded before Flop (didn't bet)



PokerStars Hand #226201735350:  Hold'em No Limit ($0.01/$0.02 USD) - 2021/04/25 17:43:37 PT [2021/04/25 20:43:37 ET]
Table 'Vesale III' 9-max Seat #4 is the button
Seat 1: trucopp79 ($4.89 in chips) 
Seat 2: felipe002323 ($1.11 in chips) 
Seat 3: HardMickey83 ($2.99 in chips) 
Seat 4: Vadimur1962 ($2.24 in chips) 
Seat 5: asdabelle ($0.71 in chips) 
Seat 6: ToadMush ($1.95 in chips) 
Seat 7: Dorex2007 ($1.80 in chips) 
Seat 8: marcos jo196 ($1.17 in chips) 
Seat 9: Wildee182 ($1.36 in chips) 
asdabelle: posts small blind $0.01
ToadMush: posts big blind $0.02
*** HOLE CARDS ***
Dealt to Dorex2007 [8h 7d]
Dorex2007: folds 
marcos jo196: folds 
Wildee182: calls $0.02
trucopp79: calls $0.02
felipe002323: calls $0.02
HardMickey83: calls $0.02
Vadimur1962: folds 
asdabelle: calls $0.01
ToadMush: checks 
*** FLOP *** [9d Ad Kh]
asdabelle: checks 
ToadMush: checks 
Wildee182: checks 
trucopp79: bets $0.06
felipe002323: folds 
HardMickey83: folds 
asdabelle: folds 
ToadMush: calls $0.06
Wildee182: calls $0.06
*** TURN *** [9d Ad Kh] [Qd]
ToadMush: checks 
Wildee182: checks 
trucopp79: checks 
*** RIVER *** [9d Ad Kh Qd] [2d]
ToadMush: checks 
Wildee182: bets $0.18
trucopp79: folds 
ToadMush: calls $0.18
*** SHOW DOWN ***
Wildee182: shows [Th Ks] (a pair of Kings)
ToadMush: shows [Ah 5d] (a flush, Ace high)
ToadMush collected $0.64 from pot
*** SUMMARY ***
Total pot $0.66 | Rake $0.02 
Board [9d Ad Kh Qd 2d]
Seat 1: trucopp79 folded on the River
Seat 2: felipe002323 folded on the Flop
Seat 3: HardMickey83 folded on the Flop
Seat 4: Vadimur1962 (button) folded before Flop (didn't bet)
Seat 5: asdabelle (small blind) folded on the Flop
Seat 6: ToadMush (big blind) showed [Ah 5d] and won ($0.64) with a flush, Ace high
Seat 7: Dorex2007 folded before Flop (didn't bet)
Seat 8: marcos jo196 folded before Flop (didn't bet)
Seat 9: Wildee182 showed [Th Ks] and lost with a pair of Kings



PokerStars Hand #226201765089:  Hold'em No Limit ($0.01/$0.02 USD) - 2021/04/25 17:45:15 PT [2021/04/25 20:45:15 ET]
Table 'Vesale III' 9-max Seat #5 is the button
Seat 1: trucopp79 ($4.81 in chips) 
Seat 2: felipe002323 ($1.09 in chips) 
Seat 3: HardMickey83 ($2.97 in chips) 
Seat 4: Vadimur1962 ($2.24 in chips) 
Seat 5: asdabelle ($0.69 in chips) 
Seat 6: ToadMush ($2.33 in chips) 
Seat 7: Dorex2007 ($1.80 in chips) 
Seat 8: marcos jo196 ($1.17 in chips) 
Seat 9: Wildee182 ($1.10 in chips) 
ToadMush: posts small blind $0.01
Dorex2007: posts big blind $0.02
*** HOLE CARDS ***
Dealt to Dorex2007 [7d 8s]
marcos jo196: folds 
Wildee182: calls $0.02
trucopp79: folds 
felipe002323: folds 
HardMickey83: raises $0.06 to $0.08
Vadimur1962: calls $0.08
asdabelle: folds 
ToadMush: folds 
Dorex2007: folds 
Wildee182: folds 
*** FLOP *** [8h Ah 4c]
HardMickey83: checks 
Vadimur1962: checks 
*** TURN *** [8h Ah 4c] [2c]
HardMickey83: checks 
Vadimur1962: checks 
*** RIVER *** [8h Ah 4c 2c] [2s]
HardMickey83: checks 
Vadimur1962: checks 
*** SHOW DOWN ***
HardMickey83: shows [Jd Qh] (a pair of Deuces)
Vadimur1962: shows [3d 3h] (two pair, Threes and Deuces)
Vadimur1962 collected $0.20 from pot
*** SUMMARY ***
Total pot $0.21 | Rake $0.01 
Board [8h Ah 4c 2c 2s]
Seat 1: trucopp79 folded before Flop (didn't bet)
Seat 2: felipe002323 folded before Flop (didn't bet)
Seat 3: HardMickey83 showed [Jd Qh] and lost with a pair of Deuces
Seat 4: Vadimur1962 showed [3d 3h] and won ($0.20) with two pair, Threes and Deuces
Seat 5: asdabelle (button) folded before Flop (didn't bet)
Seat 6: ToadMush (small blind) folded before Flop
Seat 7: Dorex2007 (big blind) folded before Flop
Seat 8: marcos jo196 folded before Flop (didn't bet)
Seat 9: Wildee182 folded before Flop



PokerStars Hand #226201786610:  Hold'em No Limit ($0.01/$0.02 USD) - 2021/04/25 17:46:28 PT [2021/04/25 20:46:28 ET]
Table 'Vesale III' 9-max Seat #6 is the button
Seat 1: trucopp79 ($4.81 in chips) 
Seat 2: felipe002323 ($1.09 in chips) 
Seat 3: HardMickey83 ($2.89 in chips) 
Seat 4: Vadimur1962 ($2.36 in chips) 
Seat 5: asdabelle ($0.69 in chips) 
Seat 6: ToadMush ($2.32 in chips) 
Seat 7: Dorex2007 ($1.78 in chips) 
Seat 8: marcos jo196 ($1.17 in chips) 
Seat 9: Wildee182 ($1.08 in chips) 
Dorex2007: posts small blind $0.01
marcos jo196: posts big blind $0.02
*** HOLE CARDS ***
Dealt to Dorex2007 [Ks Jd]
Wildee182 is disconnected 
Wildee182 is connected 
Wildee182 has timed out
Wildee182: folds 
trucopp79: folds 
felipe002323: folds 
HardMickey83: folds 
Vadimur1962: folds 
asdabelle: calls $0.02
ToadMush: folds 
Dorex2007: calls $0.01
marcos jo196: checks 
*** FLOP *** [Kc 6c Th]
Dorex2007: bets $0.06
marcos jo196: calls $0.06
asdabelle: folds 
*** TURN *** [Kc 6c Th] [9h]
Dorex2007: checks 
marcos jo196: checks 
*** RIVER *** [Kc 6c Th 9h] [Qh]
Dorex2007: bets $0.11
marcos jo196: raises $0.98 to $1.09 and is all-in
Dorex2007: calls $0.98
*** SHOW DOWN ***
marcos jo196: shows [Jh 9d] (a straight, Nine to King)
Dorex2007: shows [Ks Jd] (a straight, Nine to King)
Dorex2007 collected $1.14 from pot
marcos jo196 collected $1.14 from pot
*** SUMMARY ***
Total pot $2.36 | Rake $0.08 
Board [Kc 6c Th 9h Qh]
Seat 1: trucopp79 folded before Flop (didn't bet)
Seat 2: felipe002323 folded before Flop (didn't bet)
Seat 3: HardMickey83 folded before Flop (didn't bet)
Seat 4: Vadimur1962 folded before Flop (didn't bet)
Seat 5: asdabelle folded on the Flop
Seat 6: ToadMush (button) folded before Flop (didn't bet)
Seat 7: Dorex2007 (small blind) showed [Ks Jd] and won ($1.14) with a straight, Nine to King
Seat 8: marcos jo196 (big blind) showed [Jh 9d] and won ($1.14) with a straight, Nine to King
Seat 9: Wildee182 folded before Flop (didn't bet)



PokerStars Hand #226201807416:  Hold'em No Limit ($0.01/$0.02 USD) - 2021/04/25 17:47:37 PT [2021/04/25 20:47:37 ET]
Table 'Vesale III' 9-max Seat #7 is the button
Seat 1: trucopp79 ($4.81 in chips) 
Seat 2: felipe002323 ($1.09 in chips) 
Seat 3: HardMickey83 ($2.89 in chips) 
Seat 4: Vadimur1962 ($2.36 in chips) 
Seat 5: asdabelle ($0.67 in chips) 
Seat 6: ToadMush ($2.32 in chips) 
Seat 7: Dorex2007 ($1.75 in chips) 
Seat 8: marcos jo196 ($1.14 in chips) 
Seat 9: Wildee182 ($1.08 in chips) 
marcos jo196: posts small blind $0.01
Wildee182: posts big blind $0.02
*** HOLE CARDS ***
Dealt to Dorex2007 [Jc 3h]
trucopp79: calls $0.02
felipe002323 has timed out
felipe002323: folds 
HardMickey83: raises $0.06 to $0.08
Vadimur1962: folds 
asdabelle: calls $0.08
ToadMush: folds 
Dorex2007: folds 
marcos jo196: calls $0.07
Wildee182: folds 
trucopp79: folds 
*** FLOP *** [8h 6d 3c]
marcos jo196: checks 
HardMickey83: checks 
asdabelle: checks 
*** TURN *** [8h 6d 3c] [6h]
marcos jo196: bets $0.05
HardMickey83: calls $0.05
asdabelle: calls $0.05
*** RIVER *** [8h 6d 3c 6h] [3d]
marcos jo196: bets $0.41
HardMickey83: folds 
asdabelle: folds 
Uncalled bet ($0.41) returned to marcos jo196
marcos jo196 collected $0.41 from pot
marcos jo196: doesn't show hand 
*** SUMMARY ***
Total pot $0.43 | Rake $0.02 
Board [8h 6d 3c 6h 3d]
Seat 1: trucopp79 folded before Flop
Seat 2: felipe002323 folded before Flop (didn't bet)
Seat 3: HardMickey83 folded on the River
Seat 4: Vadimur1962 folded before Flop (didn't bet)
Seat 5: asdabelle folded on the River
Seat 6: ToadMush folded before Flop (didn't bet)
Seat 7: Dorex2007 (button) folded before Flop (didn't bet)
Seat 8: marcos jo196 (small blind) collected ($0.41)
Seat 9: Wildee182 (big blind) folded before Flop



PokerStars Hand #226201834353:  Hold'em No Limit ($0.01/$0.02 USD) - 2021/04/25 17:49:08 PT [2021/04/25 20:49:08 ET]
Table 'Vesale III' 9-max Seat #8 is the button
Seat 1: trucopp79 ($4.79 in chips) 
Seat 2: felipe002323 ($1.09 in chips) 
Seat 3: HardMickey83 ($2.76 in chips) 
Seat 4: Vadimur1962 ($2.36 in chips) 
Seat 5: asdabelle ($0.54 in chips) 
Seat 6: ToadMush ($2.32 in chips) 
Seat 7: Dorex2007 ($1.75 in chips) 
Seat 8: marcos jo196 ($1.42 in chips) 
Seat 9: Wildee182 ($1.06 in chips) 
Wildee182: posts small blind $0.01
trucopp79: posts big blind $0.02
*** HOLE CARDS ***
Dealt to Dorex2007 [4h 2d]
felipe002323: folds 
HardMickey83: folds 
Vadimur1962: raises $0.12 to $0.14
asdabelle: folds 
ToadMush: folds 
Dorex2007: folds 
marcos jo196: folds 
Wildee182: folds 
trucopp79: folds 
Uncalled bet ($0.12) returned to Vadimur1962
Vadimur1962 collected $0.05 from pot
Vadimur1962: doesn't show hand 
*** SUMMARY ***
Total pot $0.05 | Rake $0 
Seat 1: trucopp79 (big blind) folded before Flop
Seat 2: felipe002323 folded before Flop (didn't bet)
Seat 3: HardMickey83 folded before Flop (didn't bet)
Seat 4: Vadimur1962 collected ($0.05)
Seat 5: asdabelle folded before Flop (didn't bet)
Seat 6: ToadMush folded before Flop (didn't bet)
Seat 7: Dorex2007 folded before Flop (didn't bet)
Seat 8: marcos jo196 (button) folded before Flop (didn't bet)
Seat 9: Wildee182 (small blind) folded before Flop



PokerStars Hand #226201842540:  Hold'em No Limit ($0.01/$0.02 USD) - 2021/04/25 17:49:35 PT [2021/04/25 20:49:35 ET]
Table 'Vesale III' 9-max Seat #9 is the button
Seat 1: trucopp79 ($4.77 in chips) 
Seat 2: felipe002323 ($1.09 in chips) 
Seat 3: HardMickey83 ($2.76 in chips) 
Seat 4: Vadimur1962 ($2.39 in chips) 
Seat 5: asdabelle ($0.54 in chips) 
Seat 6: ToadMush ($2.32 in chips) 
Seat 7: Dorex2007 ($1.75 in chips) 
Seat 8: marcos jo196 ($1.42 in chips) 
Seat 9: Wildee182 ($1.05 in chips) 
trucopp79: posts small blind $0.01
felipe002323: posts big blind $0.02
*** HOLE CARDS ***
Dealt to Dorex2007 [5d 6s]
HardMickey83: folds 
Vadimur1962: folds 
asdabelle: folds 
ToadMush: folds 
Dorex2007: folds 
marcos jo196: raises $0.05 to $0.07
Wildee182: folds 
trucopp79: raises $0.05 to $0.12
felipe002323: folds 
marcos jo196: calls $0.05
*** FLOP *** [Ad 7d 8c]
trucopp79: checks 
marcos jo196: checks 
*** TURN *** [Ad 7d 8c] [Td]
trucopp79: checks 
marcos jo196: checks 
*** RIVER *** [Ad 7d 8c Td] [Qd]
trucopp79: checks 
marcos jo196: checks 
*** SHOW DOWN ***
trucopp79: shows [Kc Qs] (a pair of Queens)
marcos jo196: shows [Ks Jh] (a straight, Ten to Ace)
marcos jo196 collected $0.25 from pot
*** SUMMARY ***
Total pot $0.26 | Rake $0.01 
Board [Ad 7d 8c Td Qd]
Seat 1: trucopp79 (small blind) showed [Kc Qs] and lost with a pair of Queens
Seat 2: felipe002323 (big blind) folded before Flop
Seat 3: HardMickey83 folded before Flop (didn't bet)
Seat 4: Vadimur1962 folded before Flop (didn't bet)
Seat 5: asdabelle folded before Flop (didn't bet)
Seat 6: ToadMush folded before Flop (didn't bet)
Seat 7: Dorex2007 folded before Flop (didn't bet)
Seat 8: marcos jo196 showed [Ks Jh] and won ($0.25) with a straight, Ten to Ace
Seat 9: Wildee182 (button) folded before Flop (didn't bet)



PokerStars Hand #226201854595:  Hold'em No Limit ($0.01/$0.02 USD) - 2021/04/25 17:50:12 PT [2021/04/25 20:50:12 ET]
Table 'Vesale III' 9-max Seat #1 is the button
Seat 1: trucopp79 ($4.65 in chips) 
Seat 2: felipe002323 ($1.07 in chips) 
Seat 3: HardMickey83 ($2.76 in chips) 
Seat 4: Vadimur1962 ($2.39 in chips) 
Seat 5: asdabelle ($0.54 in chips) 
Seat 6: ToadMush ($2.32 in chips) 
Seat 7: Dorex2007 ($1.75 in chips) 
Seat 8: marcos jo196 ($1.55 in chips) 
Seat 9: Wildee182 ($1.05 in chips) 
felipe002323: posts small blind $0.01
HardMickey83: posts big blind $0.02
*** HOLE CARDS ***
Dealt to Dorex2007 [Td 9s]
Vadimur1962: raises $0.04 to $0.06
asdabelle: folds 
ToadMush: folds 
Dorex2007: folds 
marcos jo196: calls $0.06
Wildee182: calls $0.06
trucopp79: folds 
felipe002323: folds 
HardMickey83: folds 
*** FLOP *** [Js Jd 2d]
Vadimur1962: checks 
marcos jo196: checks 
Wildee182: bets $0.20
Vadimur1962: folds 
marcos jo196: folds 
Uncalled bet ($0.20) returned to Wildee182
Wildee182 collected $0.20 from pot
Wildee182: doesn't show hand 
*** SUMMARY ***
Total pot $0.21 | Rake $0.01 
Board [Js Jd 2d]
Seat 1: trucopp79 (button) folded before Flop (didn't bet)
Seat 2: felipe002323 (small blind) folded before Flop
Seat 3: HardMickey83 (big blind) folded before Flop
Seat 4: Vadimur1962 folded on the Flop
Seat 5: asdabelle folded before Flop (didn't bet)
Seat 6: ToadMush folded before Flop (didn't bet)
Seat 7: Dorex2007 folded before Flop (didn't bet)
Seat 8: marcos jo196 folded on the Flop
Seat 9: Wildee182 collected ($0.20)



PokerStars Hand #226201877243:  Hold'em No Limit ($0.01/$0.02 USD) - 2021/04/25 17:51:08 PT [2021/04/25 20:51:08 ET]
Table 'Vesale III' 9-max Seat #2 is the button
Seat 1: trucopp79 ($4.65 in chips) 
Seat 2: felipe002323 ($1.06 in chips) 
Seat 3: HardMickey83 ($2.74 in chips) 
Seat 4: Vadimur1962 ($2.33 in chips) 
Seat 5: asdabelle ($0.54 in chips) 
Seat 6: ToadMush ($2.32 in chips) 
Seat 7: Dorex2007 ($1.75 in chips) 
Seat 8: marcos jo196 ($1.49 in chips) 
Seat 9: Wildee182 ($1.19 in chips) 
HardMickey83: posts small blind $0.01
Vadimur1962: posts big blind $0.02
*** HOLE CARDS ***
Dealt to Dorex2007 [Jh 8d]
asdabelle: calls $0.02
ToadMush: folds 
Dorex2007: folds 
marcos jo196: calls $0.02
Wildee182: folds 
trucopp79: calls $0.02
felipe002323: folds 
HardMickey83: calls $0.01
Vadimur1962: checks 
*** FLOP *** [As Kh 8s]
HardMickey83: checks 
Vadimur1962: checks 
asdabelle: bets $0.04
marcos jo196: calls $0.04
trucopp79: folds 
HardMickey83: calls $0.04
Vadimur1962: folds 
*** TURN *** [As Kh 8s] [9c]
HardMickey83: checks 
asdabelle: bets $0.06
marcos jo196: raises $1.37 to $1.43 and is all-in
HardMickey83: folds 
asdabelle: calls $0.42 and is all-in
Uncalled bet ($0.95) returned to marcos jo196
*** RIVER *** [As Kh 8s 9c] [6c]
*** SHOW DOWN ***
asdabelle: shows [Kd Ks] (three of a kind, Kings)
marcos jo196: shows [9d 8c] (two pair, Nines and Eights)
asdabelle collected $1.14 from pot
*** SUMMARY ***
Total pot $1.18 | Rake $0.04 
Board [As Kh 8s 9c 6c]
Seat 1: trucopp79 folded on the Flop
Seat 2: felipe002323 (button) folded before Flop (didn't bet)
Seat 3: HardMickey83 (small blind) folded on the Turn
Seat 4: Vadimur1962 (big blind) folded on the Flop
Seat 5: asdabelle showed [Kd Ks] and won ($1.14) with three of a kind, Kings
Seat 6: ToadMush folded before Flop (didn't bet)
Seat 7: Dorex2007 folded before Flop (didn't bet)
Seat 8: marcos jo196 showed [9d 8c] and lost with two pair, Nines and Eights
Seat 9: Wildee182 folded before Flop (didn't bet)



PokerStars Hand #226201902124:  Hold'em No Limit ($0.01/$0.02 USD) - 2021/04/25 17:52:19 PT [2021/04/25 20:52:19 ET]
Table 'Vesale III' 9-max Seat #3 is the button
Seat 1: trucopp79 ($4.63 in chips) 
Seat 2: felipe002323 ($1.06 in chips) 
Seat 3: HardMickey83 ($2.68 in chips) 
Seat 4: Vadimur1962 ($2.31 in chips) 
Seat 5: asdabelle ($1.14 in chips) 
Seat 6: ToadMush ($2.32 in chips) 
Seat 7: Dorex2007 ($1.75 in chips) 
Seat 8: marcos jo196 ($0.95 in chips) 
Seat 9: Wildee182 ($1.19 in chips) 
Vadimur1962: posts small blind $0.01
asdabelle: posts big blind $0.02
*** HOLE CARDS ***
Dealt to Dorex2007 [Qd 2c]
ToadMush: folds 
Dorex2007: folds 
marcos jo196: folds 
Wildee182: folds 
trucopp79: folds 
felipe002323: folds 
HardMickey83: raises $0.04 to $0.06
Vadimur1962: folds 
asdabelle: calls $0.04
*** FLOP *** [Jd 7s Ts]
asdabelle: bets $0.06
HardMickey83: raises $0.14 to $0.20
asdabelle: folds 
Uncalled bet ($0.14) returned to HardMickey83
HardMickey83 collected $0.24 from pot
HardMickey83: doesn't show hand 
*** SUMMARY ***
Total pot $0.25 | Rake $0.01 
Board [Jd 7s Ts]
Seat 1: trucopp79 folded before Flop (didn't bet)
Seat 2: felipe002323 folded before Flop (didn't bet)
Seat 3: HardMickey83 (button) collected ($0.24)
Seat 4: Vadimur1962 (small blind) folded before Flop
Seat 5: asdabelle (big blind) folded on the Flop
Seat 6: ToadMush folded before Flop (didn't bet)
Seat 7: Dorex2007 folded before Flop (didn't bet)
Seat 8: marcos jo196 folded before Flop (didn't bet)
Seat 9: Wildee182 folded before Flop (didn't bet)



PokerStars Hand #226201918691:  Hold'em No Limit ($0.01/$0.02 USD) - 2021/04/25 17:53:15 PT [2021/04/25 20:53:15 ET]
Table 'Vesale III' 9-max Seat #4 is the button
Seat 1: trucopp79 ($4.63 in chips) 
Seat 2: felipe002323 ($1.06 in chips) 
Seat 3: HardMickey83 ($2.80 in chips) 
Seat 4: Vadimur1962 ($2.30 in chips) 
Seat 5: asdabelle ($1.02 in chips) 
Seat 6: ToadMush ($2.32 in chips) 
Seat 7: Dorex2007 ($1.75 in chips) 
Seat 8: marcos jo196 ($0.95 in chips) 
Seat 9: Wildee182 ($1.19 in chips) 
asdabelle: posts small blind $0.01
ToadMush: posts big blind $0.02
*** HOLE CARDS ***
Dealt to Dorex2007 [Ac 6s]
Dorex2007: folds 
marcos jo196: calls $0.02
Wildee182: folds 
trucopp79: calls $0.02
felipe002323: folds 
HardMickey83: calls $0.02
Vadimur1962: folds 
asdabelle: folds 
ToadMush: checks 
*** FLOP *** [Jh 7c 3c]
ToadMush: checks 
marcos jo196: checks 
trucopp79: checks 
HardMickey83: checks 
*** TURN *** [Jh 7c 3c] [9d]
ToadMush: checks 
marcos jo196: bets $0.09
trucopp79: folds 
HardMickey83: calls $0.09
ToadMush: folds 
*** RIVER *** [Jh 7c 3c 9d] [6d]
marcos jo196: bets $0.84 and is all-in
trucopp79 leaves the table
HardMickey83: folds 
Uncalled bet ($0.84) returned to marcos jo196
marcos jo196 collected $0.26 from pot
marcos jo196: doesn't show hand 
*** SUMMARY ***
Total pot $0.27 | Rake $0.01 
Board [Jh 7c 3c 9d 6d]
Seat 1: trucopp79 folded on the Turn
Seat 2: felipe002323 folded before Flop (didn't bet)
Seat 3: HardMickey83 folded on the River
Seat 4: Vadimur1962 (button) folded before Flop (didn't bet)
Seat 5: asdabelle (small blind) folded before Flop
Seat 6: ToadMush (big blind) folded on the Turn
Seat 7: Dorex2007 folded before Flop (didn't bet)
Seat 8: marcos jo196 collected ($0.26)
Seat 9: Wildee182 folded before Flop (didn't bet)



PokerStars Hand #226201936336:  Hold'em No Limit ($0.01/$0.02 USD) - 2021/04/25 17:54:15 PT [2021/04/25 20:54:15 ET]
Table 'Vesale III' 9-max Seat #5 is the button
Seat 2: felipe002323 ($1.06 in chips) 
Seat 3: HardMickey83 ($2.69 in chips) 
Seat 4: Vadimur1962 ($2.30 in chips) 
Seat 5: asdabelle ($1.01 in chips) 
Seat 6: ToadMush ($2.30 in chips) 
Seat 7: Dorex2007 ($1.75 in chips) 
Seat 8: marcos jo196 ($1.10 in chips) 
Seat 9: Wildee182 ($1.19 in chips) 
ToadMush: posts small blind $0.01
Dorex2007: posts big blind $0.02
*** HOLE CARDS ***
Dealt to Dorex2007 [7d 2c]
marcos jo196: calls $0.02
Wildee182: calls $0.02
felipe002323: folds 
Redmag666 joins the table at seat #1 
HardMickey83: calls $0.02
Vadimur1962: calls $0.02
asdabelle: folds 
ToadMush: folds 
Dorex2007: checks 
*** FLOP *** [4c 4s 5c]
Dorex2007: checks 
marcos jo196: checks 
Wildee182: bets $0.08
HardMickey83: folds 
Vadimur1962: folds 
Dorex2007: folds 
marcos jo196: folds 
Uncalled bet ($0.08) returned to Wildee182
Wildee182 collected $0.11 from pot
Wildee182: doesn't show hand 
*** SUMMARY ***
Total pot $0.11 | Rake $0 
Board [4c 4s 5c]
Seat 2: felipe002323 folded before Flop (didn't bet)
Seat 3: HardMickey83 folded on the Flop
Seat 4: Vadimur1962 folded on the Flop
Seat 5: asdabelle (button) folded before Flop (didn't bet)
Seat 6: ToadMush (small blind) folded before Flop
Seat 7: Dorex2007 (big blind) folded on the Flop
Seat 8: marcos jo196 folded on the Flop
Seat 9: Wildee182 collected ($0.11)



PokerStars Hand #226201950865:  Hold'em No Limit ($0.01/$0.02 USD) - 2021/04/25 17:54:53 PT [2021/04/25 20:54:53 ET]
Table 'Vesale III' 9-max Seat #6 is the button
Seat 2: felipe002323 ($1.06 in chips) 
Seat 3: HardMickey83 ($2.67 in chips) 
Seat 4: Vadimur1962 ($2.28 in chips) 
Seat 5: asdabelle ($1.01 in chips) 
Seat 6: ToadMush ($2.29 in chips) 
Seat 7: Dorex2007 ($1.73 in chips) 
Seat 8: marcos jo196 ($1.08 in chips) 
Seat 9: Wildee182 ($1.28 in chips) 
Dorex2007: posts small blind $0.01
marcos jo196: posts big blind $0.02
Redmag666: sits out 
*** HOLE CARDS ***
Dealt to Dorex2007 [3h 6s]
Wildee182: calls $0.02
felipe002323: folds 
HardMickey83: folds 
Vadimur1962: folds 
asdabelle: folds 
ToadMush: folds 
Dorex2007: folds 
marcos jo196: checks 
*** FLOP *** [Jc 6c 7s]
marcos jo196: checks 
Wildee182: bets $0.05
marcos jo196: folds 
Uncalled bet ($0.05) returned to Wildee182
Wildee182 collected $0.05 from pot
Wildee182: doesn't show hand 
*** SUMMARY ***
Total pot $0.05 | Rake $0 
Board [Jc 6c 7s]
Seat 2: felipe002323 folded before Flop (didn't bet)
Seat 3: HardMickey83 folded before Flop (didn't bet)
Seat 4: Vadimur1962 folded before Flop (didn't bet)
Seat 5: asdabelle folded before Flop (didn't bet)
Seat 6: ToadMush (button) folded before Flop (didn't bet)
Seat 7: Dorex2007 (small blind) folded before Flop
Seat 8: marcos jo196 (big blind) folded on the Flop
Seat 9: Wildee182 collected ($0.05)



PokerStars Hand #226201957174:  Hold'em No Limit ($0.01/$0.02 USD) - 2021/04/25 17:55:17 PT [2021/04/25 20:55:17 ET]
Table 'Vesale III' 9-max Seat #7 is the button
Seat 2: felipe002323 ($1.06 in chips) 
Seat 3: HardMickey83 ($2.67 in chips) 
Seat 4: Vadimur1962 ($2.28 in chips) 
Seat 5: asdabelle ($1.01 in chips) 
Seat 6: ToadMush ($2.29 in chips) 
Seat 7: Dorex2007 ($1.72 in chips) 
Seat 8: marcos jo196 ($1.06 in chips) 
Seat 9: Wildee182 ($1.31 in chips) 
marcos jo196: posts small blind $0.01
Wildee182: posts big blind $0.02
Redmag666: sits out 
*** HOLE CARDS ***
Dealt to Dorex2007 [3c Qd]
felipe002323: folds 
HardMickey83: raises $0.04 to $0.06
Vadimur1962: folds 
asdabelle: folds 
ToadMush: folds 
Dorex2007: folds 
marcos jo196: folds 
Wildee182: folds 
Uncalled bet ($0.04) returned to HardMickey83
HardMickey83 collected $0.05 from pot
HardMickey83: doesn't show hand 
*** SUMMARY ***
Total pot $0.05 | Rake $0 
Seat 2: felipe002323 folded before Flop (didn't bet)
Seat 3: HardMickey83 collected ($0.05)
Seat 4: Vadimur1962 folded before Flop (didn't bet)
Seat 5: asdabelle folded before Flop (didn't bet)
Seat 6: ToadMush folded before Flop (didn't bet)
Seat 7: Dorex2007 (button) folded before Flop (didn't bet)
Seat 8: marcos jo196 (small blind) folded before Flop
Seat 9: Wildee182 (big blind) folded before Flop



PokerStars Hand #226201962970:  Hold'em No Limit ($0.01/$0.02 USD) - 2021/04/25 17:55:42 PT [2021/04/25 20:55:42 ET]
Table 'Vesale III' 9-max Seat #8 is the button
Seat 1: Redmag666 ($2 in chips) 
Seat 2: felipe002323 ($1.06 in chips) 
Seat 3: HardMickey83 ($2.70 in chips) 
Seat 4: Vadimur1962 ($2.28 in chips) 
Seat 5: asdabelle ($1.01 in chips) 
Seat 6: ToadMush ($2.29 in chips) 
Seat 7: Dorex2007 ($1.72 in chips) 
Seat 8: marcos jo196 ($1.05 in chips) 
Seat 9: Wildee182 ($1.29 in chips) 
Wildee182: posts small blind $0.01
Redmag666: posts big blind $0.02
*** HOLE CARDS ***
Dealt to Dorex2007 [Js 9s]
felipe002323: calls $0.02
HardMickey83: folds 
Vadimur1962: raises $0.04 to $0.06
asdabelle: folds 
ToadMush: folds 
Dorex2007: folds 
marcos jo196: raises $0.22 to $0.28
Wildee182: folds 
Redmag666: folds 
felipe002323: folds 
Vadimur1962: folds 
Uncalled bet ($0.22) returned to marcos jo196
marcos jo196 collected $0.17 from pot
marcos jo196: doesn't show hand 
*** SUMMARY ***
Total pot $0.17 | Rake $0 
Seat 1: Redmag666 (big blind) folded before Flop
Seat 2: felipe002323 folded before Flop
Seat 3: HardMickey83 folded before Flop (didn't bet)
Seat 4: Vadimur1962 folded before Flop
Seat 5: asdabelle folded before Flop (didn't bet)
Seat 6: ToadMush folded before Flop (didn't bet)
Seat 7: Dorex2007 folded before Flop (didn't bet)
Seat 8: marcos jo196 (button) collected ($0.17)
Seat 9: Wildee182 (small blind) folded before Flop



PokerStars Hand #226201972443:  Hold'em No Limit ($0.01/$0.02 USD) - 2021/04/25 17:56:24 PT [2021/04/25 20:56:24 ET]
Table 'Vesale III' 9-max Seat #9 is the button
Seat 1: Redmag666 ($2 in chips) 
Seat 2: felipe002323 ($1.04 in chips) 
Seat 3: HardMickey83 ($2.70 in chips) 
Seat 4: Vadimur1962 ($2.22 in chips) 
Seat 5: asdabelle ($1.01 in chips) 
Seat 6: ToadMush ($2.29 in chips) 
Seat 7: Dorex2007 ($1.72 in chips) 
Seat 8: marcos jo196 ($1.16 in chips) 
Seat 9: Wildee182 ($1.28 in chips) 
Redmag666: posts small blind $0.01
felipe002323: posts big blind $0.02
*** HOLE CARDS ***
Dealt to Dorex2007 [Jc 7h]
HardMickey83: folds 
Vadimur1962: folds 
asdabelle: folds 
ToadMush: folds 
Dorex2007: folds 
marcos jo196: calls $0.02
Wildee182: calls $0.02
Redmag666: raises $0.08 to $0.10
felipe002323: calls $0.08
marcos jo196: calls $0.08
Wildee182: folds 
*** FLOP *** [4d 4s 3s]
Redmag666: bets $0.10
felipe002323: folds 
marcos jo196: calls $0.10
*** TURN *** [4d 4s 3s] [Th]
Redmag666: checks 
marcos jo196: bets $0.25
Redmag666: calls $0.25
*** RIVER *** [4d 4s 3s Th] [6c]
Redmag666: checks 
marcos jo196: checks 
*** SHOW DOWN ***
Redmag666: shows [Qs As] (a pair of Fours)
marcos jo196: shows [7s 6h] (two pair, Sixes and Fours)
marcos jo196 collected $0.98 from pot
*** SUMMARY ***
Total pot $1.02 | Rake $0.04 
Board [4d 4s 3s Th 6c]
Seat 1: Redmag666 (small blind) showed [Qs As] and lost with a pair of Fours
Seat 2: felipe002323 (big blind) folded on the Flop
Seat 3: HardMickey83 folded before Flop (didn't bet)
Seat 4: Vadimur1962 folded before Flop (didn't bet)
Seat 5: asdabelle folded before Flop (didn't bet)
Seat 6: ToadMush folded before Flop (didn't bet)
Seat 7: Dorex2007 folded before Flop (didn't bet)
Seat 8: marcos jo196 showed [7s 6h] and won ($0.98) with two pair, Sixes and Fours
Seat 9: Wildee182 (button) folded before Flop



PokerStars Hand #226201992504:  Hold'em No Limit ($0.01/$0.02 USD) - 2021/04/25 17:57:52 PT [2021/04/25 20:57:52 ET]
Table 'Vesale III' 9-max Seat #1 is the button
Seat 1: Redmag666 ($2 in chips) 
Seat 2: felipe002323 ($0.94 in chips) 
Seat 3: HardMickey83 ($2.70 in chips) 
Seat 4: Vadimur1962 ($2.22 in chips) 
Seat 5: asdabelle ($1.01 in chips) 
Seat 6: ToadMush ($2.29 in chips) 
Seat 7: Dorex2007 ($1.72 in chips) 
Seat 8: marcos jo196 ($1.69 in chips) 
Seat 9: Wildee182 ($1.26 in chips) 
felipe002323: posts small blind $0.01
HardMickey83: posts big blind $0.02
*** HOLE CARDS ***
Dealt to Dorex2007 [5c Kd]
Vadimur1962: folds 
asdabelle: calls $0.02
ToadMush: folds 
Dorex2007: folds 
marcos jo196: raises $0.02 to $0.04
Wildee182: folds 
Redmag666: folds 
felipe002323: folds 
HardMickey83: calls $0.02
asdabelle: calls $0.02
*** FLOP *** [7c 8c Td]
HardMickey83: checks 
asdabelle: bets $0.06
marcos jo196: calls $0.06
HardMickey83: folds 
*** TURN *** [7c 8c Td] [4c]
asdabelle: bets $0.06
marcos jo196: calls $0.06
*** RIVER *** [7c 8c Td 4c] [6c]
Wildee182 is disconnected 
asdabelle: bets $0.06
marcos jo196: calls $0.06
*** SHOW DOWN ***
asdabelle: shows [Jc Jd] (a flush, Jack high)
marcos jo196: mucks hand 
asdabelle collected $0.47 from pot
*** SUMMARY ***
Total pot $0.49 | Rake $0.02 
Board [7c 8c Td 4c 6c]
Seat 1: Redmag666 (button) folded before Flop (didn't bet)
Seat 2: felipe002323 (small blind) folded before Flop
Seat 3: HardMickey83 (big blind) folded on the Flop
Seat 4: Vadimur1962 folded before Flop (didn't bet)
Seat 5: asdabelle showed [Jc Jd] and won ($0.47) with a flush, Jack high
Seat 6: ToadMush folded before Flop (didn't bet)
Seat 7: Dorex2007 folded before Flop (didn't bet)
Seat 8: marcos jo196 mucked [As Tc]
Seat 9: Wildee182 folded before Flop (didn't bet)



PokerStars Hand #226202009262:  Hold'em No Limit ($0.01/$0.02 USD) - 2021/04/25 17:59:04 PT [2021/04/25 20:59:04 ET]
Table 'Vesale III' 9-max Seat #2 is the button
Seat 1: Redmag666 ($2 in chips) 
Seat 2: felipe002323 ($0.93 in chips) 
Seat 3: HardMickey83 ($2.66 in chips) 
Seat 4: Vadimur1962 ($2.22 in chips) 
Seat 5: asdabelle ($1.26 in chips) 
Seat 6: ToadMush ($2.29 in chips) 
Seat 7: Dorex2007 ($1.72 in chips) 
Seat 8: marcos jo196 ($1.47 in chips) 
Seat 9: Wildee182 ($1.26 in chips) 
HardMickey83: posts small blind $0.01
Vadimur1962: posts big blind $0.02
*** HOLE CARDS ***
Dealt to Dorex2007 [As 2s]
asdabelle: folds 
ToadMush: folds 
Dorex2007: raises $0.04 to $0.06
marcos jo196: folds 
Wildee182 has timed out
Wildee182: folds 
Redmag666: folds 
felipe002323: folds 
HardMickey83: folds 
Vadimur1962: calls $0.04
*** FLOP *** [2c 4s 8h]
Vadimur1962: checks 
Dorex2007: bets $0.13
Vadimur1962: calls $0.13
*** TURN *** [2c 4s 8h] [3h]
Vadimur1962: checks 
Dorex2007: checks 
*** RIVER *** [2c 4s 8h 3h] [6d]
Vadimur1962: checks 
Dorex2007: bets $0.38
Vadimur1962: calls $0.38
*** SHOW DOWN ***
Dorex2007: shows [As 2s] (a pair of Deuces)
Vadimur1962: shows [Qh Qs] (a pair of Queens)
Vadimur1962 collected $1.11 from pot
*** SUMMARY ***
Total pot $1.15 | Rake $0.04 
Board [2c 4s 8h 3h 6d]
Seat 1: Redmag666 folded before Flop (didn't bet)
Seat 2: felipe002323 (button) folded before Flop (didn't bet)
Seat 3: HardMickey83 (small blind) folded before Flop
Seat 4: Vadimur1962 (big blind) showed [Qh Qs] and won ($1.11) with a pair of Queens
Seat 5: asdabelle folded before Flop (didn't bet)
Seat 6: ToadMush folded before Flop (didn't bet)
Seat 7: Dorex2007 showed [As 2s] and lost with a pair of Deuces
Seat 8: marcos jo196 folded before Flop (didn't bet)
Seat 9: Wildee182 folded before Flop (didn't bet)



PokerStars Hand #226202034699:  Hold'em No Limit ($0.01/$0.02 USD) - 2021/04/25 18:00:09 PT [2021/04/25 21:00:09 ET]
Table 'Vesale III' 9-max Seat #3 is the button
Seat 1: Redmag666 ($2 in chips) 
Seat 2: felipe002323 ($0.93 in chips) 
Seat 3: HardMickey83 ($2.65 in chips) 
Seat 4: Vadimur1962 ($2.76 in chips) 
Seat 5: asdabelle ($1.26 in chips) 
Seat 6: ToadMush ($2.29 in chips) 
Seat 7: Dorex2007 ($1.15 in chips) 
Seat 8: marcos jo196 ($1.47 in chips) 
Vadimur1962: posts small blind $0.01
asdabelle: posts big blind $0.02
*** HOLE CARDS ***
Dealt to Dorex2007 [7d Kh]
ToadMush: folds 
Dorex2007: folds 
marcos jo196: calls $0.02
Redmag666: folds 
felipe002323: folds 
HardMickey83: calls $0.02
Vadimur1962: calls $0.01
asdabelle: checks 
*** FLOP *** [Tc 4d 3s]
Vadimur1962: checks 
asdabelle: checks 
Wildee182 is disconnected 
marcos jo196: bets $0.04
HardMickey83: folds 
Vadimur1962: folds 
asdabelle: calls $0.04
*** TURN *** [Tc 4d 3s] [Kd]
asdabelle: checks 
marcos jo196: bets $0.15
asdabelle: folds 
Uncalled bet ($0.15) returned to marcos jo196
marcos jo196 collected $0.15 from pot
marcos jo196: doesn't show hand 
*** SUMMARY ***
Total pot $0.16 | Rake $0.01 
Board [Tc 4d 3s Kd]
Seat 1: Redmag666 folded before Flop (didn't bet)
Seat 2: felipe002323 folded before Flop (didn't bet)
Seat 3: HardMickey83 (button) folded on the Flop
Seat 4: Vadimur1962 (small blind) folded on the Flop
Seat 5: asdabelle (big blind) folded on the Turn
Seat 6: ToadMush folded before Flop (didn't bet)
Seat 7: Dorex2007 folded before Flop (didn't bet)
Seat 8: marcos jo196 collected ($0.15)



PokerStars Hand #226202046895:  Hold'em No Limit ($0.01/$0.02 USD) - 2021/04/25 18:00:57 PT [2021/04/25 21:00:57 ET]
Table 'Vesale III' 9-max Seat #4 is the button
Seat 1: Redmag666 ($2 in chips) 
Seat 2: felipe002323 ($0.93 in chips) 
Seat 3: HardMickey83 ($2.63 in chips) 
Seat 4: Vadimur1962 ($2.74 in chips) 
Seat 5: asdabelle ($1.20 in chips) 
Seat 6: ToadMush ($2.29 in chips) 
Seat 7: Dorex2007 ($1.95 in chips) 
Seat 8: marcos jo196 ($1.56 in chips) 
Seat 9: Wildee182 ($1.26 in chips) 
asdabelle: posts small blind $0.01
ToadMush: posts big blind $0.02
*** HOLE CARDS ***
Dealt to Dorex2007 [8d Jc]
Dorex2007: folds 
marcos jo196: folds 
Wildee182: folds 
Redmag666: folds 
felipe002323: folds 
HardMickey83: folds 
Vadimur1962: folds 
asdabelle: folds 
Uncalled bet ($0.01) returned to ToadMush
ToadMush collected $0.02 from pot
ToadMush: doesn't show hand 
*** SUMMARY ***
Total pot $0.02 | Rake $0 
Seat 1: Redmag666 folded before Flop (didn't bet)
Seat 2: felipe002323 folded before Flop (didn't bet)
Seat 3: HardMickey83 folded before Flop (didn't bet)
Seat 4: Vadimur1962 (button) folded before Flop (didn't bet)
Seat 5: asdabelle (small blind) folded before Flop
Seat 6: ToadMush (big blind) collected ($0.02)
Seat 7: Dorex2007 folded before Flop (didn't bet)
Seat 8: marcos jo196 folded before Flop (didn't bet)
Seat 9: Wildee182 folded before Flop (didn't bet)



PokerStars Hand #226202050540:  Hold'em No Limit ($0.01/$0.02 USD) - 2021/04/25 18:01:11 PT [2021/04/25 21:01:11 ET]
Table 'Vesale III' 9-max Seat #5 is the button
Seat 1: Redmag666 ($2 in chips) 
Seat 2: felipe002323 ($0.93 in chips) 
Seat 3: HardMickey83 ($2.63 in chips) 
Seat 4: Vadimur1962 ($2.74 in chips) 
Seat 5: asdabelle ($1.19 in chips) 
Seat 6: ToadMush ($2.30 in chips) 
Seat 7: Dorex2007 ($1.95 in chips) 
Seat 8: marcos jo196 ($1.56 in chips) 
Seat 9: Wildee182 ($1.26 in chips) 
ToadMush: posts small blind $0.01
Dorex2007: posts big blind $0.02
*** HOLE CARDS ***
Dealt to Dorex2007 [7s As]
marcos jo196: calls $0.02
Wildee182: folds 
Redmag666: folds 
felipe002323: folds 
HardMickey83: calls $0.02
Vadimur1962: calls $0.02
asdabelle: folds 
ToadMush: calls $0.01
Dorex2007: checks 
*** FLOP *** [Qh 2h Jc]
ToadMush: checks 
Dorex2007: checks 
marcos jo196: checks 
HardMickey83: bets $0.07
Vadimur1962: raises $0.11 to $0.18
ToadMush: folds 
Dorex2007: folds 
marcos jo196: folds 
HardMickey83: folds 
Uncalled bet ($0.11) returned to Vadimur1962
Vadimur1962 collected $0.23 from pot
Vadimur1962: doesn't show hand 
*** SUMMARY ***
Total pot $0.24 | Rake $0.01 
Board [Qh 2h Jc]
Seat 1: Redmag666 folded before Flop (didn't bet)
Seat 2: felipe002323 folded before Flop (didn't bet)
Seat 3: HardMickey83 folded on the Flop
Seat 4: Vadimur1962 collected ($0.23)
Seat 5: asdabelle (button) folded before Flop (didn't bet)
Seat 6: ToadMush (small blind) folded on the Flop
Seat 7: Dorex2007 (big blind) folded on the Flop
Seat 8: marcos jo196 folded on the Flop
Seat 9: Wildee182 folded before Flop (didn't bet)



PokerStars Hand #226202064325:  Hold'em No Limit ($0.01/$0.02 USD) - 2021/04/25 18:02:01 PT [2021/04/25 21:02:01 ET]
Table 'Vesale III' 9-max Seat #6 is the button
Seat 1: Redmag666 ($2 in chips) 
Seat 2: felipe002323 ($0.93 in chips) 
Seat 3: HardMickey83 ($2.54 in chips) 
Seat 4: Vadimur1962 ($2.88 in chips) 
Seat 5: asdabelle ($1.19 in chips) 
Seat 6: ToadMush ($2.28 in chips) 
Seat 7: Dorex2007 ($1.93 in chips) 
Seat 8: marcos jo196 ($1.54 in chips) 
Seat 9: Wildee182 ($1.26 in chips) 
Dorex2007: posts small blind $0.01
marcos jo196: posts big blind $0.02
*** HOLE CARDS ***
Dealt to Dorex2007 [9s Js]
Wildee182: folds 
Redmag666: folds 
felipe002323: folds 
HardMickey83: folds 
Vadimur1962: folds 
asdabelle: calls $0.02
ToadMush: calls $0.02
Dorex2007: calls $0.01
marcos jo196: raises $0.11 to $0.13
asdabelle: folds 
ToadMush: folds 
Dorex2007: calls $0.11
*** FLOP *** [Qd 4s Td]
Dorex2007: checks 
marcos jo196: bets $0.14
Dorex2007: calls $0.14
*** TURN *** [Qd 4s Td] [9d]
Dorex2007: bets $0.28
marcos jo196: calls $0.28
*** RIVER *** [Qd 4s Td 9d] [Qs]
Dorex2007: checks 
marcos jo196: checks 
*** SHOW DOWN ***
Dorex2007: shows [9s Js] (two pair, Queens and Nines)
marcos jo196: shows [Ts Ad] (two pair, Queens and Tens)
marcos jo196 collected $1.10 from pot
*** SUMMARY ***
Total pot $1.14 | Rake $0.04 
Board [Qd 4s Td 9d Qs]
Seat 1: Redmag666 folded before Flop (didn't bet)
Seat 2: felipe002323 folded before Flop (didn't bet)
Seat 3: HardMickey83 folded before Flop (didn't bet)
Seat 4: Vadimur1962 folded before Flop (didn't bet)
Seat 5: asdabelle folded before Flop
Seat 6: ToadMush (button) folded before Flop
Seat 7: Dorex2007 (small blind) showed [9s Js] and lost with two pair, Queens and Nines
Seat 8: marcos jo196 (big blind) showed [Ts Ad] and won ($1.10) with two pair, Queens and Tens
Seat 9: Wildee182 folded before Flop (didn't bet)



PokerStars Hand #226202080923:  Hold'em No Limit ($0.01/$0.02 USD) - 2021/04/25 18:03:00 PT [2021/04/25 21:03:00 ET]
Table 'Vesale III' 9-max Seat #7 is the button
Seat 1: Redmag666 ($2 in chips) 
Seat 2: felipe002323 ($0.93 in chips) 
Seat 3: HardMickey83 ($2.54 in chips) 
Seat 4: Vadimur1962 ($2.88 in chips) 
Seat 5: asdabelle ($1.17 in chips) 
Seat 6: ToadMush ($2.26 in chips) 
Seat 7: Dorex2007 ($1.38 in chips) 
Seat 8: marcos jo196 ($2.09 in chips) 
Seat 9: Wildee182 ($1.26 in chips) 
marcos jo196: posts small blind $0.01
Wildee182: posts big blind $0.02
*** HOLE CARDS ***
Dealt to Dorex2007 [Js 7s]
Redmag666: folds 
felipe002323: folds 
HardMickey83: folds 
Vadimur1962: folds 
asdabelle: folds 
ToadMush: raises $0.03 to $0.05
Dorex2007: folds 
marcos jo196: folds 
Wildee182: raises $0.09 to $0.14
ToadMush: calls $0.09
*** FLOP *** [5s Tc 4s]
Wildee182: bets $0.10
ToadMush: calls $0.10
*** TURN *** [5s Tc 4s] [Qs]
Wildee182: checks 
ToadMush: checks 
*** RIVER *** [5s Tc 4s Qs] [7c]
Wildee182: checks 
ToadMush: bets $0.28
Wildee182: folds 
Uncalled bet ($0.28) returned to ToadMush
ToadMush collected $0.47 from pot
ToadMush: doesn't show hand 
*** SUMMARY ***
Total pot $0.49 | Rake $0.02 
Board [5s Tc 4s Qs 7c]
Seat 1: Redmag666 folded before Flop (didn't bet)
Seat 2: felipe002323 folded before Flop (didn't bet)
Seat 3: HardMickey83 folded before Flop (didn't bet)
Seat 4: Vadimur1962 folded before Flop (didn't bet)
Seat 5: asdabelle folded before Flop (didn't bet)
Seat 6: ToadMush collected ($0.47)
Seat 7: Dorex2007 (button) folded before Flop (didn't bet)
Seat 8: marcos jo196 (small blind) folded before Flop
Seat 9: Wildee182 (big blind) folded on the River



PokerStars Hand #226202112707:  Hold'em No Limit ($0.01/$0.02 USD) - 2021/04/25 18:04:52 PT [2021/04/25 21:04:52 ET]
Table 'Vesale III' 9-max Seat #8 is the button
Seat 1: Redmag666 ($2 in chips) 
Seat 2: felipe002323 ($0.93 in chips) 
Seat 3: HardMickey83 ($2.54 in chips) 
Seat 4: Vadimur1962 ($2.88 in chips) 
Seat 5: asdabelle ($1.17 in chips) 
Seat 6: ToadMush ($2.49 in chips) 
Seat 7: Dorex2007 ($2 in chips) 
Seat 8: marcos jo196 ($2.08 in chips) 
Seat 9: Wildee182 ($1.02 in chips) 
Wildee182: posts small blind $0.01
Redmag666: posts big blind $0.02
*** HOLE CARDS ***
Dealt to Dorex2007 [Ac 2c]
felipe002323: folds 
HardMickey83: folds 
Vadimur1962: folds 
asdabelle: folds 
ToadMush: folds 
Dorex2007: calls $0.02
marcos jo196: folds 
Wildee182: calls $0.01
Redmag666: checks 
*** FLOP *** [8s Ad Jd]
Wildee182: checks 
Redmag666: checks 
Dorex2007: checks 
*** TURN *** [8s Ad Jd] [9c]
Wildee182: bets $0.04
Redmag666: folds 
Dorex2007: calls $0.04
*** RIVER *** [8s Ad Jd 9c] [Ah]
Wildee182: checks 
Dorex2007: bets $0.07
Wildee182: raises $0.14 to $0.21
Dorex2007: raises $1.73 to $1.94 and is all-in
Wildee182: folds 
Uncalled bet ($1.73) returned to Dorex2007
Dorex2007 collected $0.54 from pot
Dorex2007: doesn't show hand 
*** SUMMARY ***
Total pot $0.56 | Rake $0.02 
Board [8s Ad Jd 9c Ah]
Seat 1: Redmag666 (big blind) folded on the Turn
Seat 2: felipe002323 folded before Flop (didn't bet)
Seat 3: HardMickey83 folded before Flop (didn't bet)
Seat 4: Vadimur1962 folded before Flop (didn't bet)
Seat 5: asdabelle folded before Flop (didn't bet)
Seat 6: ToadMush folded before Flop (didn't bet)
Seat 7: Dorex2007 collected ($0.54)
Seat 8: marcos jo196 (button) folded before Flop (didn't bet)
Seat 9: Wildee182 (small blind) folded on the River



PokerStars Hand #226202141317:  Hold'em No Limit ($0.01/$0.02 USD) - 2021/04/25 18:06:20 PT [2021/04/25 21:06:20 ET]
Table 'Vesale III' 9-max Seat #9 is the button
Seat 1: Redmag666 ($2 in chips) 
Seat 2: felipe002323 ($0.93 in chips) 
Seat 3: HardMickey83 ($2.54 in chips) 
Seat 4: Vadimur1962 ($2.88 in chips) 
Seat 5: asdabelle ($1.17 in chips) 
Seat 6: ToadMush ($2.49 in chips) 
Seat 7: Dorex2007 ($2.27 in chips) 
Seat 8: marcos jo196 ($2.08 in chips) 
Seat 9: Wildee182 ($0.75 in chips) 
Redmag666: posts small blind $0.01
felipe002323: posts big blind $0.02
*** HOLE CARDS ***
Dealt to Dorex2007 [Td Qh]
HardMickey83: folds 
Vadimur1962: folds 
asdabelle: folds 
ToadMush: raises $0.03 to $0.05
Dorex2007: folds 
marcos jo196: raises $0.13 to $0.18
Wildee182: folds 
Wildee182 leaves the table
Redmag666: folds 
felipe002323: calls $0.16
ToadMush: raises $0.42 to $0.60
marcos jo196: raises $1.48 to $2.08 and is all-in
felipe002323: calls $0.75 and is all-in
ToadMush: calls $1.48
*** FLOP *** [8c 6h 7s]
POLLO ISRA75 joins the table at seat #9 
*** TURN *** [8c 6h 7s] [Jc]
*** RIVER *** [8c 6h 7s Jc] [3s]
*** SHOW DOWN ***
ToadMush: shows [Ks Kh] (a pair of Kings)
marcos jo196: shows [Js Jd] (three of a kind, Jacks)
marcos jo196 collected $2.22 from side pot
felipe002323: shows [Ad Kd] (high card Ace)
marcos jo196 collected $2.70 from main pot
*** SUMMARY ***
Total pot $5.10 Main pot $2.70. Side pot $2.22. | Rake $0.18 
Board [8c 6h 7s Jc 3s]
Seat 1: Redmag666 (small blind) folded before Flop
Seat 2: felipe002323 (big blind) showed [Ad Kd] and lost with high card Ace
Seat 3: HardMickey83 folded before Flop (didn't bet)
Seat 4: Vadimur1962 folded before Flop (didn't bet)
Seat 5: asdabelle folded before Flop (didn't bet)
Seat 6: ToadMush showed [Ks Kh] and lost with a pair of Kings
Seat 7: Dorex2007 folded before Flop (didn't bet)
Seat 8: marcos jo196 showed [Js Jd] and won ($4.92) with three of a kind, Jacks
Seat 9: Wildee182 (button) folded before Flop (didn't bet)



PokerStars Hand #226202158411:  Hold'em No Limit ($0.01/$0.02 USD) - 2021/04/25 18:07:20 PT [2021/04/25 21:07:20 ET]
Table 'Vesale III' 9-max Seat #1 is the button
Seat 1: Redmag666 ($2 in chips) 
Seat 3: HardMickey83 ($2.54 in chips) 
Seat 4: Vadimur1962 ($2.88 in chips) 
Seat 5: asdabelle ($1.17 in chips) 
Seat 6: ToadMush ($0.41 in chips) 
Seat 7: Dorex2007 ($2.27 in chips) 
Seat 8: marcos jo196 ($4.92 in chips) 
HardMickey83: posts small blind $0.01
Vadimur1962: posts big blind $0.02
POLLO ISRA75: sits out 
*** HOLE CARDS ***
Dealt to Dorex2007 [3c Td]
asdabelle: folds 
ToadMush: folds 
Dorex2007: folds 
marcos jo196: calls $0.02
Redmag666: folds 
HardMickey83: raises $0.06 to $0.08
Vadimur1962: folds 
marcos jo196: calls $0.06
*** FLOP *** [4h Ah 5h]
HardMickey83: checks 
marcos jo196: bets $0.08
HardMickey83: calls $0.08
*** TURN *** [4h Ah 5h] [Jd]
HardMickey83: checks 
marcos jo196: checks 
*** RIVER *** [4h Ah 5h Jd] [Kd]
HardMickey83: checks 
marcos jo196: checks 
*** SHOW DOWN ***
HardMickey83: shows [Ad Qh] (a pair of Aces)
marcos jo196: mucks hand 
HardMickey83 collected $0.33 from pot
*** SUMMARY ***
Total pot $0.34 | Rake $0.01 
Board [4h Ah 5h Jd Kd]
Seat 1: Redmag666 (button) folded before Flop (didn't bet)
Seat 3: HardMickey83 (small blind) showed [Ad Qh] and won ($0.33) with a pair of Aces
Seat 4: Vadimur1962 (big blind) folded before Flop
Seat 5: asdabelle folded before Flop (didn't bet)
Seat 6: ToadMush folded before Flop (didn't bet)
Seat 7: Dorex2007 folded before Flop (didn't bet)
Seat 8: marcos jo196 mucked [9s 8h]



PokerStars Hand #226202174027:  Hold'em No Limit ($0.01/$0.02 USD) - 2021/04/25 18:08:15 PT [2021/04/25 21:08:15 ET]
Table 'Vesale III' 9-max Seat #3 is the button
Seat 1: Redmag666 ($2 in chips) 
Seat 2: felipe002323 ($1 in chips) 
Seat 3: HardMickey83 ($2.71 in chips) 
Seat 4: Vadimur1962 ($2.86 in chips) 
Seat 5: asdabelle ($1.17 in chips) 
Seat 6: ToadMush ($2 in chips) 
Seat 7: Dorex2007 ($2.27 in chips) 
Seat 8: marcos jo196 ($4.76 in chips) 
Seat 9: POLLO ISRA75 ($2 in chips) 
Vadimur1962: posts small blind $0.01
asdabelle: posts big blind $0.02
POLLO ISRA75: posts big blind $0.02
felipe002323: posts small blind $0.01
*** HOLE CARDS ***
Dealt to Dorex2007 [Ts Qd]
ToadMush: folds 
Dorex2007: folds 
marcos jo196: folds 
POLLO ISRA75: checks 
Redmag666: folds 
felipe002323 has timed out
felipe002323: folds 
HardMickey83: raises $0.06 to $0.08
Vadimur1962: folds 
asdabelle: calls $0.06
POLLO ISRA75: folds 
*** FLOP *** [6d 8d Th]
asdabelle: checks 
HardMickey83: bets $0.13
asdabelle: folds 
Uncalled bet ($0.13) returned to HardMickey83
HardMickey83 collected $0.19 from pot
HardMickey83: doesn't show hand 
*** SUMMARY ***
Total pot $0.20 | Rake $0.01 
Board [6d 8d Th]
Seat 1: Redmag666 folded before Flop (didn't bet)
Seat 2: felipe002323 folded before Flop (didn't bet)
Seat 3: HardMickey83 (button) collected ($0.19)
Seat 4: Vadimur1962 (small blind) folded before Flop
Seat 5: asdabelle (big blind) folded on the Flop
Seat 6: ToadMush folded before Flop (didn't bet)
Seat 7: Dorex2007 folded before Flop (didn't bet)
Seat 8: marcos jo196 folded before Flop (didn't bet)
Seat 9: POLLO ISRA75 folded before Flop (didn't bet)



PokerStars Hand #226202192336:  Hold'em No Limit ($0.01/$0.02 USD) - 2021/04/25 18:09:20 PT [2021/04/25 21:09:20 ET]
Table 'Vesale III' 9-max Seat #4 is the button
Seat 1: Redmag666 ($2 in chips) 
Seat 3: HardMickey83 ($2.82 in chips) 
Seat 4: Vadimur1962 ($2.85 in chips) 
Seat 5: asdabelle ($1.09 in chips) 
Seat 6: ToadMush ($2 in chips) 
Seat 7: Dorex2007 ($2.27 in chips) 
Seat 8: marcos jo196 ($4.76 in chips) 
Seat 9: POLLO ISRA75 ($1.98 in chips) 
asdabelle: posts small blind $0.01
ToadMush: posts big blind $0.02
*** HOLE CARDS ***
Dealt to Dorex2007 [Th 8d]
Dorex2007: folds 
marcos jo196: folds 
POLLO ISRA75: folds 
Redmag666: folds 
HardMickey83: raises $0.04 to $0.06
Vadimur1962: folds 
asdabelle: calls $0.05
ToadMush: folds 
*** FLOP *** [6c Ks Qc]
asdabelle: checks 
HardMickey83: bets $0.09
asdabelle: folds 
Uncalled bet ($0.09) returned to HardMickey83
HardMickey83 collected $0.14 from pot
HardMickey83: doesn't show hand 
*** SUMMARY ***
Total pot $0.14 | Rake $0 
Board [6c Ks Qc]
Seat 1: Redmag666 folded before Flop (didn't bet)
Seat 3: HardMickey83 collected ($0.14)
Seat 4: Vadimur1962 (button) folded before Flop (didn't bet)
Seat 5: asdabelle (small blind) folded on the Flop
Seat 6: ToadMush (big blind) folded before Flop
Seat 7: Dorex2007 folded before Flop (didn't bet)
Seat 8: marcos jo196 folded before Flop (didn't bet)
Seat 9: POLLO ISRA75 folded before Flop (didn't bet)



PokerStars Hand #226202200525:  Hold'em No Limit ($0.01/$0.02 USD) - 2021/04/25 18:09:49 PT [2021/04/25 21:09:49 ET]
Table 'Vesale III' 9-max Seat #5 is the button
Seat 1: Redmag666 ($2 in chips) 
Seat 3: HardMickey83 ($2.90 in chips) 
Seat 4: Vadimur1962 ($2.85 in chips) 
Seat 5: asdabelle ($1.03 in chips) 
Seat 6: ToadMush ($1.98 in chips) 
Seat 7: Dorex2007 ($2.27 in chips) 
Seat 8: marcos jo196 ($4.76 in chips) 
Seat 9: POLLO ISRA75 ($1.98 in chips) 
ToadMush: posts small blind $0.01
Dorex2007: posts big blind $0.02
*** HOLE CARDS ***
Dealt to Dorex2007 [Jd 9d]
marcos jo196: folds 
POLLO ISRA75: folds 
Redmag666: folds 
HardMickey83: folds 
Vadimur1962: folds 
asdabelle: calls $0.02
ToadMush: folds 
Dorex2007: checks 
*** FLOP *** [8c Ts Qh]
Dorex2007: checks 
asdabelle: checks 
*** TURN *** [8c Ts Qh] [3c]
Dorex2007: checks 
asdabelle: checks 
*** RIVER *** [8c Ts Qh 3c] [4c]
Dorex2007: bets $0.05
asdabelle: folds 
Uncalled bet ($0.05) returned to Dorex2007
Dorex2007 collected $0.05 from pot
Dorex2007: doesn't show hand 
*** SUMMARY ***
Total pot $0.05 | Rake $0 
Board [8c Ts Qh 3c 4c]
Seat 1: Redmag666 folded before Flop (didn't bet)
Seat 3: HardMickey83 folded before Flop (didn't bet)
Seat 4: Vadimur1962 folded before Flop (didn't bet)
Seat 5: asdabelle (button) folded on the River
Seat 6: ToadMush (small blind) folded before Flop
Seat 7: Dorex2007 (big blind) collected ($0.05)
Seat 8: marcos jo196 folded before Flop (didn't bet)
Seat 9: POLLO ISRA75 folded before Flop (didn't bet)



PokerStars Hand #226202211161:  Hold'em No Limit ($0.01/$0.02 USD) - 2021/04/25 18:10:26 PT [2021/04/25 21:10:26 ET]
Table 'Vesale III' 9-max Seat #6 is the button
Seat 1: Redmag666 ($2 in chips) 
Seat 2: felipe002323 ($0.99 in chips) 
Seat 3: HardMickey83 ($2.90 in chips) 
Seat 4: Vadimur1962 ($2.85 in chips) 
Seat 5: asdabelle ($1.01 in chips) 
Seat 6: ToadMush ($1.97 in chips) 
Seat 7: Dorex2007 ($2.30 in chips) 
Seat 8: marcos jo196 ($4.76 in chips) 
Seat 9: POLLO ISRA75 ($1.98 in chips) 
Dorex2007: posts small blind $0.01
marcos jo196: posts big blind $0.02
*** HOLE CARDS ***
Dealt to Dorex2007 [5c 2h]
POLLO ISRA75: folds 
Redmag666: folds 
felipe002323: folds 
HardMickey83: raises $0.04 to $0.06
Vadimur1962: folds 
asdabelle: folds 
ToadMush: folds 
Dorex2007: folds 
marcos jo196: calls $0.04
*** FLOP *** [Ad 6d 2d]
marcos jo196: checks 
HardMickey83: checks 
*** TURN *** [Ad 6d 2d] [9h]
marcos jo196: checks 
HardMickey83: checks 
*** RIVER *** [Ad 6d 2d 9h] [2s]
marcos jo196: checks 
HardMickey83: bets $0.04
marcos jo196: folds 
Uncalled bet ($0.04) returned to HardMickey83
HardMickey83 collected $0.13 from pot
HardMickey83: doesn't show hand 
*** SUMMARY ***
Total pot $0.13 | Rake $0 
Board [Ad 6d 2d 9h 2s]
Seat 1: Redmag666 folded before Flop (didn't bet)
Seat 2: felipe002323 folded before Flop (didn't bet)
Seat 3: HardMickey83 collected ($0.13)
Seat 4: Vadimur1962 folded before Flop (didn't bet)
Seat 5: asdabelle folded before Flop (didn't bet)
Seat 6: ToadMush (button) folded before Flop (didn't bet)
Seat 7: Dorex2007 (small blind) folded before Flop
Seat 8: marcos jo196 (big blind) folded on the River
Seat 9: POLLO ISRA75 folded before Flop (didn't bet)



PokerStars Hand #226202222905:  Hold'em No Limit ($0.01/$0.02 USD) - 2021/04/25 18:11:07 PT [2021/04/25 21:11:07 ET]
Table 'Vesale III' 9-max Seat #7 is the button
Seat 1: Redmag666 ($2 in chips) 
Seat 2: felipe002323 ($0.99 in chips) 
Seat 3: HardMickey83 ($2.97 in chips) 
Seat 4: Vadimur1962 ($2.85 in chips) 
Seat 5: asdabelle ($1.01 in chips) 
Seat 6: ToadMush ($1.97 in chips) 
Seat 7: Dorex2007 ($2.29 in chips) 
Seat 8: marcos jo196 ($4.70 in chips) 
Seat 9: POLLO ISRA75 ($1.98 in chips) 
marcos jo196: posts small blind $0.01
POLLO ISRA75: posts big blind $0.02
*** HOLE CARDS ***
Dealt to Dorex2007 [8c 7c]
Redmag666: folds 
felipe002323: folds 
HardMickey83: folds 
Vadimur1962: calls $0.02
asdabelle: folds 
ToadMush: folds 
Dorex2007: calls $0.02
marcos jo196: calls $0.01
POLLO ISRA75: checks 
*** FLOP *** [5h Qc 6h]
marcos jo196: checks 
POLLO ISRA75: checks 
Vadimur1962: bets $0.04
Dorex2007: calls $0.04
marcos jo196: folds 
POLLO ISRA75: folds 
*** TURN *** [5h Qc 6h] [5s]
Vadimur1962: bets $0.05
Dorex2007: calls $0.05
*** RIVER *** [5h Qc 6h 5s] [7h]
Vadimur1962: checks 
Dorex2007: checks 
*** SHOW DOWN ***
Vadimur1962: shows [Ac Qh] (two pair, Queens and Fives)
Dorex2007: mucks hand 
Vadimur1962 collected $0.25 from pot
*** SUMMARY ***
Total pot $0.26 | Rake $0.01 
Board [5h Qc 6h 5s 7h]
Seat 1: Redmag666 folded before Flop (didn't bet)
Seat 2: felipe002323 folded before Flop (didn't bet)
Seat 3: HardMickey83 folded before Flop (didn't bet)
Seat 4: Vadimur1962 showed [Ac Qh] and won ($0.25) with two pair, Queens and Fives
Seat 5: asdabelle folded before Flop (didn't bet)
Seat 6: ToadMush folded before Flop (didn't bet)
Seat 7: Dorex2007 (button) mucked [8c 7c]
Seat 8: marcos jo196 (small blind) folded on the Flop
Seat 9: POLLO ISRA75 (big blind) folded on the Flop



PokerStars Hand #226202254154:  Hold'em No Limit ($0.01/$0.02 USD) - 2021/04/25 18:12:22 PT [2021/04/25 21:12:22 ET]
Table 'Vesale III' 9-max Seat #8 is the button
Seat 1: Redmag666 ($2 in chips) 
Seat 2: felipe002323 ($0.99 in chips) 
Seat 3: HardMickey83 ($2.97 in chips) 
Seat 4: Vadimur1962 ($2.99 in chips) 
Seat 5: asdabelle ($1.01 in chips) 
Seat 6: ToadMush ($1.97 in chips) 
Seat 7: Dorex2007 ($2.18 in chips) 
Seat 8: marcos jo196 ($4.68 in chips) 
Seat 9: POLLO ISRA75 ($1.96 in chips) 
POLLO ISRA75: posts small blind $0.01
Redmag666: posts big blind $0.02
*** HOLE CARDS ***
Dealt to Dorex2007 [7h 6s]
felipe002323: calls $0.02
HardMickey83: folds 
Vadimur1962: folds 
asdabelle: folds 
ToadMush: folds 
Dorex2007: folds 
marcos jo196: folds 
POLLO ISRA75: folds 
Redmag666: checks 
*** FLOP *** [Qc 8d 9c]
Redmag666: checks 
felipe002323: bets $0.02
Redmag666: calls $0.02
*** TURN *** [Qc 8d 9c] [5s]
Redmag666: checks 
felipe002323: bets $0.02
Redmag666: calls $0.02
*** RIVER *** [Qc 8d 9c 5s] [8s]
Redmag666: checks 
felipe002323: bets $0.02
Redmag666: calls $0.02
*** SHOW DOWN ***
felipe002323: shows [Jd 9s] (two pair, Nines and Eights)
Redmag666: shows [9d Ac] (two pair, Nines and Eights - Ace kicker)
Redmag666 collected $0.16 from pot
*** SUMMARY ***
Total pot $0.17 | Rake $0.01 
Board [Qc 8d 9c 5s 8s]
Seat 1: Redmag666 (big blind) showed [9d Ac] and won ($0.16) with two pair, Nines and Eights
Seat 2: felipe002323 showed [Jd 9s] and lost with two pair, Nines and Eights
Seat 3: HardMickey83 folded before Flop (didn't bet)
Seat 4: Vadimur1962 folded before Flop (didn't bet)
Seat 5: asdabelle folded before Flop (didn't bet)
Seat 6: ToadMush folded before Flop (didn't bet)
Seat 7: Dorex2007 folded before Flop (didn't bet)
Seat 8: marcos jo196 (button) folded before Flop (didn't bet)
Seat 9: POLLO ISRA75 (small blind) folded before Flop



PokerStars Hand #226202268788:  Hold'em No Limit ($0.01/$0.02 USD) - 2021/04/25 18:13:13 PT [2021/04/25 21:13:13 ET]
Table 'Vesale III' 9-max Seat #9 is the button
Seat 1: Redmag666 ($2.08 in chips) 
Seat 2: felipe002323 ($0.91 in chips) 
Seat 3: HardMickey83 ($2.97 in chips) 
Seat 4: Vadimur1962 ($2.99 in chips) 
Seat 5: asdabelle ($1.01 in chips) 
Seat 6: ToadMush ($1.97 in chips) 
Seat 7: Dorex2007 ($2.18 in chips) 
Seat 8: marcos jo196 ($4.68 in chips) 
Seat 9: POLLO ISRA75 ($1.95 in chips) 
Redmag666: posts small blind $0.01
felipe002323: posts big blind $0.02
*** HOLE CARDS ***
Dealt to Dorex2007 [Kc Qs]
HardMickey83: folds 
Vadimur1962: folds 
asdabelle: folds 
ToadMush: folds 
HardMickey83 leaves the table
Dorex2007: raises $0.04 to $0.06
marcos jo196: folds 
TIQM joins the table at seat #3 
POLLO ISRA75: calls $0.06
Redmag666: folds 
felipe002323: raises $0.85 to $0.91 and is all-in
Dorex2007: folds 
POLLO ISRA75: folds 
Uncalled bet ($0.85) returned to felipe002323
felipe002323 collected $0.19 from pot
*** SUMMARY ***
Total pot $0.19 | Rake $0 
Seat 1: Redmag666 (small blind) folded before Flop
Seat 2: felipe002323 (big blind) collected ($0.19)
Seat 3: HardMickey83 folded before Flop (didn't bet)
Seat 4: Vadimur1962 folded before Flop (didn't bet)
Seat 5: asdabelle folded before Flop (didn't bet)
Seat 6: ToadMush folded before Flop (didn't bet)
Seat 7: Dorex2007 folded before Flop
Seat 8: marcos jo196 folded before Flop (didn't bet)
Seat 9: POLLO ISRA75 (button) folded before Flop



PokerStars Hand #226202281872:  Hold'em No Limit ($0.01/$0.02 USD) - 2021/04/25 18:14:00 PT [2021/04/25 21:14:00 ET]
Table 'Vesale III' 9-max Seat #1 is the button
Seat 1: Redmag666 ($2.07 in chips) 
Seat 2: felipe002323 ($1.04 in chips) 
Seat 3: TIQM ($2 in chips) 
Seat 4: Vadimur1962 ($2.99 in chips) 
Seat 5: asdabelle ($1.01 in chips) 
Seat 6: ToadMush ($1.97 in chips) 
Seat 7: Dorex2007 ($2.12 in chips) 
Seat 8: marcos jo196 ($4.68 in chips) 
Seat 9: POLLO ISRA75 ($1.89 in chips) 
felipe002323: posts small blind $0.01
TIQM: posts big blind $0.02
*** HOLE CARDS ***
Dealt to Dorex2007 [2c Qs]
Vadimur1962: raises $0.04 to $0.06
asdabelle: folds 
ToadMush: folds 
Dorex2007: folds 
marcos jo196: folds 
POLLO ISRA75: calls $0.06
Redmag666: folds 
felipe002323: calls $0.05
TIQM: folds 
*** FLOP *** [4d 7c 5h]
felipe002323: checks 
Vadimur1962: bets $0.06
POLLO ISRA75: calls $0.06
felipe002323: folds 
*** TURN *** [4d 7c 5h] [4c]
Vadimur1962: bets $0.06
POLLO ISRA75: calls $0.06
*** RIVER *** [4d 7c 5h 4c] [Kc]
Vadimur1962: checks 
POLLO ISRA75: checks 
*** SHOW DOWN ***
Vadimur1962: shows [Qc Qh] (two pair, Queens and Fours)
POLLO ISRA75: mucks hand 
Vadimur1962 collected $0.42 from pot
*** SUMMARY ***
Total pot $0.44 | Rake $0.02 
Board [4d 7c 5h 4c Kc]
Seat 1: Redmag666 (button) folded before Flop (didn't bet)
Seat 2: felipe002323 (small blind) folded on the Flop
Seat 3: TIQM (big blind) folded before Flop
Seat 4: Vadimur1962 showed [Qc Qh] and won ($0.42) with two pair, Queens and Fours
Seat 5: asdabelle folded before Flop (didn't bet)
Seat 6: ToadMush folded before Flop (didn't bet)
Seat 7: Dorex2007 folded before Flop (didn't bet)
Seat 8: marcos jo196 folded before Flop (didn't bet)
Seat 9: POLLO ISRA75 mucked [2d 3d]



PokerStars Hand #226202305739:  Hold'em No Limit ($0.01/$0.02 USD) - 2021/04/25 18:15:24 PT [2021/04/25 21:15:24 ET]
Table 'Vesale III' 9-max Seat #2 is the button
Seat 1: Redmag666 ($2.07 in chips) 
Seat 2: felipe002323 ($0.98 in chips) 
Seat 3: TIQM ($1.98 in chips) 
Seat 4: Vadimur1962 ($3.23 in chips) 
Seat 5: asdabelle ($1.01 in chips) 
Seat 6: ToadMush ($1.97 in chips) 
Seat 7: Dorex2007 ($2.12 in chips) 
Seat 8: marcos jo196 ($4.68 in chips) 
Seat 9: POLLO ISRA75 ($1.71 in chips) 
TIQM: posts small blind $0.01
Vadimur1962: posts big blind $0.02
*** HOLE CARDS ***
Dealt to Dorex2007 [Ad 9d]
asdabelle: calls $0.02
ToadMush: folds 
Dorex2007: raises $0.04 to $0.06
marcos jo196: folds 
POLLO ISRA75: folds 
Redmag666: folds 
felipe002323: folds 
TIQM: folds 
Vadimur1962: calls $0.04
asdabelle: calls $0.04
*** FLOP *** [Td Qs 7d]
Vadimur1962: checks 
asdabelle: bets $0.06
Dorex2007: raises $0.12 to $0.18
Vadimur1962: folds 
asdabelle: folds 
Uncalled bet ($0.12) returned to Dorex2007
Dorex2007 collected $0.30 from pot
Dorex2007: doesn't show hand 
*** SUMMARY ***
Total pot $0.31 | Rake $0.01 
Board [Td Qs 7d]
Seat 1: Redmag666 folded before Flop (didn't bet)
Seat 2: felipe002323 (button) folded before Flop (didn't bet)
Seat 3: TIQM (small blind) folded before Flop
Seat 4: Vadimur1962 (big blind) folded on the Flop
Seat 5: asdabelle folded on the Flop
Seat 6: ToadMush folded before Flop (didn't bet)
Seat 7: Dorex2007 collected ($0.30)
Seat 8: marcos jo196 folded before Flop (didn't bet)
Seat 9: POLLO ISRA75 folded before Flop (didn't bet)



PokerStars Hand #226202320382:  Hold'em No Limit ($0.01/$0.02 USD) - 2021/04/25 18:16:16 PT [2021/04/25 21:16:16 ET]
Table 'Vesale III' 9-max Seat #3 is the button
Seat 1: Redmag666 ($2.07 in chips) 
Seat 2: felipe002323 ($0.98 in chips) 
Seat 3: TIQM ($1.97 in chips) 
Seat 4: Vadimur1962 ($3.17 in chips) 
Seat 6: ToadMush ($1.97 in chips) 
Seat 7: Dorex2007 ($2.30 in chips) 
Seat 8: marcos jo196 ($4.68 in chips) 
Seat 9: POLLO ISRA75 ($1.71 in chips) 
Vadimur1962: posts small blind $0.01
asdabelle: is sitting out 
ToadMush: posts big blind $0.02
*** HOLE CARDS ***
Dealt to Dorex2007 [9c 9d]
Dorex2007: raises $0.04 to $0.06
marcos jo196: calls $0.06
POLLO ISRA75: folds 
Redmag666: folds 
asdabelle leaves the table
felipe002323: folds 
TIQM: folds 
Vadimur1962: folds 
ToadMush: calls $0.04
*** FLOP *** [4h 5h Js]
ToadMush: checks 
Dorex2007: bets $0.12
alexvgb444 joins the table at seat #5 
marcos jo196: folds 
ToadMush: calls $0.12
*** TURN *** [4h 5h Js] [Jc]
ToadMush: checks 
Dorex2007: bets $0.41
ToadMush: calls $0.41
*** RIVER *** [4h 5h Js Jc] [Tc]
ToadMush: checks 
Dorex2007: checks 
*** SHOW DOWN ***
ToadMush: shows [8s 8h] (two pair, Jacks and Eights)
Dorex2007: shows [9c 9d] (two pair, Jacks and Nines)
Dorex2007 collected $1.21 from pot
*** SUMMARY ***
Total pot $1.25 | Rake $0.04 
Board [4h 5h Js Jc Tc]
Seat 1: Redmag666 folded before Flop (didn't bet)
Seat 2: felipe002323 folded before Flop (didn't bet)
Seat 3: TIQM (button) folded before Flop (didn't bet)
Seat 4: Vadimur1962 (small blind) folded before Flop
Seat 6: ToadMush (big blind) showed [8s 8h] and lost with two pair, Jacks and Eights
Seat 7: Dorex2007 showed [9c 9d] and won ($1.21) with two pair, Jacks and Nines
Seat 8: marcos jo196 folded on the Flop
Seat 9: POLLO ISRA75 folded before Flop (didn't bet)



PokerStars Hand #226202343213:  Hold'em No Limit ($0.01/$0.02 USD) - 2021/04/25 18:17:23 PT [2021/04/25 21:17:23 ET]
Table 'Vesale III' 9-max Seat #4 is the button
Seat 1: Redmag666 ($2.07 in chips) 
Seat 2: felipe002323 ($0.98 in chips) 
Seat 3: TIQM ($1.97 in chips) 
Seat 4: Vadimur1962 ($3.16 in chips) 
Seat 6: ToadMush ($1.38 in chips) 
Seat 7: Dorex2007 ($2.92 in chips) 
Seat 8: marcos jo196 ($4.62 in chips) 
Seat 9: POLLO ISRA75 ($1.71 in chips) 
ToadMush: posts small blind $0.01
Dorex2007: posts big blind $0.02
*** HOLE CARDS ***
Dealt to Dorex2007 [Ah 7h]
marcos jo196: calls $0.02
POLLO ISRA75 has timed out
POLLO ISRA75: folds 
Redmag666: folds 
felipe002323: calls $0.02
TIQM: calls $0.02
Vadimur1962: folds 
POLLO ISRA75 is disconnected 
ToadMush: raises $0.10 to $0.12
Dorex2007: folds 
marcos jo196: calls $0.10
felipe002323: calls $0.10
TIQM: folds 
*** FLOP *** [7d 8h 3d]
ToadMush: bets $0.22
marcos jo196: folds 
felipe002323: folds 
Uncalled bet ($0.22) returned to ToadMush
ToadMush collected $0.39 from pot
ToadMush: doesn't show hand 
*** SUMMARY ***
Total pot $0.40 | Rake $0.01 
Board [7d 8h 3d]
Seat 1: Redmag666 folded before Flop (didn't bet)
Seat 2: felipe002323 folded on the Flop
Seat 3: TIQM folded before Flop
Seat 4: Vadimur1962 (button) folded before Flop (didn't bet)
Seat 6: ToadMush (small blind) collected ($0.39)
Seat 7: Dorex2007 (big blind) folded before Flop
Seat 8: marcos jo196 folded on the Flop
Seat 9: POLLO ISRA75 folded before Flop (didn't bet)



PokerStars Hand #226202365790:  Hold'em No Limit ($0.01/$0.02 USD) - 2021/04/25 18:18:45 PT [2021/04/25 21:18:45 ET]
Table 'Vesale III' 9-max Seat #6 is the button
Seat 1: Redmag666 ($2.07 in chips) 
Seat 2: felipe002323 ($0.86 in chips) 
Seat 3: TIQM ($1.95 in chips) 
Seat 4: Vadimur1962 ($3.16 in chips) 
Seat 5: alexvgb444 ($1 in chips) 
Seat 6: ToadMush ($2 in chips) 
Seat 7: Dorex2007 ($2.90 in chips) 
Seat 8: marcos jo196 ($4.50 in chips) 
Dorex2007: posts small blind $0.01
marcos jo196: posts big blind $0.02
alexvgb444: posts big blind $0.02
*** HOLE CARDS ***
Dealt to Dorex2007 [8h 4h]
Redmag666: folds 
felipe002323: folds 
TIQM: folds 
Vadimur1962: folds 
alexvgb444: checks 
ToadMush: folds 
Dorex2007: calls $0.01
marcos jo196: checks 
*** FLOP *** [2h 8s 9s]
Dorex2007: bets $0.06
marcos jo196: folds 
alexvgb444: folds 
Uncalled bet ($0.06) returned to Dorex2007
Dorex2007 collected $0.06 from pot
Dorex2007: doesn't show hand 
*** SUMMARY ***
Total pot $0.06 | Rake $0 
Board [2h 8s 9s]
Seat 1: Redmag666 folded before Flop (didn't bet)
Seat 2: felipe002323 folded before Flop (didn't bet)
Seat 3: TIQM folded before Flop (didn't bet)
Seat 4: Vadimur1962 folded before Flop (didn't bet)
Seat 5: alexvgb444 folded on the Flop (didn't bet)
Seat 6: ToadMush (button) folded before Flop (didn't bet)
Seat 7: Dorex2007 (small blind) collected ($0.06)
Seat 8: marcos jo196 (big blind) folded on the Flop



PokerStars Hand #226202372792:  Hold'em No Limit ($0.01/$0.02 USD) - 2021/04/25 18:19:10 PT [2021/04/25 21:19:10 ET]
Table 'Vesale III' 9-max Seat #7 is the button
Seat 1: Redmag666 ($2.07 in chips) 
Seat 2: felipe002323 ($0.86 in chips) 
Seat 3: TIQM ($1.95 in chips) 
Seat 4: Vadimur1962 ($3.16 in chips) 
Seat 5: alexvgb444 ($0.98 in chips) 
Seat 6: ToadMush ($2 in chips) 
Seat 7: Dorex2007 ($2.94 in chips) 
Seat 8: marcos jo196 ($4.48 in chips) 
marcos jo196: posts small blind $0.01
Redmag666: posts big blind $0.02
*** HOLE CARDS ***
Dealt to Dorex2007 [Qs 7h]
felipe002323: calls $0.02
TIQM: folds 
Vadimur1962: raises $0.04 to $0.06
alexvgb444: folds 
ToadMush: raises $0.16 to $0.22
Dorex2007: folds 
marcos jo196: folds 
Redmag666: folds 
felipe002323: raises $0.64 to $0.86 and is all-in
Vadimur1962: folds 
ToadMush: calls $0.64
*** FLOP *** [5h 5s 3h]
*** TURN *** [5h 5s 3h] [7s]
*** RIVER *** [5h 5s 3h 7s] [Jd]
*** SHOW DOWN ***
felipe002323: shows [8h 8s] (two pair, Eights and Fives)
ToadMush: shows [Kc As] (a pair of Fives)
felipe002323 collected $1.75 from pot
*** SUMMARY ***
Total pot $1.81 | Rake $0.06 
Board [5h 5s 3h 7s Jd]
Seat 1: Redmag666 (big blind) folded before Flop
Seat 2: felipe002323 showed [8h 8s] and won ($1.75) with two pair, Eights and Fives
Seat 3: TIQM folded before Flop (didn't bet)
Seat 4: Vadimur1962 folded before Flop
Seat 5: alexvgb444 folded before Flop (didn't bet)
Seat 6: ToadMush showed [Kc As] and lost with a pair of Fives
Seat 7: Dorex2007 (button) folded before Flop (didn't bet)
Seat 8: marcos jo196 (small blind) folded before Flop



PokerStars Hand #226202388571:  Hold'em No Limit ($0.01/$0.02 USD) - 2021/04/25 18:20:07 PT [2021/04/25 21:20:07 ET]
Table 'Vesale III' 9-max Seat #8 is the button
Seat 1: Redmag666 ($2.05 in chips) 
Seat 2: felipe002323 ($1.75 in chips) 
Seat 3: TIQM ($1.95 in chips) 
Seat 4: Vadimur1962 ($3.10 in chips) 
Seat 5: alexvgb444 ($0.98 in chips) 
Seat 6: ToadMush ($1.14 in chips) 
Seat 7: Dorex2007 ($2.94 in chips) 
Seat 8: marcos jo196 ($4.47 in chips) 
Redmag666: posts small blind $0.01
felipe002323: posts big blind $0.02
*** HOLE CARDS ***
Dealt to Dorex2007 [Ts 5s]
TIQM: folds 
Vadimur1962: folds 
alexvgb444: folds 
ToadMush: folds 
Dorex2007: folds 
marcos jo196: folds 
Redmag666: raises $0.03 to $0.05
felipe002323: calls $0.03
*** FLOP *** [9h Qh 8h]
Redmag666: checks 
felipe002323: checks 
*** TURN *** [9h Qh 8h] [4d]
Redmag666: checks 
felipe002323: bets $0.05
Redmag666: folds 
Uncalled bet ($0.05) returned to felipe002323
felipe002323 collected $0.10 from pot
*** SUMMARY ***
Total pot $0.10 | Rake $0 
Board [9h Qh 8h 4d]
Seat 1: Redmag666 (small blind) folded on the Turn
Seat 2: felipe002323 (big blind) collected ($0.10)
Seat 3: TIQM folded before Flop (didn't bet)
Seat 4: Vadimur1962 folded before Flop (didn't bet)
Seat 5: alexvgb444 folded before Flop (didn't bet)
Seat 6: ToadMush folded before Flop (didn't bet)
Seat 7: Dorex2007 folded before Flop (didn't bet)
Seat 8: marcos jo196 (button) folded before Flop (didn't bet)



PokerStars Hand #226202404023:  Hold'em No Limit ($0.01/$0.02 USD) - 2021/04/25 18:21:02 PT [2021/04/25 21:21:02 ET]
Table 'Vesale III' 9-max Seat #1 is the button
Seat 1: Redmag666 ($2 in chips) 
Seat 2: felipe002323 ($1.80 in chips) 
Seat 3: TIQM ($1.95 in chips) 
Seat 4: Vadimur1962 ($3.10 in chips) 
Seat 5: alexvgb444 ($0.98 in chips) 
Seat 6: ToadMush ($2 in chips) 
Seat 7: Dorex2007 ($2.94 in chips) 
Seat 8: marcos jo196 ($4.47 in chips) 
Seat 9: POLLO ISRA75 ($1.71 in chips) 
felipe002323: posts small blind $0.01
TIQM: posts big blind $0.02
POLLO ISRA75: posts small & big blinds $0.03
*** HOLE CARDS ***
Dealt to Dorex2007 [Js Qd]
Vadimur1962: folds 
alexvgb444: calls $0.02
ToadMush: raises $0.10 to $0.12
Dorex2007: folds 
marcos jo196: folds 
POLLO ISRA75: calls $0.10
Redmag666: folds 
felipe002323: calls $0.11
TIQM: folds 
alexvgb444: calls $0.10
*** FLOP *** [Th 9c 5c]
felipe002323: bets $0.06
alexvgb444: calls $0.06
ToadMush: raises $0.40 to $0.46
POLLO ISRA75: folds 
felipe002323: folds 
alexvgb444: calls $0.40
*** TURN *** [Th 9c 5c] [2s]
alexvgb444: checks 
ToadMush: bets $0.50
alexvgb444: calls $0.40 and is all-in
Uncalled bet ($0.10) returned to ToadMush
*** RIVER *** [Th 9c 5c 2s] [3s]
*** SHOW DOWN ***
alexvgb444: shows [8h Qh] (high card Queen)
ToadMush: shows [Jc Jh] (a pair of Jacks)
ToadMush collected $2.21 from pot
*** SUMMARY ***
Total pot $2.29 | Rake $0.08 
Board [Th 9c 5c 2s 3s]
Seat 1: Redmag666 (button) folded before Flop (didn't bet)
Seat 2: felipe002323 (small blind) folded on the Flop
Seat 3: TIQM (big blind) folded before Flop
Seat 4: Vadimur1962 folded before Flop (didn't bet)
Seat 5: alexvgb444 showed [8h Qh] and lost with high card Queen
Seat 6: ToadMush showed [Jc Jh] and won ($2.21) with a pair of Jacks
Seat 7: Dorex2007 folded before Flop (didn't bet)
Seat 8: marcos jo196 folded before Flop (didn't bet)
Seat 9: POLLO ISRA75 folded on the Flop



