PokerStars Hand #227879432600:  Hold'em No Limit ($0.01/$0.02 USD) - 2021/06/27 2:26:34 PT [2021/06/27 5:26:34 ET]
Table 'Circe III' 9-max Seat #4 is the button
Seat 1: Dorex2007 ($2 in chips) 
Seat 2: Szikla0223 ($1.67 in chips) 
Seat 4: umka186 ($3.18 in chips) 
Seat 5: Old Louis ($1.12 in chips) 
Seat 6: Termikid ($1.35 in chips) 
Seat 7: surikovka ($0.85 in chips) 
Seat 8: andrij777 ($0.96 in chips) 
Seat 9: letsg0fishin ($2.10 in chips) 
Old Louis: posts small blind $0.01
Termikid: posts big blind $0.02
Dorex2007: posts big blind $0.02
*** HOLE CARDS ***
Dealt to Dorex2007 [9c 8d]
surikovka: folds 
andrij777: calls $0.02
letsg0fishin: folds 
Dorex2007: checks 
Szikla0223: calls $0.02
umka186: folds 
Old Louis: calls $0.01
Termikid: checks 
*** FLOP *** [2s Qs Ks]
Old Louis: checks 
Termikid: checks 
andrij777: checks 
Dorex2007: checks 
Szikla0223: bets $0.10
Old Louis: folds 
Termikid: calls $0.10
andrij777: folds 
Dorex2007: folds 
*** TURN *** [2s Qs Ks] [9s]
Termikid: checks 
Szikla0223: checks 
*** RIVER *** [2s Qs Ks 9s] [Td]
Termikid: checks 
Szikla0223: checks 
*** SHOW DOWN ***
Termikid: shows [3s 8s] (a flush, King high)
Szikla0223: mucks hand 
Termikid collected $0.29 from pot
*** SUMMARY ***
Total pot $0.30 | Rake $0.01 
Board [2s Qs Ks 9s Td]
Seat 1: Dorex2007 folded on the Flop (didn't bet)
Seat 2: Szikla0223 mucked [Jh Kc]
Seat 4: umka186 (button) folded before Flop (didn't bet)
Seat 5: Old Louis (small blind) folded on the Flop
Seat 6: Termikid (big blind) showed [3s 8s] and won ($0.29) with a flush, King high
Seat 7: surikovka folded before Flop (didn't bet)
Seat 8: andrij777 folded on the Flop
Seat 9: letsg0fishin folded before Flop (didn't bet)



PokerStars Hand #227879445891:  Hold'em No Limit ($0.01/$0.02 USD) - 2021/06/27 2:27:42 PT [2021/06/27 5:27:42 ET]
Table 'Circe III' 9-max Seat #5 is the button
Seat 1: Dorex2007 ($1.98 in chips) 
Seat 2: Szikla0223 ($1.55 in chips) 
Seat 4: umka186 ($3.18 in chips) 
Seat 5: Old Louis ($1.10 in chips) 
Seat 6: Termikid ($1.52 in chips) 
Seat 7: surikovka ($0.85 in chips) 
Seat 8: andrij777 ($0.94 in chips) 
Seat 9: letsg0fishin ($2.10 in chips) 
Termikid: posts small blind $0.01
surikovka: posts big blind $0.02
*** HOLE CARDS ***
Dealt to Dorex2007 [4s 2s]
andrij777: folds 
letsg0fishin: folds 
Dorex2007: folds 
Szikla0223: folds 
umka186: folds 
Old Louis: calls $0.02
Termikid: folds 
surikovka: checks 
*** FLOP *** [9h Jc 4c]
surikovka: checks 
Old Louis: checks 
*** TURN *** [9h Jc 4c] [Js]
surikovka: checks 
Old Louis: checks 
*** RIVER *** [9h Jc 4c Js] [Kh]
surikovka: checks 
Old Louis: checks 
*** SHOW DOWN ***
surikovka: shows [Ts As] (a pair of Jacks)
Old Louis: mucks hand 
surikovka collected $0.05 from pot
*** SUMMARY ***
Total pot $0.05 | Rake $0 
Board [9h Jc 4c Js Kh]
Seat 1: Dorex2007 folded before Flop (didn't bet)
Seat 2: Szikla0223 folded before Flop (didn't bet)
Seat 4: umka186 folded before Flop (didn't bet)
Seat 5: Old Louis (button) mucked [Ad 5d]
Seat 6: Termikid (small blind) folded before Flop
Seat 7: surikovka (big blind) showed [Ts As] and won ($0.05) with a pair of Jacks
Seat 8: andrij777 folded before Flop (didn't bet)
Seat 9: letsg0fishin folded before Flop (didn't bet)



PokerStars Hand #227879451340:  Hold'em No Limit ($0.01/$0.02 USD) - 2021/06/27 2:28:10 PT [2021/06/27 5:28:10 ET]
Table 'Circe III' 9-max Seat #6 is the button
Seat 1: Dorex2007 ($1.98 in chips) 
Seat 2: Szikla0223 ($1.55 in chips) 
Seat 4: umka186 ($3.18 in chips) 
Seat 5: Old Louis ($1.08 in chips) 
Seat 6: Termikid ($1.51 in chips) 
Seat 7: surikovka ($0.88 in chips) 
Seat 8: andrij777 ($0.94 in chips) 
Seat 9: letsg0fishin ($2.10 in chips) 
surikovka: posts small blind $0.01
andrij777: posts big blind $0.02
*** HOLE CARDS ***
Dealt to Dorex2007 [Qs 7s]
letsg0fishin: folds 
Dorex2007: folds 
Szikla0223: calls $0.02
umka186: folds 
Old Louis: calls $0.02
Termikid: raises $0.04 to $0.06
surikovka: folds 
andrij777: folds 
Szikla0223: calls $0.04
Old Louis: calls $0.04
*** FLOP *** [3d Ts Ac]
Szikla0223: checks 
Old Louis: checks 
Termikid: bets $0.07
Szikla0223: calls $0.07
Old Louis: calls $0.07
*** TURN *** [3d Ts Ac] [Ah]
Szikla0223: checks 
Old Louis: checks 
Termikid: checks 
*** RIVER *** [3d Ts Ac Ah] [3c]
Szikla0223: checks 
Old Louis: bets $0.16
Termikid: folds 
Szikla0223: folds 
Uncalled bet ($0.16) returned to Old Louis
Old Louis collected $0.41 from pot
Old Louis: doesn't show hand 
*** SUMMARY ***
Total pot $0.42 | Rake $0.01 
Board [3d Ts Ac Ah 3c]
Seat 1: Dorex2007 folded before Flop (didn't bet)
Seat 2: Szikla0223 folded on the River
Seat 4: umka186 folded before Flop (didn't bet)
Seat 5: Old Louis collected ($0.41)
Seat 6: Termikid (button) folded on the River
Seat 7: surikovka (small blind) folded before Flop
Seat 8: andrij777 (big blind) folded before Flop
Seat 9: letsg0fishin folded before Flop (didn't bet)



PokerStars Hand #227879462375:  Hold'em No Limit ($0.01/$0.02 USD) - 2021/06/27 2:29:07 PT [2021/06/27 5:29:07 ET]
Table 'Circe III' 9-max Seat #7 is the button
Seat 1: Dorex2007 ($1.98 in chips) 
Seat 2: Szikla0223 ($1.42 in chips) 
Seat 4: umka186 ($3.18 in chips) 
Seat 5: Old Louis ($1.36 in chips) 
Seat 6: Termikid ($1.38 in chips) 
Seat 7: surikovka ($0.87 in chips) 
Seat 8: andrij777 ($0.92 in chips) 
Seat 9: letsg0fishin ($2.10 in chips) 
andrij777: posts small blind $0.01
letsg0fishin: posts big blind $0.02
*** HOLE CARDS ***
Dealt to Dorex2007 [2c 9d]
Dorex2007: folds 
Szikla0223: folds 
andrij777 is disconnected 
umka186: folds 
Old Louis: calls $0.02
Termikid: folds 
surikovka: folds 
djeylajf leaves the table
andrij777 has timed out while disconnected
andrij777: folds 
letsg0fishin: checks 
*** FLOP *** [8c 5s Kc]
letsg0fishin: checks 
Old Louis: checks 
*** TURN *** [8c 5s Kc] [7d]
letsg0fishin: checks 
Old Louis: bets $0.04
letsg0fishin: folds 
Uncalled bet ($0.04) returned to Old Louis
Old Louis collected $0.05 from pot
Old Louis: doesn't show hand 
*** SUMMARY ***
Total pot $0.05 | Rake $0 
Board [8c 5s Kc 7d]
Seat 1: Dorex2007 folded before Flop (didn't bet)
Seat 2: Szikla0223 folded before Flop (didn't bet)
Seat 4: umka186 folded before Flop (didn't bet)
Seat 5: Old Louis collected ($0.05)
Seat 6: Termikid folded before Flop (didn't bet)
Seat 7: surikovka (button) folded before Flop (didn't bet)
Seat 8: andrij777 (small blind) folded before Flop
Seat 9: letsg0fishin (big blind) folded on the Turn



PokerStars Hand #227879469507:  Hold'em No Limit ($0.01/$0.02 USD) - 2021/06/27 2:29:44 PT [2021/06/27 5:29:44 ET]
Table 'Circe III' 9-max Seat #9 is the button
Seat 1: Dorex2007 ($1.98 in chips) 
Seat 2: Szikla0223 ($1.42 in chips) 
Seat 4: umka186 ($3.18 in chips) 
Seat 5: Old Louis ($1.39 in chips) 
Seat 6: Termikid ($1.38 in chips) 
Seat 7: surikovka ($0.87 in chips) 
Seat 9: letsg0fishin ($2.08 in chips) 
Dorex2007: posts small blind $0.01
Szikla0223: posts big blind $0.02
*** HOLE CARDS ***
Dealt to Dorex2007 [Qh Ac]
umka186: folds 
Old Louis: folds 
Termikid: folds 
surikovka: folds 
letsg0fishin: folds 
Dorex2007: raises $0.04 to $0.06
Szikla0223: raises $0.16 to $0.22
Dorex2007: folds 
Uncalled bet ($0.16) returned to Szikla0223
Szikla0223 collected $0.12 from pot
Szikla0223: doesn't show hand 
*** SUMMARY ***
Total pot $0.12 | Rake $0 
Seat 1: Dorex2007 (small blind) folded before Flop
Seat 2: Szikla0223 (big blind) collected ($0.12)
Seat 4: umka186 folded before Flop (didn't bet)
Seat 5: Old Louis folded before Flop (didn't bet)
Seat 6: Termikid folded before Flop (didn't bet)
Seat 7: surikovka folded before Flop (didn't bet)
Seat 9: letsg0fishin (button) folded before Flop (didn't bet)



PokerStars Hand #227879475596:  Hold'em No Limit ($0.01/$0.02 USD) - 2021/06/27 2:30:16 PT [2021/06/27 5:30:16 ET]
Table 'Circe III' 9-max Seat #1 is the button
Seat 1: Dorex2007 ($1.92 in chips) 
Seat 2: Szikla0223 ($1.48 in chips) 
Seat 4: umka186 ($3.18 in chips) 
Seat 5: Old Louis ($1.39 in chips) 
Seat 6: Termikid ($1.38 in chips) 
Seat 7: surikovka ($0.87 in chips) 
Seat 9: letsg0fishin ($2.08 in chips) 
Szikla0223: posts small blind $0.01
umka186: posts big blind $0.02
*** HOLE CARDS ***
Dealt to Dorex2007 [4s 6h]
Old Louis: calls $0.02
Termikid: raises $0.04 to $0.06
surikovka: folds 
letsg0fishin: calls $0.06
Dorex2007: folds 
Szikla0223: folds 
umka186: folds 
Old Louis: folds 
*** FLOP *** [8h As 9d]
Termikid: bets $0.05
letsg0fishin: calls $0.05
*** TURN *** [8h As 9d] [7d]
Termikid: bets $0.14
letsg0fishin: folds 
Uncalled bet ($0.14) returned to Termikid
Termikid collected $0.26 from pot
Termikid: doesn't show hand 
*** SUMMARY ***
Total pot $0.27 | Rake $0.01 
Board [8h As 9d 7d]
Seat 1: Dorex2007 (button) folded before Flop (didn't bet)
Seat 2: Szikla0223 (small blind) folded before Flop
Seat 4: umka186 (big blind) folded before Flop
Seat 5: Old Louis folded before Flop
Seat 6: Termikid collected ($0.26)
Seat 7: surikovka folded before Flop (didn't bet)
Seat 9: letsg0fishin folded on the Turn



PokerStars Hand #227879483503:  Hold'em No Limit ($0.01/$0.02 USD) - 2021/06/27 2:30:56 PT [2021/06/27 5:30:56 ET]
Table 'Circe III' 9-max Seat #2 is the button
Seat 1: Dorex2007 ($1.92 in chips) 
Seat 2: Szikla0223 ($1.47 in chips) 
Seat 4: umka186 ($3.16 in chips) 
Seat 5: Old Louis ($1.37 in chips) 
Seat 6: Termikid ($1.53 in chips) 
Seat 7: surikovka ($0.87 in chips) 
Seat 9: letsg0fishin ($2 in chips) 
umka186: posts small blind $0.01
Old Louis: posts big blind $0.02
*** HOLE CARDS ***
Dealt to Dorex2007 [Kc 6c]
Termikid: folds 
surikovka: calls $0.02
letsg0fishin: folds 
Dorex2007: folds 
Szikla0223: folds 
umka186: raises $0.06 to $0.08
Old Louis: folds 
surikovka: calls $0.06
*** FLOP *** [3c 5h Ac]
umka186: bets $0.11
surikovka: calls $0.11
*** TURN *** [3c 5h Ac] [Jh]
umka186: bets $0.21
surikovka: calls $0.21
*** RIVER *** [3c 5h Ac Jh] [Td]
Helwii joins the table at seat #3 
umka186: bets $0.23
surikovka: folds 
Uncalled bet ($0.23) returned to umka186
umka186 collected $0.79 from pot
*** SUMMARY ***
Total pot $0.82 | Rake $0.03 
Board [3c 5h Ac Jh Td]
Seat 1: Dorex2007 folded before Flop (didn't bet)
Seat 2: Szikla0223 (button) folded before Flop (didn't bet)
Seat 4: umka186 (small blind) collected ($0.79)
Seat 5: Old Louis (big blind) folded before Flop
Seat 6: Termikid folded before Flop (didn't bet)
Seat 7: surikovka folded on the River
Seat 9: letsg0fishin folded before Flop (didn't bet)



PokerStars Hand #227879492088:  Hold'em No Limit ($0.01/$0.02 USD) - 2021/06/27 2:31:40 PT [2021/06/27 5:31:40 ET]
Table 'Circe III' 9-max Seat #4 is the button
Seat 1: Dorex2007 ($2 in chips) 
Seat 2: Szikla0223 ($1.47 in chips) 
Seat 4: umka186 ($3.55 in chips) 
Seat 5: Old Louis ($1.35 in chips) 
Seat 6: Termikid ($1.53 in chips) 
Seat 7: surikovka ($0.47 in chips) 
Seat 9: letsg0fishin ($2 in chips) 
Old Louis: posts small blind $0.01
Termikid: posts big blind $0.02
Helwii: sits out 
*** HOLE CARDS ***
Dealt to Dorex2007 [3d 8s]
surikovka: calls $0.02
letsg0fishin: folds 
Dorex2007: folds 
Szikla0223: folds 
umka186: folds 
Old Louis: calls $0.01
Termikid: raises $0.10 to $0.12
surikovka: calls $0.10
Old Louis: folds 
*** FLOP *** [5h 3h Ac]
Termikid: bets $0.08
surikovka: calls $0.08
*** TURN *** [5h 3h Ac] [6c]
Termikid: bets $0.34
surikovka: calls $0.27 and is all-in
Uncalled bet ($0.07) returned to Termikid
*** RIVER *** [5h 3h Ac 6c] [7s]
*** SHOW DOWN ***
Termikid: shows [Jc As] (a pair of Aces)
surikovka: shows [Qc 9c] (high card Ace)
Termikid cashed out the hand for $0.76 | Cash Out Fee $0.01
surikovka cashed out the hand for $0.16
*** SUMMARY ***
Total pot $0.96 | Rake $0.03 
Board [5h 3h Ac 6c 7s]
Seat 1: Dorex2007 folded before Flop (didn't bet)
Seat 2: Szikla0223 folded before Flop (didn't bet)
Seat 4: umka186 (button) folded before Flop (didn't bet)
Seat 5: Old Louis (small blind) folded before Flop
Seat 6: Termikid (big blind) showed [Jc As] and won ($0.93) with a pair of Aces (pot not awarded as player cashed out)
Seat 7: surikovka showed [Qc 9c] and lost with high card Ace (cashed out).
Seat 9: letsg0fishin folded before Flop (didn't bet)



PokerStars Hand #227879501865:  Hold'em No Limit ($0.01/$0.02 USD) - 2021/06/27 2:32:30 PT [2021/06/27 5:32:30 ET]
Table 'Circe III' 9-max Seat #5 is the button
Seat 1: Dorex2007 ($2 in chips) 
Seat 2: Szikla0223 ($1.47 in chips) 
Seat 3: Helwii ($2 in chips) 
Seat 4: umka186 ($3.55 in chips) 
Seat 5: Old Louis ($1.33 in chips) 
Seat 6: Termikid ($1.82 in chips) 
Seat 7: surikovka ($0.16 in chips) 
Seat 9: letsg0fishin ($2 in chips) 
Termikid: posts small blind $0.01
surikovka: posts big blind $0.02
Helwii: posts big blind $0.02
*** HOLE CARDS ***
Dealt to Dorex2007 [Jd 9s]
letsg0fishin: folds 
Dorex2007: folds 
Szikla0223: calls $0.02
Helwii: checks 
umka186: folds 
Old Louis: calls $0.02
Termikid: folds 
surikovka: checks 
*** FLOP *** [2c 4c 7d]
surikovka: checks 
Szikla0223: checks 
Helwii: checks 
Old Louis: checks 
*** TURN *** [2c 4c 7d] [6d]
surikovka: checks 
Szikla0223: checks 
Helwii: checks 
Old Louis: checks 
*** RIVER *** [2c 4c 7d 6d] [5c]
surikovka: bets $0.02
Szikla0223: folds 
Helwii: calls $0.02
Old Louis: calls $0.02
*** SHOW DOWN ***
surikovka: shows [4s 6c] (two pair, Sixes and Fours)
Helwii: shows [Qh 8d] (a straight, Four to Eight)
Old Louis: mucks hand 
Helwii collected $0.14 from pot
*** SUMMARY ***
Total pot $0.15 | Rake $0.01 
Board [2c 4c 7d 6d 5c]
Seat 1: Dorex2007 folded before Flop (didn't bet)
Seat 2: Szikla0223 folded on the River
Seat 3: Helwii showed [Qh 8d] and won ($0.14) with a straight, Four to Eight
Seat 4: umka186 folded before Flop (didn't bet)
Seat 5: Old Louis (button) mucked [Qd 3d]
Seat 6: Termikid (small blind) folded before Flop
Seat 7: surikovka (big blind) showed [4s 6c] and lost with two pair, Sixes and Fours
Seat 9: letsg0fishin folded before Flop (didn't bet)



PokerStars Hand #227879510964:  Hold'em No Limit ($0.01/$0.02 USD) - 2021/06/27 2:33:17 PT [2021/06/27 5:33:17 ET]
Table 'Circe III' 9-max Seat #6 is the button
Seat 1: Dorex2007 ($2 in chips) 
Seat 2: Szikla0223 ($1.45 in chips) 
Seat 3: Helwii ($2.10 in chips) 
Seat 4: umka186 ($3.55 in chips) 
Seat 5: Old Louis ($1.29 in chips) 
Seat 6: Termikid ($1.81 in chips) 
Seat 7: surikovka ($0.12 in chips) 
Seat 9: letsg0fishin ($2 in chips) 
surikovka: posts small blind $0.01
letsg0fishin: posts big blind $0.02
*** HOLE CARDS ***
Dealt to Dorex2007 [9d Jc]
Dorex2007: folds 
Szikla0223: folds 
Helwii: raises $0.02 to $0.04
umka186: folds 
Old Louis: folds 
Termikid: raises $0.18 to $0.22
surikovka: folds 
letsg0fishin: folds 
Helwii: folds 
Uncalled bet ($0.18) returned to Termikid
Termikid collected $0.11 from pot
Termikid: doesn't show hand 
*** SUMMARY ***
Total pot $0.11 | Rake $0 
Seat 1: Dorex2007 folded before Flop (didn't bet)
Seat 2: Szikla0223 folded before Flop (didn't bet)
Seat 3: Helwii folded before Flop
Seat 4: umka186 folded before Flop (didn't bet)
Seat 5: Old Louis folded before Flop (didn't bet)
Seat 6: Termikid (button) collected ($0.11)
Seat 7: surikovka (small blind) folded before Flop
Seat 9: letsg0fishin (big blind) folded before Flop



PokerStars Hand #227879515341:  Hold'em No Limit ($0.01/$0.02 USD) - 2021/06/27 2:33:39 PT [2021/06/27 5:33:39 ET]
Table 'Circe III' 9-max Seat #7 is the button
Seat 1: Dorex2007 ($2 in chips) 
Seat 2: Szikla0223 ($1.45 in chips) 
Seat 3: Helwii ($2.06 in chips) 
Seat 4: umka186 ($3.55 in chips) 
Seat 5: Old Louis ($1.29 in chips) 
Seat 6: Termikid ($1.88 in chips) 
Seat 7: surikovka ($0.11 in chips) 
Seat 9: letsg0fishin ($2 in chips) 
letsg0fishin: posts small blind $0.01
Dorex2007: posts big blind $0.02
*** HOLE CARDS ***
Dealt to Dorex2007 [Jd 9s]
Szikla0223: calls $0.02
Helwii: folds 
umka186: folds 
Old Louis: calls $0.02
Termikid: folds 
surikovka: calls $0.02
letsg0fishin: calls $0.01
Dorex2007: checks 
*** FLOP *** [8s 5c 2c]
letsg0fishin: checks 
Dorex2007: checks 
Szikla0223: bets $0.10
Old Louis: folds 
surikovka: folds 
letsg0fishin: folds 
Dorex2007: folds 
Uncalled bet ($0.10) returned to Szikla0223
Szikla0223 collected $0.10 from pot
Szikla0223: doesn't show hand 
*** SUMMARY ***
Total pot $0.10 | Rake $0 
Board [8s 5c 2c]
Seat 1: Dorex2007 (big blind) folded on the Flop
Seat 2: Szikla0223 collected ($0.10)
Seat 3: Helwii folded before Flop (didn't bet)
Seat 4: umka186 folded before Flop (didn't bet)
Seat 5: Old Louis folded on the Flop
Seat 6: Termikid folded before Flop (didn't bet)
Seat 7: surikovka (button) folded on the Flop
Seat 9: letsg0fishin (small blind) folded on the Flop



PokerStars Hand #227879527782:  Hold'em No Limit ($0.01/$0.02 USD) - 2021/06/27 2:34:43 PT [2021/06/27 5:34:43 ET]
Table 'Circe III' 9-max Seat #9 is the button
Seat 1: Dorex2007 ($1.98 in chips) 
Seat 2: Szikla0223 ($1.53 in chips) 
Seat 3: Helwii ($2.06 in chips) 
Seat 4: umka186 ($3.55 in chips) 
Seat 5: Old Louis ($1.27 in chips) 
Seat 6: Termikid ($1.88 in chips) 
Seat 7: surikovka ($0.09 in chips) 
Seat 9: letsg0fishin ($2 in chips) 
Dorex2007: posts small blind $0.01
Szikla0223: posts big blind $0.02
*** HOLE CARDS ***
Dealt to Dorex2007 [Td As]
Helwii: raises $0.02 to $0.04
umka186: folds 
Old Louis: calls $0.04
Termikid: folds 
surikovka: folds 
letsg0fishin: raises $0.14 to $0.18
Dorex2007: folds 
Szikla0223: folds 
Helwii: folds 
Old Louis: folds 
Uncalled bet ($0.14) returned to letsg0fishin
letsg0fishin collected $0.15 from pot
letsg0fishin: doesn't show hand 
*** SUMMARY ***
Total pot $0.15 | Rake $0 
Seat 1: Dorex2007 (small blind) folded before Flop
Seat 2: Szikla0223 (big blind) folded before Flop
Seat 3: Helwii folded before Flop
Seat 4: umka186 folded before Flop (didn't bet)
Seat 5: Old Louis folded before Flop
Seat 6: Termikid folded before Flop (didn't bet)
Seat 7: surikovka folded before Flop (didn't bet)
Seat 9: letsg0fishin (button) collected ($0.15)



PokerStars Hand #227879532436:  Hold'em No Limit ($0.01/$0.02 USD) - 2021/06/27 2:35:07 PT [2021/06/27 5:35:07 ET]
Table 'Circe III' 9-max Seat #1 is the button
Seat 1: Dorex2007 ($1.97 in chips) 
Seat 2: Szikla0223 ($1.51 in chips) 
Seat 3: Helwii ($2.02 in chips) 
Seat 4: umka186 ($3.55 in chips) 
Seat 5: Old Louis ($1.23 in chips) 
Seat 6: Termikid ($1.88 in chips) 
Seat 7: surikovka ($0.09 in chips) 
Seat 9: letsg0fishin ($2.11 in chips) 
Szikla0223: posts small blind $0.01
Helwii: posts big blind $0.02
*** HOLE CARDS ***
Dealt to Dorex2007 [Qc Kd]
umka186: raises $0.04 to $0.06
Old Louis: folds 
Termikid: calls $0.06
surikovka: folds 
letsg0fishin: folds 
Dorex2007: calls $0.06
Szikla0223: calls $0.05
Helwii: folds 
*** FLOP *** [Qh Kh 5s]
Szikla0223: checks 
umka186: bets $0.10
Termikid: folds 
Dorex2007: raises $0.10 to $0.20
Szikla0223: folds 
umka186: folds 
Uncalled bet ($0.10) returned to Dorex2007
Dorex2007 collected $0.44 from pot
Dorex2007: doesn't show hand 
*** SUMMARY ***
Total pot $0.46 | Rake $0.02 
Board [Qh Kh 5s]
Seat 1: Dorex2007 (button) collected ($0.44)
Seat 2: Szikla0223 (small blind) folded on the Flop
Seat 3: Helwii (big blind) folded before Flop
Seat 4: umka186 folded on the Flop
Seat 5: Old Louis folded before Flop (didn't bet)
Seat 6: Termikid folded on the Flop
Seat 7: surikovka folded before Flop (didn't bet)
Seat 9: letsg0fishin folded before Flop (didn't bet)



PokerStars Hand #227879539729:  Hold'em No Limit ($0.01/$0.02 USD) - 2021/06/27 2:35:44 PT [2021/06/27 5:35:44 ET]
Table 'Circe III' 9-max Seat #2 is the button
Seat 1: Dorex2007 ($2.25 in chips) 
Seat 2: Szikla0223 ($1.45 in chips) 
Seat 3: Helwii ($2 in chips) 
Seat 4: umka186 ($3.39 in chips) 
Seat 5: Old Louis ($1.23 in chips) 
Seat 6: Termikid ($1.82 in chips) 
Seat 7: surikovka ($0.09 in chips) 
Seat 9: letsg0fishin ($2.11 in chips) 
Helwii: posts small blind $0.01
umka186: posts big blind $0.02
*** HOLE CARDS ***
Dealt to Dorex2007 [Kc 9d]
Old Louis: folds 
Termikid: raises $0.04 to $0.06
surikovka: raises $0.03 to $0.09 and is all-in
letsg0fishin: folds 
Dorex2007: folds 
Szikla0223: calls $0.09
Helwii: folds 
umka186: folds 
Termikid: calls $0.03
*** FLOP *** [2s 2d Qh]
Termikid: bets $0.16
Szikla0223: folds 
Uncalled bet ($0.16) returned to Termikid
*** TURN *** [2s 2d Qh] [Jh]
*** RIVER *** [2s 2d Qh Jh] [5h]
*** SHOW DOWN ***
Termikid: shows [Kh Kd] (two pair, Kings and Deuces)
surikovka: shows [Qd Td] (two pair, Queens and Deuces)
Termikid cashed out the hand for $0.26
*** SUMMARY ***
Total pot $0.30 | Rake $0.01 
Board [2s 2d Qh Jh 5h]
Seat 1: Dorex2007 folded before Flop (didn't bet)
Seat 2: Szikla0223 (button) folded on the Flop
Seat 3: Helwii (small blind) folded before Flop
Seat 4: umka186 (big blind) folded before Flop
Seat 5: Old Louis folded before Flop (didn't bet)
Seat 6: Termikid showed [Kh Kd] and won ($0.29) with two pair, Kings and Deuces (pot not awarded as player cashed out)
Seat 7: surikovka showed [Qd Td] and lost with two pair, Queens and Deuces
Seat 9: letsg0fishin folded before Flop (didn't bet)



PokerStars Hand #227879548209:  Hold'em No Limit ($0.01/$0.02 USD) - 2021/06/27 2:36:26 PT [2021/06/27 5:36:26 ET]
Table 'Circe III' 9-max Seat #3 is the button
Seat 1: Dorex2007 ($2.25 in chips) 
Seat 2: Szikla0223 ($1.36 in chips) 
Seat 3: Helwii ($1.99 in chips) 
Seat 4: umka186 ($3.37 in chips) 
Seat 5: Old Louis ($1.23 in chips) 
Seat 6: Termikid ($1.99 in chips) 
Seat 9: letsg0fishin ($2.11 in chips) 
umka186: posts small blind $0.01
Old Louis: posts big blind $0.02
*** HOLE CARDS ***
Dealt to Dorex2007 [3d 4h]
Termikid: raises $0.04 to $0.06
letsg0fishin: raises $0.12 to $0.18
Dorex2007: folds 
Szikla0223: folds 
Helwii: folds 
umka186: folds 
Old Louis: folds 
Termikid: calls $0.12
*** FLOP *** [Jc 6s Kh]
Termikid: checks 
letsg0fishin: bets $0.18
surikovka leaves the table
Termikid: folds 
Uncalled bet ($0.18) returned to letsg0fishin
letsg0fishin collected $0.38 from pot
letsg0fishin: doesn't show hand 
*** SUMMARY ***
Total pot $0.39 | Rake $0.01 
Board [Jc 6s Kh]
Seat 1: Dorex2007 folded before Flop (didn't bet)
Seat 2: Szikla0223 folded before Flop (didn't bet)
Seat 3: Helwii (button) folded before Flop (didn't bet)
Seat 4: umka186 (small blind) folded before Flop
Seat 5: Old Louis (big blind) folded before Flop
Seat 6: Termikid folded on the Flop
Seat 9: letsg0fishin collected ($0.38)



PokerStars Hand #227879555430:  Hold'em No Limit ($0.01/$0.02 USD) - 2021/06/27 2:37:03 PT [2021/06/27 5:37:03 ET]
Table 'Circe III' 9-max Seat #4 is the button
Seat 1: Dorex2007 ($2.25 in chips) 
Seat 2: Szikla0223 ($1.36 in chips) 
Seat 3: Helwii ($1.99 in chips) 
Seat 4: umka186 ($3.36 in chips) 
Seat 5: Old Louis ($1.21 in chips) 
Seat 6: Termikid ($1.81 in chips) 
Seat 9: letsg0fishin ($2.31 in chips) 
Old Louis: posts small blind $0.01
Termikid: posts big blind $0.02
*** HOLE CARDS ***
Dealt to Dorex2007 [Qc 6h]
letsg0fishin: raises $0.04 to $0.06
Dorex2007: folds 
Szikla0223: folds 
Helwii: folds 
umka186: folds 
Old Louis: folds 
Termikid: folds 
Uncalled bet ($0.04) returned to letsg0fishin
letsg0fishin collected $0.05 from pot
letsg0fishin: doesn't show hand 
*** SUMMARY ***
Total pot $0.05 | Rake $0 
Seat 1: Dorex2007 folded before Flop (didn't bet)
Seat 2: Szikla0223 folded before Flop (didn't bet)
Seat 3: Helwii folded before Flop (didn't bet)
Seat 4: umka186 (button) folded before Flop (didn't bet)
Seat 5: Old Louis (small blind) folded before Flop
Seat 6: Termikid (big blind) folded before Flop
Seat 9: letsg0fishin collected ($0.05)



PokerStars Hand #227879557760:  Hold'em No Limit ($0.01/$0.02 USD) - 2021/06/27 2:37:14 PT [2021/06/27 5:37:14 ET]
Table 'Circe III' 9-max Seat #5 is the button
Seat 1: Dorex2007 ($2.25 in chips) 
Seat 2: Szikla0223 ($1.36 in chips) 
Seat 3: Helwii ($1.99 in chips) 
Seat 4: umka186 ($3.36 in chips) 
Seat 5: Old Louis ($1.20 in chips) 
Seat 6: Termikid ($1.79 in chips) 
Seat 9: letsg0fishin ($2.34 in chips) 
Termikid: posts small blind $0.01
letsg0fishin: posts big blind $0.02
*** HOLE CARDS ***
Dealt to Dorex2007 [As Qd]
Dorex2007: raises $0.04 to $0.06
Szikla0223: folds 
Helwii: folds 
umka186: folds 
Old Louis: raises $0.12 to $0.18
Termikid: folds 
murrie666 joins the table at seat #7 
letsg0fishin: folds 
Dorex2007: calls $0.12
*** FLOP *** [7s 8h 6d]
Dorex2007: checks 
Old Louis: bets $0.22
Dorex2007: calls $0.22
*** TURN *** [7s 8h 6d] [2h]
Dorex2007: checks 
Old Louis: bets $0.44
Dorex2007: folds 
Uncalled bet ($0.44) returned to Old Louis
Old Louis collected $0.80 from pot
Old Louis: doesn't show hand 
*** SUMMARY ***
Total pot $0.83 | Rake $0.03 
Board [7s 8h 6d 2h]
Seat 1: Dorex2007 folded on the Turn
Seat 2: Szikla0223 folded before Flop (didn't bet)
Seat 3: Helwii folded before Flop (didn't bet)
Seat 4: umka186 folded before Flop (didn't bet)
Seat 5: Old Louis (button) collected ($0.80)
Seat 6: Termikid (small blind) folded before Flop
Seat 9: letsg0fishin (big blind) folded before Flop



PokerStars Hand #227879572764:  Hold'em No Limit ($0.01/$0.02 USD) - 2021/06/27 2:38:30 PT [2021/06/27 5:38:30 ET]
Table 'Circe III' 9-max Seat #6 is the button
Seat 1: Dorex2007 ($1.85 in chips) 
Seat 2: Szikla0223 ($1.36 in chips) 
Seat 3: Helwii ($1.99 in chips) 
Seat 4: umka186 ($3.36 in chips) 
Seat 5: Old Louis ($1.60 in chips) 
Seat 6: Termikid ($1.78 in chips) 
Seat 9: letsg0fishin ($2.32 in chips) 
letsg0fishin: posts small blind $0.01
Dorex2007: posts big blind $0.02
*** HOLE CARDS ***
Dealt to Dorex2007 [4d Kd]
Szikla0223: folds 
Helwii: folds 
umka186: folds 
Old Louis: calls $0.02
Termikid: folds 
letsg0fishin: calls $0.01
Dorex2007: checks 
*** FLOP *** [6h Jh As]
letsg0fishin: checks 
Dorex2007: checks 
Old Louis: bets $0.04
letsg0fishin: folds 
Dorex2007: folds 
Uncalled bet ($0.04) returned to Old Louis
Old Louis collected $0.06 from pot
Old Louis: doesn't show hand 
*** SUMMARY ***
Total pot $0.06 | Rake $0 
Board [6h Jh As]
Seat 1: Dorex2007 (big blind) folded on the Flop
Seat 2: Szikla0223 folded before Flop (didn't bet)
Seat 3: Helwii folded before Flop (didn't bet)
Seat 4: umka186 folded before Flop (didn't bet)
Seat 5: Old Louis collected ($0.06)
Seat 6: Termikid (button) folded before Flop (didn't bet)
Seat 9: letsg0fishin (small blind) folded on the Flop



PokerStars Hand #227879577480:  Hold'em No Limit ($0.01/$0.02 USD) - 2021/06/27 2:38:53 PT [2021/06/27 5:38:53 ET]
Table 'Circe III' 9-max Seat #9 is the button
Seat 1: Dorex2007 ($1.83 in chips) 
Seat 2: Szikla0223 ($1.36 in chips) 
Seat 3: Helwii ($1.99 in chips) 
Seat 4: umka186 ($3.36 in chips) 
Seat 5: Old Louis ($1.64 in chips) 
Seat 6: Termikid ($1.78 in chips) 
Seat 9: letsg0fishin ($2.30 in chips) 
Dorex2007: posts small blind $0.01
Szikla0223: posts big blind $0.02
murrie666: sits out 
*** HOLE CARDS ***
Dealt to Dorex2007 [5s 9d]
Helwii: folds 
umka186: raises $0.04 to $0.06
Old Louis: folds 
Termikid: folds 
letsg0fishin: folds 
Dorex2007: folds 
Szikla0223: raises $0.06 to $0.12
umka186: calls $0.06
*** FLOP *** [4c 3h 5h]
Szikla0223: checks 
umka186: checks 
*** TURN *** [4c 3h 5h] [As]
Szikla0223: bets $0.24
umka186: folds 
Uncalled bet ($0.24) returned to Szikla0223
Szikla0223 collected $0.24 from pot
Szikla0223: doesn't show hand 
*** SUMMARY ***
Total pot $0.25 | Rake $0.01 
Board [4c 3h 5h As]
Seat 1: Dorex2007 (small blind) folded before Flop
Seat 2: Szikla0223 (big blind) collected ($0.24)
Seat 3: Helwii folded before Flop (didn't bet)
Seat 4: umka186 folded on the Turn
Seat 5: Old Louis folded before Flop (didn't bet)
Seat 6: Termikid folded before Flop (didn't bet)
Seat 9: letsg0fishin (button) folded before Flop (didn't bet)



PokerStars Hand #227879583503:  Hold'em No Limit ($0.01/$0.02 USD) - 2021/06/27 2:39:24 PT [2021/06/27 5:39:24 ET]
Table 'Circe III' 9-max Seat #1 is the button
Seat 1: Dorex2007 ($1.82 in chips) 
Seat 2: Szikla0223 ($1.48 in chips) 
Seat 3: Helwii ($1.99 in chips) 
Seat 4: umka186 ($3.24 in chips) 
Seat 5: Old Louis ($1.64 in chips) 
Seat 6: Termikid ($1.78 in chips) 
Seat 9: letsg0fishin ($2.30 in chips) 
Szikla0223: posts small blind $0.01
Helwii: posts big blind $0.02
murrie666: sits out 
*** HOLE CARDS ***
Dealt to Dorex2007 [3c 9c]
umka186: folds 
Old Louis: folds 
andrij777 leaves the table
Termikid: folds 
letsg0fishin: folds 
Dorex2007: folds 
Szikla0223: raises $0.04 to $0.06
Helwii: folds 
Uncalled bet ($0.04) returned to Szikla0223
Szikla0223 collected $0.04 from pot
Szikla0223: doesn't show hand 
*** SUMMARY ***
Total pot $0.04 | Rake $0 
Seat 1: Dorex2007 (button) folded before Flop (didn't bet)
Seat 2: Szikla0223 (small blind) collected ($0.04)
Seat 3: Helwii (big blind) folded before Flop
Seat 4: umka186 folded before Flop (didn't bet)
Seat 5: Old Louis folded before Flop (didn't bet)
Seat 6: Termikid folded before Flop (didn't bet)
Seat 9: letsg0fishin folded before Flop (didn't bet)



PokerStars Hand #227879586380:  Hold'em No Limit ($0.01/$0.02 USD) - 2021/06/27 2:39:38 PT [2021/06/27 5:39:38 ET]
Table 'Circe III' 9-max Seat #2 is the button
Seat 1: Dorex2007 ($1.82 in chips) 
Seat 2: Szikla0223 ($1.50 in chips) 
Seat 3: Helwii ($1.97 in chips) 
Seat 4: umka186 ($3.24 in chips) 
Seat 5: Old Louis ($1.64 in chips) 
Seat 6: Termikid ($1.78 in chips) 
Seat 9: letsg0fishin ($2.30 in chips) 
Helwii: posts small blind $0.01
umka186: posts big blind $0.02
murrie666: sits out 
*** HOLE CARDS ***
Dealt to Dorex2007 [Jc Kc]
Old Louis: calls $0.02
Termikid: folds 
letsg0fishin: folds 
Dorex2007: raises $0.04 to $0.06
Szikla0223: folds 
Helwii: folds 
umka186: folds 
Old Louis: folds 
Uncalled bet ($0.04) returned to Dorex2007
Dorex2007 collected $0.07 from pot
Dorex2007: doesn't show hand 
*** SUMMARY ***
Total pot $0.07 | Rake $0 
Seat 1: Dorex2007 collected ($0.07)
Seat 2: Szikla0223 (button) folded before Flop (didn't bet)
Seat 3: Helwii (small blind) folded before Flop
Seat 4: umka186 (big blind) folded before Flop
Seat 5: Old Louis folded before Flop
Seat 6: Termikid folded before Flop (didn't bet)
Seat 9: letsg0fishin folded before Flop (didn't bet)



PokerStars Hand #227879590279:  Hold'em No Limit ($0.01/$0.02 USD) - 2021/06/27 2:39:58 PT [2021/06/27 5:39:58 ET]
Table 'Circe III' 9-max Seat #3 is the button
Seat 1: Dorex2007 ($1.87 in chips) 
Seat 2: Szikla0223 ($1.50 in chips) 
Seat 3: Helwii ($1.96 in chips) 
Seat 4: umka186 ($3.22 in chips) 
Seat 5: Old Louis ($1.62 in chips) 
Seat 6: Termikid ($1.78 in chips) 
Seat 9: letsg0fishin ($2.30 in chips) 
umka186: posts small blind $0.01
Old Louis: posts big blind $0.02
murrie666: sits out 
*** HOLE CARDS ***
Dealt to Dorex2007 [5d 8h]
Termikid: folds 
letsg0fishin: folds 
Dorex2007: calls $0.02
Szikla0223: folds 
Helwii: calls $0.02
umka186: folds 
Old Louis: checks 
*** FLOP *** [9s Kh 3c]
Old Louis: checks 
Dorex2007: bets $0.04
Kupec Danila joins the table at seat #8 
Helwii: folds 
Old Louis: folds 
Uncalled bet ($0.04) returned to Dorex2007
Dorex2007 collected $0.07 from pot
Dorex2007: doesn't show hand 
*** SUMMARY ***
Total pot $0.07 | Rake $0 
Board [9s Kh 3c]
Seat 1: Dorex2007 collected ($0.07)
Seat 2: Szikla0223 folded before Flop (didn't bet)
Seat 3: Helwii (button) folded on the Flop
Seat 4: umka186 (small blind) folded before Flop
Seat 5: Old Louis (big blind) folded on the Flop
Seat 6: Termikid folded before Flop (didn't bet)
Seat 9: letsg0fishin folded before Flop (didn't bet)



PokerStars Hand #227879595180:  Hold'em No Limit ($0.01/$0.02 USD) - 2021/06/27 2:40:23 PT [2021/06/27 5:40:23 ET]
Table 'Circe III' 9-max Seat #4 is the button
Seat 1: Dorex2007 ($1.92 in chips) 
Seat 2: Szikla0223 ($1.50 in chips) 
Seat 3: Helwii ($1.94 in chips) 
Seat 4: umka186 ($3.21 in chips) 
Seat 5: Old Louis ($1.60 in chips) 
Seat 6: Termikid ($1.78 in chips) 
Seat 9: letsg0fishin ($2.30 in chips) 
Old Louis: posts small blind $0.01
Termikid: posts big blind $0.02
murrie666: sits out 
Kupec Danila: sits out 
*** HOLE CARDS ***
Dealt to Dorex2007 [6c 6h]
letsg0fishin: folds 
Dorex2007: raises $0.02 to $0.04
Szikla0223: folds 
Helwii: folds 
umka186: folds 
Old Louis: folds 
Termikid: calls $0.02
*** FLOP *** [6d Td 3d]
Termikid: bets $0.05
Dorex2007: raises $0.07 to $0.12
Termikid: raises $0.18 to $0.30
Dorex2007: calls $0.18
*** TURN *** [6d Td 3d] [4d]
Termikid: checks 
Dorex2007: bets $0.34
Termikid: calls $0.34
*** RIVER *** [6d Td 3d 4d] [Js]
Termikid: bets $0.44
Dorex2007: folds 
Uncalled bet ($0.44) returned to Termikid
Termikid collected $1.32 from pot
Termikid: doesn't show hand 
*** SUMMARY ***
Total pot $1.37 | Rake $0.05 
Board [6d Td 3d 4d Js]
Seat 1: Dorex2007 folded on the River
Seat 2: Szikla0223 folded before Flop (didn't bet)
Seat 3: Helwii folded before Flop (didn't bet)
Seat 4: umka186 (button) folded before Flop (didn't bet)
Seat 5: Old Louis (small blind) folded before Flop
Seat 6: Termikid (big blind) collected ($1.32)
Seat 9: letsg0fishin folded before Flop (didn't bet)



PokerStars Hand #227879609558:  Hold'em No Limit ($0.01/$0.02 USD) - 2021/06/27 2:41:37 PT [2021/06/27 5:41:37 ET]
Table 'Circe III' 9-max Seat #5 is the button
Seat 1: Dorex2007 ($2 in chips) 
Seat 2: Szikla0223 ($1.50 in chips) 
Seat 3: Helwii ($1.94 in chips) 
Seat 4: umka186 ($3.21 in chips) 
Seat 5: Old Louis ($1.59 in chips) 
Seat 6: Termikid ($2.42 in chips) 
Seat 7: murrie666 ($2 in chips) 
Seat 9: letsg0fishin ($2.30 in chips) 
Termikid: posts small blind $0.01
murrie666: posts big blind $0.02
Kupec Danila: sits out 
*** HOLE CARDS ***
Dealt to Dorex2007 [8d 5s]
letsg0fishin: folds 
Dorex2007: folds 
Szikla0223: folds 
Helwii: folds 
umka186: folds 
Old Louis: folds 
Termikid: folds 
Uncalled bet ($0.01) returned to murrie666
murrie666 collected $0.02 from pot
murrie666: doesn't show hand 
*** SUMMARY ***
Total pot $0.02 | Rake $0 
Seat 1: Dorex2007 folded before Flop (didn't bet)
Seat 2: Szikla0223 folded before Flop (didn't bet)
Seat 3: Helwii folded before Flop (didn't bet)
Seat 4: umka186 folded before Flop (didn't bet)
Seat 5: Old Louis (button) folded before Flop (didn't bet)
Seat 6: Termikid (small blind) folded before Flop
Seat 7: murrie666 (big blind) collected ($0.02)
Seat 9: letsg0fishin folded before Flop (didn't bet)



PokerStars Hand #227879612730:  Hold'em No Limit ($0.01/$0.02 USD) - 2021/06/27 2:41:53 PT [2021/06/27 5:41:53 ET]
Table 'Circe III' 9-max Seat #6 is the button
Seat 1: Dorex2007 ($2 in chips) 
Seat 2: Szikla0223 ($1.50 in chips) 
Seat 3: Helwii ($1.94 in chips) 
Seat 4: umka186 ($3.21 in chips) 
Seat 5: Old Louis ($1.59 in chips) 
Seat 6: Termikid ($2.41 in chips) 
Seat 7: murrie666 ($2.01 in chips) 
Seat 8: Kupec Danila ($1 in chips) 
Seat 9: letsg0fishin ($2.30 in chips) 
murrie666: posts small blind $0.01
Kupec Danila: posts big blind $0.02
*** HOLE CARDS ***
Dealt to Dorex2007 [8c 6c]
letsg0fishin: folds 
Dorex2007: folds 
Szikla0223: folds 
Helwii: folds 
umka186: folds 
Old Louis: folds 
Termikid: folds 
murrie666: folds 
Uncalled bet ($0.01) returned to Kupec Danila
Kupec Danila collected $0.02 from pot
*** SUMMARY ***
Total pot $0.02 | Rake $0 
Seat 1: Dorex2007 folded before Flop (didn't bet)
Seat 2: Szikla0223 folded before Flop (didn't bet)
Seat 3: Helwii folded before Flop (didn't bet)
Seat 4: umka186 folded before Flop (didn't bet)
Seat 5: Old Louis folded before Flop (didn't bet)
Seat 6: Termikid (button) folded before Flop (didn't bet)
Seat 7: murrie666 (small blind) folded before Flop
Seat 8: Kupec Danila (big blind) collected ($0.02)
Seat 9: letsg0fishin folded before Flop (didn't bet)



PokerStars Hand #227879614702:  Hold'em No Limit ($0.01/$0.02 USD) - 2021/06/27 2:42:03 PT [2021/06/27 5:42:03 ET]
Table 'Circe III' 9-max Seat #7 is the button
Seat 1: Dorex2007 ($2 in chips) 
Seat 2: Szikla0223 ($1.50 in chips) 
Seat 3: Helwii ($1.94 in chips) 
Seat 4: umka186 ($3.21 in chips) 
Seat 5: Old Louis ($1.59 in chips) 
Seat 6: Termikid ($2.41 in chips) 
Seat 7: murrie666 ($2 in chips) 
Seat 8: Kupec Danila ($1.01 in chips) 
Seat 9: letsg0fishin ($2.30 in chips) 
Kupec Danila: posts small blind $0.01
letsg0fishin: posts big blind $0.02
*** HOLE CARDS ***
Dealt to Dorex2007 [3c 5s]
Dorex2007: folds 
Szikla0223: calls $0.02
Helwii: folds 
umka186: folds 
Old Louis: folds 
Termikid: folds 
murrie666: folds 
Kupec Danila: calls $0.01
letsg0fishin: checks 
*** FLOP *** [6d Th 5h]
Kupec Danila: bets $0.04
letsg0fishin: folds 
Szikla0223: calls $0.04
*** TURN *** [6d Th 5h] [Js]
Kupec Danila: checks 
Szikla0223: bets $0.14
Kupec Danila: calls $0.14
*** RIVER *** [6d Th 5h Js] [4s]
Kupec Danila: checks 
Szikla0223: bets $1.30 and is all-in
Kupec Danila: folds 
Uncalled bet ($1.30) returned to Szikla0223
Szikla0223 collected $0.41 from pot
Szikla0223: doesn't show hand 
*** SUMMARY ***
Total pot $0.42 | Rake $0.01 
Board [6d Th 5h Js 4s]
Seat 1: Dorex2007 folded before Flop (didn't bet)
Seat 2: Szikla0223 collected ($0.41)
Seat 3: Helwii folded before Flop (didn't bet)
Seat 4: umka186 folded before Flop (didn't bet)
Seat 5: Old Louis folded before Flop (didn't bet)
Seat 6: Termikid folded before Flop (didn't bet)
Seat 7: murrie666 (button) folded before Flop (didn't bet)
Seat 8: Kupec Danila (small blind) folded on the River
Seat 9: letsg0fishin (big blind) folded on the Flop



PokerStars Hand #227879625348:  Hold'em No Limit ($0.01/$0.02 USD) - 2021/06/27 2:42:56 PT [2021/06/27 5:42:56 ET]
Table 'Circe III' 9-max Seat #8 is the button
Seat 1: Dorex2007 ($2 in chips) 
Seat 2: Szikla0223 ($1.71 in chips) 
Seat 3: Helwii ($1.94 in chips) 
Seat 4: umka186 ($3.21 in chips) 
Seat 5: Old Louis ($1.59 in chips) 
Seat 6: Termikid ($2.41 in chips) 
Seat 7: murrie666 ($2 in chips) 
Seat 8: Kupec Danila ($1 in chips) 
Seat 9: letsg0fishin ($2.28 in chips) 
letsg0fishin: posts small blind $0.01
Dorex2007: posts big blind $0.02
*** HOLE CARDS ***
Dealt to Dorex2007 [Ac Td]
Szikla0223 said, "22"
Szikla0223 has timed out
Szikla0223: folds 
Helwii: folds 
umka186: folds 
Old Louis: folds 
Termikid: folds 
murrie666: folds 
Kupec Danila: raises $0.04 to $0.06
letsg0fishin: folds 
Dorex2007: calls $0.04
*** FLOP *** [6c 5h Tc]
Dorex2007: bets $0.13
Kupec Danila: folds 
Uncalled bet ($0.13) returned to Dorex2007
Dorex2007 collected $0.13 from pot
Dorex2007: doesn't show hand 
*** SUMMARY ***
Total pot $0.13 | Rake $0 
Board [6c 5h Tc]
Seat 1: Dorex2007 (big blind) collected ($0.13)
Seat 2: Szikla0223 folded before Flop (didn't bet)
Seat 3: Helwii folded before Flop (didn't bet)
Seat 4: umka186 folded before Flop (didn't bet)
Seat 5: Old Louis folded before Flop (didn't bet)
Seat 6: Termikid folded before Flop (didn't bet)
Seat 7: murrie666 folded before Flop (didn't bet)
Seat 8: Kupec Danila (button) folded on the Flop
Seat 9: letsg0fishin (small blind) folded before Flop



PokerStars Hand #227879633903:  Hold'em No Limit ($0.01/$0.02 USD) - 2021/06/27 2:43:39 PT [2021/06/27 5:43:39 ET]
Table 'Circe III' 9-max Seat #9 is the button
Seat 1: Dorex2007 ($2.07 in chips) 
Seat 2: Szikla0223 ($1.71 in chips) 
Seat 3: Helwii ($1.94 in chips) 
Seat 4: umka186 ($3.21 in chips) 
Seat 5: Old Louis ($1.59 in chips) 
Seat 6: Termikid ($2.41 in chips) 
Seat 7: murrie666 ($2 in chips) 
Seat 8: Kupec Danila ($1 in chips) 
Seat 9: letsg0fishin ($2.27 in chips) 
Dorex2007: posts small blind $0.01
Szikla0223: posts big blind $0.02
*** HOLE CARDS ***
Dealt to Dorex2007 [9d Jd]
Helwii: folds 
umka186: folds 
Old Louis: folds 
Termikid: folds 
murrie666: folds 
Kupec Danila: raises $0.04 to $0.06
letsg0fishin: folds 
Dorex2007: calls $0.05
Szikla0223: calls $0.04
*** FLOP *** [2c 2d Kh]
Dorex2007: checks 
Szikla0223: checks 
Kupec Danila: checks 
*** TURN *** [2c 2d Kh] [6d]
Dorex2007: bets $0.09
Szikla0223: folds 
Kupec Danila: folds 
Uncalled bet ($0.09) returned to Dorex2007
Dorex2007 collected $0.17 from pot
Dorex2007: doesn't show hand 
*** SUMMARY ***
Total pot $0.18 | Rake $0.01 
Board [2c 2d Kh 6d]
Seat 1: Dorex2007 (small blind) collected ($0.17)
Seat 2: Szikla0223 (big blind) folded on the Turn
Seat 3: Helwii folded before Flop (didn't bet)
Seat 4: umka186 folded before Flop (didn't bet)
Seat 5: Old Louis folded before Flop (didn't bet)
Seat 6: Termikid folded before Flop (didn't bet)
Seat 7: murrie666 folded before Flop (didn't bet)
Seat 8: Kupec Danila folded on the Turn
Seat 9: letsg0fishin (button) folded before Flop (didn't bet)



PokerStars Hand #227879642223:  Hold'em No Limit ($0.01/$0.02 USD) - 2021/06/27 2:44:21 PT [2021/06/27 5:44:21 ET]
Table 'Circe III' 9-max Seat #1 is the button
Seat 1: Dorex2007 ($2.18 in chips) 
Seat 2: Szikla0223 ($1.65 in chips) 
Seat 3: Helwii ($1.94 in chips) 
Seat 4: umka186 ($3.21 in chips) 
Seat 5: Old Louis ($1.59 in chips) 
Seat 6: Termikid ($2.41 in chips) 
Seat 7: murrie666 ($2 in chips) 
Seat 8: Kupec Danila ($1 in chips) 
Seat 9: letsg0fishin ($2.27 in chips) 
Szikla0223: posts small blind $0.01
Helwii: posts big blind $0.02
*** HOLE CARDS ***
Dealt to Dorex2007 [Th 8c]
umka186: folds 
Old Louis: calls $0.02
Termikid: folds 
murrie666: folds 
Kupec Danila: raises $0.07 to $0.09
letsg0fishin: folds 
Dorex2007: folds 
Szikla0223: folds 
Helwii: raises $0.23 to $0.32
Old Louis: folds 
Kupec Danila: folds 
Uncalled bet ($0.23) returned to Helwii
Helwii collected $0.21 from pot
Helwii: doesn't show hand 
*** SUMMARY ***
Total pot $0.21 | Rake $0 
Seat 1: Dorex2007 (button) folded before Flop (didn't bet)
Seat 2: Szikla0223 (small blind) folded before Flop
Seat 3: Helwii (big blind) collected ($0.21)
Seat 4: umka186 folded before Flop (didn't bet)
Seat 5: Old Louis folded before Flop
Seat 6: Termikid folded before Flop (didn't bet)
Seat 7: murrie666 folded before Flop (didn't bet)
Seat 8: Kupec Danila folded before Flop
Seat 9: letsg0fishin folded before Flop (didn't bet)



PokerStars Hand #227879648185:  Hold'em No Limit ($0.01/$0.02 USD) - 2021/06/27 2:44:51 PT [2021/06/27 5:44:51 ET]
Table 'Circe III' 9-max Seat #2 is the button
Seat 1: Dorex2007 ($2.18 in chips) 
Seat 2: Szikla0223 ($1.64 in chips) 
Seat 3: Helwii ($2.06 in chips) 
Seat 4: umka186 ($3.21 in chips) 
Seat 5: Old Louis ($1.57 in chips) 
Seat 6: Termikid ($2.41 in chips) 
Seat 7: murrie666 ($2 in chips) 
Seat 8: Kupec Danila ($1 in chips) 
Seat 9: letsg0fishin ($2.27 in chips) 
Helwii: posts small blind $0.01
umka186: posts big blind $0.02
*** HOLE CARDS ***
Dealt to Dorex2007 [6c Qs]
Old Louis: folds 
Termikid: folds 
murrie666: folds 
Kupec Danila: raises $0.04 to $0.06
letsg0fishin: folds 
Dorex2007: folds 
Szikla0223: folds 
Helwii: folds 
umka186: raises $0.13 to $0.19
Kupec Danila: raises $0.81 to $1 and is all-in
umka186: calls $0.81
*** FLOP *** [2d Jc 3c]
*** TURN *** [2d Jc 3c] [5d]
*** RIVER *** [2d Jc 3c 5d] [Ad]
*** SHOW DOWN ***
umka186: shows [Kh Ac] (a pair of Aces)
Kupec Danila: shows [Tc Td] (a pair of Tens)
umka186 collected $1.94 from pot
Kupec Danila cashed out the hand for $1.09 | Cash Out Fee $0.01
*** SUMMARY ***
Total pot $2.01 | Rake $0.07 
Board [2d Jc 3c 5d Ad]
Seat 1: Dorex2007 folded before Flop (didn't bet)
Seat 2: Szikla0223 (button) folded before Flop (didn't bet)
Seat 3: Helwii (small blind) folded before Flop
Seat 4: umka186 (big blind) showed [Kh Ac] and won ($1.94) with a pair of Aces
Seat 5: Old Louis folded before Flop (didn't bet)
Seat 6: Termikid folded before Flop (didn't bet)
Seat 7: murrie666 folded before Flop (didn't bet)
Seat 8: Kupec Danila showed [Tc Td] and lost with a pair of Tens (cashed out).
Seat 9: letsg0fishin folded before Flop (didn't bet)



PokerStars Hand #227879655309:  Hold'em No Limit ($0.01/$0.02 USD) - 2021/06/27 2:45:27 PT [2021/06/27 5:45:27 ET]
Table 'Circe III' 9-max Seat #3 is the button
Seat 1: Dorex2007 ($2.18 in chips) 
Seat 2: Szikla0223 ($1.64 in chips) 
Seat 3: Helwii ($2.05 in chips) 
Seat 4: umka186 ($4.15 in chips) 
Seat 5: Old Louis ($1.57 in chips) 
Seat 6: Termikid ($2.41 in chips) 
Seat 7: murrie666 ($2 in chips) 
Seat 8: Kupec Danila ($1.09 in chips) 
Seat 9: letsg0fishin ($2.27 in chips) 
umka186: posts small blind $0.01
Old Louis: posts big blind $0.02
*** HOLE CARDS ***
Dealt to Dorex2007 [Tc 2d]
Termikid: folds 
murrie666: folds 
Kupec Danila: folds 
letsg0fishin: raises $0.04 to $0.06
Dorex2007: folds 
Szikla0223: folds 
Helwii: calls $0.06
umka186: raises $0.19 to $0.25
Old Louis: folds 
Szikla0223 said, ":P"
letsg0fishin: folds 
Helwii: folds 
Uncalled bet ($0.19) returned to umka186
umka186 collected $0.20 from pot
*** SUMMARY ***
Total pot $0.20 | Rake $0 
Seat 1: Dorex2007 folded before Flop (didn't bet)
Seat 2: Szikla0223 folded before Flop (didn't bet)
Seat 3: Helwii (button) folded before Flop
Seat 4: umka186 (small blind) collected ($0.20)
Seat 5: Old Louis (big blind) folded before Flop
Seat 6: Termikid folded before Flop (didn't bet)
Seat 7: murrie666 folded before Flop (didn't bet)
Seat 8: Kupec Danila folded before Flop (didn't bet)
Seat 9: letsg0fishin folded before Flop



PokerStars Hand #227879661558:  Hold'em No Limit ($0.01/$0.02 USD) - 2021/06/27 2:45:58 PT [2021/06/27 5:45:58 ET]
Table 'Circe III' 9-max Seat #4 is the button
Seat 1: Dorex2007 ($2.18 in chips) 
Seat 2: Szikla0223 ($1.64 in chips) 
Seat 3: Helwii ($1.99 in chips) 
Seat 4: umka186 ($4.29 in chips) 
Seat 5: Old Louis ($1.55 in chips) 
Seat 6: Termikid ($2.41 in chips) 
Seat 7: murrie666 ($2 in chips) 
Seat 8: Kupec Danila ($1.09 in chips) 
Seat 9: letsg0fishin ($2.21 in chips) 
Old Louis: posts small blind $0.01
Termikid: posts big blind $0.02
*** HOLE CARDS ***
Dealt to Dorex2007 [Jc As]
murrie666: folds 
Kupec Danila: raises $0.04 to $0.06
letsg0fishin: folds 
Dorex2007: calls $0.06
Szikla0223: calls $0.06
Helwii: folds 
umka186: folds 
Old Louis: folds 
Termikid: folds 
*** FLOP *** [Ts Jh Ks]
Kupec Danila: checks 
Dorex2007: bets $0.10
Szikla0223: raises $0.10 to $0.20
Kupec Danila: folds 
Dorex2007: calls $0.10
*** TURN *** [Ts Jh Ks] [Ah]
Dorex2007: checks 
Szikla0223: bets $0.59
Dorex2007: calls $0.59
*** RIVER *** [Ts Jh Ks Ah] [3h]
Dorex2007: bets $1.33 and is all-in
Szikla0223: calls $0.79 and is all-in
Uncalled bet ($0.54) returned to Dorex2007
*** SHOW DOWN ***
Dorex2007: shows [Jc As] (two pair, Aces and Jacks)
Szikla0223: shows [Ad 4d] (a pair of Aces)
Dorex2007 collected $3.25 from pot
*** SUMMARY ***
Total pot $3.37 | Rake $0.12 
Board [Ts Jh Ks Ah 3h]
Seat 1: Dorex2007 showed [Jc As] and won ($3.25) with two pair, Aces and Jacks
Seat 2: Szikla0223 showed [Ad 4d] and lost with a pair of Aces
Seat 3: Helwii folded before Flop (didn't bet)
Seat 4: umka186 (button) folded before Flop (didn't bet)
Seat 5: Old Louis (small blind) folded before Flop
Seat 6: Termikid (big blind) folded before Flop
Seat 7: murrie666 folded before Flop (didn't bet)
Seat 8: Kupec Danila folded on the Flop
Seat 9: letsg0fishin folded before Flop (didn't bet)



PokerStars Hand #227879673118:  Hold'em No Limit ($0.01/$0.02 USD) - 2021/06/27 2:46:56 PT [2021/06/27 5:46:56 ET]
Table 'Circe III' 9-max Seat #5 is the button
Seat 1: Dorex2007 ($3.79 in chips) 
Seat 3: Helwii ($1.99 in chips) 
Seat 4: umka186 ($4.29 in chips) 
Seat 5: Old Louis ($1.54 in chips) 
Seat 6: Termikid ($2.39 in chips) 
Seat 7: murrie666 ($2 in chips) 
Seat 8: Kupec Danila ($1.03 in chips) 
Seat 9: letsg0fishin ($2.21 in chips) 
Termikid: posts small blind $0.01
murrie666: posts big blind $0.02
*** HOLE CARDS ***
Dealt to Dorex2007 [6c 8c]
Kupec Danila: folds 
letsg0fishin: folds 
Dorex2007: folds 
Helwii: folds 
umka186: raises $0.03 to $0.05
Old Louis: folds 
Termikid: folds 
murrie666: calls $0.03
*** FLOP *** [Ah Jd Js]
Szikla0223 leaves the table
murrie666: bets $0.06
umka186: calls $0.06
*** TURN *** [Ah Jd Js] [3s]
murrie666: checks 
umka186: checks 
*** RIVER *** [Ah Jd Js 3s] [5c]
murrie666: checks 
umka186: checks 
*** SHOW DOWN ***
murrie666: shows [Qs Qh] (two pair, Queens and Jacks)
umka186: shows [Ac Th] (two pair, Aces and Jacks)
umka186 collected $0.22 from pot
*** SUMMARY ***
Total pot $0.23 | Rake $0.01 
Board [Ah Jd Js 3s 5c]
Seat 1: Dorex2007 folded before Flop (didn't bet)
Seat 3: Helwii folded before Flop (didn't bet)
Seat 4: umka186 showed [Ac Th] and won ($0.22) with two pair, Aces and Jacks
Seat 5: Old Louis (button) folded before Flop (didn't bet)
Seat 6: Termikid (small blind) folded before Flop
Seat 7: murrie666 (big blind) showed [Qs Qh] and lost with two pair, Queens and Jacks
Seat 8: Kupec Danila folded before Flop (didn't bet)
Seat 9: letsg0fishin folded before Flop (didn't bet)



PokerStars Hand #227879680485:  Hold'em No Limit ($0.01/$0.02 USD) - 2021/06/27 2:47:33 PT [2021/06/27 5:47:33 ET]
Table 'Circe III' 9-max Seat #6 is the button
Seat 1: Dorex2007 ($3.79 in chips) 
Seat 3: Helwii ($1.99 in chips) 
Seat 4: umka186 ($4.40 in chips) 
Seat 5: Old Louis ($1.54 in chips) 
Seat 6: Termikid ($2.38 in chips) 
Seat 7: murrie666 ($1.89 in chips) 
Seat 8: Kupec Danila ($1.03 in chips) 
Seat 9: letsg0fishin ($2.21 in chips) 
murrie666: posts small blind $0.01
Kupec Danila: posts big blind $0.02
*** HOLE CARDS ***
Dealt to Dorex2007 [Qc 8c]
letsg0fishin: folds 
Dorex2007: folds 
AlexanderM97 joins the table at seat #2 
Helwii: folds 
umka186: folds 
Old Louis: calls $0.02
Termikid: calls $0.02
murrie666: folds 
Kupec Danila: raises $0.06 to $0.08
Old Louis: calls $0.06
Termikid: calls $0.06
*** FLOP *** [7h 7s 3d]
Kupec Danila: bets $0.08
Old Louis: folds 
letsg0fishin leaves the table
Termikid: calls $0.08
*** TURN *** [7h 7s 3d] [2d]
Kupec Danila: checks 
EvgeniyVisus joins the table at seat #9 
Termikid: bets $0.13
Kupec Danila: folds 
Uncalled bet ($0.13) returned to Termikid
Termikid collected $0.40 from pot
Termikid: doesn't show hand 
*** SUMMARY ***
Total pot $0.41 | Rake $0.01 
Board [7h 7s 3d 2d]
Seat 1: Dorex2007 folded before Flop (didn't bet)
Seat 3: Helwii folded before Flop (didn't bet)
Seat 4: umka186 folded before Flop (didn't bet)
Seat 5: Old Louis folded on the Flop
Seat 6: Termikid (button) collected ($0.40)
Seat 7: murrie666 (small blind) folded before Flop
Seat 8: Kupec Danila (big blind) folded on the Turn
Seat 9: letsg0fishin folded before Flop (didn't bet)



PokerStars Hand #227879689701:  Hold'em No Limit ($0.01/$0.02 USD) - 2021/06/27 2:48:19 PT [2021/06/27 5:48:19 ET]
Table 'Circe III' 9-max Seat #7 is the button
Seat 1: Dorex2007 ($3.79 in chips) 
Seat 3: Helwii ($1.99 in chips) 
Seat 4: umka186 ($4.40 in chips) 
Seat 5: Old Louis ($1.46 in chips) 
Seat 6: Termikid ($2.62 in chips) 
Seat 7: murrie666 ($1.88 in chips) 
Seat 8: Kupec Danila ($1 in chips) 
Seat 9: EvgeniyVisus ($2 in chips) 
Kupec Danila: posts small blind $0.01
EvgeniyVisus: posts big blind $0.02
AlexanderM97: sits out 
*** HOLE CARDS ***
Dealt to Dorex2007 [4s 6s]
Dorex2007: folds 
Helwii: folds 
umka186: folds 
Old Louis: calls $0.02
Termikid: folds 
murrie666: folds 
Kupec Danila: calls $0.01
EvgeniyVisus: checks 
*** FLOP *** [4c 7h Qc]
Kupec Danila: bets $0.02
EvgeniyVisus: folds 
Old Louis: calls $0.02
*** TURN *** [4c 7h Qc] [5s]
Kupec Danila: checks 
Old Louis: checks 
*** RIVER *** [4c 7h Qc 5s] [Jc]
Kupec Danila: checks 
Old Louis: checks 
*** SHOW DOWN ***
Kupec Danila: shows [5d 6h] (a pair of Fives)
Old Louis: shows [9c Js] (a pair of Jacks)
Old Louis collected $0.10 from pot
*** SUMMARY ***
Total pot $0.10 | Rake $0 
Board [4c 7h Qc 5s Jc]
Seat 1: Dorex2007 folded before Flop (didn't bet)
Seat 3: Helwii folded before Flop (didn't bet)
Seat 4: umka186 folded before Flop (didn't bet)
Seat 5: Old Louis showed [9c Js] and won ($0.10) with a pair of Jacks
Seat 6: Termikid folded before Flop (didn't bet)
Seat 7: murrie666 (button) folded before Flop (didn't bet)
Seat 8: Kupec Danila (small blind) showed [5d 6h] and lost with a pair of Fives
Seat 9: EvgeniyVisus (big blind) folded on the Flop



PokerStars Hand #227879696868:  Hold'em No Limit ($0.01/$0.02 USD) - 2021/06/27 2:48:55 PT [2021/06/27 5:48:55 ET]
Table 'Circe III' 9-max Seat #8 is the button
Seat 1: Dorex2007 ($3.79 in chips) 
Seat 2: AlexanderM97 ($0.80 in chips) 
Seat 3: Helwii ($1.99 in chips) 
Seat 4: umka186 ($4.40 in chips) 
Seat 5: Old Louis ($1.52 in chips) 
Seat 6: Termikid ($2.62 in chips) 
Seat 7: murrie666 ($1.88 in chips) 
Seat 8: Kupec Danila ($1 in chips) 
Seat 9: EvgeniyVisus ($2 in chips) 
EvgeniyVisus: posts small blind $0.01
Dorex2007: posts big blind $0.02
AlexanderM97: posts big blind $0.02
*** HOLE CARDS ***
Dealt to Dorex2007 [2s 4c]
AlexanderM97: checks 
Helwii: folds 
umka186: folds 
Old Louis: folds 
Termikid: folds 
murrie666: folds 
Kupec Danila: calls $0.02
EvgeniyVisus: folds 
Dorex2007: checks 
*** FLOP *** [5c Kd 3s]
Dorex2007: checks 
AlexanderM97: bets $0.03
Kupec Danila: calls $0.03
Dorex2007: calls $0.03
*** TURN *** [5c Kd 3s] [Ts]
Dorex2007: checks 
AlexanderM97: bets $0.07
Kupec Danila: folds 
Dorex2007: calls $0.07
*** RIVER *** [5c Kd 3s Ts] [6d]
Dorex2007: checks 
AlexanderM97: bets $0.14
Dorex2007: raises $3.53 to $3.67 and is all-in
AlexanderM97: calls $0.54 and is all-in
Uncalled bet ($2.99) returned to Dorex2007
*** SHOW DOWN ***
Dorex2007: shows [2s 4c] (a straight, Deuce to Six)
AlexanderM97: shows [3c 5d] (two pair, Fives and Threes)
Dorex2007 collected $1.60 from pot
*** SUMMARY ***
Total pot $1.66 | Rake $0.06 
Board [5c Kd 3s Ts 6d]
Seat 1: Dorex2007 (big blind) showed [2s 4c] and won ($1.60) with a straight, Deuce to Six
Seat 2: AlexanderM97 showed [3c 5d] and lost with two pair, Fives and Threes
Seat 3: Helwii folded before Flop (didn't bet)
Seat 4: umka186 folded before Flop (didn't bet)
Seat 5: Old Louis folded before Flop (didn't bet)
Seat 6: Termikid folded before Flop (didn't bet)
Seat 7: murrie666 folded before Flop (didn't bet)
Seat 8: Kupec Danila (button) folded on the Turn
Seat 9: EvgeniyVisus (small blind) folded before Flop



PokerStars Hand #227879713796:  Hold'em No Limit ($0.01/$0.02 USD) - 2021/06/27 2:50:21 PT [2021/06/27 5:50:21 ET]
Table 'Circe III' 9-max Seat #9 is the button
Seat 1: Dorex2007 ($4.59 in chips) 
Seat 3: Helwii ($1.99 in chips) 
Seat 4: umka186 ($4.40 in chips) 
Seat 5: Old Louis ($1.52 in chips) 
Seat 6: Termikid ($2.62 in chips) 
Seat 7: murrie666 ($1.88 in chips) 
Seat 8: Kupec Danila ($1 in chips) 
Seat 9: EvgeniyVisus ($2 in chips) 
Dorex2007: posts small blind $0.01
Helwii: posts big blind $0.02
*** HOLE CARDS ***
Dealt to Dorex2007 [9h 5c]
umka186: folds 
Old Louis: folds 
Termikid: folds 
murrie666: folds 
Kupec Danila: folds 
EvgeniyVisus: raises $0.04 to $0.06
Dorex2007: folds 
Helwii: calls $0.04
*** FLOP *** [7d 9s 8s]
Helwii: checks 
EvgeniyVisus: checks 
*** TURN *** [7d 9s 8s] [8d]
Helwii: checks 
EvgeniyVisus: checks 
*** RIVER *** [7d 9s 8s 8d] [5s]
Helwii: checks 
EvgeniyVisus: checks 
*** SHOW DOWN ***
Helwii: shows [Kh Jd] (a pair of Eights)
EvgeniyVisus: shows [Ah 4d] (a pair of Eights - Ace kicker)
EvgeniyVisus collected $0.13 from pot
*** SUMMARY ***
Total pot $0.13 | Rake $0 
Board [7d 9s 8s 8d 5s]
Seat 1: Dorex2007 (small blind) folded before Flop
Seat 3: Helwii (big blind) showed [Kh Jd] and lost with a pair of Eights
Seat 4: umka186 folded before Flop (didn't bet)
Seat 5: Old Louis folded before Flop (didn't bet)
Seat 6: Termikid folded before Flop (didn't bet)
Seat 7: murrie666 folded before Flop (didn't bet)
Seat 8: Kupec Danila folded before Flop (didn't bet)
Seat 9: EvgeniyVisus (button) showed [Ah 4d] and won ($0.13) with a pair of Eights



PokerStars Hand #227879721490:  Hold'em No Limit ($0.01/$0.02 USD) - 2021/06/27 2:51:00 PT [2021/06/27 5:51:00 ET]
Table 'Circe III' 9-max Seat #1 is the button
Seat 1: Dorex2007 ($4.58 in chips) 
Seat 3: Helwii ($1.93 in chips) 
Seat 4: umka186 ($4.40 in chips) 
Seat 5: Old Louis ($1.52 in chips) 
Seat 6: Termikid ($2.62 in chips) 
Seat 7: murrie666 ($1.88 in chips) 
Seat 8: Kupec Danila ($1 in chips) 
Seat 9: EvgeniyVisus ($2.07 in chips) 
Helwii: posts small blind $0.01
umka186: posts big blind $0.02
*** HOLE CARDS ***
Dealt to Dorex2007 [9c Jd]
Old Louis: folds 
Termikid: folds 
murrie666: raises $0.04 to $0.06
Kupec Danila: calls $0.06
EvgeniyVisus: folds 
Dorex2007: folds 
Helwii: calls $0.05
umka186: folds 
*** FLOP *** [7c 2c 7h]
Helwii: checks 
murrie666: bets $0.10
Kupec Danila: folds 
Helwii: calls $0.10
*** TURN *** [7c 2c 7h] [3s]
Helwii: checks 
murrie666: checks 
*** RIVER *** [7c 2c 7h 3s] [Qs]
Helwii: checks 
murrie666: checks 
*** SHOW DOWN ***
Helwii: shows [6s 6h] (two pair, Sevens and Sixes)
murrie666: mucks hand 
Helwii collected $0.39 from pot
*** SUMMARY ***
Total pot $0.40 | Rake $0.01 
Board [7c 2c 7h 3s Qs]
Seat 1: Dorex2007 (button) folded before Flop (didn't bet)
Seat 3: Helwii (small blind) showed [6s 6h] and won ($0.39) with two pair, Sevens and Sixes
Seat 4: umka186 (big blind) folded before Flop
Seat 5: Old Louis folded before Flop (didn't bet)
Seat 6: Termikid folded before Flop (didn't bet)
Seat 7: murrie666 mucked [Kc Ac]
Seat 8: Kupec Danila folded on the Flop
Seat 9: EvgeniyVisus folded before Flop (didn't bet)



PokerStars Hand #227879732099:  Hold'em No Limit ($0.01/$0.02 USD) - 2021/06/27 2:51:53 PT [2021/06/27 5:51:53 ET]
Table 'Circe III' 9-max Seat #3 is the button
Seat 1: Dorex2007 ($4.58 in chips) 
Seat 2: AlexanderM97 ($0.80 in chips) 
Seat 3: Helwii ($2.16 in chips) 
Seat 4: umka186 ($4.38 in chips) 
Seat 5: Old Louis ($1.52 in chips) 
Seat 6: Termikid ($2.62 in chips) 
Seat 7: murrie666 ($1.72 in chips) 
Seat 8: Kupec Danila ($1 in chips) 
Seat 9: EvgeniyVisus ($2.07 in chips) 
umka186: posts small blind $0.01
Old Louis: posts big blind $0.02
AlexanderM97: posts small & big blinds $0.03
*** HOLE CARDS ***
Dealt to Dorex2007 [Qc Qh]
Termikid: folds 
murrie666: folds 
Kupec Danila: folds 
EvgeniyVisus: folds 
Dorex2007: raises $0.08 to $0.10
AlexanderM97: folds 
Helwii: folds 
umka186: folds 
Old Louis: folds 
Uncalled bet ($0.08) returned to Dorex2007
Dorex2007 collected $0.08 from pot
Dorex2007: doesn't show hand 
*** SUMMARY ***
Total pot $0.08 | Rake $0 
Seat 1: Dorex2007 collected ($0.08)
Seat 2: AlexanderM97 folded before Flop (didn't bet)
Seat 3: Helwii (button) folded before Flop (didn't bet)
Seat 4: umka186 (small blind) folded before Flop
Seat 5: Old Louis (big blind) folded before Flop
Seat 6: Termikid folded before Flop (didn't bet)
Seat 7: murrie666 folded before Flop (didn't bet)
Seat 8: Kupec Danila folded before Flop (didn't bet)
Seat 9: EvgeniyVisus folded before Flop (didn't bet)



PokerStars Hand #227879736654:  Hold'em No Limit ($0.01/$0.02 USD) - 2021/06/27 2:52:16 PT [2021/06/27 5:52:16 ET]
Table 'Circe III' 9-max Seat #4 is the button
Seat 1: Dorex2007 ($4.64 in chips) 
Seat 2: AlexanderM97 ($0.77 in chips) 
Seat 3: Helwii ($2.16 in chips) 
Seat 4: umka186 ($4.37 in chips) 
Seat 5: Old Louis ($1.50 in chips) 
Seat 6: Termikid ($2.62 in chips) 
Seat 7: murrie666 ($1.72 in chips) 
Seat 8: Kupec Danila ($1 in chips) 
Seat 9: EvgeniyVisus ($2.07 in chips) 
Old Louis: posts small blind $0.01
Termikid: posts big blind $0.02
*** HOLE CARDS ***
Dealt to Dorex2007 [Jd Js]
murrie666: folds 
Kupec Danila: folds 
EvgeniyVisus: folds 
Dorex2007: raises $0.02 to $0.04
AlexanderM97: folds 
Helwii: folds 
umka186: folds 
Old Louis: calls $0.03
Termikid: calls $0.02
*** FLOP *** [8d 8h 2d]
Old Louis: checks 
Termikid: checks 
Dorex2007: bets $0.10
Old Louis: folds 
Termikid: folds 
Uncalled bet ($0.10) returned to Dorex2007
Dorex2007 collected $0.12 from pot
Dorex2007: doesn't show hand 
*** SUMMARY ***
Total pot $0.12 | Rake $0 
Board [8d 8h 2d]
Seat 1: Dorex2007 collected ($0.12)
Seat 2: AlexanderM97 folded before Flop (didn't bet)
Seat 3: Helwii folded before Flop (didn't bet)
Seat 4: umka186 (button) folded before Flop (didn't bet)
Seat 5: Old Louis (small blind) folded on the Flop
Seat 6: Termikid (big blind) folded on the Flop
Seat 7: murrie666 folded before Flop (didn't bet)
Seat 8: Kupec Danila folded before Flop (didn't bet)
Seat 9: EvgeniyVisus folded before Flop (didn't bet)



PokerStars Hand #227879744097:  Hold'em No Limit ($0.01/$0.02 USD) - 2021/06/27 2:52:53 PT [2021/06/27 5:52:53 ET]
Table 'Circe III' 9-max Seat #5 is the button
Seat 1: Dorex2007 ($4.72 in chips) 
Seat 2: AlexanderM97 ($0.77 in chips) 
Seat 3: Helwii ($2.16 in chips) 
Seat 4: umka186 ($4.37 in chips) 
Seat 5: Old Louis ($1.46 in chips) 
Seat 6: Termikid ($2.58 in chips) 
Seat 7: murrie666 ($1.72 in chips) 
Seat 8: Kupec Danila ($1 in chips) 
Seat 9: EvgeniyVisus ($2.07 in chips) 
Termikid: posts small blind $0.01
murrie666: posts big blind $0.02
*** HOLE CARDS ***
Dealt to Dorex2007 [As Ts]
Kupec Danila: folds 
EvgeniyVisus: folds 
Dorex2007: raises $0.04 to $0.06
AlexanderM97: folds 
Helwii: calls $0.06
umka186: folds 
Old Louis: folds 
Termikid: folds 
murrie666: folds 
*** FLOP *** [2c Qc 5h]
Dorex2007: checks 
Helwii: bets $0.05
Dorex2007: calls $0.05
*** TURN *** [2c Qc 5h] [3s]
Dorex2007: bets $0.12
Helwii: folds 
Uncalled bet ($0.12) returned to Dorex2007
Dorex2007 collected $0.24 from pot
Dorex2007: doesn't show hand 
*** SUMMARY ***
Total pot $0.25 | Rake $0.01 
Board [2c Qc 5h 3s]
Seat 1: Dorex2007 collected ($0.24)
Seat 2: AlexanderM97 folded before Flop (didn't bet)
Seat 3: Helwii folded on the Turn
Seat 4: umka186 folded before Flop (didn't bet)
Seat 5: Old Louis (button) folded before Flop (didn't bet)
Seat 6: Termikid (small blind) folded before Flop
Seat 7: murrie666 (big blind) folded before Flop
Seat 8: Kupec Danila folded before Flop (didn't bet)
Seat 9: EvgeniyVisus folded before Flop (didn't bet)



PokerStars Hand #227879753706:  Hold'em No Limit ($0.01/$0.02 USD) - 2021/06/27 2:53:41 PT [2021/06/27 5:53:41 ET]
Table 'Circe III' 9-max Seat #6 is the button
Seat 1: Dorex2007 ($4.85 in chips) 
Seat 2: AlexanderM97 ($0.77 in chips) 
Seat 3: Helwii ($2.05 in chips) 
Seat 4: umka186 ($4.37 in chips) 
Seat 5: Old Louis ($1.46 in chips) 
Seat 6: Termikid ($2.57 in chips) 
Seat 7: murrie666 ($1.70 in chips) 
Seat 8: Kupec Danila ($1 in chips) 
Seat 9: EvgeniyVisus ($2.07 in chips) 
murrie666: posts small blind $0.01
Kupec Danila: posts big blind $0.02
*** HOLE CARDS ***
Dealt to Dorex2007 [Qs 9s]
EvgeniyVisus: folds 
Dorex2007: folds 
AlexanderM97: folds 
Helwii: folds 
umka186: folds 
Old Louis: folds 
Termikid: folds 
murrie666: folds 
Uncalled bet ($0.01) returned to Kupec Danila
Kupec Danila collected $0.02 from pot
*** SUMMARY ***
Total pot $0.02 | Rake $0 
Seat 1: Dorex2007 folded before Flop (didn't bet)
Seat 2: AlexanderM97 folded before Flop (didn't bet)
Seat 3: Helwii folded before Flop (didn't bet)
Seat 4: umka186 folded before Flop (didn't bet)
Seat 5: Old Louis folded before Flop (didn't bet)
Seat 6: Termikid (button) folded before Flop (didn't bet)
Seat 7: murrie666 (small blind) folded before Flop
Seat 8: Kupec Danila (big blind) collected ($0.02)
Seat 9: EvgeniyVisus folded before Flop (didn't bet)



PokerStars Hand #227879756611:  Hold'em No Limit ($0.01/$0.02 USD) - 2021/06/27 2:53:56 PT [2021/06/27 5:53:56 ET]
Table 'Circe III' 9-max Seat #7 is the button
Seat 1: Dorex2007 ($4.85 in chips) 
Seat 2: AlexanderM97 ($0.77 in chips) 
Seat 3: Helwii ($2.05 in chips) 
Seat 4: umka186 ($4.37 in chips) 
Seat 5: Old Louis ($1.46 in chips) 
Seat 6: Termikid ($2.57 in chips) 
Seat 7: murrie666 ($1.69 in chips) 
Seat 8: Kupec Danila ($1.01 in chips) 
Seat 9: EvgeniyVisus ($2.07 in chips) 
Kupec Danila: posts small blind $0.01
EvgeniyVisus: posts big blind $0.02
*** HOLE CARDS ***
Dealt to Dorex2007 [Jh 4s]
Dorex2007: folds 
AlexanderM97: calls $0.02
Helwii: folds 
umka186: folds 
Old Louis: calls $0.02
Termikid: folds 
murrie666: folds 
Kupec Danila: folds 
EvgeniyVisus: checks 
*** FLOP *** [Ks 6d 9c]
EvgeniyVisus: checks 
AlexanderM97: checks 
Old Louis: checks 
*** TURN *** [Ks 6d 9c] [6s]
EvgeniyVisus: checks 
AlexanderM97: checks 
Old Louis: bets $0.04
EvgeniyVisus: folds 
AlexanderM97: calls $0.04
*** RIVER *** [Ks 6d 9c 6s] [3h]
AlexanderM97: checks 
Old Louis: checks 
*** SHOW DOWN ***
AlexanderM97: shows [5s 2s] (a pair of Sixes)
Old Louis: shows [Js Qh] (a pair of Sixes - King+Queen kicker)
Old Louis collected $0.14 from pot
*** SUMMARY ***
Total pot $0.15 | Rake $0.01 
Board [Ks 6d 9c 6s 3h]
Seat 1: Dorex2007 folded before Flop (didn't bet)
Seat 2: AlexanderM97 showed [5s 2s] and lost with a pair of Sixes
Seat 3: Helwii folded before Flop (didn't bet)
Seat 4: umka186 folded before Flop (didn't bet)
Seat 5: Old Louis showed [Js Qh] and won ($0.14) with a pair of Sixes
Seat 6: Termikid folded before Flop (didn't bet)
Seat 7: murrie666 (button) folded before Flop (didn't bet)
Seat 8: Kupec Danila (small blind) folded before Flop
Seat 9: EvgeniyVisus (big blind) folded on the Turn



PokerStars Hand #227879764779:  Hold'em No Limit ($0.01/$0.02 USD) - 2021/06/27 2:54:37 PT [2021/06/27 5:54:37 ET]
Table 'Circe III' 9-max Seat #8 is the button
Seat 1: Dorex2007 ($4.85 in chips) 
Seat 2: AlexanderM97 ($0.71 in chips) 
Seat 3: Helwii ($2.05 in chips) 
Seat 4: umka186 ($4.37 in chips) 
Seat 5: Old Louis ($1.54 in chips) 
Seat 6: Termikid ($2.57 in chips) 
Seat 7: murrie666 ($1.69 in chips) 
Seat 8: Kupec Danila ($1 in chips) 
Seat 9: EvgeniyVisus ($2.05 in chips) 
EvgeniyVisus: posts small blind $0.01
Dorex2007: posts big blind $0.02
*** HOLE CARDS ***
Dealt to Dorex2007 [Ks 2s]
AlexanderM97: folds 
Helwii: folds 
umka186: folds 
Old Louis: folds 
Termikid: folds 
murrie666: folds 
Kupec Danila: raises $0.04 to $0.06
EvgeniyVisus: folds 
Dorex2007: folds 
Uncalled bet ($0.04) returned to Kupec Danila
Kupec Danila collected $0.05 from pot
*** SUMMARY ***
Total pot $0.05 | Rake $0 
Seat 1: Dorex2007 (big blind) folded before Flop
Seat 2: AlexanderM97 folded before Flop (didn't bet)
Seat 3: Helwii folded before Flop (didn't bet)
Seat 4: umka186 folded before Flop (didn't bet)
Seat 5: Old Louis folded before Flop (didn't bet)
Seat 6: Termikid folded before Flop (didn't bet)
Seat 7: murrie666 folded before Flop (didn't bet)
Seat 8: Kupec Danila (button) collected ($0.05)
Seat 9: EvgeniyVisus (small blind) folded before Flop



PokerStars Hand #227879769253:  Hold'em No Limit ($0.01/$0.02 USD) - 2021/06/27 2:55:00 PT [2021/06/27 5:55:00 ET]
Table 'Circe III' 9-max Seat #9 is the button
Seat 1: Dorex2007 ($4.83 in chips) 
Seat 2: AlexanderM97 ($0.71 in chips) 
Seat 3: Helwii ($2.05 in chips) 
Seat 4: umka186 ($4.37 in chips) 
Seat 5: Old Louis ($1.54 in chips) 
Seat 6: Termikid ($2.57 in chips) 
Seat 7: murrie666 ($1.69 in chips) 
Seat 8: Kupec Danila ($1.03 in chips) 
Seat 9: EvgeniyVisus ($2.04 in chips) 
Dorex2007: posts small blind $0.01
AlexanderM97: posts big blind $0.02
*** HOLE CARDS ***
Dealt to Dorex2007 [7h Jh]
Helwii: folds 
umka186: folds 
Old Louis: folds 
Termikid: folds 
murrie666: folds 
Kupec Danila: raises $0.04 to $0.06
EvgeniyVisus: folds 
Dorex2007: folds 
AlexanderM97: folds 
Uncalled bet ($0.04) returned to Kupec Danila
Kupec Danila collected $0.05 from pot
*** SUMMARY ***
Total pot $0.05 | Rake $0 
Seat 1: Dorex2007 (small blind) folded before Flop
Seat 2: AlexanderM97 (big blind) folded before Flop
Seat 3: Helwii folded before Flop (didn't bet)
Seat 4: umka186 folded before Flop (didn't bet)
Seat 5: Old Louis folded before Flop (didn't bet)
Seat 6: Termikid folded before Flop (didn't bet)
Seat 7: murrie666 folded before Flop (didn't bet)
Seat 8: Kupec Danila collected ($0.05)
Seat 9: EvgeniyVisus (button) folded before Flop (didn't bet)



PokerStars Hand #227879774140:  Hold'em No Limit ($0.01/$0.02 USD) - 2021/06/27 2:55:28 PT [2021/06/27 5:55:28 ET]
Table 'Circe III' 9-max Seat #1 is the button
Seat 1: Dorex2007 ($4.82 in chips) 
Seat 2: AlexanderM97 ($0.69 in chips) 
Seat 3: Helwii ($2.05 in chips) 
Seat 4: umka186 ($4.37 in chips) 
Seat 5: Old Louis ($1.54 in chips) 
Seat 6: Termikid ($2.57 in chips) 
Seat 7: murrie666 ($1.69 in chips) 
Seat 8: Kupec Danila ($1.06 in chips) 
Seat 9: EvgeniyVisus ($2.04 in chips) 
AlexanderM97: posts small blind $0.01
Helwii: posts big blind $0.02
*** HOLE CARDS ***
Dealt to Dorex2007 [6d Jh]
umka186: folds 
Old Louis: folds 
Termikid: folds 
murrie666: folds 
Kupec Danila: raises $0.04 to $0.06
EvgeniyVisus: folds 
Dorex2007: folds 
AlexanderM97: folds 
Helwii: calls $0.04
*** FLOP *** [4s Qd 9c]
Helwii: checks 
Kupec Danila: bets $0.10
Helwii: folds 
Uncalled bet ($0.10) returned to Kupec Danila
Kupec Danila collected $0.13 from pot
*** SUMMARY ***
Total pot $0.13 | Rake $0 
Board [4s Qd 9c]
Seat 1: Dorex2007 (button) folded before Flop (didn't bet)
Seat 2: AlexanderM97 (small blind) folded before Flop
Seat 3: Helwii (big blind) folded on the Flop
Seat 4: umka186 folded before Flop (didn't bet)
Seat 5: Old Louis folded before Flop (didn't bet)
Seat 6: Termikid folded before Flop (didn't bet)
Seat 7: murrie666 folded before Flop (didn't bet)
Seat 8: Kupec Danila collected ($0.13)
Seat 9: EvgeniyVisus folded before Flop (didn't bet)



PokerStars Hand #227879779734:  Hold'em No Limit ($0.01/$0.02 USD) - 2021/06/27 2:56:00 PT [2021/06/27 5:56:00 ET]
Table 'Circe III' 9-max Seat #2 is the button
Seat 1: Dorex2007 ($4.82 in chips) 
Seat 2: AlexanderM97 ($0.68 in chips) 
Seat 3: Helwii ($1.99 in chips) 
Seat 4: umka186 ($4.37 in chips) 
Seat 5: Old Louis ($1.54 in chips) 
Seat 6: Termikid ($2.57 in chips) 
Seat 7: murrie666 ($1.69 in chips) 
Seat 8: Kupec Danila ($1.13 in chips) 
Seat 9: EvgeniyVisus ($2.04 in chips) 
Helwii: posts small blind $0.01
umka186: posts big blind $0.02
*** HOLE CARDS ***
Dealt to Dorex2007 [6d 5c]
Old Louis has timed out
Old Louis: folds 
Termikid: folds 
murrie666: folds 
Kupec Danila: folds 
EvgeniyVisus: folds 
Dorex2007: folds 
AlexanderM97: folds 
Helwii: folds 
Uncalled bet ($0.01) returned to umka186
umka186 collected $0.02 from pot
*** SUMMARY ***
Total pot $0.02 | Rake $0 
Seat 1: Dorex2007 folded before Flop (didn't bet)
Seat 2: AlexanderM97 (button) folded before Flop (didn't bet)
Seat 3: Helwii (small blind) folded before Flop
Seat 4: umka186 (big blind) collected ($0.02)
Seat 5: Old Louis folded before Flop (didn't bet)
Seat 6: Termikid folded before Flop (didn't bet)
Seat 7: murrie666 folded before Flop (didn't bet)
Seat 8: Kupec Danila folded before Flop (didn't bet)
Seat 9: EvgeniyVisus folded before Flop (didn't bet)



PokerStars Hand #227879782968:  Hold'em No Limit ($0.01/$0.02 USD) - 2021/06/27 2:56:19 PT [2021/06/27 5:56:19 ET]
Table 'Circe III' 9-max Seat #3 is the button
Seat 1: Dorex2007 ($4.82 in chips) 
Seat 2: AlexanderM97 ($0.68 in chips) 
Seat 3: Helwii ($1.98 in chips) 
Seat 4: umka186 ($4.38 in chips) 
Seat 6: Termikid ($2.57 in chips) 
Seat 7: murrie666 ($1.69 in chips) 
Seat 8: Kupec Danila ($1.13 in chips) 
Seat 9: EvgeniyVisus ($2.04 in chips) 
umka186: posts small blind $0.01
Termikid: posts big blind $0.02
*** HOLE CARDS ***
Dealt to Dorex2007 [4h As]
murrie666: folds 
Kupec Danila: folds 
EvgeniyVisus: folds 
Dorex2007: folds 
AlexanderM97: folds 
Helwii: folds 
umka186: folds 
Uncalled bet ($0.01) returned to Termikid
Termikid collected $0.02 from pot
Termikid: doesn't show hand 
*** SUMMARY ***
Total pot $0.02 | Rake $0 
Seat 1: Dorex2007 folded before Flop (didn't bet)
Seat 2: AlexanderM97 folded before Flop (didn't bet)
Seat 3: Helwii (button) folded before Flop (didn't bet)
Seat 4: umka186 (small blind) folded before Flop
Seat 6: Termikid (big blind) collected ($0.02)
Seat 7: murrie666 folded before Flop (didn't bet)
Seat 8: Kupec Danila folded before Flop (didn't bet)
Seat 9: EvgeniyVisus folded before Flop (didn't bet)



PokerStars Hand #227879786117:  Hold'em No Limit ($0.01/$0.02 USD) - 2021/06/27 2:56:37 PT [2021/06/27 5:56:37 ET]
Table 'Circe III' 9-max Seat #4 is the button
Seat 1: Dorex2007 ($4.82 in chips) 
Seat 2: AlexanderM97 ($0.68 in chips) 
Seat 3: Helwii ($1.98 in chips) 
Seat 4: umka186 ($4.37 in chips) 
Seat 6: Termikid ($2.58 in chips) 
Seat 7: murrie666 ($1.69 in chips) 
Seat 8: Kupec Danila ($1.13 in chips) 
Seat 9: EvgeniyVisus ($2.04 in chips) 
Termikid: posts small blind $0.01
murrie666: posts big blind $0.02
*** HOLE CARDS ***
Dealt to Dorex2007 [Js 7s]
Kupec Danila: folds 
EvgeniyVisus: folds 
Dorex2007: folds 
AlexanderM97: folds 
Helwii: folds 
umka186: folds 
Termikid: folds 
Uncalled bet ($0.01) returned to murrie666
murrie666 collected $0.02 from pot
murrie666: doesn't show hand 
*** SUMMARY ***
Total pot $0.02 | Rake $0 
Seat 1: Dorex2007 folded before Flop (didn't bet)
Seat 2: AlexanderM97 folded before Flop (didn't bet)
Seat 3: Helwii folded before Flop (didn't bet)
Seat 4: umka186 (button) folded before Flop (didn't bet)
Seat 6: Termikid (small blind) folded before Flop
Seat 7: murrie666 (big blind) collected ($0.02)
Seat 8: Kupec Danila folded before Flop (didn't bet)
Seat 9: EvgeniyVisus folded before Flop (didn't bet)



PokerStars Hand #227879788231:  Hold'em No Limit ($0.01/$0.02 USD) - 2021/06/27 2:56:48 PT [2021/06/27 5:56:48 ET]
Table 'Circe III' 9-max Seat #6 is the button
Seat 1: Dorex2007 ($4.82 in chips) 
Seat 2: AlexanderM97 ($0.68 in chips) 
Seat 3: Helwii ($1.98 in chips) 
Seat 4: umka186 ($4.37 in chips) 
Seat 5: Old Louis ($1.54 in chips) 
Seat 6: Termikid ($2.57 in chips) 
Seat 7: murrie666 ($1.70 in chips) 
Seat 8: Kupec Danila ($1.13 in chips) 
Seat 9: EvgeniyVisus ($2.04 in chips) 
murrie666: posts small blind $0.01
Kupec Danila: posts big blind $0.02
Old Louis: posts small & big blinds $0.03
*** HOLE CARDS ***
Dealt to Dorex2007 [3s 3d]
EvgeniyVisus: folds 
Dorex2007: folds 
AlexanderM97: calls $0.02
Helwii: calls $0.02
umka186: folds 
Old Louis: checks 
Termikid: raises $0.16 to $0.18
murrie666: folds 
Kupec Danila: raises $0.95 to $1.13 and is all-in
AlexanderM97: folds 
Helwii: folds 
Old Louis: folds 
Termikid: folds 
Uncalled bet ($0.95) returned to Kupec Danila
Kupec Danila collected $0.44 from pot
*** SUMMARY ***
Total pot $0.44 | Rake $0 
Seat 1: Dorex2007 folded before Flop (didn't bet)
Seat 2: AlexanderM97 folded before Flop
Seat 3: Helwii folded before Flop
Seat 4: umka186 folded before Flop (didn't bet)
Seat 5: Old Louis folded before Flop (didn't bet)
Seat 6: Termikid (button) folded before Flop
Seat 7: murrie666 (small blind) folded before Flop
Seat 8: Kupec Danila (big blind) collected ($0.44)
Seat 9: EvgeniyVisus folded before Flop (didn't bet)



PokerStars Hand #227879794116:  Hold'em No Limit ($0.01/$0.02 USD) - 2021/06/27 2:57:22 PT [2021/06/27 5:57:22 ET]
Table 'Circe III' 9-max Seat #7 is the button
Seat 1: Dorex2007 ($4.82 in chips) 
Seat 2: AlexanderM97 ($0.66 in chips) 
Seat 3: Helwii ($1.96 in chips) 
Seat 4: umka186 ($4.37 in chips) 
Seat 5: Old Louis ($1.51 in chips) 
Seat 6: Termikid ($2.39 in chips) 
Seat 7: murrie666 ($1.69 in chips) 
Seat 8: Kupec Danila ($1.39 in chips) 
Seat 9: EvgeniyVisus ($2.04 in chips) 
Kupec Danila: posts small blind $0.01
EvgeniyVisus: posts big blind $0.02
*** HOLE CARDS ***
Dealt to Dorex2007 [6c Qs]
Dorex2007: folds 
AlexanderM97: folds 
Helwii: folds 
umka186: folds 
Old Louis: calls $0.02
Termikid: folds 
murrie666: folds 
Kupec Danila: folds 
EvgeniyVisus: raises $0.05 to $0.07
Old Louis: calls $0.05
*** FLOP *** [Js 2d 4d]
EvgeniyVisus: checks 
Old Louis: checks 
*** TURN *** [Js 2d 4d] [7c]
EvgeniyVisus: bets $0.02
Old Louis: folds 
Uncalled bet ($0.02) returned to EvgeniyVisus
EvgeniyVisus collected $0.14 from pot
EvgeniyVisus: doesn't show hand 
*** SUMMARY ***
Total pot $0.15 | Rake $0.01 
Board [Js 2d 4d 7c]
Seat 1: Dorex2007 folded before Flop (didn't bet)
Seat 2: AlexanderM97 folded before Flop (didn't bet)
Seat 3: Helwii folded before Flop (didn't bet)
Seat 4: umka186 folded before Flop (didn't bet)
Seat 5: Old Louis folded on the Turn
Seat 6: Termikid folded before Flop (didn't bet)
Seat 7: murrie666 (button) folded before Flop (didn't bet)
Seat 8: Kupec Danila (small blind) folded before Flop
Seat 9: EvgeniyVisus (big blind) collected ($0.14)



PokerStars Hand #227879801873:  Hold'em No Limit ($0.01/$0.02 USD) - 2021/06/27 2:58:07 PT [2021/06/27 5:58:07 ET]
Table 'Circe III' 9-max Seat #8 is the button
Seat 1: Dorex2007 ($4.82 in chips) 
Seat 2: AlexanderM97 ($0.66 in chips) 
Seat 3: Helwii ($1.96 in chips) 
Seat 4: umka186 ($4.37 in chips) 
Seat 5: Old Louis ($1.44 in chips) 
Seat 6: Termikid ($2.39 in chips) 
Seat 7: murrie666 ($1.69 in chips) 
Seat 8: Kupec Danila ($1.38 in chips) 
Seat 9: EvgeniyVisus ($2.11 in chips) 
EvgeniyVisus: posts small blind $0.01
Dorex2007: posts big blind $0.02
*** HOLE CARDS ***
Dealt to Dorex2007 [Qs Qh]
AlexanderM97: folds 
Helwii: folds 
umka186: folds 
Old Louis: folds 
umka186 leaves the table
Termikid: folds 
murrie666: folds 
Kupec Danila: raises $0.04 to $0.06
EvgeniyVisus: folds 
Dorex2007: calls $0.04
*** FLOP *** [5s 7s 3d]
Dorex2007: checks 
Kupec Danila: bets $0.04
Dorex2007: raises $0.06 to $0.10
Kupec Danila: calls $0.06
*** TURN *** [5s 7s 3d] [4d]
Dorex2007: bets $0.56
Kupec Danila: folds 
Uncalled bet ($0.56) returned to Dorex2007
Dorex2007 collected $0.32 from pot
Dorex2007: doesn't show hand 
*** SUMMARY ***
Total pot $0.33 | Rake $0.01 
Board [5s 7s 3d 4d]
Seat 1: Dorex2007 (big blind) collected ($0.32)
Seat 2: AlexanderM97 folded before Flop (didn't bet)
Seat 3: Helwii folded before Flop (didn't bet)
Seat 4: umka186 folded before Flop (didn't bet)
Seat 5: Old Louis folded before Flop (didn't bet)
Seat 6: Termikid folded before Flop (didn't bet)
Seat 7: murrie666 folded before Flop (didn't bet)
Seat 8: Kupec Danila (button) folded on the Turn
Seat 9: EvgeniyVisus (small blind) folded before Flop



PokerStars Hand #227879810752:  Hold'em No Limit ($0.01/$0.02 USD) - 2021/06/27 2:58:57 PT [2021/06/27 5:58:57 ET]
Table 'Circe III' 9-max Seat #9 is the button
Seat 1: Dorex2007 ($4.98 in chips) 
Seat 2: AlexanderM97 ($0.66 in chips) 
Seat 3: Helwii ($1.96 in chips) 
Seat 5: Old Louis ($1.44 in chips) 
Seat 6: Termikid ($2.39 in chips) 
Seat 7: murrie666 ($1.69 in chips) 
Seat 8: Kupec Danila ($1.22 in chips) 
Seat 9: EvgeniyVisus ($2.10 in chips) 
Dorex2007: posts small blind $0.01
AlexanderM97: posts big blind $0.02
*** HOLE CARDS ***
Dealt to Dorex2007 [Qc 6d]
Helwii: raises $0.02 to $0.04
Old Louis: calls $0.04
Termikid: folds 
murrie666: folds 
Kupec Danila: folds 
EvgeniyVisus: folds 
Dorex2007: folds 
AlexanderM97: folds 
*** FLOP *** [4h 9d 8s]
Helwii: checks 
Old Louis: bets $0.04
Helwii: calls $0.04
*** TURN *** [4h 9d 8s] [4s]
Helwii: checks 
Old Louis: checks 
*** RIVER *** [4h 9d 8s 4s] [8c]
Helwii: checks 
Old Louis: checks 
*** SHOW DOWN ***
Helwii: shows [Ah Jh] (two pair, Eights and Fours)
Old Louis: mucks hand 
Helwii collected $0.18 from pot
*** SUMMARY ***
Total pot $0.19 | Rake $0.01 
Board [4h 9d 8s 4s 8c]
Seat 1: Dorex2007 (small blind) folded before Flop
Seat 2: AlexanderM97 (big blind) folded before Flop
Seat 3: Helwii showed [Ah Jh] and won ($0.18) with two pair, Eights and Fours
Seat 5: Old Louis mucked [Tc Jd]
Seat 6: Termikid folded before Flop (didn't bet)
Seat 7: murrie666 folded before Flop (didn't bet)
Seat 8: Kupec Danila folded before Flop (didn't bet)
Seat 9: EvgeniyVisus (button) folded before Flop (didn't bet)



PokerStars Hand #227879818398:  Hold'em No Limit ($0.01/$0.02 USD) - 2021/06/27 2:59:41 PT [2021/06/27 5:59:41 ET]
Table 'Circe III' 9-max Seat #1 is the button
Seat 1: Dorex2007 ($4.97 in chips) 
Seat 2: AlexanderM97 ($0.64 in chips) 
Seat 3: Helwii ($2.06 in chips) 
Seat 5: Old Louis ($1.36 in chips) 
Seat 6: Termikid ($2.39 in chips) 
Seat 7: murrie666 ($1.69 in chips) 
Seat 8: Kupec Danila ($1.22 in chips) 
Seat 9: EvgeniyVisus ($2.10 in chips) 
AlexanderM97: posts small blind $0.01
Helwii: posts big blind $0.02
*** HOLE CARDS ***
Dealt to Dorex2007 [Jh 7d]
Old Louis: folds 
Termikid: folds 
murrie666: folds 
Kupec Danila: folds 
EvgeniyVisus: folds 
Dorex2007: folds 
AndreyAB36 joins the table at seat #4 
AlexanderM97: folds 
Uncalled bet ($0.01) returned to Helwii
Helwii collected $0.02 from pot
Helwii: doesn't show hand 
*** SUMMARY ***
Total pot $0.02 | Rake $0 
Seat 1: Dorex2007 (button) folded before Flop (didn't bet)
Seat 2: AlexanderM97 (small blind) folded before Flop
Seat 3: Helwii (big blind) collected ($0.02)
Seat 5: Old Louis folded before Flop (didn't bet)
Seat 6: Termikid folded before Flop (didn't bet)
Seat 7: murrie666 folded before Flop (didn't bet)
Seat 8: Kupec Danila folded before Flop (didn't bet)
Seat 9: EvgeniyVisus folded before Flop (didn't bet)



PokerStars Hand #227879821255:  Hold'em No Limit ($0.01/$0.02 USD) - 2021/06/27 2:59:57 PT [2021/06/27 5:59:57 ET]
Table 'Circe III' 9-max Seat #2 is the button
Seat 1: Dorex2007 ($4.97 in chips) 
Seat 2: AlexanderM97 ($0.63 in chips) 
Seat 3: Helwii ($2.07 in chips) 
Seat 4: AndreyAB36 ($2 in chips) 
Seat 5: Old Louis ($1.36 in chips) 
Seat 6: Termikid ($2.39 in chips) 
Seat 7: murrie666 ($1.69 in chips) 
Seat 8: Kupec Danila ($1.22 in chips) 
Seat 9: EvgeniyVisus ($2.10 in chips) 
Helwii: posts small blind $0.01
AndreyAB36: posts big blind $0.02
*** HOLE CARDS ***
Dealt to Dorex2007 [4c 9h]
Old Louis: folds 
Termikid: raises $0.04 to $0.06
murrie666: folds 
Kupec Danila: folds 
EvgeniyVisus: calls $0.06
Dorex2007: folds 
AlexanderM97: folds 
Helwii: folds 
AndreyAB36: folds 
*** FLOP *** [Qs 7c 4h]
Termikid: bets $0.08
EvgeniyVisus: folds 
Uncalled bet ($0.08) returned to Termikid
Termikid collected $0.14 from pot
Termikid: doesn't show hand 
*** SUMMARY ***
Total pot $0.15 | Rake $0.01 
Board [Qs 7c 4h]
Seat 1: Dorex2007 folded before Flop (didn't bet)
Seat 2: AlexanderM97 (button) folded before Flop (didn't bet)
Seat 3: Helwii (small blind) folded before Flop
Seat 4: AndreyAB36 (big blind) folded before Flop
Seat 5: Old Louis folded before Flop (didn't bet)
Seat 6: Termikid collected ($0.14)
Seat 7: murrie666 folded before Flop (didn't bet)
Seat 8: Kupec Danila folded before Flop (didn't bet)
Seat 9: EvgeniyVisus folded on the Flop



PokerStars Hand #227879827940:  Hold'em No Limit ($0.01/$0.02 USD) - 2021/06/27 3:00:34 PT [2021/06/27 6:00:34 ET]
Table 'Circe III' 9-max Seat #3 is the button
Seat 1: Dorex2007 ($4.97 in chips) 
Seat 2: AlexanderM97 ($0.63 in chips) 
Seat 3: Helwii ($2.06 in chips) 
Seat 4: AndreyAB36 ($1.98 in chips) 
Seat 5: Old Louis ($1.36 in chips) 
Seat 6: Termikid ($2.47 in chips) 
Seat 7: murrie666 ($1.69 in chips) 
Seat 8: Kupec Danila ($1.22 in chips) 
Seat 9: EvgeniyVisus ($2.04 in chips) 
AndreyAB36: posts small blind $0.01
Old Louis: posts big blind $0.02
*** HOLE CARDS ***
Dealt to Dorex2007 [5s Jc]
Termikid: folds 
murrie666: folds 
Kupec Danila: raises $0.04 to $0.06
EvgeniyVisus: folds 
Dorex2007: folds 
AlexanderM97: folds 
Helwii: folds 
AndreyAB36: folds 
Old Louis: folds 
Uncalled bet ($0.04) returned to Kupec Danila
Kupec Danila collected $0.05 from pot
*** SUMMARY ***
Total pot $0.05 | Rake $0 
Seat 1: Dorex2007 folded before Flop (didn't bet)
Seat 2: AlexanderM97 folded before Flop (didn't bet)
Seat 3: Helwii (button) folded before Flop (didn't bet)
Seat 4: AndreyAB36 (small blind) folded before Flop
Seat 5: Old Louis (big blind) folded before Flop
Seat 6: Termikid folded before Flop (didn't bet)
Seat 7: murrie666 folded before Flop (didn't bet)
Seat 8: Kupec Danila collected ($0.05)
Seat 9: EvgeniyVisus folded before Flop (didn't bet)



PokerStars Hand #227879831377:  Hold'em No Limit ($0.01/$0.02 USD) - 2021/06/27 3:00:52 PT [2021/06/27 6:00:52 ET]
Table 'Circe III' 9-max Seat #4 is the button
Seat 1: Dorex2007 ($4.97 in chips) 
Seat 2: AlexanderM97 ($0.63 in chips) 
Seat 3: Helwii ($2.06 in chips) 
Seat 4: AndreyAB36 ($1.97 in chips) 
Seat 5: Old Louis ($1.34 in chips) 
Seat 6: Termikid ($2.47 in chips) 
Seat 7: murrie666 ($1.69 in chips) 
Seat 8: Kupec Danila ($1.25 in chips) 
Seat 9: EvgeniyVisus ($2.04 in chips) 
Old Louis: posts small blind $0.01
Termikid: posts big blind $0.02
*** HOLE CARDS ***
Dealt to Dorex2007 [6s Js]
murrie666: folds 
Kupec Danila: folds 
EvgeniyVisus: raises $0.04 to $0.06
Dorex2007: folds 
AlexanderM97: folds 
Helwii: folds 
AndreyAB36: folds 
Old Louis: folds 
Termikid: folds 
Uncalled bet ($0.04) returned to EvgeniyVisus
EvgeniyVisus collected $0.05 from pot
EvgeniyVisus: doesn't show hand 
*** SUMMARY ***
Total pot $0.05 | Rake $0 
Seat 1: Dorex2007 folded before Flop (didn't bet)
Seat 2: AlexanderM97 folded before Flop (didn't bet)
Seat 3: Helwii folded before Flop (didn't bet)
Seat 4: AndreyAB36 (button) folded before Flop (didn't bet)
Seat 5: Old Louis (small blind) folded before Flop
Seat 6: Termikid (big blind) folded before Flop
Seat 7: murrie666 folded before Flop (didn't bet)
Seat 8: Kupec Danila folded before Flop (didn't bet)
Seat 9: EvgeniyVisus collected ($0.05)



PokerStars Hand #227879835502:  Hold'em No Limit ($0.01/$0.02 USD) - 2021/06/27 3:01:14 PT [2021/06/27 6:01:14 ET]
Table 'Circe III' 9-max Seat #5 is the button
Seat 1: Dorex2007 ($4.97 in chips) 
Seat 2: AlexanderM97 ($0.63 in chips) 
Seat 3: Helwii ($2.06 in chips) 
Seat 4: AndreyAB36 ($1.97 in chips) 
Seat 5: Old Louis ($1.33 in chips) 
Seat 6: Termikid ($2.45 in chips) 
Seat 7: murrie666 ($1.69 in chips) 
Seat 8: Kupec Danila ($1.25 in chips) 
Seat 9: EvgeniyVisus ($2.07 in chips) 
Termikid: posts small blind $0.01
murrie666: posts big blind $0.02
*** HOLE CARDS ***
Dealt to Dorex2007 [7s 4c]
Kupec Danila: folds 
EvgeniyVisus: folds 
Dorex2007: folds 
AlexanderM97: calls $0.02
Helwii: folds 
AndreyAB36: folds 
Old Louis: folds 
Termikid: raises $0.04 to $0.06
murrie666: folds 
AlexanderM97: calls $0.04
*** FLOP *** [6d Td Kd]
Termikid: bets $0.08
AlexanderM97: folds 
Uncalled bet ($0.08) returned to Termikid
Termikid collected $0.14 from pot
Termikid: doesn't show hand 
*** SUMMARY ***
Total pot $0.14 | Rake $0 
Board [6d Td Kd]
Seat 1: Dorex2007 folded before Flop (didn't bet)
Seat 2: AlexanderM97 folded on the Flop
Seat 3: Helwii folded before Flop (didn't bet)
Seat 4: AndreyAB36 folded before Flop (didn't bet)
Seat 5: Old Louis (button) folded before Flop (didn't bet)
Seat 6: Termikid (small blind) collected ($0.14)
Seat 7: murrie666 (big blind) folded before Flop
Seat 8: Kupec Danila folded before Flop (didn't bet)
Seat 9: EvgeniyVisus folded before Flop (didn't bet)



PokerStars Hand #227879841655:  Hold'em No Limit ($0.01/$0.02 USD) - 2021/06/27 3:01:45 PT [2021/06/27 6:01:45 ET]
Table 'Circe III' 9-max Seat #6 is the button
Seat 1: Dorex2007 ($4.97 in chips) 
Seat 2: AlexanderM97 ($0.57 in chips) 
Seat 3: Helwii ($2.06 in chips) 
Seat 4: AndreyAB36 ($1.97 in chips) 
Seat 5: Old Louis ($1.33 in chips) 
Seat 6: Termikid ($2.53 in chips) 
Seat 7: murrie666 ($1.67 in chips) 
Seat 8: Kupec Danila ($1.25 in chips) 
Seat 9: EvgeniyVisus ($2.07 in chips) 
murrie666: posts small blind $0.01
Kupec Danila: posts big blind $0.02
*** HOLE CARDS ***
Dealt to Dorex2007 [7s 7h]
EvgeniyVisus: folds 
Dorex2007: raises $0.02 to $0.04
AlexanderM97: folds 
Helwii: calls $0.04
AndreyAB36: folds 
Old Louis: folds 
Termikid: folds 
murrie666: folds 
Kupec Danila: calls $0.02
*** FLOP *** [Ah 4s Jd]
Kupec Danila: checks 
Dorex2007: checks 
Helwii: bets $0.04
Kupec Danila: calls $0.04
Dorex2007: calls $0.04
*** TURN *** [Ah 4s Jd] [Ad]
Kupec Danila: checks 
Dorex2007: checks 
Helwii: bets $0.08
Kupec Danila: calls $0.08
Dorex2007: folds 
*** RIVER *** [Ah 4s Jd Ad] [Tc]
Kupec Danila: checks 
Helwii: bets $0.15
Kupec Danila: calls $0.15
*** SHOW DOWN ***
Helwii: shows [7c Ac] (three of a kind, Aces)
Kupec Danila: mucks hand 
Helwii collected $0.69 from pot
*** SUMMARY ***
Total pot $0.71 | Rake $0.02 
Board [Ah 4s Jd Ad Tc]
Seat 1: Dorex2007 folded on the Turn
Seat 2: AlexanderM97 folded before Flop (didn't bet)
Seat 3: Helwii showed [7c Ac] and won ($0.69) with three of a kind, Aces
Seat 4: AndreyAB36 folded before Flop (didn't bet)
Seat 5: Old Louis folded before Flop (didn't bet)
Seat 6: Termikid (button) folded before Flop (didn't bet)
Seat 7: murrie666 (small blind) folded before Flop
Seat 8: Kupec Danila (big blind) mucked [Qh Js]
Seat 9: EvgeniyVisus folded before Flop (didn't bet)



PokerStars Hand #227879853114:  Hold'em No Limit ($0.01/$0.02 USD) - 2021/06/27 3:02:44 PT [2021/06/27 6:02:44 ET]
Table 'Circe III' 9-max Seat #7 is the button
Seat 1: Dorex2007 ($4.89 in chips) 
Seat 2: AlexanderM97 ($0.57 in chips) 
Seat 3: Helwii ($2.44 in chips) 
Seat 4: AndreyAB36 ($1.97 in chips) 
Seat 5: Old Louis ($1.33 in chips) 
Seat 6: Termikid ($2.53 in chips) 
Seat 7: murrie666 ($1.66 in chips) 
Seat 8: Kupec Danila ($1 in chips) 
Seat 9: EvgeniyVisus ($2.07 in chips) 
Kupec Danila: posts small blind $0.01
EvgeniyVisus: posts big blind $0.02
*** HOLE CARDS ***
Dealt to Dorex2007 [8d Js]
Dorex2007: folds 
AlexanderM97: folds 
Helwii: folds 
AndreyAB36: folds 
Old Louis: folds 
Termikid: folds 
murrie666: folds 
Kupec Danila: folds 
Uncalled bet ($0.01) returned to EvgeniyVisus
EvgeniyVisus collected $0.02 from pot
EvgeniyVisus: doesn't show hand 
*** SUMMARY ***
Total pot $0.02 | Rake $0 
Seat 1: Dorex2007 folded before Flop (didn't bet)
Seat 2: AlexanderM97 folded before Flop (didn't bet)
Seat 3: Helwii folded before Flop (didn't bet)
Seat 4: AndreyAB36 folded before Flop (didn't bet)
Seat 5: Old Louis folded before Flop (didn't bet)
Seat 6: Termikid folded before Flop (didn't bet)
Seat 7: murrie666 (button) folded before Flop (didn't bet)
Seat 8: Kupec Danila (small blind) folded before Flop
Seat 9: EvgeniyVisus (big blind) collected ($0.02)



PokerStars Hand #227879855999:  Hold'em No Limit ($0.01/$0.02 USD) - 2021/06/27 3:02:58 PT [2021/06/27 6:02:58 ET]
Table 'Circe III' 9-max Seat #8 is the button
Seat 1: Dorex2007 ($4.89 in chips) 
Seat 2: AlexanderM97 ($0.57 in chips) 
Seat 3: Helwii ($2.44 in chips) 
Seat 4: AndreyAB36 ($1.97 in chips) 
Seat 5: Old Louis ($1.33 in chips) 
Seat 6: Termikid ($2.53 in chips) 
Seat 7: murrie666 ($1.66 in chips) 
Seat 8: Kupec Danila ($1 in chips) 
Seat 9: EvgeniyVisus ($2.08 in chips) 
EvgeniyVisus: posts small blind $0.01
Dorex2007: posts big blind $0.02
*** HOLE CARDS ***
Dealt to Dorex2007 [As 5c]
AlexanderM97: folds 
Helwii: folds 
AndreyAB36: folds 
Old Louis: folds 
Termikid: folds 
murrie666: folds 
Kupec Danila: raises $0.04 to $0.06
EvgeniyVisus: calls $0.05
Dorex2007: calls $0.04
*** FLOP *** [6h 9c Kc]
EvgeniyVisus: checks 
Dorex2007: checks 
Kupec Danila: checks 
*** TURN *** [6h 9c Kc] [Jd]
EvgeniyVisus: bets $0.13
Dorex2007: folds 
Kupec Danila: folds 
Uncalled bet ($0.13) returned to EvgeniyVisus
EvgeniyVisus collected $0.17 from pot
EvgeniyVisus: doesn't show hand 
*** SUMMARY ***
Total pot $0.18 | Rake $0.01 
Board [6h 9c Kc Jd]
Seat 1: Dorex2007 (big blind) folded on the Turn
Seat 2: AlexanderM97 folded before Flop (didn't bet)
Seat 3: Helwii folded before Flop (didn't bet)
Seat 4: AndreyAB36 folded before Flop (didn't bet)
Seat 5: Old Louis folded before Flop (didn't bet)
Seat 6: Termikid folded before Flop (didn't bet)
Seat 7: murrie666 folded before Flop (didn't bet)
Seat 8: Kupec Danila (button) folded on the Turn
Seat 9: EvgeniyVisus (small blind) collected ($0.17)



PokerStars Hand #227879865061:  Hold'em No Limit ($0.01/$0.02 USD) - 2021/06/27 3:03:43 PT [2021/06/27 6:03:43 ET]
Table 'Circe III' 9-max Seat #9 is the button
Seat 1: Dorex2007 ($4.83 in chips) 
Seat 2: AlexanderM97 ($0.57 in chips) 
Seat 3: Helwii ($2.44 in chips) 
Seat 4: AndreyAB36 ($1.97 in chips) 
Seat 5: Old Louis ($1.33 in chips) 
Seat 6: Termikid ($2.53 in chips) 
Seat 7: murrie666 ($1.66 in chips) 
Seat 8: Kupec Danila ($1 in chips) 
Seat 9: EvgeniyVisus ($2.19 in chips) 
Dorex2007: posts small blind $0.01
AlexanderM97: posts big blind $0.02
*** HOLE CARDS ***
Dealt to Dorex2007 [8c Tc]
Helwii: folds 
AndreyAB36: folds 
Old Louis: calls $0.02
Termikid: folds 
murrie666: folds 
Kupec Danila: raises $0.07 to $0.09
EvgeniyVisus: folds 
Dorex2007: folds 
AlexanderM97: folds 
Old Louis: folds 
Uncalled bet ($0.07) returned to Kupec Danila
Kupec Danila collected $0.07 from pot
*** SUMMARY ***
Total pot $0.07 | Rake $0 
Seat 1: Dorex2007 (small blind) folded before Flop
Seat 2: AlexanderM97 (big blind) folded before Flop
Seat 3: Helwii folded before Flop (didn't bet)
Seat 4: AndreyAB36 folded before Flop (didn't bet)
Seat 5: Old Louis folded before Flop
Seat 6: Termikid folded before Flop (didn't bet)
Seat 7: murrie666 folded before Flop (didn't bet)
Seat 8: Kupec Danila collected ($0.07)
Seat 9: EvgeniyVisus (button) folded before Flop (didn't bet)



PokerStars Hand #227879869825:  Hold'em No Limit ($0.01/$0.02 USD) - 2021/06/27 3:04:07 PT [2021/06/27 6:04:07 ET]
Table 'Circe III' 9-max Seat #1 is the button
Seat 1: Dorex2007 ($4.82 in chips) 
Seat 2: AlexanderM97 ($0.55 in chips) 
Seat 3: Helwii ($2.44 in chips) 
Seat 4: AndreyAB36 ($1.97 in chips) 
Seat 5: Old Louis ($1.31 in chips) 
Seat 6: Termikid ($2.53 in chips) 
Seat 7: murrie666 ($1.66 in chips) 
Seat 8: Kupec Danila ($1.05 in chips) 
Seat 9: EvgeniyVisus ($2.19 in chips) 
AlexanderM97: posts small blind $0.01
Helwii: posts big blind $0.02
*** HOLE CARDS ***
Dealt to Dorex2007 [2d 7c]
AndreyAB36: folds 
Old Louis: folds 
Termikid: folds 
murrie666: raises $0.04 to $0.06
Kupec Danila: folds 
EvgeniyVisus: folds 
Dorex2007: folds 
AlexanderM97: folds 
Helwii: folds 
Uncalled bet ($0.04) returned to murrie666
murrie666 collected $0.05 from pot
murrie666: doesn't show hand 
*** SUMMARY ***
Total pot $0.05 | Rake $0 
Seat 1: Dorex2007 (button) folded before Flop (didn't bet)
Seat 2: AlexanderM97 (small blind) folded before Flop
Seat 3: Helwii (big blind) folded before Flop
Seat 4: AndreyAB36 folded before Flop (didn't bet)
Seat 5: Old Louis folded before Flop (didn't bet)
Seat 6: Termikid folded before Flop (didn't bet)
Seat 7: murrie666 collected ($0.05)
Seat 8: Kupec Danila folded before Flop (didn't bet)
Seat 9: EvgeniyVisus folded before Flop (didn't bet)



PokerStars Hand #227879873607:  Hold'em No Limit ($0.01/$0.02 USD) - 2021/06/27 3:04:26 PT [2021/06/27 6:04:26 ET]
Table 'Circe III' 9-max Seat #2 is the button
Seat 1: Dorex2007 ($4.82 in chips) 
Seat 2: AlexanderM97 ($0.54 in chips) 
Seat 3: Helwii ($2.42 in chips) 
Seat 4: AndreyAB36 ($1.97 in chips) 
Seat 5: Old Louis ($1.31 in chips) 
Seat 6: Termikid ($2.53 in chips) 
Seat 7: murrie666 ($1.69 in chips) 
Seat 8: Kupec Danila ($1.05 in chips) 
Seat 9: EvgeniyVisus ($2.19 in chips) 
Helwii: posts small blind $0.01
AndreyAB36: posts big blind $0.02
*** HOLE CARDS ***
Dealt to Dorex2007 [Kd 7c]
Old Louis: calls $0.02
Termikid: folds 
murrie666: folds 
Kupec Danila: folds 
EvgeniyVisus: folds 
Dorex2007: folds 
AlexanderM97: calls $0.02
Helwii: calls $0.01
AndreyAB36: checks 
*** FLOP *** [Ac Qc Jd]
Helwii: checks 
AndreyAB36: checks 
Old Louis: checks 
AlexanderM97: checks 
*** TURN *** [Ac Qc Jd] [9c]
Helwii: checks 
AndreyAB36: checks 
Old Louis: checks 
AlexanderM97: bets $0.04
murrie666 leaves the table
Helwii: calls $0.04
AndreyAB36: folds 
Old Louis: folds 
*** RIVER *** [Ac Qc Jd 9c] [Jh]
Helwii: checks 
AlexanderM97: bets $0.07
Helwii: folds 
Uncalled bet ($0.07) returned to AlexanderM97
AlexanderM97 collected $0.15 from pot
AlexanderM97: doesn't show hand 
*** SUMMARY ***
Total pot $0.16 | Rake $0.01 
Board [Ac Qc Jd 9c Jh]
Seat 1: Dorex2007 folded before Flop (didn't bet)
Seat 2: AlexanderM97 (button) collected ($0.15)
Seat 3: Helwii (small blind) folded on the River
Seat 4: AndreyAB36 (big blind) folded on the Turn
Seat 5: Old Louis folded on the Turn
Seat 6: Termikid folded before Flop (didn't bet)
Seat 7: murrie666 folded before Flop (didn't bet)
Seat 8: Kupec Danila folded before Flop (didn't bet)
Seat 9: EvgeniyVisus folded before Flop (didn't bet)



PokerStars Hand #227879884722:  Hold'em No Limit ($0.01/$0.02 USD) - 2021/06/27 3:05:21 PT [2021/06/27 6:05:21 ET]
Table 'Circe III' 9-max Seat #3 is the button
Seat 1: Dorex2007 ($4.82 in chips) 
Seat 2: AlexanderM97 ($0.63 in chips) 
Seat 3: Helwii ($2.36 in chips) 
Seat 4: AndreyAB36 ($1.95 in chips) 
Seat 5: Old Louis ($1.29 in chips) 
Seat 6: Termikid ($2.53 in chips) 
Seat 8: Kupec Danila ($1.05 in chips) 
Seat 9: EvgeniyVisus ($2.19 in chips) 
AndreyAB36: posts small blind $0.01
Old Louis: posts big blind $0.02
*** HOLE CARDS ***
Dealt to Dorex2007 [6c Kh]
Termikid: folds 
Kupec Danila: raises $0.04 to $0.06
EvgeniyVisus: folds 
Dorex2007: folds 
AlexanderM97: folds 
Helwii: folds 
AndreyAB36: folds 
Old Louis: calls $0.04
*** FLOP *** [3h Qc 4s]
Old Louis: checks 
Kupec Danila: checks 
*** TURN *** [3h Qc 4s] [Kc]
Old Louis: bets $0.04
Kupec Danila: folds 
Uncalled bet ($0.04) returned to Old Louis
Old Louis collected $0.13 from pot
Old Louis: doesn't show hand 
*** SUMMARY ***
Total pot $0.13 | Rake $0 
Board [3h Qc 4s Kc]
Seat 1: Dorex2007 folded before Flop (didn't bet)
Seat 2: AlexanderM97 folded before Flop (didn't bet)
Seat 3: Helwii (button) folded before Flop (didn't bet)
Seat 4: AndreyAB36 (small blind) folded before Flop
Seat 5: Old Louis (big blind) collected ($0.13)
Seat 6: Termikid folded before Flop (didn't bet)
Seat 8: Kupec Danila folded on the Turn
Seat 9: EvgeniyVisus folded before Flop (didn't bet)



PokerStars Hand #227879890793:  Hold'em No Limit ($0.01/$0.02 USD) - 2021/06/27 3:05:51 PT [2021/06/27 6:05:51 ET]
Table 'Circe III' 9-max Seat #4 is the button
Seat 1: Dorex2007 ($4.82 in chips) 
Seat 2: AlexanderM97 ($0.63 in chips) 
Seat 3: Helwii ($2.36 in chips) 
Seat 4: AndreyAB36 ($1.94 in chips) 
Seat 5: Old Louis ($1.36 in chips) 
Seat 6: Termikid ($2.53 in chips) 
Seat 8: Kupec Danila ($1 in chips) 
Seat 9: EvgeniyVisus ($2.19 in chips) 
Old Louis: posts small blind $0.01
Termikid: posts big blind $0.02
*** HOLE CARDS ***
Dealt to Dorex2007 [Qs Ah]
Kupec Danila: folds 
EvgeniyVisus: folds 
Dorex2007: raises $0.02 to $0.04
AlexanderM97: folds 
Helwii: folds 
AndreyAB36: folds 
Old Louis: folds 
Termikid: calls $0.02
*** FLOP *** [Jh 5s Js]
Termikid: checks 
Dorex2007: bets $0.09
Termikid: calls $0.09
*** TURN *** [Jh 5s Js] [8s]
Termikid: checks 
Dorex2007: bets $0.13
Termikid: calls $0.13
*** RIVER *** [Jh 5s Js 8s] [Ts]
Termikid: checks 
Dorex2007: bets $0.51
Termikid: calls $0.51
*** SHOW DOWN ***
Dorex2007: shows [Qs Ah] (a flush, Queen high)
Termikid: mucks hand 
Dorex2007 collected $1.50 from pot
*** SUMMARY ***
Total pot $1.55 | Rake $0.05 
Board [Jh 5s Js 8s Ts]
Seat 1: Dorex2007 showed [Qs Ah] and won ($1.50) with a flush, Queen high
Seat 2: AlexanderM97 folded before Flop (didn't bet)
Seat 3: Helwii folded before Flop (didn't bet)
Seat 4: AndreyAB36 (button) folded before Flop (didn't bet)
Seat 5: Old Louis (small blind) folded before Flop
Seat 6: Termikid (big blind) mucked [Jd Qd]
Seat 8: Kupec Danila folded before Flop (didn't bet)
Seat 9: EvgeniyVisus folded before Flop (didn't bet)



PokerStars Hand #227879897892:  Hold'em No Limit ($0.01/$0.02 USD) - 2021/06/27 3:06:26 PT [2021/06/27 6:06:26 ET]
Table 'Circe III' 9-max Seat #5 is the button
Seat 1: Dorex2007 ($5.55 in chips) 
Seat 2: AlexanderM97 ($0.63 in chips) 
Seat 3: Helwii ($2.36 in chips) 
Seat 4: AndreyAB36 ($1.94 in chips) 
Seat 5: Old Louis ($1.35 in chips) 
Seat 6: Termikid ($1.76 in chips) 
Seat 8: Kupec Danila ($1 in chips) 
Seat 9: EvgeniyVisus ($2.19 in chips) 
Termikid: posts small blind $0.01
Kupec Danila: posts big blind $0.02
*** HOLE CARDS ***
Dealt to Dorex2007 [5c Jh]
EvgeniyVisus: folds 
Dorex2007: folds 
AlexanderM97: folds 
Helwii: raises $0.02 to $0.04
AndreyAB36: folds 
Old Louis: folds 
Termikid: folds 
Kupec Danila: calls $0.02
*** FLOP *** [7s 6c Kh]
Kupec Danila: checks 
Helwii: bets $0.03
Kupec Danila: calls $0.03
*** TURN *** [7s 6c Kh] [Kd]
Kupec Danila: checks 
Helwii: bets $0.07
Kupec Danila: raises $0.14 to $0.21
Helwii: calls $0.14
*** RIVER *** [7s 6c Kh Kd] [9d]
Kupec Danila: bets $0.18
Helwii: calls $0.18
*** SHOW DOWN ***
Kupec Danila: shows [4c 8c] (a pair of Kings)
Helwii: shows [8h 8s] (two pair, Kings and Eights)
Helwii collected $0.90 from pot
*** SUMMARY ***
Total pot $0.93 | Rake $0.03 
Board [7s 6c Kh Kd 9d]
Seat 1: Dorex2007 folded before Flop (didn't bet)
Seat 2: AlexanderM97 folded before Flop (didn't bet)
Seat 3: Helwii showed [8h 8s] and won ($0.90) with two pair, Kings and Eights
Seat 4: AndreyAB36 folded before Flop (didn't bet)
Seat 5: Old Louis (button) folded before Flop (didn't bet)
Seat 6: Termikid (small blind) folded before Flop
Seat 8: Kupec Danila (big blind) showed [4c 8c] and lost with a pair of Kings
Seat 9: EvgeniyVisus folded before Flop (didn't bet)



PokerStars Hand #227879907660:  Hold'em No Limit ($0.01/$0.02 USD) - 2021/06/27 3:07:14 PT [2021/06/27 6:07:14 ET]
Table 'Circe III' 9-max Seat #6 is the button
Seat 1: Dorex2007 ($5.55 in chips) 
Seat 2: AlexanderM97 ($0.63 in chips) 
Seat 3: Helwii ($2.80 in chips) 
Seat 4: AndreyAB36 ($1.94 in chips) 
Seat 5: Old Louis ($1.35 in chips) 
Seat 6: Termikid ($1.75 in chips) 
Seat 8: Kupec Danila ($1 in chips) 
Seat 9: EvgeniyVisus ($2.19 in chips) 
Kupec Danila: posts small blind $0.01
EvgeniyVisus: posts big blind $0.02
*** HOLE CARDS ***
Dealt to Dorex2007 [Qs 9d]
Dorex2007: folds 
AlexanderM97: folds 
Helwii: folds 
AndreyAB36: calls $0.02
Old Louis: calls $0.02
Termikid: folds 
Kupec Danila: raises $0.16 to $0.18
EvgeniyVisus: folds 
AndreyAB36: calls $0.16
Old Louis: folds 
*** FLOP *** [Jh Ts Qc]
Kupec Danila: bets $0.50
AndreyAB36: folds 
Uncalled bet ($0.50) returned to Kupec Danila
Kupec Danila collected $0.39 from pot
*** SUMMARY ***
Total pot $0.40 | Rake $0.01 
Board [Jh Ts Qc]
Seat 1: Dorex2007 folded before Flop (didn't bet)
Seat 2: AlexanderM97 folded before Flop (didn't bet)
Seat 3: Helwii folded before Flop (didn't bet)
Seat 4: AndreyAB36 folded on the Flop
Seat 5: Old Louis folded before Flop
Seat 6: Termikid (button) folded before Flop (didn't bet)
Seat 8: Kupec Danila (small blind) collected ($0.39)
Seat 9: EvgeniyVisus (big blind) folded before Flop



