PokerStars Hand #224436850167:  Hold'em No Limit ($0.01/$0.02 USD) - 2021/03/03 21:00:14 PT [2021/03/04 0:00:14 ET]
Table 'Orma' 9-max Seat #4 is the button
Seat 1: vladimir5421 ($4.82 in chips) 
Seat 2: tramoia 0 ($2.19 in chips) 
Seat 4: Dorex2007 ($1.70 in chips) 
Seat 6: KaraFara ($2.84 in chips) 
Seat 7: budweiservacay ($6.37 in chips) 
Seat 8: erkiad ($2.02 in chips) 
Seat 9: Twisted369 ($1.65 in chips) 
KaraFara: posts small blind $0.01
budweiservacay: posts big blind $0.02
TheoceanO: sits out 
*** HOLE CARDS ***
Dealt to Dorex2007 [4s 7d]
erkiad: folds 
Twisted369: folds 
vladimir5421: folds 
tramoia 0: folds 
Dorex2007: folds 
KaraFara: folds 
Uncalled bet ($0.01) returned to budweiservacay
budweiservacay collected $0.02 from pot
budweiservacay: doesn't show hand 
*** SUMMARY ***
Total pot $0.02 | Rake $0 
Seat 1: vladimir5421 folded before Flop (didn't bet)
Seat 2: tramoia 0 folded before Flop (didn't bet)
Seat 4: Dorex2007 (button) folded before Flop (didn't bet)
Seat 6: KaraFara (small blind) folded before Flop
Seat 7: budweiservacay (big blind) collected ($0.02)
Seat 8: erkiad folded before Flop (didn't bet)
Seat 9: Twisted369 folded before Flop (didn't bet)



PokerStars Hand #224436852929:  Hold'em No Limit ($0.01/$0.02 USD) - 2021/03/03 21:00:30 PT [2021/03/04 0:00:30 ET]
Table 'Orma' 9-max Seat #6 is the button
Seat 1: vladimir5421 ($4.82 in chips) 
Seat 2: tramoia 0 ($2.19 in chips) 
Seat 4: Dorex2007 ($1.70 in chips) 
Seat 6: KaraFara ($2.83 in chips) 
Seat 7: budweiservacay ($6.38 in chips) 
Seat 8: erkiad ($2.02 in chips) 
Seat 9: Twisted369 ($1.65 in chips) 
budweiservacay: posts small blind $0.01
erkiad: posts big blind $0.02
TheoceanO: sits out 
*** HOLE CARDS ***
Dealt to Dorex2007 [8s Kc]
Twisted369: folds 
vladimir5421: folds 
tramoia 0: folds 
Dorex2007 has timed out
Dorex2007: folds 
KaraFara: folds 
budweiservacay: raises $0.04 to $0.06
erkiad: calls $0.04
*** FLOP *** [9d 2s 7d]
budweiservacay: bets $0.09
erkiad: folds 
Uncalled bet ($0.09) returned to budweiservacay
budweiservacay collected $0.12 from pot
budweiservacay: doesn't show hand 
*** SUMMARY ***
Total pot $0.12 | Rake $0 
Board [9d 2s 7d]
Seat 1: vladimir5421 folded before Flop (didn't bet)
Seat 2: tramoia 0 folded before Flop (didn't bet)
Seat 4: Dorex2007 folded before Flop (didn't bet)
Seat 6: KaraFara (button) folded before Flop (didn't bet)
Seat 7: budweiservacay (small blind) collected ($0.12)
Seat 8: erkiad (big blind) folded on the Flop
Seat 9: Twisted369 folded before Flop (didn't bet)



PokerStars Hand #224436860895:  Hold'em No Limit ($0.01/$0.02 USD) - 2021/03/03 21:01:13 PT [2021/03/04 0:01:13 ET]
Table 'Orma' 9-max Seat #7 is the button
Seat 1: vladimir5421 ($4.82 in chips) 
Seat 2: tramoia 0 ($2.19 in chips) 
Seat 4: Dorex2007 ($1.70 in chips) 
Seat 6: KaraFara ($2.83 in chips) 
Seat 7: budweiservacay ($6.44 in chips) 
Seat 8: erkiad ($2 in chips) 
Seat 9: Twisted369 ($1.65 in chips) 
erkiad: posts small blind $0.01
Twisted369: posts big blind $0.02
TheoceanO: sits out 
*** HOLE CARDS ***
Dealt to Dorex2007 [Qc 3s]
vladimir5421: calls $0.02
tramoia 0: folds 
Dorex2007: folds 
KaraFara: folds 
budweiservacay: folds 
erkiad: raises $0.08 to $0.10
Twisted369: folds 
vladimir5421: calls $0.08
*** FLOP *** [4c 6d 8d]
erkiad: bets $0.16
vladimir5421: calls $0.16
*** TURN *** [4c 6d 8d] [5h]
erkiad: bets $0.29
vladimir5421: folds 
Uncalled bet ($0.29) returned to erkiad
erkiad collected $0.52 from pot
erkiad: doesn't show hand 
*** SUMMARY ***
Total pot $0.54 | Rake $0.02 
Board [4c 6d 8d 5h]
Seat 1: vladimir5421 folded on the Turn
Seat 2: tramoia 0 folded before Flop (didn't bet)
Seat 4: Dorex2007 folded before Flop (didn't bet)
Seat 6: KaraFara folded before Flop (didn't bet)
Seat 7: budweiservacay (button) folded before Flop (didn't bet)
Seat 8: erkiad (small blind) collected ($0.52)
Seat 9: Twisted369 (big blind) folded before Flop



PokerStars Hand #224436872236:  Hold'em No Limit ($0.01/$0.02 USD) - 2021/03/03 21:02:13 PT [2021/03/04 0:02:13 ET]
Table 'Orma' 9-max Seat #8 is the button
Seat 1: vladimir5421 ($4.56 in chips) 
Seat 2: tramoia 0 ($2.19 in chips) 
Seat 4: Dorex2007 ($1.70 in chips) 
Seat 6: KaraFara ($2.83 in chips) 
Seat 7: budweiservacay ($6.44 in chips) 
Seat 8: erkiad ($2.26 in chips) 
Seat 9: Twisted369 ($1.63 in chips) 
Twisted369: posts small blind $0.01
vladimir5421: posts big blind $0.02
TheoceanO: sits out 
*** HOLE CARDS ***
Dealt to Dorex2007 [5s Qh]
tramoia 0: folds 
Dorex2007: folds 
KaraFara: folds 
budweiservacay: folds 
erkiad: raises $0.04 to $0.06
Twisted369: folds 
vladimir5421: folds 
Uncalled bet ($0.04) returned to erkiad
erkiad collected $0.05 from pot
erkiad: doesn't show hand 
*** SUMMARY ***
Total pot $0.05 | Rake $0 
Seat 1: vladimir5421 (big blind) folded before Flop
Seat 2: tramoia 0 folded before Flop (didn't bet)
Seat 4: Dorex2007 folded before Flop (didn't bet)
Seat 6: KaraFara folded before Flop (didn't bet)
Seat 7: budweiservacay folded before Flop (didn't bet)
Seat 8: erkiad (button) collected ($0.05)
Seat 9: Twisted369 (small blind) folded before Flop



PokerStars Hand #224436882369:  Hold'em No Limit ($0.01/$0.02 USD) - 2021/03/03 21:03:05 PT [2021/03/04 0:03:05 ET]
Table 'Orma' 9-max Seat #9 is the button
Seat 1: vladimir5421 ($4.54 in chips) 
Seat 2: tramoia 0 ($2.19 in chips) 
Seat 4: Dorex2007 ($1.70 in chips) 
Seat 5: OverRide_AS ($1.49 in chips) 
Seat 6: KaraFara ($2.83 in chips) 
Seat 7: budweiservacay ($6.44 in chips) 
Seat 8: erkiad ($2.29 in chips) 
Seat 9: Twisted369 ($1.62 in chips) 
vladimir5421: posts small blind $0.01
tramoia 0: posts big blind $0.02
TheoceanO: sits out 
OverRide_AS: posts small & big blinds $0.03
*** HOLE CARDS ***
Dealt to Dorex2007 [Qh 4c]
Dorex2007: folds 
OverRide_AS: checks 
KaraFara: folds 
budweiservacay: folds 
erkiad: folds 
Twisted369: folds 
vladimir5421: folds 
tramoia 0: checks 
*** FLOP *** [Ah 8d Ac]
tramoia 0: checks 
OverRide_AS: checks 
*** TURN *** [Ah 8d Ac] [Qc]
tramoia 0: checks 
OverRide_AS: checks 
*** RIVER *** [Ah 8d Ac Qc] [As]
tramoia 0: checks 
OverRide_AS: checks 
*** SHOW DOWN ***
tramoia 0: shows [4s 8h] (a full house, Aces full of Eights)
OverRide_AS: mucks hand 
tramoia 0 collected $0.06 from pot
*** SUMMARY ***
Total pot $0.06 | Rake $0 
Board [Ah 8d Ac Qc As]
Seat 1: vladimir5421 (small blind) folded before Flop
Seat 2: tramoia 0 (big blind) showed [4s 8h] and won ($0.06) with a full house, Aces full of Eights
Seat 4: Dorex2007 folded before Flop (didn't bet)
Seat 5: OverRide_AS mucked [6d 3s]
Seat 6: KaraFara folded before Flop (didn't bet)
Seat 7: budweiservacay folded before Flop (didn't bet)
Seat 8: erkiad folded before Flop (didn't bet)
Seat 9: Twisted369 (button) folded before Flop (didn't bet)



PokerStars Hand #224436901495:  Hold'em No Limit ($0.01/$0.02 USD) - 2021/03/03 21:04:20 PT [2021/03/04 0:04:20 ET]
Table 'Orma' 9-max Seat #1 is the button
Seat 1: vladimir5421 ($4.53 in chips) 
Seat 2: tramoia 0 ($2.23 in chips) 
Seat 3: TheoceanO ($2.27 in chips) 
Seat 4: Dorex2007 ($1.70 in chips) 
Seat 5: OverRide_AS ($1.46 in chips) 
Seat 6: KaraFara ($2.83 in chips) 
Seat 8: erkiad ($2.29 in chips) 
Seat 9: Twisted369 ($1.62 in chips) 
tramoia 0: posts small blind $0.01
TheoceanO: posts big blind $0.02
*** HOLE CARDS ***
Dealt to Dorex2007 [Jc 9h]
Dorex2007: folds 
OverRide_AS: calls $0.02
KaraFara: folds 
erkiad: folds 
Twisted369: folds 
vladimir5421: folds 
tramoia 0: calls $0.01
TheoceanO: checks 
*** FLOP *** [Ks Ac 9s]
tramoia 0: checks 
TheoceanO: checks 
OverRide_AS: checks 
*** TURN *** [Ks Ac 9s] [8c]
tramoia 0: checks 
TheoceanO: checks 
OverRide_AS: checks 
*** RIVER *** [Ks Ac 9s 8c] [4s]
tramoia 0: checks 
TheoceanO: checks 
OverRide_AS: checks 
*** SHOW DOWN ***
tramoia 0: shows [Js 9d] (a pair of Nines)
TheoceanO: mucks hand 
OverRide_AS: mucks hand 
tramoia 0 collected $0.06 from pot
*** SUMMARY ***
Total pot $0.06 | Rake $0 
Board [Ks Ac 9s 8c 4s]
Seat 1: vladimir5421 (button) folded before Flop (didn't bet)
Seat 2: tramoia 0 (small blind) showed [Js 9d] and won ($0.06) with a pair of Nines
Seat 3: TheoceanO (big blind) mucked [6h Tc]
Seat 4: Dorex2007 folded before Flop (didn't bet)
Seat 5: OverRide_AS mucked [Qd 5c]
Seat 6: KaraFara folded before Flop (didn't bet)
Seat 8: erkiad folded before Flop (didn't bet)
Seat 9: Twisted369 folded before Flop (didn't bet)



PokerStars Hand #224436911109:  Hold'em No Limit ($0.01/$0.02 USD) - 2021/03/03 21:05:10 PT [2021/03/04 0:05:10 ET]
Table 'Orma' 9-max Seat #2 is the button
Seat 1: vladimir5421 ($4.53 in chips) 
Seat 2: tramoia 0 ($2.27 in chips) 
Seat 3: TheoceanO ($2.25 in chips) 
Seat 4: Dorex2007 ($1.70 in chips) 
Seat 5: OverRide_AS ($1.44 in chips) 
Seat 6: KaraFara ($2.83 in chips) 
Seat 7: budweiservacay ($6.44 in chips) 
Seat 8: erkiad ($2.29 in chips) 
Seat 9: Twisted369 ($1.62 in chips) 
TheoceanO: posts small blind $0.01
Dorex2007: posts big blind $0.02
*** HOLE CARDS ***
Dealt to Dorex2007 [Ad 2h]
OverRide_AS: calls $0.02
KaraFara: folds 
budweiservacay: folds 
erkiad: folds 
Twisted369: calls $0.02
vladimir5421: folds 
tramoia 0: folds 
TheoceanO: calls $0.01
Dorex2007: checks 
*** FLOP *** [Qc 3c Tc]
TheoceanO: bets $0.08
Dorex2007: folds 
OverRide_AS: calls $0.08
Twisted369: folds 
*** TURN *** [Qc 3c Tc] [3h]
TheoceanO: bets $0.20
OverRide_AS: folds 
Uncalled bet ($0.20) returned to TheoceanO
TheoceanO collected $0.23 from pot
TheoceanO: doesn't show hand 
*** SUMMARY ***
Total pot $0.24 | Rake $0.01 
Board [Qc 3c Tc 3h]
Seat 1: vladimir5421 folded before Flop (didn't bet)
Seat 2: tramoia 0 (button) folded before Flop (didn't bet)
Seat 3: TheoceanO (small blind) collected ($0.23)
Seat 4: Dorex2007 (big blind) folded on the Flop
Seat 5: OverRide_AS folded on the Turn
Seat 6: KaraFara folded before Flop (didn't bet)
Seat 7: budweiservacay folded before Flop (didn't bet)
Seat 8: erkiad folded before Flop (didn't bet)
Seat 9: Twisted369 folded on the Flop



PokerStars Hand #224436921161:  Hold'em No Limit ($0.01/$0.02 USD) - 2021/03/03 21:06:03 PT [2021/03/04 0:06:03 ET]
Table 'Orma' 9-max Seat #3 is the button
Seat 1: vladimir5421 ($4.53 in chips) 
Seat 2: tramoia 0 ($2.27 in chips) 
Seat 3: TheoceanO ($2.38 in chips) 
Seat 4: Dorex2007 ($1.68 in chips) 
Seat 5: OverRide_AS ($1.34 in chips) 
Seat 6: KaraFara ($2.83 in chips) 
Seat 7: budweiservacay ($6.44 in chips) 
Seat 8: erkiad ($2.29 in chips) 
Seat 9: Twisted369 ($1.60 in chips) 
Dorex2007: posts small blind $0.01
OverRide_AS: posts big blind $0.02
*** HOLE CARDS ***
Dealt to Dorex2007 [8h Qh]
KaraFara: folds 
budweiservacay: folds 
erkiad: folds 
Twisted369: folds 
vladimir5421: folds 
tramoia 0: folds 
TheoceanO: calls $0.02
Dorex2007: calls $0.01
OverRide_AS: checks 
*** FLOP *** [5d 3c Kd]
Dorex2007: checks 
OverRide_AS: checks 
TheoceanO: bets $0.06
Dorex2007: folds 
OverRide_AS: folds 
Uncalled bet ($0.06) returned to TheoceanO
TheoceanO collected $0.06 from pot
TheoceanO: doesn't show hand 
*** SUMMARY ***
Total pot $0.06 | Rake $0 
Board [5d 3c Kd]
Seat 1: vladimir5421 folded before Flop (didn't bet)
Seat 2: tramoia 0 folded before Flop (didn't bet)
Seat 3: TheoceanO (button) collected ($0.06)
Seat 4: Dorex2007 (small blind) folded on the Flop
Seat 5: OverRide_AS (big blind) folded on the Flop
Seat 6: KaraFara folded before Flop (didn't bet)
Seat 7: budweiservacay folded before Flop (didn't bet)
Seat 8: erkiad folded before Flop (didn't bet)
Seat 9: Twisted369 folded before Flop (didn't bet)



PokerStars Hand #224436928526:  Hold'em No Limit ($0.01/$0.02 USD) - 2021/03/03 21:06:41 PT [2021/03/04 0:06:41 ET]
Table 'Orma' 9-max Seat #4 is the button
Seat 1: vladimir5421 ($4.53 in chips) 
Seat 2: tramoia 0 ($2.27 in chips) 
Seat 3: TheoceanO ($2.42 in chips) 
Seat 4: Dorex2007 ($1.66 in chips) 
Seat 5: OverRide_AS ($1.32 in chips) 
Seat 6: KaraFara ($2.83 in chips) 
Seat 7: budweiservacay ($6.44 in chips) 
Seat 8: erkiad ($2.29 in chips) 
Seat 9: Twisted369 ($1.60 in chips) 
OverRide_AS: posts small blind $0.01
KaraFara: posts big blind $0.02
*** HOLE CARDS ***
Dealt to Dorex2007 [5s Kh]
budweiservacay: folds 
erkiad: raises $0.04 to $0.06
Twisted369: folds 
vladimir5421: calls $0.06
tramoia 0: folds 
TheoceanO: folds 
Dorex2007: folds 
OverRide_AS: folds 
KaraFara: folds 
*** FLOP *** [9d 8s 3c]
erkiad: bets $0.11
vladimir5421: folds 
Uncalled bet ($0.11) returned to erkiad
erkiad collected $0.14 from pot
erkiad: doesn't show hand 
*** SUMMARY ***
Total pot $0.15 | Rake $0.01 
Board [9d 8s 3c]
Seat 1: vladimir5421 folded on the Flop
Seat 2: tramoia 0 folded before Flop (didn't bet)
Seat 3: TheoceanO folded before Flop (didn't bet)
Seat 4: Dorex2007 (button) folded before Flop (didn't bet)
Seat 5: OverRide_AS (small blind) folded before Flop
Seat 6: KaraFara (big blind) folded before Flop
Seat 7: budweiservacay folded before Flop (didn't bet)
Seat 8: erkiad collected ($0.14)
Seat 9: Twisted369 folded before Flop (didn't bet)



PokerStars Hand #224436933239:  Hold'em No Limit ($0.01/$0.02 USD) - 2021/03/03 21:07:06 PT [2021/03/04 0:07:06 ET]
Table 'Orma' 9-max Seat #5 is the button
Seat 1: vladimir5421 ($4.47 in chips) 
Seat 2: tramoia 0 ($2.27 in chips) 
Seat 3: TheoceanO ($2.42 in chips) 
Seat 4: Dorex2007 ($1.66 in chips) 
Seat 5: OverRide_AS ($1.31 in chips) 
Seat 6: KaraFara ($2.81 in chips) 
Seat 7: budweiservacay ($6.44 in chips) 
Seat 8: erkiad ($2.37 in chips) 
Seat 9: Twisted369 ($1.60 in chips) 
KaraFara: posts small blind $0.01
budweiservacay: posts big blind $0.02
*** HOLE CARDS ***
Dealt to Dorex2007 [Js 2s]
erkiad: folds 
Twisted369: folds 
vladimir5421: folds 
tramoia 0: folds 
TheoceanO: raises $0.05 to $0.07
Dorex2007: folds 
OverRide_AS: folds 
OverRide_AS leaves the table
KaraFara: folds 
budweiservacay: calls $0.05
*** FLOP *** [3h 8d 4s]
budweiservacay: bets $0.05
sofaking1973 joins the table at seat #5 
TheoceanO: raises $0.18 to $0.23
budweiservacay: folds 
Uncalled bet ($0.18) returned to TheoceanO
TheoceanO collected $0.24 from pot
TheoceanO: doesn't show hand 
*** SUMMARY ***
Total pot $0.25 | Rake $0.01 
Board [3h 8d 4s]
Seat 1: vladimir5421 folded before Flop (didn't bet)
Seat 2: tramoia 0 folded before Flop (didn't bet)
Seat 3: TheoceanO collected ($0.24)
Seat 4: Dorex2007 folded before Flop (didn't bet)
Seat 5: OverRide_AS (button) folded before Flop (didn't bet)
Seat 6: KaraFara (small blind) folded before Flop
Seat 7: budweiservacay (big blind) folded on the Flop
Seat 8: erkiad folded before Flop (didn't bet)
Seat 9: Twisted369 folded before Flop (didn't bet)



PokerStars Hand #224436941394:  Hold'em No Limit ($0.01/$0.02 USD) - 2021/03/03 21:07:49 PT [2021/03/04 0:07:49 ET]
Table 'Orma' 9-max Seat #6 is the button
Seat 1: vladimir5421 ($4.47 in chips) 
Seat 3: TheoceanO ($2.54 in chips) 
Seat 4: Dorex2007 ($1.66 in chips) 
Seat 6: KaraFara ($2.80 in chips) 
Seat 7: budweiservacay ($6.32 in chips) 
Seat 8: erkiad ($2.37 in chips) 
Seat 9: Twisted369 ($1.60 in chips) 
budweiservacay: posts small blind $0.01
erkiad: posts big blind $0.02
sofaking1973: sits out 
*** HOLE CARDS ***
Dealt to Dorex2007 [9s 7s]
Twisted369: folds 
vladimir5421: folds 
TheoceanO: calls $0.02
Dorex2007: folds 
KaraFara: folds 
budweiservacay: folds 
erkiad: checks 
*** FLOP *** [Jc 6s Jh]
erkiad: checks 
TheoceanO: checks 
*** TURN *** [Jc 6s Jh] [9c]
tramoia 0 leaves the table
erkiad: bets $0.03
TheoceanO: raises $0.09 to $0.12
erkiad: folds 
Uncalled bet ($0.09) returned to TheoceanO
TheoceanO collected $0.11 from pot
TheoceanO: doesn't show hand 
*** SUMMARY ***
Total pot $0.11 | Rake $0 
Board [Jc 6s Jh 9c]
Seat 1: vladimir5421 folded before Flop (didn't bet)
Seat 3: TheoceanO collected ($0.11)
Seat 4: Dorex2007 folded before Flop (didn't bet)
Seat 6: KaraFara (button) folded before Flop (didn't bet)
Seat 7: budweiservacay (small blind) folded before Flop
Seat 8: erkiad (big blind) folded on the Turn
Seat 9: Twisted369 folded before Flop (didn't bet)



PokerStars Hand #224436947005:  Hold'em No Limit ($0.01/$0.02 USD) - 2021/03/03 21:08:19 PT [2021/03/04 0:08:19 ET]
Table 'Orma' 9-max Seat #7 is the button
Seat 1: vladimir5421 ($4.47 in chips) 
Seat 3: TheoceanO ($2.60 in chips) 
Seat 4: Dorex2007 ($1.66 in chips) 
Seat 6: KaraFara ($2.80 in chips) 
Seat 7: budweiservacay ($6.31 in chips) 
Seat 8: erkiad ($2.32 in chips) 
Seat 9: Twisted369 ($1.60 in chips) 
erkiad: posts small blind $0.01
Twisted369: posts big blind $0.02
sofaking1973: sits out 
*** HOLE CARDS ***
Dealt to Dorex2007 [2d As]
vladimir5421: raises $0.04 to $0.06
TheoceanO: folds 
Dorex2007 has timed out
Dorex2007: folds 
KaraFara: folds 
budweiservacay: folds 
erkiad: folds 
Twisted369: folds 
Uncalled bet ($0.04) returned to vladimir5421
vladimir5421 collected $0.05 from pot
vladimir5421: doesn't show hand 
*** SUMMARY ***
Total pot $0.05 | Rake $0 
Seat 1: vladimir5421 collected ($0.05)
Seat 3: TheoceanO folded before Flop (didn't bet)
Seat 4: Dorex2007 folded before Flop (didn't bet)
Seat 6: KaraFara folded before Flop (didn't bet)
Seat 7: budweiservacay (button) folded before Flop (didn't bet)
Seat 8: erkiad (small blind) folded before Flop
Seat 9: Twisted369 (big blind) folded before Flop



PokerStars Hand #224436955726:  Hold'em No Limit ($0.01/$0.02 USD) - 2021/03/03 21:09:05 PT [2021/03/04 0:09:05 ET]
Table 'Orma' 9-max Seat #8 is the button
Seat 1: vladimir5421 ($4.50 in chips) 
Seat 3: TheoceanO ($2.60 in chips) 
Seat 4: Dorex2007 ($1.66 in chips) 
Seat 6: KaraFara ($2.80 in chips) 
Seat 7: budweiservacay ($6.31 in chips) 
Seat 8: erkiad ($2.31 in chips) 
Seat 9: Twisted369 ($1.58 in chips) 
Twisted369: posts small blind $0.01
vladimir5421: posts big blind $0.02
sofaking1973: sits out 
*** HOLE CARDS ***
Dealt to Dorex2007 [Jd Js]
TheoceanO: calls $0.02
Dorex2007: raises $0.06 to $0.08
KaraFara: folds 
budweiservacay: folds 
erkiad: folds 
Twisted369: folds 
vladimir5421: folds 
TheoceanO: raises $0.51 to $0.59
Dorex2007: raises $1.07 to $1.66 and is all-in
TheoceanO: calls $1.07
*** FLOP *** [2d 6s 5c]
*** TURN *** [2d 6s 5c] [7h]
*** RIVER *** [2d 6s 5c 7h] [Td]
*** SHOW DOWN ***
TheoceanO: shows [Ah Ac] (a pair of Aces)
Dorex2007: shows [Jd Js] (a pair of Jacks)
TheoceanO collected $3.23 from pot
*** SUMMARY ***
Total pot $3.35 | Rake $0.12 
Board [2d 6s 5c 7h Td]
Seat 1: vladimir5421 (big blind) folded before Flop
Seat 3: TheoceanO showed [Ah Ac] and won ($3.23) with a pair of Aces
Seat 4: Dorex2007 showed [Jd Js] and lost with a pair of Jacks
Seat 6: KaraFara folded before Flop (didn't bet)
Seat 7: budweiservacay folded before Flop (didn't bet)
Seat 8: erkiad (button) folded before Flop (didn't bet)
Seat 9: Twisted369 (small blind) folded before Flop



PokerStars Hand #224436969088:  Hold'em No Limit ($0.01/$0.02 USD) - 2021/03/03 21:10:15 PT [2021/03/04 0:10:15 ET]
Table 'Orma' 9-max Seat #1 is the button
Seat 1: vladimir5421 ($4.47 in chips) 
Seat 3: TheoceanO ($4.15 in chips) 
Seat 4: Dorex2007 ($2 in chips) 
Seat 6: KaraFara ($2.80 in chips) 
Seat 7: budweiservacay ($6.31 in chips) 
Seat 8: erkiad ($2.34 in chips) 
TheoceanO: posts small blind $0.01
Dorex2007: posts big blind $0.02
*** HOLE CARDS ***
Dealt to Dorex2007 [Tc As]
KaraFara: folds 
Zmaxxxim333 joins the table at seat #5 
budweiservacay: folds 
erkiad: folds 
vladimir5421: folds 
TheoceanO: calls $0.01
Fernando2386 joins the table at seat #2 
Dorex2007: checks 
*** FLOP *** [4d 4s Jd]
TheoceanO: checks 
Dorex2007: bets $0.04
TheoceanO: folds 
Uncalled bet ($0.04) returned to Dorex2007
Dorex2007 collected $0.04 from pot
Dorex2007: doesn't show hand 
*** SUMMARY ***
Total pot $0.04 | Rake $0 
Board [4d 4s Jd]
Seat 1: vladimir5421 (button) folded before Flop (didn't bet)
Seat 3: TheoceanO (small blind) folded on the Flop
Seat 4: Dorex2007 (big blind) collected ($0.04)
Seat 6: KaraFara folded before Flop (didn't bet)
Seat 7: budweiservacay folded before Flop (didn't bet)
Seat 8: erkiad folded before Flop (didn't bet)



PokerStars Hand #224436975048:  Hold'em No Limit ($0.01/$0.02 USD) - 2021/03/03 21:10:47 PT [2021/03/04 0:10:47 ET]
Table 'Orma' 9-max Seat #3 is the button
Seat 1: vladimir5421 ($4.47 in chips) 
Seat 3: TheoceanO ($4.13 in chips) 
Seat 4: Dorex2007 ($2.02 in chips) 
Seat 5: Zmaxxxim333 ($2 in chips) 
Seat 6: KaraFara ($2.80 in chips) 
Seat 7: budweiservacay ($6.31 in chips) 
Seat 8: erkiad ($2.34 in chips) 
Dorex2007: posts small blind $0.01
Zmaxxxim333: posts big blind $0.02
Fernando2386: sits out 
*** HOLE CARDS ***
Dealt to Dorex2007 [Jc Ac]
KaraFara: folds 
budweiservacay: folds 
erkiad: raises $0.04 to $0.06
vladimir5421: folds 
TheoceanO: folds 
Dorex2007: calls $0.05
Zmaxxxim333: folds 
*** FLOP *** [9s Qh 5d]
Dorex2007: checks 
erkiad: bets $0.11
Dorex2007: folds 
Uncalled bet ($0.11) returned to erkiad
erkiad collected $0.14 from pot
erkiad: doesn't show hand 
*** SUMMARY ***
Total pot $0.14 | Rake $0 
Board [9s Qh 5d]
Seat 1: vladimir5421 folded before Flop (didn't bet)
Seat 3: TheoceanO (button) folded before Flop (didn't bet)
Seat 4: Dorex2007 (small blind) folded on the Flop
Seat 5: Zmaxxxim333 (big blind) folded before Flop
Seat 6: KaraFara folded before Flop (didn't bet)
Seat 7: budweiservacay folded before Flop (didn't bet)
Seat 8: erkiad collected ($0.14)



PokerStars Hand #224436980467:  Hold'em No Limit ($0.01/$0.02 USD) - 2021/03/03 21:11:16 PT [2021/03/04 0:11:16 ET]
Table 'Orma' 9-max Seat #4 is the button
Seat 1: vladimir5421 ($4.47 in chips) 
Seat 2: Fernando2386 ($1.60 in chips) 
Seat 3: TheoceanO ($4.13 in chips) 
Seat 4: Dorex2007 ($1.96 in chips) 
Seat 5: Zmaxxxim333 ($2 in chips) 
Seat 6: KaraFara ($2.80 in chips) 
Seat 7: budweiservacay ($6.31 in chips) 
Seat 8: erkiad ($2.42 in chips) 
Zmaxxxim333: posts small blind $0.01
KaraFara: posts big blind $0.02
Fernando2386: posts big blind $0.02
*** HOLE CARDS ***
Dealt to Dorex2007 [Js 4d]
budweiservacay: raises $0.04 to $0.06
erkiad: folds 
vladimir5421: folds 
Fernando2386: calls $0.04
TheoceanO: folds 
Dorex2007: folds 
Zmaxxxim333: folds 
KaraFara: folds 
*** FLOP *** [Jd 5d 5s]
budweiservacay: checks 
Fernando2386: checks 
*** TURN *** [Jd 5d 5s] [Jh]
budweiservacay: bets $0.11
Fernando2386: folds 
Uncalled bet ($0.11) returned to budweiservacay
budweiservacay collected $0.14 from pot
budweiservacay: doesn't show hand 
*** SUMMARY ***
Total pot $0.15 | Rake $0.01 
Board [Jd 5d 5s Jh]
Seat 1: vladimir5421 folded before Flop (didn't bet)
Seat 2: Fernando2386 folded on the Turn
Seat 3: TheoceanO folded before Flop (didn't bet)
Seat 4: Dorex2007 (button) folded before Flop (didn't bet)
Seat 5: Zmaxxxim333 (small blind) folded before Flop
Seat 6: KaraFara (big blind) folded before Flop
Seat 7: budweiservacay collected ($0.14)
Seat 8: erkiad folded before Flop (didn't bet)



PokerStars Hand #224436987888:  Hold'em No Limit ($0.01/$0.02 USD) - 2021/03/03 21:11:55 PT [2021/03/04 0:11:55 ET]
Table 'Orma' 9-max Seat #5 is the button
Seat 1: vladimir5421 ($4.47 in chips) 
Seat 2: Fernando2386 ($1.54 in chips) 
Seat 3: TheoceanO ($4.13 in chips) 
Seat 4: Dorex2007 ($1.96 in chips) 
Seat 5: Zmaxxxim333 ($2 in chips) 
Seat 6: KaraFara ($2.78 in chips) 
Seat 7: budweiservacay ($6.39 in chips) 
Seat 8: erkiad ($2.42 in chips) 
KaraFara: posts small blind $0.01
budweiservacay: posts big blind $0.02
*** HOLE CARDS ***
Dealt to Dorex2007 [8h 7d]
erkiad: folds 
vladimir5421: folds 
Fernando2386: calls $0.02
TheoceanO: folds 
Dorex2007: folds 
Zmaxxxim333: folds 
KaraFara: folds 
budweiservacay: checks 
*** FLOP *** [7s Tc 8d]
budweiservacay: bets $0.04
Fernando2386: calls $0.04
*** TURN *** [7s Tc 8d] [4c]
budweiservacay: checks 
Fernando2386: checks 
*** RIVER *** [7s Tc 8d 4c] [7c]
budweiservacay: bets $0.10
Fernando2386: calls $0.10
*** SHOW DOWN ***
budweiservacay: shows [As 2h] (a pair of Sevens)
Fernando2386: shows [8c 9h] (two pair, Eights and Sevens)
Fernando2386 collected $0.32 from pot
*** SUMMARY ***
Total pot $0.33 | Rake $0.01 
Board [7s Tc 8d 4c 7c]
Seat 1: vladimir5421 folded before Flop (didn't bet)
Seat 2: Fernando2386 showed [8c 9h] and won ($0.32) with two pair, Eights and Sevens
Seat 3: TheoceanO folded before Flop (didn't bet)
Seat 4: Dorex2007 folded before Flop (didn't bet)
Seat 5: Zmaxxxim333 (button) folded before Flop (didn't bet)
Seat 6: KaraFara (small blind) folded before Flop
Seat 7: budweiservacay (big blind) showed [As 2h] and lost with a pair of Sevens
Seat 8: erkiad folded before Flop (didn't bet)



PokerStars Hand #224436995265:  Hold'em No Limit ($0.01/$0.02 USD) - 2021/03/03 21:12:35 PT [2021/03/04 0:12:35 ET]
Table 'Orma' 9-max Seat #6 is the button
Seat 1: vladimir5421 ($4.47 in chips) 
Seat 2: Fernando2386 ($1.70 in chips) 
Seat 3: TheoceanO ($4.13 in chips) 
Seat 4: Dorex2007 ($1.96 in chips) 
Seat 5: Zmaxxxim333 ($2 in chips) 
Seat 6: KaraFara ($2.77 in chips) 
Seat 7: budweiservacay ($6.23 in chips) 
Seat 8: erkiad ($2.42 in chips) 
budweiservacay: posts small blind $0.01
erkiad: posts big blind $0.02
*** HOLE CARDS ***
Dealt to Dorex2007 [Ah 8d]
vladimir5421: folds 
Fernando2386: calls $0.02
TheoceanO: calls $0.02
Dorex2007: calls $0.02
Zmaxxxim333: folds 
KaraFara: folds 
budweiservacay: folds 
erkiad: checks 
*** FLOP *** [6h 8s 2h]
erkiad: checks 
Fernando2386: checks 
TheoceanO: checks 
Dorex2007: bets $0.09
erkiad: folds 
Fernando2386: folds 
TheoceanO: folds 
Uncalled bet ($0.09) returned to Dorex2007
Dorex2007 collected $0.09 from pot
Dorex2007: doesn't show hand 
*** SUMMARY ***
Total pot $0.09 | Rake $0 
Board [6h 8s 2h]
Seat 1: vladimir5421 folded before Flop (didn't bet)
Seat 2: Fernando2386 folded on the Flop
Seat 3: TheoceanO folded on the Flop
Seat 4: Dorex2007 collected ($0.09)
Seat 5: Zmaxxxim333 folded before Flop (didn't bet)
Seat 6: KaraFara (button) folded before Flop (didn't bet)
Seat 7: budweiservacay (small blind) folded before Flop
Seat 8: erkiad (big blind) folded on the Flop



PokerStars Hand #224437002412:  Hold'em No Limit ($0.01/$0.02 USD) - 2021/03/03 21:13:12 PT [2021/03/04 0:13:12 ET]
Table 'Orma' 9-max Seat #7 is the button
Seat 1: vladimir5421 ($4.47 in chips) 
Seat 2: Fernando2386 ($1.68 in chips) 
Seat 3: TheoceanO ($4.11 in chips) 
Seat 4: Dorex2007 ($2.03 in chips) 
Seat 5: Zmaxxxim333 ($2 in chips) 
Seat 6: KaraFara ($2.77 in chips) 
Seat 7: budweiservacay ($6.22 in chips) 
Seat 8: erkiad ($2.40 in chips) 
erkiad: posts small blind $0.01
vladimir5421: posts big blind $0.02
*** HOLE CARDS ***
Dealt to Dorex2007 [As 4s]
Fernando2386: folds 
TheoceanO: folds 
Dorex2007: calls $0.02
Zmaxxxim333: folds 
KaraFara: folds 
budweiservacay: folds 
erkiad: folds 
vladimir5421: checks 
*** FLOP *** [6d 5s 8s]
vladimir5421: checks 
Dorex2007: bets $0.04
vladimir5421: folds 
Uncalled bet ($0.04) returned to Dorex2007
Dorex2007 collected $0.05 from pot
Dorex2007: doesn't show hand 
*** SUMMARY ***
Total pot $0.05 | Rake $0 
Board [6d 5s 8s]
Seat 1: vladimir5421 (big blind) folded on the Flop
Seat 2: Fernando2386 folded before Flop (didn't bet)
Seat 3: TheoceanO folded before Flop (didn't bet)
Seat 4: Dorex2007 collected ($0.05)
Seat 5: Zmaxxxim333 folded before Flop (didn't bet)
Seat 6: KaraFara folded before Flop (didn't bet)
Seat 7: budweiservacay (button) folded before Flop (didn't bet)
Seat 8: erkiad (small blind) folded before Flop



PokerStars Hand #224437007936:  Hold'em No Limit ($0.01/$0.02 USD) - 2021/03/03 21:13:42 PT [2021/03/04 0:13:42 ET]
Table 'Orma' 9-max Seat #8 is the button
Seat 1: vladimir5421 ($4.45 in chips) 
Seat 2: Fernando2386 ($1.68 in chips) 
Seat 3: TheoceanO ($4.11 in chips) 
Seat 4: Dorex2007 ($2.06 in chips) 
Seat 5: Zmaxxxim333 ($2 in chips) 
Seat 6: KaraFara ($2.77 in chips) 
Seat 7: budweiservacay ($6.22 in chips) 
Seat 8: erkiad ($2.39 in chips) 
vladimir5421: posts small blind $0.01
Fernando2386: posts big blind $0.02
*** HOLE CARDS ***
Dealt to Dorex2007 [Td Kc]
TheoceanO: folds 
Dorex2007: calls $0.02
Zmaxxxim333: folds 
KaraFara: folds 
budweiservacay: folds 
erkiad: raises $0.06 to $0.08
vladimir5421: folds 
Fernando2386: calls $0.06
Dorex2007: calls $0.06
*** FLOP *** [9s 3s As]
Fernando2386: checks 
Dorex2007: checks 
erkiad: bets $0.13
Fernando2386: folds 
Dorex2007: folds 
Uncalled bet ($0.13) returned to erkiad
erkiad collected $0.24 from pot
erkiad: doesn't show hand 
*** SUMMARY ***
Total pot $0.25 | Rake $0.01 
Board [9s 3s As]
Seat 1: vladimir5421 (small blind) folded before Flop
Seat 2: Fernando2386 (big blind) folded on the Flop
Seat 3: TheoceanO folded before Flop (didn't bet)
Seat 4: Dorex2007 folded on the Flop
Seat 5: Zmaxxxim333 folded before Flop (didn't bet)
Seat 6: KaraFara folded before Flop (didn't bet)
Seat 7: budweiservacay folded before Flop (didn't bet)
Seat 8: erkiad (button) collected ($0.24)



PokerStars Hand #224437016181:  Hold'em No Limit ($0.01/$0.02 USD) - 2021/03/03 21:14:27 PT [2021/03/04 0:14:27 ET]
Table 'Orma' 9-max Seat #1 is the button
Seat 1: vladimir5421 ($4.44 in chips) 
Seat 2: Fernando2386 ($1.60 in chips) 
Seat 3: TheoceanO ($4.11 in chips) 
Seat 4: Dorex2007 ($1.98 in chips) 
Seat 5: Zmaxxxim333 ($2 in chips) 
Seat 6: KaraFara ($2.77 in chips) 
Seat 7: budweiservacay ($6.22 in chips) 
Seat 8: erkiad ($2.55 in chips) 
Fernando2386: posts small blind $0.01
TheoceanO: posts big blind $0.02
*** HOLE CARDS ***
Dealt to Dorex2007 [As 3h]
Dorex2007: folds 
Zmaxxxim333: folds 
KaraFara: folds 
budweiservacay: folds 
erkiad: folds 
vladimir5421: folds 
Fernando2386: folds 
Uncalled bet ($0.01) returned to TheoceanO
TheoceanO collected $0.02 from pot
TheoceanO: doesn't show hand 
*** SUMMARY ***
Total pot $0.02 | Rake $0 
Seat 1: vladimir5421 (button) folded before Flop (didn't bet)
Seat 2: Fernando2386 (small blind) folded before Flop
Seat 3: TheoceanO (big blind) collected ($0.02)
Seat 4: Dorex2007 folded before Flop (didn't bet)
Seat 5: Zmaxxxim333 folded before Flop (didn't bet)
Seat 6: KaraFara folded before Flop (didn't bet)
Seat 7: budweiservacay folded before Flop (didn't bet)
Seat 8: erkiad folded before Flop (didn't bet)



PokerStars Hand #224437018460:  Hold'em No Limit ($0.01/$0.02 USD) - 2021/03/03 21:14:39 PT [2021/03/04 0:14:39 ET]
Table 'Orma' 9-max Seat #2 is the button
Seat 1: vladimir5421 ($4.44 in chips) 
Seat 2: Fernando2386 ($1.59 in chips) 
Seat 3: TheoceanO ($4.12 in chips) 
Seat 4: Dorex2007 ($1.98 in chips) 
Seat 5: Zmaxxxim333 ($2 in chips) 
Seat 6: KaraFara ($2.77 in chips) 
Seat 7: budweiservacay ($6.22 in chips) 
Seat 8: erkiad ($2.55 in chips) 
TheoceanO: posts small blind $0.01
Dorex2007: posts big blind $0.02
*** HOLE CARDS ***
Dealt to Dorex2007 [9s 3c]
Zmaxxxim333: folds 
KaraFara: folds 
budweiservacay: folds 
erkiad: folds 
vladimir5421: folds 
Fernando2386: calls $0.02
TheoceanO: calls $0.01
Dorex2007: checks 
*** FLOP *** [2c Jd Ks]
TheoceanO: bets $0.05
Dorex2007: folds 
Fernando2386: folds 
Uncalled bet ($0.05) returned to TheoceanO
TheoceanO collected $0.06 from pot
TheoceanO: doesn't show hand 
*** SUMMARY ***
Total pot $0.06 | Rake $0 
Board [2c Jd Ks]
Seat 1: vladimir5421 folded before Flop (didn't bet)
Seat 2: Fernando2386 (button) folded on the Flop
Seat 3: TheoceanO (small blind) collected ($0.06)
Seat 4: Dorex2007 (big blind) folded on the Flop
Seat 5: Zmaxxxim333 folded before Flop (didn't bet)
Seat 6: KaraFara folded before Flop (didn't bet)
Seat 7: budweiservacay folded before Flop (didn't bet)
Seat 8: erkiad folded before Flop (didn't bet)



PokerStars Hand #224437025788:  Hold'em No Limit ($0.01/$0.02 USD) - 2021/03/03 21:15:18 PT [2021/03/04 0:15:18 ET]
Table 'Orma' 9-max Seat #3 is the button
Seat 1: vladimir5421 ($4.44 in chips) 
Seat 2: Fernando2386 ($1.57 in chips) 
Seat 3: TheoceanO ($4.16 in chips) 
Seat 4: Dorex2007 ($1.96 in chips) 
Seat 5: Zmaxxxim333 ($2 in chips) 
Seat 6: KaraFara ($2.77 in chips) 
Seat 7: budweiservacay ($6.22 in chips) 
Seat 8: erkiad ($2.55 in chips) 
Dorex2007: posts small blind $0.01
Zmaxxxim333: posts big blind $0.02
*** HOLE CARDS ***
Dealt to Dorex2007 [Jc 6h]
KaraFara: folds 
budweiservacay: raises $0.04 to $0.06
erkiad: folds 
vladimir5421: folds 
Fernando2386: folds 
TheoceanO: folds 
Dorex2007: folds 
Zmaxxxim333: folds 
Uncalled bet ($0.04) returned to budweiservacay
budweiservacay collected $0.05 from pot
budweiservacay: doesn't show hand 
*** SUMMARY ***
Total pot $0.05 | Rake $0 
Seat 1: vladimir5421 folded before Flop (didn't bet)
Seat 2: Fernando2386 folded before Flop (didn't bet)
Seat 3: TheoceanO (button) folded before Flop (didn't bet)
Seat 4: Dorex2007 (small blind) folded before Flop
Seat 5: Zmaxxxim333 (big blind) folded before Flop
Seat 6: KaraFara folded before Flop (didn't bet)
Seat 7: budweiservacay collected ($0.05)
Seat 8: erkiad folded before Flop (didn't bet)



PokerStars Hand #224437031038:  Hold'em No Limit ($0.01/$0.02 USD) - 2021/03/03 21:15:46 PT [2021/03/04 0:15:46 ET]
Table 'Orma' 9-max Seat #4 is the button
Seat 1: vladimir5421 ($4.44 in chips) 
Seat 2: Fernando2386 ($1.57 in chips) 
Seat 3: TheoceanO ($4.16 in chips) 
Seat 4: Dorex2007 ($1.95 in chips) 
Seat 5: Zmaxxxim333 ($2 in chips) 
Seat 6: KaraFara ($2.77 in chips) 
Seat 7: budweiservacay ($6.25 in chips) 
Seat 8: erkiad ($2.55 in chips) 
Zmaxxxim333: posts small blind $0.01
KaraFara: posts big blind $0.02
*** HOLE CARDS ***
Dealt to Dorex2007 [Kh 2d]
budweiservacay: folds 
erkiad: folds 
vladimir5421: folds 
Fernando2386: calls $0.02
TheoceanO: folds 
Dorex2007: folds 
Zmaxxxim333: raises $0.06 to $0.08
KaraFara: calls $0.06
Fernando2386: calls $0.06
*** FLOP *** [As Jh Tc]
Zmaxxxim333: checks 
KaraFara: checks 
Fernando2386: checks 
*** TURN *** [As Jh Tc] [9h]
Zmaxxxim333: checks 
KaraFara: bets $0.23
Fernando2386: folds 
Zmaxxxim333: folds 
Uncalled bet ($0.23) returned to KaraFara
KaraFara collected $0.23 from pot
KaraFara: doesn't show hand 
*** SUMMARY ***
Total pot $0.24 | Rake $0.01 
Board [As Jh Tc 9h]
Seat 1: vladimir5421 folded before Flop (didn't bet)
Seat 2: Fernando2386 folded on the Turn
Seat 3: TheoceanO folded before Flop (didn't bet)
Seat 4: Dorex2007 (button) folded before Flop (didn't bet)
Seat 5: Zmaxxxim333 (small blind) folded on the Turn
Seat 6: KaraFara (big blind) collected ($0.23)
Seat 7: budweiservacay folded before Flop (didn't bet)
Seat 8: erkiad folded before Flop (didn't bet)



PokerStars Hand #224437048219:  Hold'em No Limit ($0.01/$0.02 USD) - 2021/03/03 21:16:53 PT [2021/03/04 0:16:53 ET]
Table 'Orma' 9-max Seat #5 is the button
Seat 1: vladimir5421 ($4.44 in chips) 
Seat 2: Fernando2386 ($1.49 in chips) 
Seat 3: TheoceanO ($4.16 in chips) 
Seat 4: Dorex2007 ($1.95 in chips) 
Seat 5: Zmaxxxim333 ($2 in chips) 
Seat 6: KaraFara ($2.92 in chips) 
Seat 7: budweiservacay ($6.25 in chips) 
Seat 8: erkiad ($2.55 in chips) 
KaraFara: posts small blind $0.01
budweiservacay: posts big blind $0.02
*** HOLE CARDS ***
Dealt to Dorex2007 [2d 2h]
erkiad: raises $0.04 to $0.06
vladimir5421: folds 
Fernando2386: calls $0.06
TheoceanO: folds 
Dorex2007: calls $0.06
Zmaxxxim333: folds 
KaraFara: folds 
budweiservacay: folds 
*** FLOP *** [3h 3c Qc]
erkiad: checks 
KaraFara leaves the table
Fernando2386: checks 
Dorex2007: checks 
*** TURN *** [3h 3c Qc] [Jc]
erkiad: checks 
Fernando2386: checks 
Dorex2007: checks 
*** RIVER *** [3h 3c Qc Jc] [8d]
erkiad: bets $0.11
Fernando2386: folds 
Dorex2007: folds 
Uncalled bet ($0.11) returned to erkiad
erkiad collected $0.20 from pot
erkiad: doesn't show hand 
*** SUMMARY ***
Total pot $0.21 | Rake $0.01 
Board [3h 3c Qc Jc 8d]
Seat 1: vladimir5421 folded before Flop (didn't bet)
Seat 2: Fernando2386 folded on the River
Seat 3: TheoceanO folded before Flop (didn't bet)
Seat 4: Dorex2007 folded on the River
Seat 5: Zmaxxxim333 (button) folded before Flop (didn't bet)
Seat 6: KaraFara (small blind) folded before Flop
Seat 7: budweiservacay (big blind) folded before Flop
Seat 8: erkiad collected ($0.20)



PokerStars Hand #224437056798:  Hold'em No Limit ($0.01/$0.02 USD) - 2021/03/03 21:17:39 PT [2021/03/04 0:17:39 ET]
Table 'Orma' 9-max Seat #7 is the button
Seat 1: vladimir5421 ($4.44 in chips) 
Seat 2: Fernando2386 ($1.43 in chips) 
Seat 3: TheoceanO ($4.16 in chips) 
Seat 4: Dorex2007 ($1.89 in chips) 
Seat 5: Zmaxxxim333 ($2 in chips) 
Seat 7: budweiservacay ($6.23 in chips) 
Seat 8: erkiad ($2.69 in chips) 
erkiad: posts small blind $0.01
vladimir5421: posts big blind $0.02
*** HOLE CARDS ***
Dealt to Dorex2007 [8d 7h]
BrunoNaip joins the table at seat #6 
Fernando2386: folds 
TheoceanO: folds 
Dorex2007: folds 
Zmaxxxim333: folds 
budweiservacay: folds 
erkiad: raises $0.04 to $0.06
vladimir5421: folds 
Uncalled bet ($0.04) returned to erkiad
erkiad collected $0.04 from pot
erkiad: doesn't show hand 
*** SUMMARY ***
Total pot $0.04 | Rake $0 
Seat 1: vladimir5421 (big blind) folded before Flop
Seat 2: Fernando2386 folded before Flop (didn't bet)
Seat 3: TheoceanO folded before Flop (didn't bet)
Seat 4: Dorex2007 folded before Flop (didn't bet)
Seat 5: Zmaxxxim333 folded before Flop (didn't bet)
Seat 7: budweiservacay (button) folded before Flop (didn't bet)
Seat 8: erkiad (small blind) collected ($0.04)



PokerStars Hand #224437059400:  Hold'em No Limit ($0.01/$0.02 USD) - 2021/03/03 21:17:53 PT [2021/03/04 0:17:53 ET]
Table 'Orma' 9-max Seat #8 is the button
Seat 1: vladimir5421 ($4.42 in chips) 
Seat 2: Fernando2386 ($1.43 in chips) 
Seat 3: TheoceanO ($4.16 in chips) 
Seat 4: Dorex2007 ($1.89 in chips) 
Seat 5: Zmaxxxim333 ($2 in chips) 
Seat 7: budweiservacay ($6.23 in chips) 
Seat 8: erkiad ($2.71 in chips) 
vladimir5421: posts small blind $0.01
Fernando2386: posts big blind $0.02
BrunoNaip: sits out 
*** HOLE CARDS ***
Dealt to Dorex2007 [Kc 9d]
TheoceanO: calls $0.02
Dorex2007: folds 
Zmaxxxim333 has timed out
Zmaxxxim333: folds 
budweiservacay: folds 
erkiad: raises $0.06 to $0.08
vladimir5421: folds 
Fernando2386: folds 
BrunoNaip leaves the table
TheoceanO: calls $0.06
*** FLOP *** [Ah 3d Jc]
TheoceanO: checks 
erkiad: bets $0.14
TheoceanO: folds 
Uncalled bet ($0.14) returned to erkiad
erkiad collected $0.18 from pot
erkiad: doesn't show hand 
*** SUMMARY ***
Total pot $0.19 | Rake $0.01 
Board [Ah 3d Jc]
Seat 1: vladimir5421 (small blind) folded before Flop
Seat 2: Fernando2386 (big blind) folded before Flop
Seat 3: TheoceanO folded on the Flop
Seat 4: Dorex2007 folded before Flop (didn't bet)
Seat 5: Zmaxxxim333 folded before Flop (didn't bet)
Seat 7: budweiservacay folded before Flop (didn't bet)
Seat 8: erkiad (button) collected ($0.18)



PokerStars Hand #224437066732:  Hold'em No Limit ($0.01/$0.02 USD) - 2021/03/03 21:18:32 PT [2021/03/04 0:18:32 ET]
Table 'Orma' 9-max Seat #1 is the button
Seat 1: vladimir5421 ($4.41 in chips) 
Seat 2: Fernando2386 ($1.41 in chips) 
Seat 3: TheoceanO ($4.08 in chips) 
Seat 4: Dorex2007 ($1.89 in chips) 
Seat 5: Zmaxxxim333 ($2 in chips) 
Seat 7: budweiservacay ($6.23 in chips) 
Seat 8: erkiad ($2.81 in chips) 
Fernando2386: posts small blind $0.01
TheoceanO: posts big blind $0.02
Twisted369: sits out 
*** HOLE CARDS ***
Dealt to Dorex2007 [6s Qc]
Dorex2007: folds 
Zmaxxxim333: folds 
budweiservacay: folds 
erkiad: folds 
vladimir5421: folds 
Fernando2386: raises $0.02 to $0.04
TheoceanO: calls $0.02
*** FLOP *** [Ad 5c Qh]
Flushing-ya-OUT joins the table at seat #6 
Fernando2386: bets $0.04
TheoceanO: calls $0.04
*** TURN *** [Ad 5c Qh] [4d]
Fernando2386: bets $0.07
TheoceanO: calls $0.07
*** RIVER *** [Ad 5c Qh 4d] [Ts]
Fernando2386: bets $0.14
TheoceanO: calls $0.14
*** SHOW DOWN ***
Fernando2386: shows [Ac 6h] (a pair of Aces)
TheoceanO: mucks hand 
Fernando2386 collected $0.56 from pot
*** SUMMARY ***
Total pot $0.58 | Rake $0.02 
Board [Ad 5c Qh 4d Ts]
Seat 1: vladimir5421 (button) folded before Flop (didn't bet)
Seat 2: Fernando2386 (small blind) showed [Ac 6h] and won ($0.56) with a pair of Aces
Seat 3: TheoceanO (big blind) mucked [2d Qd]
Seat 4: Dorex2007 folded before Flop (didn't bet)
Seat 5: Zmaxxxim333 folded before Flop (didn't bet)
Seat 7: budweiservacay folded before Flop (didn't bet)
Seat 8: erkiad folded before Flop (didn't bet)



PokerStars Hand #224437080976:  Hold'em No Limit ($0.01/$0.02 USD) - 2021/03/03 21:19:15 PT [2021/03/04 0:19:15 ET]
Table 'Orma' 9-max Seat #2 is the button
Seat 1: vladimir5421 ($4.41 in chips) 
Seat 2: Fernando2386 ($1.68 in chips) 
Seat 3: TheoceanO ($3.79 in chips) 
Seat 4: Dorex2007 ($1.89 in chips) 
Seat 5: Zmaxxxim333 ($2 in chips) 
Seat 7: budweiservacay ($6.23 in chips) 
Seat 8: erkiad ($2.81 in chips) 
TheoceanO: posts small blind $0.01
Dorex2007: posts big blind $0.02
Flushing-ya-OUT: sits out 
Twisted369: sits out 
*** HOLE CARDS ***
Dealt to Dorex2007 [2d 9d]
Zmaxxxim333: raises $0.04 to $0.06
budweiservacay: folds 
erkiad: folds 
vladimir5421: calls $0.06
Fernando2386: folds 
TheoceanO: folds 
Dorex2007: folds 
*** FLOP *** [6h 8s 2c]
Zmaxxxim333: bets $0.05
vladimir5421: calls $0.05
*** TURN *** [6h 8s 2c] [4s]
Zmaxxxim333: checks 
vladimir5421: checks 
*** RIVER *** [6h 8s 2c 4s] [7d]
Zmaxxxim333: checks 
vladimir5421: checks 
*** SHOW DOWN ***
Zmaxxxim333: shows [Qs Ac] (high card Ace)
vladimir5421: mucks hand 
Zmaxxxim333 collected $0.24 from pot
*** SUMMARY ***
Total pot $0.25 | Rake $0.01 
Board [6h 8s 2c 4s 7d]
Seat 1: vladimir5421 mucked [Td As]
Seat 2: Fernando2386 (button) folded before Flop (didn't bet)
Seat 3: TheoceanO (small blind) folded before Flop
Seat 4: Dorex2007 (big blind) folded before Flop
Seat 5: Zmaxxxim333 showed [Qs Ac] and won ($0.24) with high card Ace
Seat 7: budweiservacay folded before Flop (didn't bet)
Seat 8: erkiad folded before Flop (didn't bet)



PokerStars Hand #224437089007:  Hold'em No Limit ($0.01/$0.02 USD) - 2021/03/03 21:19:58 PT [2021/03/04 0:19:58 ET]
Table 'Orma' 9-max Seat #3 is the button
Seat 1: vladimir5421 ($4.30 in chips) 
Seat 2: Fernando2386 ($1.68 in chips) 
Seat 3: TheoceanO ($3.78 in chips) 
Seat 4: Dorex2007 ($1.87 in chips) 
Seat 5: Zmaxxxim333 ($2.13 in chips) 
Seat 6: Flushing-ya-OUT ($0.96 in chips) 
Seat 7: budweiservacay ($6.23 in chips) 
Seat 8: erkiad ($2.81 in chips) 
Dorex2007: posts small blind $0.01
Zmaxxxim333: posts big blind $0.02
Flushing-ya-OUT: posts big blind $0.02
Twisted369: sits out 
*** HOLE CARDS ***
Dealt to Dorex2007 [Ah Qd]
Flushing-ya-OUT: checks 
budweiservacay: folds 
erkiad: folds 
vladimir5421: folds 
Fernando2386: calls $0.02
TheoceanO has timed out
TheoceanO: folds 
Dorex2007: raises $0.06 to $0.08
Zmaxxxim333: folds 
Flushing-ya-OUT: calls $0.06
Fernando2386: calls $0.06
*** FLOP *** [Tc 6c 3c]
Dorex2007: bets $0.25
Flushing-ya-OUT: calls $0.25
Fernando2386: folds 
*** TURN *** [Tc 6c 3c] [5c]
Dorex2007: checks 
Flushing-ya-OUT: bets $0.06
Dorex2007: folds 
Uncalled bet ($0.06) returned to Flushing-ya-OUT
Flushing-ya-OUT collected $0.73 from pot
Flushing-ya-OUT: doesn't show hand 
budweiservacay leaves the table
*** SUMMARY ***
Total pot $0.76 | Rake $0.03 
Board [Tc 6c 3c 5c]
Seat 1: vladimir5421 folded before Flop (didn't bet)
Seat 2: Fernando2386 folded on the Flop
Seat 3: TheoceanO (button) folded before Flop (didn't bet)
Seat 4: Dorex2007 (small blind) folded on the Turn
Seat 5: Zmaxxxim333 (big blind) folded before Flop
Seat 6: Flushing-ya-OUT collected ($0.73)
Seat 7: budweiservacay folded before Flop (didn't bet)
Seat 8: erkiad folded before Flop (didn't bet)



PokerStars Hand #224437099122:  Hold'em No Limit ($0.01/$0.02 USD) - 2021/03/03 21:20:53 PT [2021/03/04 0:20:53 ET]
Table 'Orma' 9-max Seat #4 is the button
Seat 1: vladimir5421 ($4.30 in chips) 
Seat 2: Fernando2386 ($1.60 in chips) 
Seat 3: TheoceanO ($3.78 in chips) 
Seat 4: Dorex2007 ($1.54 in chips) 
Seat 5: Zmaxxxim333 ($2.11 in chips) 
Seat 6: Flushing-ya-OUT ($1.36 in chips) 
Seat 8: erkiad ($2.81 in chips) 
Zmaxxxim333: posts small blind $0.01
Flushing-ya-OUT: posts big blind $0.02
Twisted369: sits out 
*** HOLE CARDS ***
Dealt to Dorex2007 [4s Kc]
erkiad: folds 
KPECTHUK joins the table at seat #7 
vladimir5421: raises $0.04 to $0.06
Fernando2386: folds 
TheoceanO: folds 
Dorex2007: folds 
Zmaxxxim333: folds 
Flushing-ya-OUT: calls $0.04
*** FLOP *** [3c Qd Kh]
Flushing-ya-OUT: checks 
vladimir5421: bets $0.10
Flushing-ya-OUT: raises $0.10 to $0.20
vladimir5421: calls $0.10
*** TURN *** [3c Qd Kh] [5h]
Flushing-ya-OUT: bets $0.20
vladimir5421: folds 
Uncalled bet ($0.20) returned to Flushing-ya-OUT
Flushing-ya-OUT collected $0.51 from pot
Flushing-ya-OUT: doesn't show hand 
*** SUMMARY ***
Total pot $0.53 | Rake $0.02 
Board [3c Qd Kh 5h]
Seat 1: vladimir5421 folded on the Turn
Seat 2: Fernando2386 folded before Flop (didn't bet)
Seat 3: TheoceanO folded before Flop (didn't bet)
Seat 4: Dorex2007 (button) folded before Flop (didn't bet)
Seat 5: Zmaxxxim333 (small blind) folded before Flop
Seat 6: Flushing-ya-OUT (big blind) collected ($0.51)
Seat 8: erkiad folded before Flop (didn't bet)



PokerStars Hand #224437108148:  Hold'em No Limit ($0.01/$0.02 USD) - 2021/03/03 21:21:41 PT [2021/03/04 0:21:41 ET]
Table 'Orma' 9-max Seat #5 is the button
Seat 1: vladimir5421 ($4.04 in chips) 
Seat 2: Fernando2386 ($1.60 in chips) 
Seat 3: TheoceanO ($3.78 in chips) 
Seat 4: Dorex2007 ($2 in chips) 
Seat 5: Zmaxxxim333 ($2.10 in chips) 
Seat 6: Flushing-ya-OUT ($1.61 in chips) 
Seat 7: KPECTHUK ($0.80 in chips) 
Seat 8: erkiad ($2.81 in chips) 
Flushing-ya-OUT: posts small blind $0.01
KPECTHUK: posts big blind $0.02
Twisted369: sits out 
*** HOLE CARDS ***
Dealt to Dorex2007 [Qc 6d]
erkiad: raises $0.04 to $0.06
vladimir5421: folds 
Fernando2386: folds 
TheoceanO: folds 
Dorex2007: folds 
Zmaxxxim333: calls $0.06
Flushing-ya-OUT: raises $0.04 to $0.10
KPECTHUK: folds 
erkiad: calls $0.04
Zmaxxxim333: calls $0.04
*** FLOP *** [4s 6h Ks]
Flushing-ya-OUT: bets $0.15
erkiad: calls $0.15
Zmaxxxim333: folds 
*** TURN *** [4s 6h Ks] [2h]
Flushing-ya-OUT: bets $0.20
erkiad: calls $0.20
*** RIVER *** [4s 6h Ks 2h] [Qh]
Flushing-ya-OUT: bets $0.10
erkiad: calls $0.10
*** SHOW DOWN ***
Flushing-ya-OUT: shows [As 9s] (high card Ace)
erkiad: shows [Kc Ah] (a pair of Kings)
erkiad collected $1.18 from pot
*** SUMMARY ***
Total pot $1.22 | Rake $0.04 
Board [4s 6h Ks 2h Qh]
Seat 1: vladimir5421 folded before Flop (didn't bet)
Seat 2: Fernando2386 folded before Flop (didn't bet)
Seat 3: TheoceanO folded before Flop (didn't bet)
Seat 4: Dorex2007 folded before Flop (didn't bet)
Seat 5: Zmaxxxim333 (button) folded on the Flop
Seat 6: Flushing-ya-OUT (small blind) showed [As 9s] and lost with high card Ace
Seat 7: KPECTHUK (big blind) folded before Flop
Seat 8: erkiad showed [Kc Ah] and won ($1.18) with a pair of Kings



PokerStars Hand #224437118998:  Hold'em No Limit ($0.01/$0.02 USD) - 2021/03/03 21:22:40 PT [2021/03/04 0:22:40 ET]
Table 'Orma' 9-max Seat #6 is the button
Seat 1: vladimir5421 ($4.04 in chips) 
Seat 2: Fernando2386 ($1.60 in chips) 
Seat 3: TheoceanO ($3.78 in chips) 
Seat 4: Dorex2007 ($2 in chips) 
Seat 5: Zmaxxxim333 ($2 in chips) 
Seat 6: Flushing-ya-OUT ($1.06 in chips) 
Seat 7: KPECTHUK ($0.78 in chips) 
Seat 8: erkiad ($3.44 in chips) 
KPECTHUK: posts small blind $0.01
erkiad: posts big blind $0.02
Twisted369: sits out 
*** HOLE CARDS ***
Dealt to Dorex2007 [4s 7s]
vladimir5421: raises $0.04 to $0.06
Fernando2386: folds 
TheoceanO: folds 
Dorex2007: folds 
Zmaxxxim333: folds 
Flushing-ya-OUT: folds 
KPECTHUK: folds 
erkiad: folds 
Uncalled bet ($0.04) returned to vladimir5421
vladimir5421 collected $0.05 from pot
vladimir5421: doesn't show hand 
*** SUMMARY ***
Total pot $0.05 | Rake $0 
Seat 1: vladimir5421 collected ($0.05)
Seat 2: Fernando2386 folded before Flop (didn't bet)
Seat 3: TheoceanO folded before Flop (didn't bet)
Seat 4: Dorex2007 folded before Flop (didn't bet)
Seat 5: Zmaxxxim333 folded before Flop (didn't bet)
Seat 6: Flushing-ya-OUT (button) folded before Flop (didn't bet)
Seat 7: KPECTHUK (small blind) folded before Flop
Seat 8: erkiad (big blind) folded before Flop



PokerStars Hand #224437122750:  Hold'em No Limit ($0.01/$0.02 USD) - 2021/03/03 21:23:00 PT [2021/03/04 0:23:00 ET]
Table 'Orma' 9-max Seat #7 is the button
Seat 1: vladimir5421 ($4.07 in chips) 
Seat 2: Fernando2386 ($1.60 in chips) 
Seat 3: TheoceanO ($3.78 in chips) 
Seat 4: Dorex2007 ($2 in chips) 
Seat 5: Zmaxxxim333 ($2 in chips) 
Seat 6: Flushing-ya-OUT ($1.06 in chips) 
Seat 7: KPECTHUK ($0.77 in chips) 
Seat 8: erkiad ($3.42 in chips) 
Seat 9: Twisted369 ($1.57 in chips) 
erkiad: posts small blind $0.01
Twisted369: posts big blind $0.02
*** HOLE CARDS ***
Dealt to Dorex2007 [Kc 8s]
vladimir5421: calls $0.02
Fernando2386: folds 
TheoceanO: calls $0.02
Dorex2007: folds 
Zmaxxxim333: folds 
Flushing-ya-OUT: raises $0.02 to $0.04
KPECTHUK: folds 
erkiad: folds 
Twisted369: folds 
vladimir5421: calls $0.02
TheoceanO: calls $0.02
*** FLOP *** [8h Qc Qh]
vladimir5421: checks 
TheoceanO: checks 
Flushing-ya-OUT: bets $0.14
vladimir5421: calls $0.14
TheoceanO: folds 
*** TURN *** [8h Qc Qh] [Qd]
vladimir5421: checks 
Flushing-ya-OUT: bets $0.88 and is all-in
vladimir5421: calls $0.88
Flushing-ya-OUT has timed out
*** RIVER *** [8h Qc Qh Qd] [Jd]
*** SHOW DOWN ***
vladimir5421: shows [7h 7c] (a full house, Queens full of Sevens)
Flushing-ya-OUT: shows [4h 6s] (three of a kind, Queens)
vladimir5421 collected $2.11 from pot
*** SUMMARY ***
Total pot $2.19 | Rake $0.08 
Board [8h Qc Qh Qd Jd]
Seat 1: vladimir5421 showed [7h 7c] and won ($2.11) with a full house, Queens full of Sevens
Seat 2: Fernando2386 folded before Flop (didn't bet)
Seat 3: TheoceanO folded on the Flop
Seat 4: Dorex2007 folded before Flop (didn't bet)
Seat 5: Zmaxxxim333 folded before Flop (didn't bet)
Seat 6: Flushing-ya-OUT showed [4h 6s] and lost with three of a kind, Queens
Seat 7: KPECTHUK (button) folded before Flop (didn't bet)
Seat 8: erkiad (small blind) folded before Flop
Seat 9: Twisted369 (big blind) folded before Flop



PokerStars Hand #224437137559:  Hold'em No Limit ($0.01/$0.02 USD) - 2021/03/03 21:24:21 PT [2021/03/04 0:24:21 ET]
Table 'Orma' 9-max Seat #8 is the button
Seat 1: vladimir5421 ($5.12 in chips) 
Seat 2: Fernando2386 ($1.60 in chips) 
Seat 3: TheoceanO ($3.74 in chips) 
Seat 4: Dorex2007 ($2 in chips) 
Seat 5: Zmaxxxim333 ($2 in chips) 
Seat 7: KPECTHUK ($0.77 in chips) 
Seat 8: erkiad ($3.41 in chips) 
Seat 9: Twisted369 ($1.55 in chips) 
Twisted369: posts small blind $0.01
vladimir5421: posts big blind $0.02
*** HOLE CARDS ***
Dealt to Dorex2007 [7d Th]
Fernando2386: folds 
TheoceanO: calls $0.02
Dorex2007: folds 
Zmaxxxim333: folds 
KPECTHUK: folds 
erkiad: raises $0.06 to $0.08
Twisted369: calls $0.07
vladimir5421: folds 
TheoceanO: calls $0.06
*** FLOP *** [Tc 6h 5c]
Twisted369: checks 
TheoceanO: checks 
erkiad: checks 
*** TURN *** [Tc 6h 5c] [9s]
Twisted369: bets $0.14
TheoceanO: folds 
erkiad: folds 
Uncalled bet ($0.14) returned to Twisted369
Twisted369 collected $0.25 from pot
*** SUMMARY ***
Total pot $0.26 | Rake $0.01 
Board [Tc 6h 5c 9s]
Seat 1: vladimir5421 (big blind) folded before Flop
Seat 2: Fernando2386 folded before Flop (didn't bet)
Seat 3: TheoceanO folded on the Turn
Seat 4: Dorex2007 folded before Flop (didn't bet)
Seat 5: Zmaxxxim333 folded before Flop (didn't bet)
Seat 7: KPECTHUK folded before Flop (didn't bet)
Seat 8: erkiad (button) folded on the Turn
Seat 9: Twisted369 (small blind) collected ($0.25)



PokerStars Hand #224437144124:  Hold'em No Limit ($0.01/$0.02 USD) - 2021/03/03 21:24:57 PT [2021/03/04 0:24:57 ET]
Table 'Orma' 9-max Seat #9 is the button
Seat 1: vladimir5421 ($5.10 in chips) 
Seat 2: Fernando2386 ($1.60 in chips) 
Seat 3: TheoceanO ($3.66 in chips) 
Seat 4: Dorex2007 ($2 in chips) 
Seat 5: Zmaxxxim333 ($2 in chips) 
Seat 7: KPECTHUK ($0.77 in chips) 
Seat 8: erkiad ($3.33 in chips) 
Seat 9: Twisted369 ($1.72 in chips) 
vladimir5421: posts small blind $0.01
Fernando2386: posts big blind $0.02
*** HOLE CARDS ***
Dealt to Dorex2007 [Ah 3c]
TheoceanO: calls $0.02
Dorex2007: folds 
Zmaxxxim333: folds 
KPECTHUK: folds 
erkiad: folds 
Twisted369: folds 
vladimir5421: calls $0.01
Fernando2386: checks 
*** FLOP *** [5s Jc Qs]
vladimir5421: bets $0.02
Fernando2386: folds 
TheoceanO: raises $0.07 to $0.09
vladimir5421: calls $0.07
*** TURN *** [5s Jc Qs] [9d]
vladimir5421: checks 
TheoceanO: bets $0.20
vladimir5421: calls $0.20
*** RIVER *** [5s Jc Qs 9d] [9s]
vladimir5421: checks 
TheoceanO: checks 
*** SHOW DOWN ***
vladimir5421: shows [Ks Js] (a flush, King high)
TheoceanO: mucks hand 
vladimir5421 collected $0.62 from pot
*** SUMMARY ***
Total pot $0.64 | Rake $0.02 
Board [5s Jc Qs 9d 9s]
Seat 1: vladimir5421 (small blind) showed [Ks Js] and won ($0.62) with a flush, King high
Seat 2: Fernando2386 (big blind) folded on the Flop
Seat 3: TheoceanO mucked [Qd Kh]
Seat 4: Dorex2007 folded before Flop (didn't bet)
Seat 5: Zmaxxxim333 folded before Flop (didn't bet)
Seat 7: KPECTHUK folded before Flop (didn't bet)
Seat 8: erkiad folded before Flop (didn't bet)
Seat 9: Twisted369 (button) folded before Flop (didn't bet)



PokerStars Hand #224437152616:  Hold'em No Limit ($0.01/$0.02 USD) - 2021/03/03 21:25:42 PT [2021/03/04 0:25:42 ET]
Table 'Orma' 9-max Seat #1 is the button
Seat 1: vladimir5421 ($5.41 in chips) 
Seat 2: Fernando2386 ($1.58 in chips) 
Seat 3: TheoceanO ($3.35 in chips) 
Seat 4: Dorex2007 ($2 in chips) 
Seat 5: Zmaxxxim333 ($2 in chips) 
Seat 7: KPECTHUK ($0.77 in chips) 
Seat 8: erkiad ($3.33 in chips) 
Seat 9: Twisted369 ($1.72 in chips) 
Fernando2386: posts small blind $0.01
TheoceanO: posts big blind $0.02
*** HOLE CARDS ***
Dealt to Dorex2007 [5c Th]
Dorex2007: folds 
Zmaxxxim333: folds 
KPECTHUK: folds 
erkiad: raises $0.04 to $0.06
Twisted369: folds 
vladimir5421: calls $0.06
Fernando2386: folds 
TheoceanO: calls $0.04
*** FLOP *** [8d Kh 3d]
TheoceanO: checks 
erkiad: checks 
vladimir5421: bets $0.12
TheoceanO: calls $0.12
erkiad: folds 
*** TURN *** [8d Kh 3d] [7c]
TheoceanO: checks 
vladimir5421: bets $0.28
TheoceanO: folds 
Uncalled bet ($0.28) returned to vladimir5421
vladimir5421 collected $0.41 from pot
vladimir5421: doesn't show hand 
*** SUMMARY ***
Total pot $0.43 | Rake $0.02 
Board [8d Kh 3d 7c]
Seat 1: vladimir5421 (button) collected ($0.41)
Seat 2: Fernando2386 (small blind) folded before Flop
Seat 3: TheoceanO (big blind) folded on the Turn
Seat 4: Dorex2007 folded before Flop (didn't bet)
Seat 5: Zmaxxxim333 folded before Flop (didn't bet)
Seat 7: KPECTHUK folded before Flop (didn't bet)
Seat 8: erkiad folded on the Flop
Seat 9: Twisted369 folded before Flop (didn't bet)



PokerStars Hand #224437162767:  Hold'em No Limit ($0.01/$0.02 USD) - 2021/03/03 21:26:37 PT [2021/03/04 0:26:37 ET]
Table 'Orma' 9-max Seat #2 is the button
Seat 1: vladimir5421 ($5.64 in chips) 
Seat 2: Fernando2386 ($1.57 in chips) 
Seat 3: TheoceanO ($3.17 in chips) 
Seat 4: Dorex2007 ($2 in chips) 
Seat 5: Zmaxxxim333 ($2 in chips) 
Seat 7: KPECTHUK ($0.77 in chips) 
Seat 8: erkiad ($3.27 in chips) 
Seat 9: Twisted369 ($1.72 in chips) 
TheoceanO: posts small blind $0.01
Dorex2007: posts big blind $0.02
*** HOLE CARDS ***
Dealt to Dorex2007 [9d 8h]
Zmaxxxim333: folds 
KPECTHUK: folds 
erkiad: folds 
Twisted369: folds 
vladimir5421: folds 
Fernando2386: calls $0.02
TheoceanO: calls $0.01
Dorex2007: checks 
*** FLOP *** [6d 5d Qs]
TheoceanO: checks 
Dorex2007: checks 
Fernando2386: bets $0.03
TheoceanO: folds 
Dorex2007: folds 
Uncalled bet ($0.03) returned to Fernando2386
Fernando2386 collected $0.06 from pot
Fernando2386: doesn't show hand 
*** SUMMARY ***
Total pot $0.06 | Rake $0 
Board [6d 5d Qs]
Seat 1: vladimir5421 folded before Flop (didn't bet)
Seat 2: Fernando2386 (button) collected ($0.06)
Seat 3: TheoceanO (small blind) folded on the Flop
Seat 4: Dorex2007 (big blind) folded on the Flop
Seat 5: Zmaxxxim333 folded before Flop (didn't bet)
Seat 7: KPECTHUK folded before Flop (didn't bet)
Seat 8: erkiad folded before Flop (didn't bet)
Seat 9: Twisted369 folded before Flop (didn't bet)



PokerStars Hand #224437169209:  Hold'em No Limit ($0.01/$0.02 USD) - 2021/03/03 21:27:12 PT [2021/03/04 0:27:12 ET]
Table 'Orma' 9-max Seat #3 is the button
Seat 1: vladimir5421 ($5.64 in chips) 
Seat 2: Fernando2386 ($1.61 in chips) 
Seat 3: TheoceanO ($3.15 in chips) 
Seat 4: Dorex2007 ($1.98 in chips) 
Seat 5: Zmaxxxim333 ($2 in chips) 
Seat 7: KPECTHUK ($0.77 in chips) 
Seat 8: erkiad ($3.27 in chips) 
Seat 9: Twisted369 ($1.72 in chips) 
Dorex2007: posts small blind $0.01
Zmaxxxim333: posts big blind $0.02
*** HOLE CARDS ***
Dealt to Dorex2007 [3s 9d]
Flushing-ya-OUT is disconnected 
KPECTHUK: folds 
erkiad: folds 
Twisted369: folds 
vladimir5421: folds 
Fernando2386: folds 
TheoceanO: raises $0.05 to $0.07
Dorex2007: folds 
Zmaxxxim333: folds 
Uncalled bet ($0.05) returned to TheoceanO
TheoceanO collected $0.05 from pot
TheoceanO: doesn't show hand 
*** SUMMARY ***
Total pot $0.05 | Rake $0 
Seat 1: vladimir5421 folded before Flop (didn't bet)
Seat 2: Fernando2386 folded before Flop (didn't bet)
Seat 3: TheoceanO (button) collected ($0.05)
Seat 4: Dorex2007 (small blind) folded before Flop
Seat 5: Zmaxxxim333 (big blind) folded before Flop
Seat 7: KPECTHUK folded before Flop (didn't bet)
Seat 8: erkiad folded before Flop (didn't bet)
Seat 9: Twisted369 folded before Flop (didn't bet)



PokerStars Hand #224437173899:  Hold'em No Limit ($0.01/$0.02 USD) - 2021/03/03 21:27:38 PT [2021/03/04 0:27:38 ET]
Table 'Orma' 9-max Seat #4 is the button
Seat 1: vladimir5421 ($5.64 in chips) 
Seat 2: Fernando2386 ($1.61 in chips) 
Seat 3: TheoceanO ($3.18 in chips) 
Seat 4: Dorex2007 ($1.97 in chips) 
Seat 5: Zmaxxxim333 ($2 in chips) 
Seat 7: KPECTHUK ($0.77 in chips) 
Seat 8: erkiad ($3.27 in chips) 
Seat 9: Twisted369 ($1.72 in chips) 
Zmaxxxim333: posts small blind $0.01
KPECTHUK: posts big blind $0.02
*** HOLE CARDS ***
Dealt to Dorex2007 [4d 5h]
erkiad: folds 
Twisted369: folds 
vladimir5421: folds 
Fernando2386: calls $0.02
TheoceanO: calls $0.02
Dorex2007: folds 
Zmaxxxim333: folds 
KPECTHUK: checks 
*** FLOP *** [2s 7s Ad]
KPECTHUK: checks 
Fernando2386: checks 
TheoceanO: bets $0.07
KPECTHUK: folds 
Fernando2386: folds 
Uncalled bet ($0.07) returned to TheoceanO
TheoceanO collected $0.07 from pot
TheoceanO: doesn't show hand 
*** SUMMARY ***
Total pot $0.07 | Rake $0 
Board [2s 7s Ad]
Seat 1: vladimir5421 folded before Flop (didn't bet)
Seat 2: Fernando2386 folded on the Flop
Seat 3: TheoceanO collected ($0.07)
Seat 4: Dorex2007 (button) folded before Flop (didn't bet)
Seat 5: Zmaxxxim333 (small blind) folded before Flop
Seat 7: KPECTHUK (big blind) folded on the Flop
Seat 8: erkiad folded before Flop (didn't bet)
Seat 9: Twisted369 folded before Flop (didn't bet)



PokerStars Hand #224437179652:  Hold'em No Limit ($0.01/$0.02 USD) - 2021/03/03 21:28:10 PT [2021/03/04 0:28:10 ET]
Table 'Orma' 9-max Seat #5 is the button
Seat 1: vladimir5421 ($5.64 in chips) 
Seat 2: Fernando2386 ($1.59 in chips) 
Seat 3: TheoceanO ($3.23 in chips) 
Seat 4: Dorex2007 ($1.97 in chips) 
Seat 5: Zmaxxxim333 ($2 in chips) 
Seat 7: KPECTHUK ($0.75 in chips) 
Seat 8: erkiad ($3.27 in chips) 
Seat 9: Twisted369 ($1.72 in chips) 
KPECTHUK: posts small blind $0.01
erkiad: posts big blind $0.02
*** HOLE CARDS ***
Dealt to Dorex2007 [6s Jh]
Twisted369: calls $0.02
vladimir5421: folds 
Fernando2386: folds 
TheoceanO: folds 
Dorex2007: folds 
Zmaxxxim333: folds 
KPECTHUK: calls $0.01
erkiad: checks 
*** FLOP *** [5d Qd 3h]
KPECTHUK: checks 
erkiad: checks 
Twisted369: checks 
*** TURN *** [5d Qd 3h] [Kc]
KPECTHUK: checks 
erkiad: bets $0.05
Twisted369: folds 
KPECTHUK: folds 
Uncalled bet ($0.05) returned to erkiad
erkiad collected $0.06 from pot
erkiad: doesn't show hand 
*** SUMMARY ***
Total pot $0.06 | Rake $0 
Board [5d Qd 3h Kc]
Seat 1: vladimir5421 folded before Flop (didn't bet)
Seat 2: Fernando2386 folded before Flop (didn't bet)
Seat 3: TheoceanO folded before Flop (didn't bet)
Seat 4: Dorex2007 folded before Flop (didn't bet)
Seat 5: Zmaxxxim333 (button) folded before Flop (didn't bet)
Seat 7: KPECTHUK (small blind) folded on the Turn
Seat 8: erkiad (big blind) collected ($0.06)
Seat 9: Twisted369 folded on the Turn



PokerStars Hand #224437186608:  Hold'em No Limit ($0.01/$0.02 USD) - 2021/03/03 21:28:48 PT [2021/03/04 0:28:48 ET]
Table 'Orma' 9-max Seat #7 is the button
Seat 1: vladimir5421 ($5.64 in chips) 
Seat 2: Fernando2386 ($1.59 in chips) 
Seat 3: TheoceanO ($3.23 in chips) 
Seat 4: Dorex2007 ($1.97 in chips) 
Seat 5: Zmaxxxim333 ($2 in chips) 
Seat 7: KPECTHUK ($0.73 in chips) 
Seat 8: erkiad ($3.31 in chips) 
Seat 9: Twisted369 ($1.70 in chips) 
erkiad: posts small blind $0.01
Twisted369: posts big blind $0.02
*** HOLE CARDS ***
Dealt to Dorex2007 [2s Qc]
vladimir5421: folds 
Fernando2386: raises $0.04 to $0.06
TheoceanO: folds 
Dorex2007: folds 
Zmaxxxim333: folds 
KPECTHUK: folds 
erkiad: folds 
Twisted369: folds 
Uncalled bet ($0.04) returned to Fernando2386
Fernando2386 collected $0.05 from pot
Fernando2386: doesn't show hand 
*** SUMMARY ***
Total pot $0.05 | Rake $0 
Seat 1: vladimir5421 folded before Flop (didn't bet)
Seat 2: Fernando2386 collected ($0.05)
Seat 3: TheoceanO folded before Flop (didn't bet)
Seat 4: Dorex2007 folded before Flop (didn't bet)
Seat 5: Zmaxxxim333 folded before Flop (didn't bet)
Seat 7: KPECTHUK (button) folded before Flop (didn't bet)
Seat 8: erkiad (small blind) folded before Flop
Seat 9: Twisted369 (big blind) folded before Flop



PokerStars Hand #224437189904:  Hold'em No Limit ($0.01/$0.02 USD) - 2021/03/03 21:29:06 PT [2021/03/04 0:29:06 ET]
Table 'Orma' 9-max Seat #8 is the button
Seat 1: vladimir5421 ($5.64 in chips) 
Seat 2: Fernando2386 ($1.62 in chips) 
Seat 3: TheoceanO ($3.23 in chips) 
Seat 4: Dorex2007 ($1.97 in chips) 
Seat 5: Zmaxxxim333 ($2 in chips) 
Seat 7: KPECTHUK ($0.73 in chips) 
Seat 8: erkiad ($3.30 in chips) 
Seat 9: Twisted369 ($1.68 in chips) 
Twisted369: posts small blind $0.01
vladimir5421: posts big blind $0.02
*** HOLE CARDS ***
Dealt to Dorex2007 [8s 8c]
Fernando2386: folds 
TheoceanO: folds 
Dorex2007: calls $0.02
Zmaxxxim333: folds 
KPECTHUK: folds 
erkiad: folds 
Twisted369: calls $0.01
vladimir5421: checks 
*** FLOP *** [Qd 3c Td]
Twisted369: checks 
vladimir5421: checks 
Dorex2007: bets $0.06
Twisted369: folds 
vladimir5421: folds 
Uncalled bet ($0.06) returned to Dorex2007
Dorex2007 collected $0.06 from pot
Dorex2007: doesn't show hand 
*** SUMMARY ***
Total pot $0.06 | Rake $0 
Board [Qd 3c Td]
Seat 1: vladimir5421 (big blind) folded on the Flop
Seat 2: Fernando2386 folded before Flop (didn't bet)
Seat 3: TheoceanO folded before Flop (didn't bet)
Seat 4: Dorex2007 collected ($0.06)
Seat 5: Zmaxxxim333 folded before Flop (didn't bet)
Seat 7: KPECTHUK folded before Flop (didn't bet)
Seat 8: erkiad (button) folded before Flop (didn't bet)
Seat 9: Twisted369 (small blind) folded on the Flop



PokerStars Hand #224437196569:  Hold'em No Limit ($0.01/$0.02 USD) - 2021/03/03 21:29:43 PT [2021/03/04 0:29:43 ET]
Table 'Orma' 9-max Seat #9 is the button
Seat 1: vladimir5421 ($5.62 in chips) 
Seat 2: Fernando2386 ($1.62 in chips) 
Seat 3: TheoceanO ($3.23 in chips) 
Seat 4: Dorex2007 ($2.01 in chips) 
Seat 5: Zmaxxxim333 ($2 in chips) 
Seat 7: KPECTHUK ($0.73 in chips) 
Seat 8: erkiad ($3.30 in chips) 
Seat 9: Twisted369 ($1.66 in chips) 
vladimir5421: posts small blind $0.01
Fernando2386: posts big blind $0.02
*** HOLE CARDS ***
Dealt to Dorex2007 [5d 6d]
TheoceanO: calls $0.02
Dorex2007: folds 
Zmaxxxim333: folds 
KPECTHUK: folds 
erkiad: folds 
Twisted369: raises $0.04 to $0.06
vladimir5421: folds 
Fernando2386: folds 
TheoceanO: calls $0.04
*** FLOP *** [Qh 9s 4d]
TheoceanO: checks 
Twisted369: checks 
*** TURN *** [Qh 9s 4d] [7d]
TheoceanO: bets $0.02
Twisted369: folds 
Uncalled bet ($0.02) returned to TheoceanO
TheoceanO collected $0.14 from pot
TheoceanO: doesn't show hand 
*** SUMMARY ***
Total pot $0.15 | Rake $0.01 
Board [Qh 9s 4d 7d]
Seat 1: vladimir5421 (small blind) folded before Flop
Seat 2: Fernando2386 (big blind) folded before Flop
Seat 3: TheoceanO collected ($0.14)
Seat 4: Dorex2007 folded before Flop (didn't bet)
Seat 5: Zmaxxxim333 folded before Flop (didn't bet)
Seat 7: KPECTHUK folded before Flop (didn't bet)
Seat 8: erkiad folded before Flop (didn't bet)
Seat 9: Twisted369 (button) folded on the Turn



PokerStars Hand #224437205094:  Hold'em No Limit ($0.01/$0.02 USD) - 2021/03/03 21:30:29 PT [2021/03/04 0:30:29 ET]
Table 'Orma' 9-max Seat #1 is the button
Seat 1: vladimir5421 ($5.61 in chips) 
Seat 2: Fernando2386 ($1.60 in chips) 
Seat 3: TheoceanO ($3.31 in chips) 
Seat 4: Dorex2007 ($2.01 in chips) 
Seat 5: Zmaxxxim333 ($2 in chips) 
Seat 7: KPECTHUK ($0.73 in chips) 
Seat 8: erkiad ($3.30 in chips) 
Seat 9: Twisted369 ($1.60 in chips) 
Fernando2386: posts small blind $0.01
TheoceanO: posts big blind $0.02
*** HOLE CARDS ***
Dealt to Dorex2007 [6s 6h]
Dorex2007: calls $0.02
Zmaxxxim333: folds 
KPECTHUK: folds 
erkiad: folds 
Twisted369: folds 
vladimir5421: folds 
Fernando2386: calls $0.01
TheoceanO: checks 
*** FLOP *** [Js 2c 8s]
Fernando2386: checks 
TheoceanO: checks 
Dorex2007: bets $0.06
Fernando2386: folds 
TheoceanO: folds 
Uncalled bet ($0.06) returned to Dorex2007
Dorex2007 collected $0.06 from pot
Dorex2007: doesn't show hand 
*** SUMMARY ***
Total pot $0.06 | Rake $0 
Board [Js 2c 8s]
Seat 1: vladimir5421 (button) folded before Flop (didn't bet)
Seat 2: Fernando2386 (small blind) folded on the Flop
Seat 3: TheoceanO (big blind) folded on the Flop
Seat 4: Dorex2007 collected ($0.06)
Seat 5: Zmaxxxim333 folded before Flop (didn't bet)
Seat 7: KPECTHUK folded before Flop (didn't bet)
Seat 8: erkiad folded before Flop (didn't bet)
Seat 9: Twisted369 folded before Flop (didn't bet)



PokerStars Hand #224437219939:  Hold'em No Limit ($0.01/$0.02 USD) - 2021/03/03 21:31:23 PT [2021/03/04 0:31:23 ET]
Table 'Orma' 9-max Seat #2 is the button
Seat 1: vladimir5421 ($5.61 in chips) 
Seat 2: Fernando2386 ($1.58 in chips) 
Seat 3: TheoceanO ($3.29 in chips) 
Seat 4: Dorex2007 ($2.05 in chips) 
Seat 5: Zmaxxxim333 ($2 in chips) 
Seat 7: KPECTHUK ($0.73 in chips) 
Seat 8: erkiad ($3.30 in chips) 
Seat 9: Twisted369 ($1.60 in chips) 
TheoceanO: posts small blind $0.01
Dorex2007: posts big blind $0.02
*** HOLE CARDS ***
Dealt to Dorex2007 [Th 5h]
Zmaxxxim333: folds 
KPECTHUK: folds 
erkiad: folds 
Twisted369: folds 
vladimir5421: folds 
Fernando2386: calls $0.02
TheoceanO: calls $0.01
Dorex2007: checks 
*** FLOP *** [6h Td Kc]
TheoceanO: checks 
Dorex2007: checks 
Fernando2386: bets $0.03
TheoceanO: calls $0.03
Dorex2007: folds 
*** TURN *** [6h Td Kc] [Tc]
TheoceanO: checks 
Fernando2386: checks 
*** RIVER *** [6h Td Kc Tc] [8s]
TheoceanO: checks 
Fernando2386: checks 
*** SHOW DOWN ***
TheoceanO: shows [6d Jh] (two pair, Tens and Sixes)
Fernando2386: shows [8h 6s] (two pair, Tens and Eights)
Fernando2386 collected $0.12 from pot
*** SUMMARY ***
Total pot $0.12 | Rake $0 
Board [6h Td Kc Tc 8s]
Seat 1: vladimir5421 folded before Flop (didn't bet)
Seat 2: Fernando2386 (button) showed [8h 6s] and won ($0.12) with two pair, Tens and Eights
Seat 3: TheoceanO (small blind) showed [6d Jh] and lost with two pair, Tens and Sixes
Seat 4: Dorex2007 (big blind) folded on the Flop
Seat 5: Zmaxxxim333 folded before Flop (didn't bet)
Seat 7: KPECTHUK folded before Flop (didn't bet)
Seat 8: erkiad folded before Flop (didn't bet)
Seat 9: Twisted369 folded before Flop (didn't bet)



PokerStars Hand #224437233040:  Hold'em No Limit ($0.01/$0.02 USD) - 2021/03/03 21:32:34 PT [2021/03/04 0:32:34 ET]
Table 'Orma' 9-max Seat #3 is the button
Seat 1: vladimir5421 ($5.61 in chips) 
Seat 2: Fernando2386 ($1.65 in chips) 
Seat 3: TheoceanO ($3.24 in chips) 
Seat 4: Dorex2007 ($2.03 in chips) 
Seat 5: Zmaxxxim333 ($2 in chips) 
Seat 7: KPECTHUK ($0.73 in chips) 
Seat 8: erkiad ($3.30 in chips) 
Seat 9: Twisted369 ($1.60 in chips) 
Dorex2007: posts small blind $0.01
Zmaxxxim333: posts big blind $0.02
*** HOLE CARDS ***
Dealt to Dorex2007 [2s 5d]
KPECTHUK: folds 
erkiad: folds 
Twisted369: calls $0.02
vladimir5421: folds 
Fernando2386: folds 
TheoceanO: folds 
Dorex2007: folds 
Zmaxxxim333: checks 
*** FLOP *** [2d As Jc]
Zmaxxxim333: checks 
Twisted369: checks 
*** TURN *** [2d As Jc] [Tc]
Zmaxxxim333: checks 
Twisted369: bets $0.05
Zmaxxxim333: folds 
Uncalled bet ($0.05) returned to Twisted369
Twisted369 collected $0.05 from pot
*** SUMMARY ***
Total pot $0.05 | Rake $0 
Board [2d As Jc Tc]
Seat 1: vladimir5421 folded before Flop (didn't bet)
Seat 2: Fernando2386 folded before Flop (didn't bet)
Seat 3: TheoceanO (button) folded before Flop (didn't bet)
Seat 4: Dorex2007 (small blind) folded before Flop
Seat 5: Zmaxxxim333 (big blind) folded on the Turn
Seat 7: KPECTHUK folded before Flop (didn't bet)
Seat 8: erkiad folded before Flop (didn't bet)
Seat 9: Twisted369 collected ($0.05)



PokerStars Hand #224437238279:  Hold'em No Limit ($0.01/$0.02 USD) - 2021/03/03 21:33:02 PT [2021/03/04 0:33:02 ET]
Table 'Orma' 9-max Seat #4 is the button
Seat 1: vladimir5421 ($5.61 in chips) 
Seat 2: Fernando2386 ($1.65 in chips) 
Seat 3: TheoceanO ($3.24 in chips) 
Seat 4: Dorex2007 ($2.02 in chips) 
Seat 5: Zmaxxxim333 ($2 in chips) 
Seat 7: KPECTHUK ($0.73 in chips) 
Seat 8: erkiad ($3.30 in chips) 
Seat 9: Twisted369 ($1.63 in chips) 
Zmaxxxim333: posts small blind $0.01
KPECTHUK: posts big blind $0.02
*** HOLE CARDS ***
Dealt to Dorex2007 [4d Kh]
erkiad: folds 
Twisted369: folds 
vladimir5421: raises $0.04 to $0.06
Fernando2386: folds 
TheoceanO: folds 
Dorex2007: folds 
Zmaxxxim333: folds 
KPECTHUK: folds 
Uncalled bet ($0.04) returned to vladimir5421
vladimir5421 collected $0.05 from pot
vladimir5421: doesn't show hand 
*** SUMMARY ***
Total pot $0.05 | Rake $0 
Seat 1: vladimir5421 collected ($0.05)
Seat 2: Fernando2386 folded before Flop (didn't bet)
Seat 3: TheoceanO folded before Flop (didn't bet)
Seat 4: Dorex2007 (button) folded before Flop (didn't bet)
Seat 5: Zmaxxxim333 (small blind) folded before Flop
Seat 7: KPECTHUK (big blind) folded before Flop
Seat 8: erkiad folded before Flop (didn't bet)
Seat 9: Twisted369 folded before Flop (didn't bet)



PokerStars Hand #224437241081:  Hold'em No Limit ($0.01/$0.02 USD) - 2021/03/03 21:33:18 PT [2021/03/04 0:33:18 ET]
Table 'Orma' 9-max Seat #5 is the button
Seat 1: vladimir5421 ($5.64 in chips) 
Seat 2: Fernando2386 ($1.65 in chips) 
Seat 3: TheoceanO ($3.24 in chips) 
Seat 4: Dorex2007 ($2.02 in chips) 
Seat 5: Zmaxxxim333 ($2 in chips) 
Seat 7: KPECTHUK ($0.71 in chips) 
Seat 9: Twisted369 ($1.63 in chips) 
KPECTHUK: posts small blind $0.01
erkiad: is sitting out 
Twisted369: posts big blind $0.02
*** HOLE CARDS ***
Dealt to Dorex2007 [9d Ac]
erkiad leaves the table
vladimir5421: folds 
Fernando2386: folds 
TheoceanO: calls $0.02
Dorex2007: folds 
Zmaxxxim333: folds 
KPECTHUK: folds 
Twisted369: checks 
*** FLOP *** [5h Kc 3c]
Twisted369: checks 
TheoceanO: bets $0.05
Vaksuller joins the table at seat #8 
Twisted369: folds 
Uncalled bet ($0.05) returned to TheoceanO
TheoceanO collected $0.05 from pot
TheoceanO: doesn't show hand 
*** SUMMARY ***
Total pot $0.05 | Rake $0 
Board [5h Kc 3c]
Seat 1: vladimir5421 folded before Flop (didn't bet)
Seat 2: Fernando2386 folded before Flop (didn't bet)
Seat 3: TheoceanO collected ($0.05)
Seat 4: Dorex2007 folded before Flop (didn't bet)
Seat 5: Zmaxxxim333 (button) folded before Flop (didn't bet)
Seat 7: KPECTHUK (small blind) folded before Flop
Seat 9: Twisted369 (big blind) folded on the Flop



PokerStars Hand #224437247580:  Hold'em No Limit ($0.01/$0.02 USD) - 2021/03/03 21:33:53 PT [2021/03/04 0:33:53 ET]
Table 'Orma' 9-max Seat #7 is the button
Seat 1: vladimir5421 ($5.64 in chips) 
Seat 2: Fernando2386 ($1.65 in chips) 
Seat 3: TheoceanO ($3.27 in chips) 
Seat 4: Dorex2007 ($2.02 in chips) 
Seat 5: Zmaxxxim333 ($2 in chips) 
Seat 7: KPECTHUK ($0.70 in chips) 
Seat 9: Twisted369 ($1.61 in chips) 
Twisted369: posts small blind $0.01
vladimir5421: posts big blind $0.02
*** HOLE CARDS ***
Dealt to Dorex2007 [Th Ts]
Fernando2386: folds 
TheoceanO: folds 
Dorex2007: raises $0.06 to $0.08
Zmaxxxim333: folds 
KPECTHUK: folds 
Twisted369: folds 
vladimir5421: folds 
Uncalled bet ($0.06) returned to Dorex2007
Dorex2007 collected $0.05 from pot
Dorex2007: doesn't show hand 
*** SUMMARY ***
Total pot $0.05 | Rake $0 
Seat 1: vladimir5421 (big blind) folded before Flop
Seat 2: Fernando2386 folded before Flop (didn't bet)
Seat 3: TheoceanO folded before Flop (didn't bet)
Seat 4: Dorex2007 collected ($0.05)
Seat 5: Zmaxxxim333 folded before Flop (didn't bet)
Seat 7: KPECTHUK (button) folded before Flop (didn't bet)
Seat 9: Twisted369 (small blind) folded before Flop



