PokerStars Hand #228572366024:  Hold'em No Limit ($0.01/$0.02 USD) - 2021/07/25 16:39:20 PT [2021/07/25 19:39:20 ET]
Table 'Aguilar' 9-max Seat #7 is the button
Seat 1: FACCHETADE$ ($4.51 in chips) 
Seat 2: laureano290 ($2 in chips) 
Seat 3: Butcher66666 ($2.79 in chips) 
Seat 4: elChipLead3r ($1 in chips) 
Seat 5: Juagonzalez ($1.74 in chips) 
Seat 6: Dorex2007 ($2 in chips) 
Seat 7: minimile ($2.10 in chips) 
Seat 8: Alehta ($3.66 in chips) 
Seat 9: chapolim_jr ($1.48 in chips) 
Alehta: posts small blind $0.01
chapolim_jr: posts big blind $0.02
Dorex2007: posts big blind $0.02
*** HOLE CARDS ***
Dealt to Dorex2007 [4s 5d]
FACCHETADE$: calls $0.02
laureano290: folds 
Butcher66666: folds 
elChipLead3r: raises $0.08 to $0.10
Juagonzalez: calls $0.10
Dorex2007: folds 
minimile: folds 
Alehta: folds 
chapolim_jr: calls $0.08
FACCHETADE$: calls $0.08
*** FLOP *** [5h Td 6c]
chapolim_jr: checks 
FACCHETADE$: checks 
elChipLead3r: bets $0.21
Juagonzalez: folds 
chapolim_jr: folds 
FACCHETADE$: raises $0.83 to $1.04
elChipLead3r: calls $0.69 and is all-in
Uncalled bet ($0.14) returned to FACCHETADE$
*** TURN *** [5h Td 6c] [Jh]
*** RIVER *** [5h Td 6c Jh] [7h]
*** SHOW DOWN ***
FACCHETADE$: shows [6d 8d] (a pair of Sixes)
elChipLead3r: shows [Tc Jc] (two pair, Jacks and Tens)
elChipLead3r collected $2.15 from pot
FACCHETADE$ cashed out the hand for $0.53 | Cash Out Fee $0.01
*** SUMMARY ***
Total pot $2.23 | Rake $0.08 
Board [5h Td 6c Jh 7h]
Seat 1: FACCHETADE$ showed [6d 8d] and lost with a pair of Sixes (cashed out).
Seat 2: laureano290 folded before Flop (didn't bet)
Seat 3: Butcher66666 folded before Flop (didn't bet)
Seat 4: elChipLead3r showed [Tc Jc] and won ($2.15) with two pair, Jacks and Tens
Seat 5: Juagonzalez folded on the Flop
Seat 6: Dorex2007 folded before Flop (didn't bet)
Seat 7: minimile (button) folded before Flop (didn't bet)
Seat 8: Alehta (small blind) folded before Flop
Seat 9: chapolim_jr (big blind) folded on the Flop



PokerStars Hand #228572389751:  Hold'em No Limit ($0.01/$0.02 USD) - 2021/07/25 16:40:36 PT [2021/07/25 19:40:36 ET]
Table 'Aguilar' 9-max Seat #8 is the button
Seat 1: FACCHETADE$ ($4.04 in chips) 
Seat 2: laureano290 ($2 in chips) 
Seat 3: Butcher66666 ($2.79 in chips) 
Seat 4: elChipLead3r ($2.15 in chips) 
Seat 5: Juagonzalez ($1.64 in chips) 
Seat 6: Dorex2007 ($1.98 in chips) 
Seat 7: minimile ($2.10 in chips) 
Seat 8: Alehta ($3.65 in chips) 
Seat 9: chapolim_jr ($1.38 in chips) 
chapolim_jr: posts small blind $0.01
FACCHETADE$: posts big blind $0.02
*** HOLE CARDS ***
Dealt to Dorex2007 [6d 8h]
laureano290: folds 
Butcher66666: calls $0.02
elChipLead3r: folds 
laureano290 leaves the table
Juagonzalez: folds 
Dorex2007: folds 
minimile: folds 
Alehta: folds 
chapolim_jr: calls $0.01
Nerijusjurgis joins the table at seat #2 
FACCHETADE$: checks 
*** FLOP *** [8c Qh 8d]
chapolim_jr: checks 
FACCHETADE$: checks 
Butcher66666: bets $0.03
chapolim_jr: calls $0.03
FACCHETADE$: folds 
*** TURN *** [8c Qh 8d] [Qc]
chapolim_jr: checks 
Butcher66666: checks 
*** RIVER *** [8c Qh 8d Qc] [6c]
chapolim_jr: checks 
Butcher66666: checks 
*** SHOW DOWN ***
chapolim_jr: shows [7c Td] (two pair, Queens and Eights)
Butcher66666: mucks hand 
chapolim_jr collected $0.12 from pot
*** SUMMARY ***
Total pot $0.12 | Rake $0 
Board [8c Qh 8d Qc 6c]
Seat 1: FACCHETADE$ (big blind) folded on the Flop
Seat 2: laureano290 folded before Flop (didn't bet)
Seat 3: Butcher66666 mucked [7s 7d]
Seat 4: elChipLead3r folded before Flop (didn't bet)
Seat 5: Juagonzalez folded before Flop (didn't bet)
Seat 6: Dorex2007 folded before Flop (didn't bet)
Seat 7: minimile folded before Flop (didn't bet)
Seat 8: Alehta (button) folded before Flop (didn't bet)
Seat 9: chapolim_jr (small blind) showed [7c Td] and won ($0.12) with two pair, Queens and Eights



PokerStars Hand #228572418392:  Hold'em No Limit ($0.01/$0.02 USD) - 2021/07/25 16:42:01 PT [2021/07/25 19:42:01 ET]
Table 'Aguilar' 9-max Seat #9 is the button
Seat 1: FACCHETADE$ ($4.02 in chips) 
Seat 2: Nerijusjurgis ($0.80 in chips) 
Seat 3: Butcher66666 ($2.74 in chips) 
Seat 4: elChipLead3r ($2.15 in chips) 
Seat 5: Juagonzalez ($1.64 in chips) 
Seat 6: Dorex2007 ($1.98 in chips) 
Seat 7: minimile ($2.10 in chips) 
Seat 8: Alehta ($3.65 in chips) 
Seat 9: chapolim_jr ($1.45 in chips) 
FACCHETADE$: posts small blind $0.01
Nerijusjurgis: posts big blind $0.02
*** HOLE CARDS ***
Dealt to Dorex2007 [3c Kd]
Butcher66666: folds 
elChipLead3r: folds 
Juagonzalez: raises $0.03 to $0.05
Dorex2007: folds 
minimile: folds 
Alehta: folds 
chapolim_jr: folds 
FACCHETADE$: folds 
Nerijusjurgis: folds 
Uncalled bet ($0.03) returned to Juagonzalez
Juagonzalez collected $0.05 from pot
Juagonzalez: doesn't show hand 
*** SUMMARY ***
Total pot $0.05 | Rake $0 
Seat 1: FACCHETADE$ (small blind) folded before Flop
Seat 2: Nerijusjurgis (big blind) folded before Flop
Seat 3: Butcher66666 folded before Flop (didn't bet)
Seat 4: elChipLead3r folded before Flop (didn't bet)
Seat 5: Juagonzalez collected ($0.05)
Seat 6: Dorex2007 folded before Flop (didn't bet)
Seat 7: minimile folded before Flop (didn't bet)
Seat 8: Alehta folded before Flop (didn't bet)
Seat 9: chapolim_jr (button) folded before Flop (didn't bet)



PokerStars Hand #228572433481:  Hold'em No Limit ($0.01/$0.02 USD) - 2021/07/25 16:42:50 PT [2021/07/25 19:42:50 ET]
Table 'Aguilar' 9-max Seat #1 is the button
Seat 1: FACCHETADE$ ($4.01 in chips) 
Seat 2: Nerijusjurgis ($0.78 in chips) 
Seat 3: Butcher66666 ($2.74 in chips) 
Seat 4: elChipLead3r ($2.15 in chips) 
Seat 5: Juagonzalez ($1.67 in chips) 
Seat 6: Dorex2007 ($1.98 in chips) 
Seat 7: minimile ($2.10 in chips) 
Seat 8: Alehta ($3.65 in chips) 
Seat 9: chapolim_jr ($1.45 in chips) 
Nerijusjurgis: posts small blind $0.01
Butcher66666: posts big blind $0.02
*** HOLE CARDS ***
Dealt to Dorex2007 [Tc 4d]
elChipLead3r: folds 
Juagonzalez: folds 
Dorex2007: folds 
minimile: calls $0.02
Alehta: folds 
chapolim_jr: calls $0.02
FACCHETADE$: folds 
Nerijusjurgis: calls $0.01
Butcher66666: raises $0.08 to $0.10
minimile: folds 
chapolim_jr: calls $0.08
Nerijusjurgis: folds 
*** FLOP *** [5c 8h Qs]
minimile leaves the table
Butcher66666: bets $0.11
chapolim_jr: calls $0.11
*** TURN *** [5c 8h Qs] [5h]
Butcher66666: checks 
chapolim_jr: bets $0.22
Butcher66666: folds 
Uncalled bet ($0.22) returned to chapolim_jr
chapolim_jr collected $0.44 from pot
*** SUMMARY ***
Total pot $0.46 | Rake $0.02 
Board [5c 8h Qs 5h]
Seat 1: FACCHETADE$ (button) folded before Flop (didn't bet)
Seat 2: Nerijusjurgis (small blind) folded before Flop
Seat 3: Butcher66666 (big blind) folded on the Turn
Seat 4: elChipLead3r folded before Flop (didn't bet)
Seat 5: Juagonzalez folded before Flop (didn't bet)
Seat 6: Dorex2007 folded before Flop (didn't bet)
Seat 7: minimile folded before Flop
Seat 8: Alehta folded before Flop (didn't bet)
Seat 9: chapolim_jr collected ($0.44)



PokerStars Hand #228572456910:  Hold'em No Limit ($0.01/$0.02 USD) - 2021/07/25 16:44:06 PT [2021/07/25 19:44:06 ET]
Table 'Aguilar' 9-max Seat #2 is the button
Seat 1: FACCHETADE$ ($4.01 in chips) 
Seat 2: Nerijusjurgis ($0.76 in chips) 
Seat 3: Butcher66666 ($2.53 in chips) 
Seat 4: elChipLead3r ($2.15 in chips) 
Seat 5: Juagonzalez ($1.67 in chips) 
Seat 6: Dorex2007 ($1.98 in chips) 
Seat 8: Alehta ($3.65 in chips) 
Seat 9: chapolim_jr ($1.68 in chips) 
Butcher66666: posts small blind $0.01
elChipLead3r: posts big blind $0.02
*** HOLE CARDS ***
Dealt to Dorex2007 [Qc 8h]
Niemozliwe666 joins the table at seat #7 
Juagonzalez: folds 
Dorex2007: folds 
Alehta: folds 
chapolim_jr: folds 
FACCHETADE$: folds 
Nerijusjurgis: folds 
Butcher66666: calls $0.01
elChipLead3r: checks 
*** FLOP *** [Ks Kc 5h]
Butcher66666: checks 
elChipLead3r: checks 
*** TURN *** [Ks Kc 5h] [Kd]
Butcher66666: checks 
elChipLead3r: checks 
*** RIVER *** [Ks Kc 5h Kd] [Jc]
Butcher66666: checks 
elChipLead3r: checks 
*** SHOW DOWN ***
Butcher66666: shows [Jh Qs] (a full house, Kings full of Jacks)
elChipLead3r: mucks hand 
Butcher66666 collected $0.04 from pot
*** SUMMARY ***
Total pot $0.04 | Rake $0 
Board [Ks Kc 5h Kd Jc]
Seat 1: FACCHETADE$ folded before Flop (didn't bet)
Seat 2: Nerijusjurgis (button) folded before Flop (didn't bet)
Seat 3: Butcher66666 (small blind) showed [Jh Qs] and won ($0.04) with a full house, Kings full of Jacks
Seat 4: elChipLead3r (big blind) mucked [6d 7h]
Seat 5: Juagonzalez folded before Flop (didn't bet)
Seat 6: Dorex2007 folded before Flop (didn't bet)
Seat 8: Alehta folded before Flop (didn't bet)
Seat 9: chapolim_jr folded before Flop (didn't bet)



PokerStars Hand #228572481046:  Hold'em No Limit ($0.01/$0.02 USD) - 2021/07/25 16:45:25 PT [2021/07/25 19:45:25 ET]
Table 'Aguilar' 9-max Seat #3 is the button
Seat 1: FACCHETADE$ ($4.01 in chips) 
Seat 2: Nerijusjurgis ($0.76 in chips) 
Seat 3: Butcher66666 ($2.55 in chips) 
Seat 4: elChipLead3r ($2.13 in chips) 
Seat 5: Juagonzalez ($1.67 in chips) 
Seat 6: Dorex2007 ($1.98 in chips) 
Seat 8: Alehta ($3.65 in chips) 
Seat 9: chapolim_jr ($1.68 in chips) 
elChipLead3r: posts small blind $0.01
Juagonzalez: posts big blind $0.02
Niemozliwe666: sits out 
*** HOLE CARDS ***
Dealt to Dorex2007 [As 4h]
Dorex2007: folds 
Alehta: folds 
chapolim_jr: folds 
FACCHETADE$: folds 
Nerijusjurgis has timed out
Nerijusjurgis: folds 
Butcher66666: folds 
elChipLead3r: raises $0.03 to $0.05
Juagonzalez: folds 
Uncalled bet ($0.03) returned to elChipLead3r
elChipLead3r collected $0.04 from pot
elChipLead3r: doesn't show hand 
*** SUMMARY ***
Total pot $0.04 | Rake $0 
Seat 1: FACCHETADE$ folded before Flop (didn't bet)
Seat 2: Nerijusjurgis folded before Flop (didn't bet)
Seat 3: Butcher66666 (button) folded before Flop (didn't bet)
Seat 4: elChipLead3r (small blind) collected ($0.04)
Seat 5: Juagonzalez (big blind) folded before Flop
Seat 6: Dorex2007 folded before Flop (didn't bet)
Seat 8: Alehta folded before Flop (didn't bet)
Seat 9: chapolim_jr folded before Flop (didn't bet)



PokerStars Hand #228572498119:  Hold'em No Limit ($0.01/$0.02 USD) - 2021/07/25 16:46:02 PT [2021/07/25 19:46:02 ET]
Table 'Aguilar' 9-max Seat #4 is the button
Seat 1: FACCHETADE$ ($4.01 in chips) 
Seat 2: Nerijusjurgis ($0.76 in chips) 
Seat 3: Butcher66666 ($2.55 in chips) 
Seat 4: elChipLead3r ($2.15 in chips) 
Seat 5: Juagonzalez ($1.65 in chips) 
Seat 6: Dorex2007 ($1.98 in chips) 
Seat 7: Niemozliwe666 ($1.02 in chips) 
Seat 8: Alehta ($3.65 in chips) 
Seat 9: chapolim_jr ($1.68 in chips) 
Juagonzalez: posts small blind $0.01
Dorex2007: posts big blind $0.02
Niemozliwe666: posts big blind $0.02
*** HOLE CARDS ***
Dealt to Dorex2007 [2d 8c]
Niemozliwe666: checks 
Alehta: folds 
chapolim_jr: calls $0.02
FACCHETADE$: raises $0.09 to $0.11
Nerijusjurgis: folds 
Butcher66666: folds 
elChipLead3r: folds 
Juagonzalez: folds 
Dorex2007: folds 
Niemozliwe666: calls $0.09
chapolim_jr: calls $0.09
*** FLOP *** [9d 3c 7c]
Niemozliwe666: checks 
chapolim_jr: checks 
FACCHETADE$: checks 
*** TURN *** [9d 3c 7c] [Ks]
Niemozliwe666: bets $0.02
chapolim_jr: calls $0.02
FACCHETADE$: raises $3.88 to $3.90 and is all-in
Niemozliwe666: folds 
chapolim_jr: folds 
Uncalled bet ($3.88) returned to FACCHETADE$
FACCHETADE$ collected $0.41 from pot
*** SUMMARY ***
Total pot $0.42 | Rake $0.01 
Board [9d 3c 7c Ks]
Seat 1: FACCHETADE$ collected ($0.41)
Seat 2: Nerijusjurgis folded before Flop (didn't bet)
Seat 3: Butcher66666 folded before Flop (didn't bet)
Seat 4: elChipLead3r (button) folded before Flop (didn't bet)
Seat 5: Juagonzalez (small blind) folded before Flop
Seat 6: Dorex2007 (big blind) folded before Flop
Seat 7: Niemozliwe666 folded on the Turn
Seat 8: Alehta folded before Flop (didn't bet)
Seat 9: chapolim_jr folded on the Turn



PokerStars Hand #228572522829:  Hold'em No Limit ($0.01/$0.02 USD) - 2021/07/25 16:47:23 PT [2021/07/25 19:47:23 ET]
Table 'Aguilar' 9-max Seat #5 is the button
Seat 1: FACCHETADE$ ($4.29 in chips) 
Seat 2: Nerijusjurgis ($0.76 in chips) 
Seat 3: Butcher66666 ($2.55 in chips) 
Seat 4: elChipLead3r ($2.15 in chips) 
Seat 5: Juagonzalez ($1.64 in chips) 
Seat 6: Dorex2007 ($1.96 in chips) 
Seat 7: Niemozliwe666 ($0.89 in chips) 
Seat 8: Alehta ($3.65 in chips) 
Seat 9: chapolim_jr ($1.55 in chips) 
Dorex2007: posts small blind $0.01
Niemozliwe666: posts big blind $0.02
*** HOLE CARDS ***
Dealt to Dorex2007 [Kc 4h]
Alehta: raises $0.02 to $0.04
chapolim_jr: calls $0.04
FACCHETADE$: folds 
Nerijusjurgis: folds 
Butcher66666: calls $0.04
elChipLead3r: folds 
Juagonzalez: folds 
Dorex2007: folds 
Niemozliwe666: raises $0.02 to $0.06
Alehta: calls $0.02
chapolim_jr: calls $0.02
Butcher66666: calls $0.02
*** FLOP *** [4s 3h Js]
Niemozliwe666: bets $0.02
Alehta: calls $0.02
chapolim_jr: calls $0.02
Butcher66666: folds 
*** TURN *** [4s 3h Js] [8h]
Niemozliwe666: checks 
Alehta: checks 
chapolim_jr: bets $0.15
Niemozliwe666: calls $0.15
Alehta: folds 
*** RIVER *** [4s 3h Js 8h] [Ac]
Niemozliwe666: checks 
chapolim_jr: bets $0.78
Niemozliwe666: folds 
Uncalled bet ($0.78) returned to chapolim_jr
chapolim_jr collected $0.59 from pot
*** SUMMARY ***
Total pot $0.61 | Rake $0.02 
Board [4s 3h Js 8h Ac]
Seat 1: FACCHETADE$ folded before Flop (didn't bet)
Seat 2: Nerijusjurgis folded before Flop (didn't bet)
Seat 3: Butcher66666 folded on the Flop
Seat 4: elChipLead3r folded before Flop (didn't bet)
Seat 5: Juagonzalez (button) folded before Flop (didn't bet)
Seat 6: Dorex2007 (small blind) folded before Flop
Seat 7: Niemozliwe666 (big blind) folded on the River
Seat 8: Alehta folded on the Turn
Seat 9: chapolim_jr collected ($0.59)



PokerStars Hand #228572554301:  Hold'em No Limit ($0.01/$0.02 USD) - 2021/07/25 16:49:08 PT [2021/07/25 19:49:08 ET]
Table 'Aguilar' 9-max Seat #6 is the button
Seat 1: FACCHETADE$ ($4.29 in chips) 
Seat 2: Nerijusjurgis ($0.76 in chips) 
Seat 3: Butcher66666 ($2.49 in chips) 
Seat 4: elChipLead3r ($2.15 in chips) 
Seat 5: Juagonzalez ($1.64 in chips) 
Seat 6: Dorex2007 ($1.95 in chips) 
Seat 7: Niemozliwe666 ($0.66 in chips) 
Seat 9: chapolim_jr ($1.91 in chips) 
Niemozliwe666: posts small blind $0.01
Alehta: is sitting out 
Alehta leaves the table
chapolim_jr: posts big blind $0.02
*** HOLE CARDS ***
Dealt to Dorex2007 [4h Qh]
FACCHETADE$: folds 
ElGusto47 joins the table at seat #8 
Nerijusjurgis: raises $0.06 to $0.08
Butcher66666: folds 
elChipLead3r: folds 
Juagonzalez: folds 
Dorex2007: folds 
Niemozliwe666: folds 
chapolim_jr: calls $0.06
*** FLOP *** [Kh 2d Jc]
chapolim_jr: checks 
Nerijusjurgis: bets $0.08
chapolim_jr: calls $0.08
*** TURN *** [Kh 2d Jc] [5h]
chapolim_jr: checks 
Nerijusjurgis: bets $0.17
chapolim_jr: calls $0.17
*** RIVER *** [Kh 2d Jc 5h] [9c]
chapolim_jr: checks 
Nerijusjurgis: bets $0.43 and is all-in
chapolim_jr: folds 
Uncalled bet ($0.43) returned to Nerijusjurgis
Nerijusjurgis collected $0.65 from pot
Nerijusjurgis: doesn't show hand 
*** SUMMARY ***
Total pot $0.67 | Rake $0.02 
Board [Kh 2d Jc 5h 9c]
Seat 1: FACCHETADE$ folded before Flop (didn't bet)
Seat 2: Nerijusjurgis collected ($0.65)
Seat 3: Butcher66666 folded before Flop (didn't bet)
Seat 4: elChipLead3r folded before Flop (didn't bet)
Seat 5: Juagonzalez folded before Flop (didn't bet)
Seat 6: Dorex2007 (button) folded before Flop (didn't bet)
Seat 7: Niemozliwe666 (small blind) folded before Flop
Seat 9: chapolim_jr (big blind) folded on the River



PokerStars Hand #228572579985:  Hold'em No Limit ($0.01/$0.02 USD) - 2021/07/25 16:50:34 PT [2021/07/25 19:50:34 ET]
Table 'Aguilar' 9-max Seat #7 is the button
Seat 1: FACCHETADE$ ($4.29 in chips) 
Seat 2: Nerijusjurgis ($1.08 in chips) 
Seat 3: Butcher66666 ($2.49 in chips) 
Seat 4: elChipLead3r ($2.15 in chips) 
Seat 5: Juagonzalez ($1.64 in chips) 
Seat 6: Dorex2007 ($1.95 in chips) 
Seat 7: Niemozliwe666 ($0.65 in chips) 
Seat 9: chapolim_jr ($1.58 in chips) 
chapolim_jr: posts small blind $0.01
FACCHETADE$: posts big blind $0.02
*** HOLE CARDS ***
Dealt to Dorex2007 [9c 8s]
Nerijusjurgis has timed out
Nerijusjurgis: folds 
Butcher66666: folds 
elChipLead3r: folds 
Juagonzalez: folds 
Dorex2007: folds 
Niemozliwe666: calls $0.02
chapolim_jr: calls $0.01
FACCHETADE$: checks 
*** FLOP *** [Td Ac 7c]
chapolim_jr: checks 
FACCHETADE$: checks 
Niemozliwe666: bets $0.02
chapolim_jr: calls $0.02
FACCHETADE$: calls $0.02
*** TURN *** [Td Ac 7c] [3h]
chapolim_jr: checks 
FACCHETADE$: checks 
Niemozliwe666: bets $0.02
chapolim_jr: calls $0.02
FACCHETADE$: calls $0.02
*** RIVER *** [Td Ac 7c 3h] [7h]
chapolim_jr: checks 
FACCHETADE$: checks 
Niemozliwe666: checks 
*** SHOW DOWN ***
chapolim_jr: shows [6d 5s] (a pair of Sevens)
FACCHETADE$: shows [9s Jc] (a pair of Sevens - Ace+Jack kicker)
Niemozliwe666: mucks hand 
FACCHETADE$ collected $0.17 from pot
*** SUMMARY ***
Total pot $0.18 | Rake $0.01 
Board [Td Ac 7c 3h 7h]
Seat 1: FACCHETADE$ (big blind) showed [9s Jc] and won ($0.17) with a pair of Sevens
Seat 2: Nerijusjurgis folded before Flop (didn't bet)
Seat 3: Butcher66666 folded before Flop (didn't bet)
Seat 4: elChipLead3r folded before Flop (didn't bet)
Seat 5: Juagonzalez folded before Flop (didn't bet)
Seat 6: Dorex2007 folded before Flop (didn't bet)
Seat 7: Niemozliwe666 (button) mucked [2c 8c]
Seat 9: chapolim_jr (small blind) showed [6d 5s] and lost with a pair of Sevens



PokerStars Hand #228572606997:  Hold'em No Limit ($0.01/$0.02 USD) - 2021/07/25 16:52:05 PT [2021/07/25 19:52:05 ET]
Table 'Aguilar' 9-max Seat #9 is the button
Seat 1: FACCHETADE$ ($4.40 in chips) 
Seat 2: Nerijusjurgis ($1.08 in chips) 
Seat 3: Butcher66666 ($2.49 in chips) 
Seat 4: elChipLead3r ($2.15 in chips) 
Seat 5: Juagonzalez ($1.64 in chips) 
Seat 6: Dorex2007 ($1.95 in chips) 
Seat 7: Niemozliwe666 ($0.59 in chips) 
Seat 9: chapolim_jr ($1.52 in chips) 
FACCHETADE$: posts small blind $0.01
Nerijusjurgis: posts big blind $0.02
ElGusto47: sits out 
*** HOLE CARDS ***
Dealt to Dorex2007 [3s 8c]
Butcher66666: raises $0.04 to $0.06
elChipLead3r: folds 
Juagonzalez: calls $0.06
Dorex2007: folds 
Niemozliwe666: raises $0.04 to $0.10
chapolim_jr: calls $0.10
FACCHETADE$: calls $0.09
Nerijusjurgis: folds 
Butcher66666: calls $0.04
Juagonzalez: raises $1.54 to $1.64 and is all-in
Niemozliwe666: calls $0.49 and is all-in
chapolim_jr: folds 
FACCHETADE$: folds 
Butcher66666: calls $1.54
*** FLOP *** [Qs 2c Kd]
*** TURN *** [Qs 2c Kd] [Qd]
*** RIVER *** [Qs 2c Kd Qd] [8h]
*** SHOW DOWN ***
Butcher66666: shows [Th Tc] (two pair, Queens and Tens)
Juagonzalez: shows [Jc Js] (two pair, Queens and Jacks)
Niemozliwe666: shows [7d 7h] (two pair, Queens and Sevens)
Juagonzalez cashed out the hand for $2.90 | Cash Out Fee $0.03
*** SUMMARY ***
Total pot $4.09 Main pot $1.92. Side pot $2.03. | Rake $0.14 
Board [Qs 2c Kd Qd 8h]
Seat 1: FACCHETADE$ (small blind) folded before Flop
Seat 2: Nerijusjurgis (big blind) folded before Flop
Seat 3: Butcher66666 showed [Th Tc] and lost with two pair, Queens and Tens
Seat 4: elChipLead3r folded before Flop (didn't bet)
Seat 5: Juagonzalez showed [Jc Js] and won ($3.95) with two pair, Queens and Jacks (pot not awarded as player cashed out)
Seat 6: Dorex2007 folded before Flop (didn't bet)
Seat 7: Niemozliwe666 showed [7d 7h] and lost with two pair, Queens and Sevens
Seat 9: chapolim_jr (button) folded before Flop



PokerStars Hand #228572629299:  Hold'em No Limit ($0.01/$0.02 USD) - 2021/07/25 16:53:22 PT [2021/07/25 19:53:22 ET]
Table 'Aguilar' 9-max Seat #1 is the button
Seat 1: FACCHETADE$ ($4.30 in chips) 
Seat 2: Nerijusjurgis ($1.06 in chips) 
Seat 3: Butcher66666 ($0.85 in chips) 
Seat 4: elChipLead3r ($2.15 in chips) 
Seat 5: Juagonzalez ($2.90 in chips) 
Seat 6: Dorex2007 ($1.95 in chips) 
Seat 8: ElGusto47 ($1.60 in chips) 
Seat 9: chapolim_jr ($1.42 in chips) 
Nerijusjurgis: posts small blind $0.01
Butcher66666: posts big blind $0.02
ElGusto47: posts big blind $0.02
*** HOLE CARDS ***
Dealt to Dorex2007 [Qs 4d]
elChipLead3r: folds 
Juagonzalez: raises $0.02 to $0.04
Dorex2007: folds 
ElGusto47: calls $0.02
chapolim_jr: calls $0.04
FACCHETADE$: folds 
Nerijusjurgis: calls $0.03
Butcher66666: calls $0.02
*** FLOP *** [8d Jd 2c]
Nerijusjurgis: checks 
Butcher66666: checks 
Juagonzalez: checks 
ElGusto47: checks 
chapolim_jr: checks 
*** TURN *** [8d Jd 2c] [7c]
Nerijusjurgis: checks 
Butcher66666: checks 
Juagonzalez: checks 
ElGusto47: bets $0.04
chapolim_jr: calls $0.04
Niemozliwe666 leaves the table
Nerijusjurgis: calls $0.04
Butcher66666: calls $0.04
harbaka joins the table at seat #7 
Juagonzalez: calls $0.04
*** RIVER *** [8d Jd 2c 7c] [Jh]
Nerijusjurgis: checks 
Butcher66666: checks 
Juagonzalez: checks 
ElGusto47: bets $0.10
chapolim_jr: calls $0.10
Nerijusjurgis: folds 
Butcher66666: folds 
Juagonzalez: folds 
*** SHOW DOWN ***
ElGusto47: shows [3h Ad] (a pair of Jacks)
chapolim_jr: shows [8h Kh] (two pair, Jacks and Eights)
chapolim_jr collected $0.58 from pot
*** SUMMARY ***
Total pot $0.60 | Rake $0.02 
Board [8d Jd 2c 7c Jh]
Seat 1: FACCHETADE$ (button) folded before Flop (didn't bet)
Seat 2: Nerijusjurgis (small blind) folded on the River
Seat 3: Butcher66666 (big blind) folded on the River
Seat 4: elChipLead3r folded before Flop (didn't bet)
Seat 5: Juagonzalez folded on the River
Seat 6: Dorex2007 folded before Flop (didn't bet)
Seat 8: ElGusto47 showed [3h Ad] and lost with a pair of Jacks
Seat 9: chapolim_jr showed [8h Kh] and won ($0.58) with two pair, Jacks and Eights



PokerStars Hand #228572655288:  Hold'em No Limit ($0.01/$0.02 USD) - 2021/07/25 16:54:51 PT [2021/07/25 19:54:51 ET]
Table 'Aguilar' 9-max Seat #2 is the button
Seat 1: FACCHETADE$ ($4.30 in chips) 
Seat 2: Nerijusjurgis ($0.98 in chips) 
Seat 3: Butcher66666 ($0.77 in chips) 
Seat 4: elChipLead3r ($2.15 in chips) 
Seat 5: Juagonzalez ($2.82 in chips) 
Seat 6: Dorex2007 ($1.95 in chips) 
Seat 8: ElGusto47 ($1.42 in chips) 
Seat 9: chapolim_jr ($1.82 in chips) 
Butcher66666: posts small blind $0.01
elChipLead3r: posts big blind $0.02
harbaka: sits out 
*** HOLE CARDS ***
Dealt to Dorex2007 [5h 6c]
Juagonzalez: folds 
Dorex2007: folds 
ElGusto47: folds 
chapolim_jr: calls $0.02
FACCHETADE$: folds 
Nerijusjurgis: calls $0.02
Butcher66666: folds 
elChipLead3r: raises $0.14 to $0.16
chapolim_jr: folds 
Nerijusjurgis: folds 
Uncalled bet ($0.14) returned to elChipLead3r
elChipLead3r collected $0.07 from pot
elChipLead3r: doesn't show hand 
*** SUMMARY ***
Total pot $0.07 | Rake $0 
Seat 1: FACCHETADE$ folded before Flop (didn't bet)
Seat 2: Nerijusjurgis (button) folded before Flop
Seat 3: Butcher66666 (small blind) folded before Flop
Seat 4: elChipLead3r (big blind) collected ($0.07)
Seat 5: Juagonzalez folded before Flop (didn't bet)
Seat 6: Dorex2007 folded before Flop (didn't bet)
Seat 8: ElGusto47 folded before Flop (didn't bet)
Seat 9: chapolim_jr folded before Flop



PokerStars Hand #228572662947:  Hold'em No Limit ($0.01/$0.02 USD) - 2021/07/25 16:55:22 PT [2021/07/25 19:55:22 ET]
Table 'Aguilar' 9-max Seat #3 is the button
Seat 1: FACCHETADE$ ($4.30 in chips) 
Seat 2: Nerijusjurgis ($0.96 in chips) 
Seat 3: Butcher66666 ($0.76 in chips) 
Seat 4: elChipLead3r ($2.20 in chips) 
Seat 5: Juagonzalez ($2.82 in chips) 
Seat 6: Dorex2007 ($1.95 in chips) 
Seat 8: ElGusto47 ($1.42 in chips) 
Seat 9: chapolim_jr ($1.80 in chips) 
elChipLead3r: posts small blind $0.01
Juagonzalez: posts big blind $0.02
harbaka: sits out 
*** HOLE CARDS ***
Dealt to Dorex2007 [2c 5s]
Dorex2007: folds 
ElGusto47: raises $0.02 to $0.04
chapolim_jr: folds 
FACCHETADE$: folds 
Nerijusjurgis: folds 
Butcher66666: calls $0.04
elChipLead3r: folds 
Juagonzalez: folds 
*** FLOP *** [Tc 7c 2d]
ElGusto47: bets $0.08
Butcher66666: calls $0.08
*** TURN *** [Tc 7c 2d] [4d]
ElGusto47: bets $0.22
Butcher66666: raises $0.42 to $0.64 and is all-in
ElGusto47: calls $0.42
*** RIVER *** [Tc 7c 2d 4d] [8h]
*** SHOW DOWN ***
ElGusto47: shows [7h 6h] (a pair of Sevens)
Butcher66666: shows [Ts Qs] (a pair of Tens)
Butcher66666 collected $1.50 from pot
ElGusto47 cashed out the hand for $0.18
*** SUMMARY ***
Total pot $1.55 | Rake $0.05 
Board [Tc 7c 2d 4d 8h]
Seat 1: FACCHETADE$ folded before Flop (didn't bet)
Seat 2: Nerijusjurgis folded before Flop (didn't bet)
Seat 3: Butcher66666 (button) showed [Ts Qs] and won ($1.50) with a pair of Tens
Seat 4: elChipLead3r (small blind) folded before Flop
Seat 5: Juagonzalez (big blind) folded before Flop
Seat 6: Dorex2007 folded before Flop (didn't bet)
Seat 8: ElGusto47 showed [7h 6h] and lost with a pair of Sevens (cashed out).
Seat 9: chapolim_jr folded before Flop (didn't bet)



PokerStars Hand #228572681720:  Hold'em No Limit ($0.01/$0.02 USD) - 2021/07/25 16:56:46 PT [2021/07/25 19:56:46 ET]
Table 'Aguilar' 9-max Seat #4 is the button
Seat 1: FACCHETADE$ ($4.30 in chips) 
Seat 2: Nerijusjurgis ($0.96 in chips) 
Seat 3: Butcher66666 ($1.50 in chips) 
Seat 4: elChipLead3r ($2.19 in chips) 
Seat 5: Juagonzalez ($2.80 in chips) 
Seat 6: Dorex2007 ($1.95 in chips) 
Seat 8: ElGusto47 ($0.84 in chips) 
Seat 9: chapolim_jr ($1.80 in chips) 
Juagonzalez: posts small blind $0.01
Dorex2007: posts big blind $0.02
harbaka: sits out 
*** HOLE CARDS ***
Dealt to Dorex2007 [6c Js]
ElGusto47: calls $0.02
chapolim_jr: calls $0.02
FACCHETADE$: folds 
Nerijusjurgis: folds 
Butcher66666: folds 
elChipLead3r: folds 
Juagonzalez: folds 
Dorex2007: checks 
*** FLOP *** [7h Tc Qd]
Dorex2007: checks 
ElGusto47: bets $0.04
chapolim_jr: raises $0.28 to $0.32
Dorex2007: folds 
ElGusto47: calls $0.28
*** TURN *** [7h Tc Qd] [6d]
ElGusto47: checks 
chapolim_jr: bets $0.35
ElGusto47: folds 
Uncalled bet ($0.35) returned to chapolim_jr
chapolim_jr collected $0.69 from pot
*** SUMMARY ***
Total pot $0.71 | Rake $0.02 
Board [7h Tc Qd 6d]
Seat 1: FACCHETADE$ folded before Flop (didn't bet)
Seat 2: Nerijusjurgis folded before Flop (didn't bet)
Seat 3: Butcher66666 folded before Flop (didn't bet)
Seat 4: elChipLead3r (button) folded before Flop (didn't bet)
Seat 5: Juagonzalez (small blind) folded before Flop
Seat 6: Dorex2007 (big blind) folded on the Flop
Seat 8: ElGusto47 folded on the Turn
Seat 9: chapolim_jr collected ($0.69)



PokerStars Hand #228572703488:  Hold'em No Limit ($0.01/$0.02 USD) - 2021/07/25 16:57:59 PT [2021/07/25 19:57:59 ET]
Table 'Aguilar' 9-max Seat #5 is the button
Seat 1: FACCHETADE$ ($4.30 in chips) 
Seat 2: Nerijusjurgis ($0.96 in chips) 
Seat 3: Butcher66666 ($1.50 in chips) 
Seat 4: elChipLead3r ($2.19 in chips) 
Seat 5: Juagonzalez ($2.79 in chips) 
Seat 6: Dorex2007 ($1.93 in chips) 
Seat 7: harbaka ($0.80 in chips) 
Seat 8: ElGusto47 ($0.50 in chips) 
Seat 9: chapolim_jr ($2.15 in chips) 
Dorex2007: posts small blind $0.01
harbaka: posts big blind $0.02
*** HOLE CARDS ***
Dealt to Dorex2007 [8d 3c]
ElGusto47: calls $0.02
chapolim_jr: folds 
FACCHETADE$: folds 
Nerijusjurgis has timed out
Nerijusjurgis: folds 
Butcher66666: calls $0.02
elChipLead3r: folds 
Juagonzalez: folds 
Dorex2007: folds 
harbaka: checks 
*** FLOP *** [8s Ac Ah]
harbaka: checks 
ElGusto47: bets $0.02
Butcher66666: folds 
harbaka: folds 
Uncalled bet ($0.02) returned to ElGusto47
ElGusto47 collected $0.07 from pot
ElGusto47: doesn't show hand 
*** SUMMARY ***
Total pot $0.07 | Rake $0 
Board [8s Ac Ah]
Seat 1: FACCHETADE$ folded before Flop (didn't bet)
Seat 2: Nerijusjurgis folded before Flop (didn't bet)
Seat 3: Butcher66666 folded on the Flop
Seat 4: elChipLead3r folded before Flop (didn't bet)
Seat 5: Juagonzalez (button) folded before Flop (didn't bet)
Seat 6: Dorex2007 (small blind) folded before Flop
Seat 7: harbaka (big blind) folded on the Flop
Seat 8: ElGusto47 collected ($0.07)
Seat 9: chapolim_jr folded before Flop (didn't bet)



PokerStars Hand #228572714051:  Hold'em No Limit ($0.01/$0.02 USD) - 2021/07/25 16:58:47 PT [2021/07/25 19:58:47 ET]
Table 'Aguilar' 9-max Seat #6 is the button
Seat 1: FACCHETADE$ ($4.30 in chips) 
Seat 2: Nerijusjurgis ($0.96 in chips) 
Seat 3: Butcher66666 ($1.48 in chips) 
Seat 4: elChipLead3r ($2.19 in chips) 
Seat 5: Juagonzalez ($2.79 in chips) 
Seat 6: Dorex2007 ($1.92 in chips) 
Seat 7: harbaka ($0.78 in chips) 
Seat 8: ElGusto47 ($0.55 in chips) 
Seat 9: chapolim_jr ($2.15 in chips) 
harbaka: posts small blind $0.01
ElGusto47: posts big blind $0.02
*** HOLE CARDS ***
Dealt to Dorex2007 [Qs 8h]
chapolim_jr: calls $0.02
FACCHETADE$: raises $0.02 to $0.04
Nerijusjurgis: folds 
Butcher66666: calls $0.04
elChipLead3r: folds 
Juagonzalez: folds 
Dorex2007: folds 
harbaka: folds 
ElGusto47: calls $0.02
chapolim_jr: calls $0.02
*** FLOP *** [5h 3c 9s]
ElGusto47: bets $0.04
chapolim_jr: folds 
FACCHETADE$: calls $0.04
Butcher66666: folds 
*** TURN *** [5h 3c 9s] [8s]
ElGusto47: checks 
FACCHETADE$: bets $0.12
ElGusto47: folds 
Uncalled bet ($0.12) returned to FACCHETADE$
FACCHETADE$ collected $0.24 from pot
*** SUMMARY ***
Total pot $0.25 | Rake $0.01 
Board [5h 3c 9s 8s]
Seat 1: FACCHETADE$ collected ($0.24)
Seat 2: Nerijusjurgis folded before Flop (didn't bet)
Seat 3: Butcher66666 folded on the Flop
Seat 4: elChipLead3r folded before Flop (didn't bet)
Seat 5: Juagonzalez folded before Flop (didn't bet)
Seat 6: Dorex2007 (button) folded before Flop (didn't bet)
Seat 7: harbaka (small blind) folded before Flop
Seat 8: ElGusto47 (big blind) folded on the Turn
Seat 9: chapolim_jr folded on the Flop



PokerStars Hand #228572730299:  Hold'em No Limit ($0.01/$0.02 USD) - 2021/07/25 17:00:00 PT [2021/07/25 20:00:00 ET]
Table 'Aguilar' 9-max Seat #7 is the button
Seat 1: FACCHETADE$ ($4.46 in chips) 
Seat 2: Nerijusjurgis ($0.96 in chips) 
Seat 3: Butcher66666 ($1.44 in chips) 
Seat 4: elChipLead3r ($2.19 in chips) 
Seat 5: Juagonzalez ($2.79 in chips) 
Seat 6: Dorex2007 ($1.92 in chips) 
Seat 7: harbaka ($0.77 in chips) 
Seat 8: ElGusto47 ($0.47 in chips) 
Seat 9: chapolim_jr ($2.11 in chips) 
ElGusto47: posts small blind $0.01
chapolim_jr: posts big blind $0.02
*** HOLE CARDS ***
Dealt to Dorex2007 [Ad 2h]
FACCHETADE$: folds 
Nerijusjurgis: folds 
Butcher66666: folds 
elChipLead3r: folds 
Juagonzalez: raises $0.02 to $0.04
Dorex2007: folds 
harbaka: folds 
ElGusto47: calls $0.03
chapolim_jr: calls $0.02
*** FLOP *** [Ac Qh Js]
ElGusto47: bets $0.04
chapolim_jr: calls $0.04
Juagonzalez: folds 
*** TURN *** [Ac Qh Js] [2d]
ElGusto47: bets $0.04
chapolim_jr: calls $0.04
*** RIVER *** [Ac Qh Js 2d] [5s]
ElGusto47: bets $0.08
chapolim_jr: raises $0.43 to $0.51
ElGusto47: folds 
Uncalled bet ($0.43) returned to chapolim_jr
chapolim_jr collected $0.42 from pot
*** SUMMARY ***
Total pot $0.44 | Rake $0.02 
Board [Ac Qh Js 2d 5s]
Seat 1: FACCHETADE$ folded before Flop (didn't bet)
Seat 2: Nerijusjurgis folded before Flop (didn't bet)
Seat 3: Butcher66666 folded before Flop (didn't bet)
Seat 4: elChipLead3r folded before Flop (didn't bet)
Seat 5: Juagonzalez folded on the Flop
Seat 6: Dorex2007 folded before Flop (didn't bet)
Seat 7: harbaka (button) folded before Flop (didn't bet)
Seat 8: ElGusto47 (small blind) folded on the River
Seat 9: chapolim_jr (big blind) collected ($0.42)



PokerStars Hand #228572750975:  Hold'em No Limit ($0.01/$0.02 USD) - 2021/07/25 17:01:08 PT [2021/07/25 20:01:08 ET]
Table 'Aguilar' 9-max Seat #8 is the button
Seat 1: FACCHETADE$ ($4.46 in chips) 
Seat 2: Nerijusjurgis ($0.96 in chips) 
Seat 3: Butcher66666 ($1.44 in chips) 
Seat 4: elChipLead3r ($2.19 in chips) 
Seat 5: Juagonzalez ($2.75 in chips) 
Seat 6: Dorex2007 ($1.92 in chips) 
Seat 7: harbaka ($0.77 in chips) 
Seat 8: ElGusto47 ($0.27 in chips) 
Seat 9: chapolim_jr ($2.33 in chips) 
chapolim_jr: posts small blind $0.01
FACCHETADE$: posts big blind $0.02
*** HOLE CARDS ***
Dealt to Dorex2007 [3c 4c]
Nerijusjurgis: folds 
Butcher66666: calls $0.02
elChipLead3r: folds 
Juagonzalez: folds 
Dorex2007: folds 
harbaka: raises $0.06 to $0.08
ElGusto47: calls $0.08
chapolim_jr: calls $0.07
FACCHETADE$: folds 
Butcher66666: calls $0.06
*** FLOP *** [As 9c Qc]
chapolim_jr: checks 
Butcher66666: checks 
harbaka: bets $0.33
ElGusto47: folds 
chapolim_jr: folds 
Butcher66666: folds 
Uncalled bet ($0.33) returned to harbaka
harbaka collected $0.33 from pot
*** SUMMARY ***
Total pot $0.34 | Rake $0.01 
Board [As 9c Qc]
Seat 1: FACCHETADE$ (big blind) folded before Flop
Seat 2: Nerijusjurgis folded before Flop (didn't bet)
Seat 3: Butcher66666 folded on the Flop
Seat 4: elChipLead3r folded before Flop (didn't bet)
Seat 5: Juagonzalez folded before Flop (didn't bet)
Seat 6: Dorex2007 folded before Flop (didn't bet)
Seat 7: harbaka collected ($0.33)
Seat 8: ElGusto47 (button) folded on the Flop
Seat 9: chapolim_jr (small blind) folded on the Flop



PokerStars Hand #228572774276:  Hold'em No Limit ($0.01/$0.02 USD) - 2021/07/25 17:02:17 PT [2021/07/25 20:02:17 ET]
Table 'Aguilar' 9-max Seat #9 is the button
Seat 1: FACCHETADE$ ($4.44 in chips) 
Seat 2: Nerijusjurgis ($0.96 in chips) 
Seat 3: Butcher66666 ($1.36 in chips) 
Seat 4: elChipLead3r ($2.19 in chips) 
Seat 5: Juagonzalez ($2.75 in chips) 
Seat 6: Dorex2007 ($1.92 in chips) 
Seat 7: harbaka ($1.02 in chips) 
Seat 8: ElGusto47 ($0.19 in chips) 
Seat 9: chapolim_jr ($2.25 in chips) 
FACCHETADE$: posts small blind $0.01
Nerijusjurgis: posts big blind $0.02
*** HOLE CARDS ***
Dealt to Dorex2007 [Jc Ks]
Butcher66666: folds 
elChipLead3r: folds 
Juagonzalez: folds 
Dorex2007: calls $0.02
harbaka: raises $0.06 to $0.08
ElGusto47: raises $0.11 to $0.19 and is all-in
chapolim_jr: folds 
FACCHETADE$: folds 
Nerijusjurgis: folds 
Dorex2007: folds 
harbaka: calls $0.11
*** FLOP *** [8h 4d 9c]
*** TURN *** [8h 4d 9c] [Td]
*** RIVER *** [8h 4d 9c Td] [Qd]
*** SHOW DOWN ***
harbaka: shows [Jh Jd] (a straight, Eight to Queen)
ElGusto47: shows [2s Ah] (high card Ace)
harbaka cashed out the hand for $0.30
*** SUMMARY ***
Total pot $0.43 | Rake $0.02 
Board [8h 4d 9c Td Qd]
Seat 1: FACCHETADE$ (small blind) folded before Flop
Seat 2: Nerijusjurgis (big blind) folded before Flop
Seat 3: Butcher66666 folded before Flop (didn't bet)
Seat 4: elChipLead3r folded before Flop (didn't bet)
Seat 5: Juagonzalez folded before Flop (didn't bet)
Seat 6: Dorex2007 folded before Flop
Seat 7: harbaka showed [Jh Jd] and won ($0.41) with a straight, Eight to Queen (pot not awarded as player cashed out)
Seat 8: ElGusto47 showed [2s Ah] and lost with high card Ace
Seat 9: chapolim_jr (button) folded before Flop (didn't bet)



PokerStars Hand #228572787965:  Hold'em No Limit ($0.01/$0.02 USD) - 2021/07/25 17:02:56 PT [2021/07/25 20:02:56 ET]
Table 'Aguilar' 9-max Seat #1 is the button
Seat 1: FACCHETADE$ ($4.43 in chips) 
Seat 2: Nerijusjurgis ($0.94 in chips) 
Seat 3: Butcher66666 ($1.36 in chips) 
Seat 4: elChipLead3r ($2.19 in chips) 
Seat 5: Juagonzalez ($2.75 in chips) 
Seat 6: Dorex2007 ($1.90 in chips) 
Seat 7: harbaka ($1.13 in chips) 
Seat 9: chapolim_jr ($2.25 in chips) 
Nerijusjurgis: posts small blind $0.01
Butcher66666: posts big blind $0.02
*** HOLE CARDS ***
Dealt to Dorex2007 [6h Td]
elChipLead3r: folds 
ElGusto47 leaves the table
Juagonzalez has timed out
Juagonzalez: folds 
Dorex2007: folds 
harbaka: folds 
chapolim_jr: raises $0.02 to $0.04
FACCHETADE$: calls $0.04
Nerijusjurgis: calls $0.03
laureano290 joins the table at seat #8 
Butcher66666: folds 
*** FLOP *** [4c Qc Qs]
Nerijusjurgis: checks 
chapolim_jr: checks 
FACCHETADE$: checks 
*** TURN *** [4c Qc Qs] [Ts]
Nerijusjurgis: bets $0.06
chapolim_jr: folds 
FACCHETADE$: folds 
Uncalled bet ($0.06) returned to Nerijusjurgis
Nerijusjurgis collected $0.14 from pot
Nerijusjurgis: doesn't show hand 
*** SUMMARY ***
Total pot $0.14 | Rake $0 
Board [4c Qc Qs Ts]
Seat 1: FACCHETADE$ (button) folded on the Turn
Seat 2: Nerijusjurgis (small blind) collected ($0.14)
Seat 3: Butcher66666 (big blind) folded before Flop
Seat 4: elChipLead3r folded before Flop (didn't bet)
Seat 5: Juagonzalez folded before Flop (didn't bet)
Seat 6: Dorex2007 folded before Flop (didn't bet)
Seat 7: harbaka folded before Flop (didn't bet)
Seat 9: chapolim_jr folded on the Turn



PokerStars Hand #228572824241:  Hold'em No Limit ($0.01/$0.02 USD) - 2021/07/25 17:04:42 PT [2021/07/25 20:04:42 ET]
Table 'Aguilar' 9-max Seat #2 is the button
Seat 1: FACCHETADE$ ($4.39 in chips) 
Seat 2: Nerijusjurgis ($1.04 in chips) 
Seat 3: Butcher66666 ($1.34 in chips) 
Seat 6: Dorex2007 ($2 in chips) 
Seat 7: harbaka ($1.13 in chips) 
Seat 9: chapolim_jr ($2.21 in chips) 
Butcher66666: posts small blind $0.01
elChipLead3r: is sitting out 
elChipLead3r leaves the table
Dorex2007: posts big blind $0.02
laureano290: sits out 
*** HOLE CARDS ***
Dealt to Dorex2007 [8c 7c]
harbaka: folds 
chapolim_jr: folds 
harbaka leaves the table
FACCHETADE$: folds 
Nerijusjurgis: calls $0.02
Butcher66666: calls $0.01
Dorex2007: checks 
*** FLOP *** [4s Tc 5s]
Butcher66666: checks 
Dorex2007: checks 
Nerijusjurgis: bets $0.04
Butcher66666: folds 
Dorex2007: calls $0.04
*** TURN *** [4s Tc 5s] [7d]
Dorex2007: bets $0.14
Nerijusjurgis: calls $0.14
*** RIVER *** [4s Tc 5s 7d] [Td]
Dorex2007: checks 
Nerijusjurgis: bets $0.20
Dorex2007: folds 
Uncalled bet ($0.20) returned to Nerijusjurgis
Nerijusjurgis collected $0.41 from pot
Nerijusjurgis: doesn't show hand 
*** SUMMARY ***
Total pot $0.42 | Rake $0.01 
Board [4s Tc 5s 7d Td]
Seat 1: FACCHETADE$ folded before Flop (didn't bet)
Seat 2: Nerijusjurgis (button) collected ($0.41)
Seat 3: Butcher66666 (small blind) folded on the Flop
Seat 6: Dorex2007 (big blind) folded on the River
Seat 7: harbaka folded before Flop (didn't bet)
Seat 9: chapolim_jr folded before Flop (didn't bet)



PokerStars Hand #228572846550:  Hold'em No Limit ($0.01/$0.02 USD) - 2021/07/25 17:05:47 PT [2021/07/25 20:05:47 ET]
Table 'Aguilar' 9-max Seat #3 is the button
Seat 1: FACCHETADE$ ($4.39 in chips) 
Seat 2: Nerijusjurgis ($1.25 in chips) 
Seat 3: Butcher66666 ($1.32 in chips) 
Seat 6: Dorex2007 ($1.80 in chips) 
Seat 8: laureano290 ($2 in chips) 
Seat 9: chapolim_jr ($2.21 in chips) 
Dorex2007: posts small blind $0.01
laureano290: posts big blind $0.02
*** HOLE CARDS ***
Dealt to Dorex2007 [7d Qs]
chapolim_jr: calls $0.02
FACCHETADE$: folds 
Nerijusjurgis: folds 
Butcher66666: folds 
Dorex2007: folds 
laureano290: checks 
*** FLOP *** [2s Kc 9c]
laureano290: checks 
chapolim_jr: bets $0.03
laureano290: folds 
Uncalled bet ($0.03) returned to chapolim_jr
chapolim_jr collected $0.05 from pot
*** SUMMARY ***
Total pot $0.05 | Rake $0 
Board [2s Kc 9c]
Seat 1: FACCHETADE$ folded before Flop (didn't bet)
Seat 2: Nerijusjurgis folded before Flop (didn't bet)
Seat 3: Butcher66666 (button) folded before Flop (didn't bet)
Seat 6: Dorex2007 (small blind) folded before Flop
Seat 8: laureano290 (big blind) folded on the Flop
Seat 9: chapolim_jr collected ($0.05)



PokerStars Hand #228572864094:  Hold'em No Limit ($0.01/$0.02 USD) - 2021/07/25 17:06:38 PT [2021/07/25 20:06:38 ET]
Table 'Aguilar' 9-max Seat #6 is the button
Seat 1: FACCHETADE$ ($4.39 in chips) 
Seat 2: Nerijusjurgis ($1.25 in chips) 
Seat 3: Butcher66666 ($1.32 in chips) 
Seat 6: Dorex2007 ($1.99 in chips) 
Seat 8: laureano290 ($2 in chips) 
Seat 9: chapolim_jr ($2.24 in chips) 
laureano290: posts small blind $0.01
chapolim_jr: posts big blind $0.02
*** HOLE CARDS ***
Dealt to Dorex2007 [Qd 6h]
FACCHETADE$: folds 
Nerijusjurgis: folds 
Butcher66666: calls $0.02
Dorex2007: folds 
laureano290: calls $0.01
chapolim_jr: checks 
*** FLOP *** [Qc 5c 2d]
laureano290: checks 
chapolim_jr: bets $0.06
Butcher66666: calls $0.06
laureano290: folds 
*** TURN *** [Qc 5c 2d] [8c]
chapolim_jr: checks 
Butcher66666: checks 
*** RIVER *** [Qc 5c 2d 8c] [2h]
chapolim_jr: bets $0.12
Butcher66666: calls $0.12
*** SHOW DOWN ***
chapolim_jr: shows [Qh 6s] (two pair, Queens and Deuces)
Butcher66666: shows [Tc Qs] (two pair, Queens and Deuces - Ten kicker)
Butcher66666 collected $0.41 from pot
*** SUMMARY ***
Total pot $0.42 | Rake $0.01 
Board [Qc 5c 2d 8c 2h]
Seat 1: FACCHETADE$ folded before Flop (didn't bet)
Seat 2: Nerijusjurgis folded before Flop (didn't bet)
Seat 3: Butcher66666 showed [Tc Qs] and won ($0.41) with two pair, Queens and Deuces
Seat 6: Dorex2007 (button) folded before Flop (didn't bet)
Seat 8: laureano290 (small blind) folded on the Flop
Seat 9: chapolim_jr (big blind) showed [Qh 6s] and lost with two pair, Queens and Deuces



PokerStars Hand #228572889249:  Hold'em No Limit ($0.01/$0.02 USD) - 2021/07/25 17:07:48 PT [2021/07/25 20:07:48 ET]
Table 'Aguilar' 9-max Seat #8 is the button
Seat 1: FACCHETADE$ ($4.39 in chips) 
Seat 2: Nerijusjurgis ($1.25 in chips) 
Seat 3: Butcher66666 ($1.53 in chips) 
Seat 6: Dorex2007 ($1.99 in chips) 
Seat 8: laureano290 ($2 in chips) 
Seat 9: chapolim_jr ($2.04 in chips) 
chapolim_jr: posts small blind $0.01
FACCHETADE$: posts big blind $0.02
*** HOLE CARDS ***
Dealt to Dorex2007 [Jc 9d]
Nerijusjurgis has timed out
Nerijusjurgis: folds 
Butcher66666: calls $0.02
Dorex2007: folds 
laureano290: folds 
Yuri Colmerauer joins the table at seat #4 
chapolim_jr: calls $0.01
FACCHETADE$: checks 
*** FLOP *** [4h Kh Ad]
chapolim_jr: checks 
FACCHETADE$: checks 
Butcher66666: checks 
*** TURN *** [4h Kh Ad] [As]
chapolim_jr: checks 
FACCHETADE$: checks 
Butcher66666: bets $0.03
chapolim_jr: calls $0.03
FACCHETADE$: calls $0.03
*** RIVER *** [4h Kh Ad As] [7d]
chapolim_jr: bets $0.07
FACCHETADE$: calls $0.07
Butcher66666: folds 
*** SHOW DOWN ***
chapolim_jr: shows [4c Qd] (two pair, Aces and Fours)
FACCHETADE$: shows [Ks Td] (two pair, Aces and Kings)
FACCHETADE$ collected $0.28 from pot
*** SUMMARY ***
Total pot $0.29 | Rake $0.01 
Board [4h Kh Ad As 7d]
Seat 1: FACCHETADE$ (big blind) showed [Ks Td] and won ($0.28) with two pair, Aces and Kings
Seat 2: Nerijusjurgis folded before Flop (didn't bet)
Seat 3: Butcher66666 folded on the River
Seat 6: Dorex2007 folded before Flop (didn't bet)
Seat 8: laureano290 (button) folded before Flop (didn't bet)
Seat 9: chapolim_jr (small blind) showed [4c Qd] and lost with two pair, Aces and Fours



PokerStars Hand #228572927646:  Hold'em No Limit ($0.01/$0.02 USD) - 2021/07/25 17:09:10 PT [2021/07/25 20:09:10 ET]
Table 'Aguilar' 9-max Seat #9 is the button
Seat 1: FACCHETADE$ ($4.55 in chips) 
Seat 2: Nerijusjurgis ($1.25 in chips) 
Seat 3: Butcher66666 ($1.48 in chips) 
Seat 6: Dorex2007 ($1.99 in chips) 
Seat 8: laureano290 ($2 in chips) 
Seat 9: chapolim_jr ($1.92 in chips) 
FACCHETADE$: posts small blind $0.01
Nerijusjurgis: posts big blind $0.02
Yuri Colmerauer: sits out 
*** HOLE CARDS ***
Dealt to Dorex2007 [Ad 3c]
Butcher66666: folds 
Dorex2007: folds 
laureano290: folds 
chapolim_jr: calls $0.02
FACCHETADE$: calls $0.01
Nerijusjurgis: checks 
*** FLOP *** [Kc 7c Js]
FACCHETADE$: checks 
Nerijusjurgis: checks 
chapolim_jr: checks 
*** TURN *** [Kc 7c Js] [Kd]
FACCHETADE$: checks 
Nerijusjurgis: checks 
chapolim_jr: checks 
*** RIVER *** [Kc 7c Js Kd] [Jc]
FACCHETADE$: checks 
Nerijusjurgis: checks 
chapolim_jr: checks 
*** SHOW DOWN ***
FACCHETADE$: shows [8c Ah] (two pair, Kings and Jacks)
Nerijusjurgis: mucks hand 
chapolim_jr: mucks hand 
FACCHETADE$ collected $0.06 from pot
*** SUMMARY ***
Total pot $0.06 | Rake $0 
Board [Kc 7c Js Kd Jc]
Seat 1: FACCHETADE$ (small blind) showed [8c Ah] and won ($0.06) with two pair, Kings and Jacks
Seat 2: Nerijusjurgis (big blind) mucked [8d 6s]
Seat 3: Butcher66666 folded before Flop (didn't bet)
Seat 6: Dorex2007 folded before Flop (didn't bet)
Seat 8: laureano290 folded before Flop (didn't bet)
Seat 9: chapolim_jr (button) mucked [2s Qs]



PokerStars Hand #228572969208:  Hold'em No Limit ($0.01/$0.02 USD) - 2021/07/25 17:10:25 PT [2021/07/25 20:10:25 ET]
Table 'Aguilar' 9-max Seat #1 is the button
Seat 1: FACCHETADE$ ($4.59 in chips) 
Seat 2: Nerijusjurgis ($1.23 in chips) 
Seat 3: Butcher66666 ($1.48 in chips) 
Seat 6: Dorex2007 ($1.99 in chips) 
Seat 8: laureano290 ($2 in chips) 
Seat 9: chapolim_jr ($1.90 in chips) 
Nerijusjurgis: posts small blind $0.01
Butcher66666: posts big blind $0.02
Yuri Colmerauer: sits out 
*** HOLE CARDS ***
Dealt to Dorex2007 [Kc 6h]
Dorex2007: folds 
laureano290: folds 
chapolim_jr has timed out
chapolim_jr: folds 
FACCHETADE$: raises $0.02 to $0.04
Nerijusjurgis: calls $0.03
Butcher66666: folds 
*** FLOP *** [8c 8h 4d]
Nerijusjurgis: checks 
FACCHETADE$: bets $0.10
Nerijusjurgis: folds 
Uncalled bet ($0.10) returned to FACCHETADE$
FACCHETADE$ collected $0.10 from pot
*** SUMMARY ***
Total pot $0.10 | Rake $0 
Board [8c 8h 4d]
Seat 1: FACCHETADE$ (button) collected ($0.10)
Seat 2: Nerijusjurgis (small blind) folded on the Flop
Seat 3: Butcher66666 (big blind) folded before Flop
Seat 6: Dorex2007 folded before Flop (didn't bet)
Seat 8: laureano290 folded before Flop (didn't bet)
Seat 9: chapolim_jr folded before Flop (didn't bet)



PokerStars Hand #228572980861:  Hold'em No Limit ($0.01/$0.02 USD) - 2021/07/25 17:10:58 PT [2021/07/25 20:10:58 ET]
Table 'Aguilar' 9-max Seat #2 is the button
Seat 1: FACCHETADE$ ($4.65 in chips) 
Seat 2: Nerijusjurgis ($1.19 in chips) 
Seat 6: Dorex2007 ($1.99 in chips) 
Seat 8: laureano290 ($2 in chips) 
Seat 9: chapolim_jr ($1.90 in chips) 
Butcher66666: is sitting out 
Yuri Colmerauer will be allowed to play after the button
Butcher66666 leaves the table
Dorex2007: posts small blind $0.01
laureano290: posts big blind $0.02
*** HOLE CARDS ***
Dealt to Dorex2007 [5d Ah]
chapolim_jr: calls $0.02
FACCHETADE$: folds 
Nerijusjurgis: folds 
Dorex2007: raises $0.04 to $0.06
laureano290: calls $0.04
chapolim_jr: calls $0.04
*** FLOP *** [3s 9c 8s]
Dorex2007: bets $0.17
laureano290: folds 
chapolim_jr: calls $0.17
*** TURN *** [3s 9c 8s] [9d]
Dorex2007: bets $0.50
chapolim_jr: calls $0.50
*** RIVER *** [3s 9c 8s 9d] [3c]
Dorex2007: bets $1.26 and is all-in
chapolim_jr: calls $1.17 and is all-in
Uncalled bet ($0.09) returned to Dorex2007
*** SHOW DOWN ***
Dorex2007: shows [5d Ah] (two pair, Nines and Threes)
chapolim_jr: shows [3h Ks] (a full house, Threes full of Nines)
chapolim_jr collected $3.72 from pot
*** SUMMARY ***
Total pot $3.86 | Rake $0.14 
Board [3s 9c 8s 9d 3c]
Seat 1: FACCHETADE$ folded before Flop (didn't bet)
Seat 2: Nerijusjurgis (button) folded before Flop (didn't bet)
Seat 6: Dorex2007 (small blind) showed [5d Ah] and lost with two pair, Nines and Threes
Seat 8: laureano290 (big blind) folded on the Flop
Seat 9: chapolim_jr showed [3h Ks] and won ($3.72) with a full house, Threes full of Nines



