PokerStars Hand #236868495546:  Hold'em No Limit ($0.01/$0.02 USD) - 2022/06/19 19:05:00 PT [2022/06/19 22:05:00 ET]
Table 'Achaia' 9-max Seat #1 is the button
Seat 1: V Bechmann ($0.78 in chips) 
Seat 2: higordeane ($0.72 in chips) 
Seat 3: cberto09 ($2 in chips) 
Seat 4: VFonsex ($1.83 in chips) 
Seat 5: wizzard67 ($1.42 in chips) 
Seat 6: matias1624 ($2.46 in chips) 
Seat 7: DBLBLYBSTR ($3.34 in chips) 
Seat 8: asdabelle ($1.37 in chips) 
Seat 9: Dorex2007 ($2 in chips) 
higordeane: posts small blind $0.01
cberto09: posts big blind $0.02
Dorex2007: posts big blind $0.02
*** HOLE CARDS ***
Dealt to Dorex2007 [Th 5s]
VFonsex: folds 
wizzard67: folds 
matias1624: folds 
DBLBLYBSTR: folds 
asdabelle: raises $0.02 to $0.04
Dorex2007: folds 
V Bechmann: folds 
higordeane: folds 
cberto09: folds 
Uncalled bet ($0.02) returned to asdabelle
asdabelle collected $0.07 from pot
asdabelle: doesn't show hand 
*** SUMMARY ***
Total pot $0.07 | Rake $0 
Seat 1: V Bechmann (button) folded before Flop (didn't bet)
Seat 2: higordeane (small blind) folded before Flop
Seat 3: cberto09 (big blind) folded before Flop
Seat 4: VFonsex folded before Flop (didn't bet)
Seat 5: wizzard67 folded before Flop (didn't bet)
Seat 6: matias1624 folded before Flop (didn't bet)
Seat 7: DBLBLYBSTR folded before Flop (didn't bet)
Seat 8: asdabelle collected ($0.07)
Seat 9: Dorex2007 folded before Flop (didn't bet)



PokerStars Hand #236868499402:  Hold'em No Limit ($0.01/$0.02 USD) - 2022/06/19 19:05:21 PT [2022/06/19 22:05:21 ET]
Table 'Achaia' 9-max Seat #3 is the button
Seat 1: V Bechmann ($0.78 in chips) 
Seat 3: cberto09 ($2 in chips) 
Seat 4: VFonsex ($1.83 in chips) 
Seat 5: wizzard67 ($1.42 in chips) 
Seat 6: matias1624 ($2.46 in chips) 
Seat 7: DBLBLYBSTR ($3.34 in chips) 
Seat 8: asdabelle ($1.42 in chips) 
Seat 9: Dorex2007 ($2 in chips) 
VFonsex: posts small blind $0.01
wizzard67: posts big blind $0.02
*** HOLE CARDS ***
Dealt to Dorex2007 [2h Tc]
matias1624: folds 
DBLBLYBSTR: folds 
asdabelle: calls $0.02
Dorex2007: folds 
V Bechmann: folds 
cberto09: folds 
VFonsex: calls $0.01
wizzard67: checks 
*** FLOP *** [7d 4c Jd]
VFonsex: checks 
wizzard67: checks 
asdabelle: bets $0.06
VFonsex: folds 
wizzard67: folds 
Uncalled bet ($0.06) returned to asdabelle
asdabelle collected $0.06 from pot
asdabelle: doesn't show hand 
*** SUMMARY ***
Total pot $0.06 | Rake $0 
Board [7d 4c Jd]
Seat 1: V Bechmann folded before Flop (didn't bet)
Seat 3: cberto09 (button) folded before Flop (didn't bet)
Seat 4: VFonsex (small blind) folded on the Flop
Seat 5: wizzard67 (big blind) folded on the Flop
Seat 6: matias1624 folded before Flop (didn't bet)
Seat 7: DBLBLYBSTR folded before Flop (didn't bet)
Seat 8: asdabelle collected ($0.06)
Seat 9: Dorex2007 folded before Flop (didn't bet)



PokerStars Hand #236868506175:  Hold'em No Limit ($0.01/$0.02 USD) - 2022/06/19 19:05:59 PT [2022/06/19 22:05:59 ET]
Table 'Achaia' 9-max Seat #4 is the button
Seat 1: V Bechmann ($0.78 in chips) 
Seat 3: cberto09 ($2 in chips) 
Seat 4: VFonsex ($1.81 in chips) 
Seat 5: wizzard67 ($1.40 in chips) 
Seat 6: matias1624 ($2.46 in chips) 
Seat 7: DBLBLYBSTR ($3.34 in chips) 
Seat 8: asdabelle ($1.46 in chips) 
Seat 9: Dorex2007 ($2 in chips) 
wizzard67: posts small blind $0.01
matias1624: posts big blind $0.02
*** HOLE CARDS ***
Dealt to Dorex2007 [Qh As]
DBLBLYBSTR has timed out
DBLBLYBSTR: folds 
asdabelle: folds 
Dorex2007: raises $0.04 to $0.06
V Bechmann: folds 
cberto09: folds 
VFonsex: folds 
wizzard67: folds 
matias1624: calls $0.04
*** FLOP *** [5c 9s 3s]
matias1624: checks 
Dorex2007: bets $0.09
matias1624: folds 
Uncalled bet ($0.09) returned to Dorex2007
Dorex2007 collected $0.13 from pot
Dorex2007: doesn't show hand 
*** SUMMARY ***
Total pot $0.13 | Rake $0 
Board [5c 9s 3s]
Seat 1: V Bechmann folded before Flop (didn't bet)
Seat 3: cberto09 folded before Flop (didn't bet)
Seat 4: VFonsex (button) folded before Flop (didn't bet)
Seat 5: wizzard67 (small blind) folded before Flop
Seat 6: matias1624 (big blind) folded on the Flop
Seat 7: DBLBLYBSTR folded before Flop (didn't bet)
Seat 8: asdabelle folded before Flop (didn't bet)
Seat 9: Dorex2007 collected ($0.13)



PokerStars Hand #236868512549:  Hold'em No Limit ($0.01/$0.02 USD) - 2022/06/19 19:06:34 PT [2022/06/19 22:06:34 ET]
Table 'Achaia' 9-max Seat #5 is the button
Seat 1: V Bechmann ($0.78 in chips) 
Seat 2: higordeane ($0.71 in chips) 
Seat 3: cberto09 ($2 in chips) 
Seat 4: VFonsex ($1.81 in chips) 
Seat 5: wizzard67 ($1.39 in chips) 
Seat 6: matias1624 ($2.40 in chips) 
Seat 7: DBLBLYBSTR ($3.34 in chips) 
Seat 8: asdabelle ($1.46 in chips) 
Seat 9: Dorex2007 ($2.07 in chips) 
matias1624: posts small blind $0.01
DBLBLYBSTR: posts big blind $0.02
*** HOLE CARDS ***
Dealt to Dorex2007 [Jd 2c]
asdabelle: folds 
Dorex2007: folds 
V Bechmann: folds 
higordeane: folds 
cberto09: folds 
VFonsex: calls $0.02
wizzard67: folds 
matias1624: folds 
DBLBLYBSTR: checks 
*** FLOP *** [As 3h Kc]
DBLBLYBSTR: checks 
VFonsex: bets $0.02
DBLBLYBSTR: folds 
Uncalled bet ($0.02) returned to VFonsex
VFonsex collected $0.05 from pot
VFonsex: doesn't show hand 
*** SUMMARY ***
Total pot $0.05 | Rake $0 
Board [As 3h Kc]
Seat 1: V Bechmann folded before Flop (didn't bet)
Seat 2: higordeane folded before Flop (didn't bet)
Seat 3: cberto09 folded before Flop (didn't bet)
Seat 4: VFonsex collected ($0.05)
Seat 5: wizzard67 (button) folded before Flop (didn't bet)
Seat 6: matias1624 (small blind) folded before Flop
Seat 7: DBLBLYBSTR (big blind) folded on the Flop
Seat 8: asdabelle folded before Flop (didn't bet)
Seat 9: Dorex2007 folded before Flop (didn't bet)



PokerStars Hand #236868520682:  Hold'em No Limit ($0.01/$0.02 USD) - 2022/06/19 19:07:20 PT [2022/06/19 22:07:20 ET]
Table 'Achaia' 9-max Seat #6 is the button
Seat 1: V Bechmann ($0.78 in chips) 
Seat 2: higordeane ($0.71 in chips) 
Seat 3: cberto09 ($2 in chips) 
Seat 4: VFonsex ($1.84 in chips) 
Seat 5: wizzard67 ($1.39 in chips) 
Seat 6: matias1624 ($2.39 in chips) 
Seat 7: DBLBLYBSTR ($3.32 in chips) 
Seat 8: asdabelle ($1.46 in chips) 
Seat 9: Dorex2007 ($2.07 in chips) 
DBLBLYBSTR: posts small blind $0.01
asdabelle: posts big blind $0.02
*** HOLE CARDS ***
Dealt to Dorex2007 [Kd Tc]
Dorex2007: folds 
V Bechmann: folds 
higordeane: folds 
cberto09: raises $0.04 to $0.06
VFonsex: folds 
wizzard67: folds 
matias1624: folds 
DBLBLYBSTR: folds 
asdabelle: calls $0.04
*** FLOP *** [9d Td 8c]
asdabelle: checks 
cberto09: bets $0.04
asdabelle: folds 
Uncalled bet ($0.04) returned to cberto09
cberto09 collected $0.13 from pot
cberto09: doesn't show hand 
*** SUMMARY ***
Total pot $0.13 | Rake $0 
Board [9d Td 8c]
Seat 1: V Bechmann folded before Flop (didn't bet)
Seat 2: higordeane folded before Flop (didn't bet)
Seat 3: cberto09 collected ($0.13)
Seat 4: VFonsex folded before Flop (didn't bet)
Seat 5: wizzard67 folded before Flop (didn't bet)
Seat 6: matias1624 (button) folded before Flop (didn't bet)
Seat 7: DBLBLYBSTR (small blind) folded before Flop
Seat 8: asdabelle (big blind) folded on the Flop
Seat 9: Dorex2007 folded before Flop (didn't bet)



PokerStars Hand #236868531297:  Hold'em No Limit ($0.01/$0.02 USD) - 2022/06/19 19:08:02 PT [2022/06/19 22:08:02 ET]
Table 'Achaia' 9-max Seat #7 is the button
Seat 1: V Bechmann ($0.78 in chips) 
Seat 2: higordeane ($0.71 in chips) 
Seat 3: cberto09 ($2.07 in chips) 
Seat 4: VFonsex ($1.84 in chips) 
Seat 5: wizzard67 ($1.39 in chips) 
Seat 6: matias1624 ($2.39 in chips) 
Seat 7: DBLBLYBSTR ($3.31 in chips) 
Seat 8: asdabelle ($1.40 in chips) 
Seat 9: Dorex2007 ($2.07 in chips) 
asdabelle: posts small blind $0.01
Dorex2007: posts big blind $0.02
*** HOLE CARDS ***
Dealt to Dorex2007 [Jc 6c]
V Bechmann: folds 
higordeane has timed out
higordeane: folds 
cberto09: folds 
VFonsex: raises $0.02 to $0.04
wizzard67: folds 
matias1624: folds 
DBLBLYBSTR: raises $0.11 to $0.15
asdabelle: folds 
Dorex2007: folds 
VFonsex: raises $0.27 to $0.42
DBLBLYBSTR: calls $0.27
*** FLOP *** [Kd 5s 6s]
VFonsex: bets $0.42
DBLBLYBSTR: folds 
Uncalled bet ($0.42) returned to VFonsex
VFonsex collected $0.84 from pot
VFonsex: doesn't show hand 
*** SUMMARY ***
Total pot $0.87 | Rake $0.03 
Board [Kd 5s 6s]
Seat 1: V Bechmann folded before Flop (didn't bet)
Seat 2: higordeane folded before Flop (didn't bet)
Seat 3: cberto09 folded before Flop (didn't bet)
Seat 4: VFonsex collected ($0.84)
Seat 5: wizzard67 folded before Flop (didn't bet)
Seat 6: matias1624 folded before Flop (didn't bet)
Seat 7: DBLBLYBSTR (button) folded on the Flop
Seat 8: asdabelle (small blind) folded before Flop
Seat 9: Dorex2007 (big blind) folded before Flop



PokerStars Hand #236868542881:  Hold'em No Limit ($0.01/$0.02 USD) - 2022/06/19 19:09:05 PT [2022/06/19 22:09:05 ET]
Table 'Achaia' 9-max Seat #8 is the button
Seat 1: V Bechmann ($0.78 in chips) 
Seat 2: higordeane ($0.71 in chips) 
Seat 3: cberto09 ($2.07 in chips) 
Seat 4: VFonsex ($2.26 in chips) 
Seat 5: wizzard67 ($1.39 in chips) 
Seat 6: matias1624 ($2.39 in chips) 
Seat 7: DBLBLYBSTR ($2.89 in chips) 
Seat 8: asdabelle ($1.39 in chips) 
Seat 9: Dorex2007 ($2.05 in chips) 
Dorex2007: posts small blind $0.01
V Bechmann: posts big blind $0.02
*** HOLE CARDS ***
Dealt to Dorex2007 [Ac Th]
higordeane: calls $0.02
cberto09: raises $0.04 to $0.06
VFonsex: folds 
wizzard67: calls $0.06
matias1624: folds 
DBLBLYBSTR: calls $0.06
asdabelle: calls $0.06
Dorex2007: calls $0.05
V Bechmann: calls $0.04
higordeane: calls $0.04
*** FLOP *** [2d 7h 7d]
Dorex2007: checks 
V Bechmann: checks 
higordeane: checks 
cberto09: checks 
wizzard67: checks 
DBLBLYBSTR: checks 
asdabelle: bets $0.06
Dorex2007: folds 
V Bechmann: calls $0.06
higordeane: calls $0.06
cberto09: folds 
wizzard67: folds 
DBLBLYBSTR: folds 
*** TURN *** [2d 7h 7d] [3d]
V Bechmann: checks 
higordeane: checks 
asdabelle: checks 
*** RIVER *** [2d 7h 7d 3d] [4s]
V Bechmann: checks 
higordeane: checks 
asdabelle: checks 
*** SHOW DOWN ***
V Bechmann: shows [9d Jd] (a flush, Jack high)
higordeane: mucks hand 
asdabelle: mucks hand 
V Bechmann collected $0.58 from pot
*** SUMMARY ***
Total pot $0.60 | Rake $0.02 
Board [2d 7h 7d 3d 4s]
Seat 1: V Bechmann (big blind) showed [9d Jd] and won ($0.58) with a flush, Jack high
Seat 2: higordeane mucked [Jc Ad]
Seat 3: cberto09 folded on the Flop
Seat 4: VFonsex folded before Flop (didn't bet)
Seat 5: wizzard67 folded on the Flop
Seat 6: matias1624 folded before Flop (didn't bet)
Seat 7: DBLBLYBSTR folded on the Flop
Seat 8: asdabelle (button) mucked [Ah Kd]
Seat 9: Dorex2007 (small blind) folded on the Flop



PokerStars Hand #236868563541:  Hold'em No Limit ($0.01/$0.02 USD) - 2022/06/19 19:11:00 PT [2022/06/19 22:11:00 ET]
Table 'Achaia' 9-max Seat #9 is the button
Seat 1: V Bechmann ($1.24 in chips) 
Seat 2: higordeane ($0.59 in chips) 
Seat 3: cberto09 ($2.01 in chips) 
Seat 4: VFonsex ($2.26 in chips) 
Seat 5: wizzard67 ($1.33 in chips) 
Seat 6: matias1624 ($2.39 in chips) 
Seat 7: DBLBLYBSTR ($2.83 in chips) 
Seat 8: asdabelle ($1.27 in chips) 
Seat 9: Dorex2007 ($2 in chips) 
V Bechmann: posts small blind $0.01
higordeane: posts big blind $0.02
*** HOLE CARDS ***
Dealt to Dorex2007 [4h Tc]
cberto09: folds 
VFonsex has timed out
VFonsex: folds 
wizzard67: folds 
matias1624: folds 
DBLBLYBSTR: folds 
asdabelle: calls $0.02
Dorex2007: folds 
V Bechmann: folds 
higordeane: checks 
*** FLOP *** [7d 4s 4d]
V Bechmann leaves the table
VFonsex leaves the table
higordeane: checks 
asdabelle: checks 
*** TURN *** [7d 4s 4d] [5d]
higordeane: checks 
asdabelle: checks 
*** RIVER *** [7d 4s 4d 5d] [7c]
higordeane: checks 
alitam11 joins the table at seat #1 
asdabelle: checks 
*** SHOW DOWN ***
higordeane: shows [Ah 9c] (two pair, Sevens and Fours)
asdabelle: shows [3s As] (two pair, Sevens and Fours)
higordeane collected $0.03 from pot
asdabelle collected $0.02 from pot
*** SUMMARY ***
Total pot $0.05 | Rake $0 
Board [7d 4s 4d 5d 7c]
Seat 1: V Bechmann (small blind) folded before Flop
Seat 2: higordeane (big blind) showed [Ah 9c] and won ($0.03) with two pair, Sevens and Fours
Seat 3: cberto09 folded before Flop (didn't bet)
Seat 4: VFonsex folded before Flop (didn't bet)
Seat 5: wizzard67 folded before Flop (didn't bet)
Seat 6: matias1624 folded before Flop (didn't bet)
Seat 7: DBLBLYBSTR folded before Flop (didn't bet)
Seat 8: asdabelle showed [3s As] and won ($0.02) with two pair, Sevens and Fours
Seat 9: Dorex2007 (button) folded before Flop (didn't bet)



PokerStars Hand #236868573405:  Hold'em No Limit ($0.01/$0.02 USD) - 2022/06/19 19:11:55 PT [2022/06/19 22:11:55 ET]
Table 'Achaia' 9-max Seat #2 is the button
Seat 2: higordeane ($0.60 in chips) 
Seat 3: cberto09 ($2.01 in chips) 
Seat 5: wizzard67 ($1.33 in chips) 
Seat 6: matias1624 ($2.39 in chips) 
Seat 7: DBLBLYBSTR ($2.83 in chips) 
Seat 8: asdabelle ($1.27 in chips) 
Seat 9: Dorex2007 ($2 in chips) 
cberto09: posts small blind $0.01
wizzard67: posts big blind $0.02
alitam11: sits out 
*** HOLE CARDS ***
Dealt to Dorex2007 [Qd 2c]
Lagosha joins the table at seat #4 
matias1624: folds 
DBLBLYBSTR: raises $0.05 to $0.07
asdabelle: calls $0.07
Dorex2007: folds 
higordeane: calls $0.07
cberto09: folds 
wizzard67: folds 
*** FLOP *** [Qh 7c 8h]
DBLBLYBSTR: bets $0.23
asdabelle: folds 
higordeane: folds 
Uncalled bet ($0.23) returned to DBLBLYBSTR
DBLBLYBSTR collected $0.23 from pot
DBLBLYBSTR: doesn't show hand 
*** SUMMARY ***
Total pot $0.24 | Rake $0.01 
Board [Qh 7c 8h]
Seat 2: higordeane (button) folded on the Flop
Seat 3: cberto09 (small blind) folded before Flop
Seat 5: wizzard67 (big blind) folded before Flop
Seat 6: matias1624 folded before Flop (didn't bet)
Seat 7: DBLBLYBSTR collected ($0.23)
Seat 8: asdabelle folded on the Flop
Seat 9: Dorex2007 folded before Flop (didn't bet)



PokerStars Hand #236868581579:  Hold'em No Limit ($0.01/$0.02 USD) - 2022/06/19 19:12:40 PT [2022/06/19 22:12:40 ET]
Table 'Achaia' 9-max Seat #3 is the button
Seat 2: higordeane ($0.53 in chips) 
Seat 3: cberto09 ($2 in chips) 
Seat 5: wizzard67 ($1.31 in chips) 
Seat 6: matias1624 ($2.39 in chips) 
Seat 7: DBLBLYBSTR ($2.99 in chips) 
Seat 8: asdabelle ($1.20 in chips) 
Seat 9: Dorex2007 ($2 in chips) 
wizzard67: posts small blind $0.01
matias1624: posts big blind $0.02
alitam11: sits out 
*** HOLE CARDS ***
Dealt to Dorex2007 [4h 7d]
DBLBLYBSTR: folds 
asdabelle: folds 
Dorex2007: folds 
higordeane: calls $0.02
cberto09: raises $0.04 to $0.06
wizzard67: folds 
matias1624: folds 
higordeane: calls $0.04
*** FLOP *** [8s 8d Jd]
higordeane: checks 
cberto09: checks 
*** TURN *** [8s 8d Jd] [7c]
higordeane: checks 
cberto09: checks 
*** RIVER *** [8s 8d Jd 7c] [2h]
higordeane: checks 
cberto09: checks 
*** SHOW DOWN ***
higordeane: shows [Js Ac] (two pair, Jacks and Eights)
cberto09: mucks hand 
higordeane collected $0.14 from pot
*** SUMMARY ***
Total pot $0.15 | Rake $0.01 
Board [8s 8d Jd 7c 2h]
Seat 2: higordeane showed [Js Ac] and won ($0.14) with two pair, Jacks and Eights
Seat 3: cberto09 (button) mucked [7s Ts]
Seat 5: wizzard67 (small blind) folded before Flop
Seat 6: matias1624 (big blind) folded before Flop
Seat 7: DBLBLYBSTR folded before Flop (didn't bet)
Seat 8: asdabelle folded before Flop (didn't bet)
Seat 9: Dorex2007 folded before Flop (didn't bet)



PokerStars Hand #236868589133:  Hold'em No Limit ($0.01/$0.02 USD) - 2022/06/19 19:13:23 PT [2022/06/19 22:13:23 ET]
Table 'Achaia' 9-max Seat #5 is the button
Seat 2: higordeane ($0.61 in chips) 
Seat 3: cberto09 ($2 in chips) 
Seat 4: Lagosha ($2 in chips) 
Seat 5: wizzard67 ($1.30 in chips) 
Seat 6: matias1624 ($2.37 in chips) 
Seat 7: DBLBLYBSTR ($2.99 in chips) 
Seat 8: asdabelle ($1.20 in chips) 
Seat 9: Dorex2007 ($2 in chips) 
matias1624: posts small blind $0.01
DBLBLYBSTR: posts big blind $0.02
alitam11: sits out 
Lagosha: posts big blind $0.02
*** HOLE CARDS ***
Dealt to Dorex2007 [Qs 7c]
asdabelle: folds 
Dorex2007: folds 
higordeane: calls $0.02
cberto09: raises $0.04 to $0.06
Lagosha: folds 
wizzard67: folds 
matias1624: folds 
DBLBLYBSTR: folds 
higordeane: calls $0.04
*** FLOP *** [Jh 3h As]
higordeane: checks 
cberto09: checks 
*** TURN *** [Jh 3h As] [Kd]
higordeane: checks 
cberto09: checks 
*** RIVER *** [Jh 3h As Kd] [Ac]
higordeane: checks 
cberto09: checks 
*** SHOW DOWN ***
higordeane: shows [Kc 2s] (two pair, Aces and Kings)
cberto09: mucks hand 
higordeane collected $0.16 from pot
*** SUMMARY ***
Total pot $0.17 | Rake $0.01 
Board [Jh 3h As Kd Ac]
Seat 2: higordeane showed [Kc 2s] and won ($0.16) with two pair, Aces and Kings
Seat 3: cberto09 mucked [2d 2h]
Seat 4: Lagosha folded before Flop (didn't bet)
Seat 5: wizzard67 (button) folded before Flop (didn't bet)
Seat 6: matias1624 (small blind) folded before Flop
Seat 7: DBLBLYBSTR (big blind) folded before Flop
Seat 8: asdabelle folded before Flop (didn't bet)
Seat 9: Dorex2007 folded before Flop (didn't bet)



PokerStars Hand #236868602208:  Hold'em No Limit ($0.01/$0.02 USD) - 2022/06/19 19:14:27 PT [2022/06/19 22:14:27 ET]
Table 'Achaia' 9-max Seat #6 is the button
Seat 2: higordeane ($0.71 in chips) 
Seat 3: cberto09 ($2 in chips) 
Seat 4: Lagosha ($2 in chips) 
Seat 5: wizzard67 ($1.30 in chips) 
Seat 6: matias1624 ($2.36 in chips) 
Seat 7: DBLBLYBSTR ($2.97 in chips) 
Seat 8: asdabelle ($1.20 in chips) 
Seat 9: Dorex2007 ($2 in chips) 
DBLBLYBSTR: posts small blind $0.01
asdabelle: posts big blind $0.02
alitam11: sits out 
*** HOLE CARDS ***
Dealt to Dorex2007 [6h 5d]
Dorex2007: folds 
higordeane: folds 
cberto09: folds 
Lagosha: folds 
wizzard67: folds 
matias1624: folds 
DBLBLYBSTR: folds 
Uncalled bet ($0.01) returned to asdabelle
asdabelle collected $0.02 from pot
asdabelle: doesn't show hand 
*** SUMMARY ***
Total pot $0.02 | Rake $0 
Seat 2: higordeane folded before Flop (didn't bet)
Seat 3: cberto09 folded before Flop (didn't bet)
Seat 4: Lagosha folded before Flop (didn't bet)
Seat 5: wizzard67 folded before Flop (didn't bet)
Seat 6: matias1624 (button) folded before Flop (didn't bet)
Seat 7: DBLBLYBSTR (small blind) folded before Flop
Seat 8: asdabelle (big blind) collected ($0.02)
Seat 9: Dorex2007 folded before Flop (didn't bet)



PokerStars Hand #236868605907:  Hold'em No Limit ($0.01/$0.02 USD) - 2022/06/19 19:14:48 PT [2022/06/19 22:14:48 ET]
Table 'Achaia' 9-max Seat #7 is the button
Seat 3: cberto09 ($2 in chips) 
Seat 4: Lagosha ($2 in chips) 
Seat 5: wizzard67 ($1.30 in chips) 
Seat 6: matias1624 ($2.36 in chips) 
Seat 7: DBLBLYBSTR ($2.96 in chips) 
Seat 8: asdabelle ($1.21 in chips) 
Seat 9: Dorex2007 ($2 in chips) 
asdabelle: posts small blind $0.01
Dorex2007: posts big blind $0.02
alitam11: sits out 
*** HOLE CARDS ***
Dealt to Dorex2007 [8d 5d]
cberto09: folds 
Lagosha: folds 
wizzard67: folds 
matias1624: folds 
DBLBLYBSTR: raises $0.05 to $0.07
asdabelle: folds 
Dorex2007: folds 
Uncalled bet ($0.05) returned to DBLBLYBSTR
DBLBLYBSTR collected $0.05 from pot
DBLBLYBSTR: doesn't show hand 
*** SUMMARY ***
Total pot $0.05 | Rake $0 
Seat 3: cberto09 folded before Flop (didn't bet)
Seat 4: Lagosha folded before Flop (didn't bet)
Seat 5: wizzard67 folded before Flop (didn't bet)
Seat 6: matias1624 folded before Flop (didn't bet)
Seat 7: DBLBLYBSTR (button) collected ($0.05)
Seat 8: asdabelle (small blind) folded before Flop
Seat 9: Dorex2007 (big blind) folded before Flop



PokerStars Hand #236868609682:  Hold'em No Limit ($0.01/$0.02 USD) - 2022/06/19 19:15:09 PT [2022/06/19 22:15:09 ET]
Table 'Achaia' 9-max Seat #8 is the button
Seat 1: alitam11 ($2 in chips) 
Seat 3: cberto09 ($2 in chips) 
Seat 4: Lagosha ($2 in chips) 
Seat 5: wizzard67 ($1.30 in chips) 
Seat 6: matias1624 ($2.36 in chips) 
Seat 7: DBLBLYBSTR ($2.99 in chips) 
Seat 8: asdabelle ($1.20 in chips) 
Seat 9: Dorex2007 ($2 in chips) 
Dorex2007: posts small blind $0.01
alitam11: posts big blind $0.02
*** HOLE CARDS ***
Dealt to Dorex2007 [Ts 8h]
cberto09: folds 
Lagosha: folds 
wizzard67: folds 
matias1624: calls $0.02
DBLBLYBSTR: folds 
asdabelle: folds 
Dorex2007: folds 
alitam11: checks 
*** FLOP *** [8d As 6c]
alitam11: checks 
matias1624: checks 
*** TURN *** [8d As 6c] [3h]
alitam11: checks 
matias1624: checks 
*** RIVER *** [8d As 6c 3h] [5c]
alitam11: checks 
matias1624: checks 
*** SHOW DOWN ***
alitam11: shows [Th 9c] (high card Ace)
matias1624: shows [Td Js] (high card Ace - Jack kicker)
matias1624 collected $0.05 from pot
*** SUMMARY ***
Total pot $0.05 | Rake $0 
Board [8d As 6c 3h 5c]
Seat 1: alitam11 (big blind) showed [Th 9c] and lost with high card Ace
Seat 3: cberto09 folded before Flop (didn't bet)
Seat 4: Lagosha folded before Flop (didn't bet)
Seat 5: wizzard67 folded before Flop (didn't bet)
Seat 6: matias1624 showed [Td Js] and won ($0.05) with high card Ace
Seat 7: DBLBLYBSTR folded before Flop (didn't bet)
Seat 8: asdabelle (button) folded before Flop (didn't bet)
Seat 9: Dorex2007 (small blind) folded before Flop



PokerStars Hand #236868614926:  Hold'em No Limit ($0.01/$0.02 USD) - 2022/06/19 19:15:38 PT [2022/06/19 22:15:38 ET]
Table 'Achaia' 9-max Seat #9 is the button
Seat 1: alitam11 ($1.98 in chips) 
Seat 3: cberto09 ($2 in chips) 
Seat 4: Lagosha ($2 in chips) 
Seat 5: wizzard67 ($1.30 in chips) 
Seat 6: matias1624 ($2.39 in chips) 
Seat 7: DBLBLYBSTR ($2.99 in chips) 
Seat 8: asdabelle ($1.20 in chips) 
Seat 9: Dorex2007 ($2 in chips) 
alitam11: posts small blind $0.01
cberto09: posts big blind $0.02
*** HOLE CARDS ***
Dealt to Dorex2007 [Td Tc]
Lagosha: folds 
wizzard67: folds 
matias1624: calls $0.02
DBLBLYBSTR: calls $0.02
asdabelle: folds 
Dorex2007: raises $0.10 to $0.12
alitam11: folds 
cberto09: folds 
matias1624: folds 
DBLBLYBSTR: folds 
Uncalled bet ($0.10) returned to Dorex2007
Dorex2007 collected $0.09 from pot
Dorex2007: doesn't show hand 
*** SUMMARY ***
Total pot $0.09 | Rake $0 
Seat 1: alitam11 (small blind) folded before Flop
Seat 3: cberto09 (big blind) folded before Flop
Seat 4: Lagosha folded before Flop (didn't bet)
Seat 5: wizzard67 folded before Flop (didn't bet)
Seat 6: matias1624 folded before Flop
Seat 7: DBLBLYBSTR folded before Flop
Seat 8: asdabelle folded before Flop (didn't bet)
Seat 9: Dorex2007 (button) collected ($0.09)



PokerStars Hand #236868619694:  Hold'em No Limit ($0.01/$0.02 USD) - 2022/06/19 19:16:05 PT [2022/06/19 22:16:05 ET]
Table 'Achaia' 9-max Seat #1 is the button
Seat 1: alitam11 ($1.97 in chips) 
Seat 3: cberto09 ($2 in chips) 
Seat 4: Lagosha ($2 in chips) 
Seat 5: wizzard67 ($1.30 in chips) 
Seat 6: matias1624 ($2.37 in chips) 
Seat 7: DBLBLYBSTR ($2.97 in chips) 
Seat 8: asdabelle ($1.20 in chips) 
Seat 9: Dorex2007 ($2.07 in chips) 
cberto09: posts small blind $0.01
Lagosha: posts big blind $0.02
*** HOLE CARDS ***
Dealt to Dorex2007 [Jc 7s]
wizzard67: folds 
matias1624: folds 
DBLBLYBSTR: raises $0.04 to $0.06
asdabelle: folds 
Dorex2007: folds 
alitam11: folds 
cberto09: folds 
Lagosha: folds 
Uncalled bet ($0.04) returned to DBLBLYBSTR
DBLBLYBSTR collected $0.05 from pot
DBLBLYBSTR: doesn't show hand 
*** SUMMARY ***
Total pot $0.05 | Rake $0 
Seat 1: alitam11 (button) folded before Flop (didn't bet)
Seat 3: cberto09 (small blind) folded before Flop
Seat 4: Lagosha (big blind) folded before Flop
Seat 5: wizzard67 folded before Flop (didn't bet)
Seat 6: matias1624 folded before Flop (didn't bet)
Seat 7: DBLBLYBSTR collected ($0.05)
Seat 8: asdabelle folded before Flop (didn't bet)
Seat 9: Dorex2007 folded before Flop (didn't bet)



PokerStars Hand #236868625376:  Hold'em No Limit ($0.01/$0.02 USD) - 2022/06/19 19:16:37 PT [2022/06/19 22:16:37 ET]
Table 'Achaia' 9-max Seat #3 is the button
Seat 1: alitam11 ($1.97 in chips) 
Seat 3: cberto09 ($2 in chips) 
Seat 4: Lagosha ($2 in chips) 
Seat 6: matias1624 ($2.37 in chips) 
Seat 7: DBLBLYBSTR ($3 in chips) 
Seat 8: asdabelle ($1.20 in chips) 
Seat 9: Dorex2007 ($2.07 in chips) 
Lagosha: posts small blind $0.01
wizzard67: is sitting out 
matias1624: posts big blind $0.02
*** HOLE CARDS ***
Dealt to Dorex2007 [9h Th]
DBLBLYBSTR: raises $0.05 to $0.07
asdabelle: folds 
Dorex2007: folds 
alitam11: folds 
cberto09: calls $0.07
Lagosha: folds 
matias1624: folds 
*** FLOP *** [2h Ts 8h]
DBLBLYBSTR: bets $0.16
cberto09: folds 
Uncalled bet ($0.16) returned to DBLBLYBSTR
DBLBLYBSTR collected $0.16 from pot
DBLBLYBSTR: doesn't show hand 
*** SUMMARY ***
Total pot $0.17 | Rake $0.01 
Board [2h Ts 8h]
Seat 1: alitam11 folded before Flop (didn't bet)
Seat 3: cberto09 (button) folded on the Flop
Seat 4: Lagosha (small blind) folded before Flop
Seat 6: matias1624 (big blind) folded before Flop
Seat 7: DBLBLYBSTR collected ($0.16)
Seat 8: asdabelle folded before Flop (didn't bet)
Seat 9: Dorex2007 folded before Flop (didn't bet)



PokerStars Hand #236868630305:  Hold'em No Limit ($0.01/$0.02 USD) - 2022/06/19 19:17:05 PT [2022/06/19 22:17:05 ET]
Table 'Achaia' 9-max Seat #4 is the button
Seat 1: alitam11 ($1.97 in chips) 
Seat 3: cberto09 ($2 in chips) 
Seat 4: Lagosha ($2 in chips) 
Seat 6: matias1624 ($2.35 in chips) 
Seat 7: DBLBLYBSTR ($3.09 in chips) 
Seat 8: asdabelle ($1.20 in chips) 
Seat 9: Dorex2007 ($2.07 in chips) 
matias1624: posts small blind $0.01
DBLBLYBSTR: posts big blind $0.02
*** HOLE CARDS ***
Dealt to Dorex2007 [6h 4h]
asdabelle: calls $0.02
Dorex2007: folds 
alitam11: raises $0.06 to $0.08
cberto09: folds 
Lagosha: raises $0.21 to $0.29
matias1624: folds 
DBLBLYBSTR: folds 
asdabelle: folds 
alitam11: folds 
Uncalled bet ($0.21) returned to Lagosha
Lagosha collected $0.21 from pot
Lagosha: doesn't show hand 
*** SUMMARY ***
Total pot $0.21 | Rake $0 
Seat 1: alitam11 folded before Flop
Seat 3: cberto09 folded before Flop (didn't bet)
Seat 4: Lagosha (button) collected ($0.21)
Seat 6: matias1624 (small blind) folded before Flop
Seat 7: DBLBLYBSTR (big blind) folded before Flop
Seat 8: asdabelle folded before Flop
Seat 9: Dorex2007 folded before Flop (didn't bet)



PokerStars Hand #236868646574:  Hold'em No Limit ($0.01/$0.02 USD) - 2022/06/19 19:17:46 PT [2022/06/19 22:17:46 ET]
Table 'Achaia' 9-max Seat #6 is the button
Seat 1: alitam11 ($1.89 in chips) 
Seat 3: cberto09 ($2 in chips) 
Seat 4: Lagosha ($2.13 in chips) 
Seat 6: matias1624 ($2.34 in chips) 
Seat 7: DBLBLYBSTR ($3.07 in chips) 
Seat 9: Dorex2007 ($2.07 in chips) 
DBLBLYBSTR: posts small blind $0.01
asdabelle: is sitting out 
Dorex2007: posts big blind $0.02
*** HOLE CARDS ***
Dealt to Dorex2007 [7d 5h]
alitam11: folds 
cberto09: folds 
Lagosha: folds 
matias1624: folds 
DBLBLYBSTR: raises $0.08 to $0.10
Dorex2007: folds 
Uncalled bet ($0.08) returned to DBLBLYBSTR
asdabelle leaves the table
DBLBLYBSTR collected $0.04 from pot
DBLBLYBSTR: doesn't show hand 
*** SUMMARY ***
Total pot $0.04 | Rake $0 
Seat 1: alitam11 folded before Flop (didn't bet)
Seat 3: cberto09 folded before Flop (didn't bet)
Seat 4: Lagosha folded before Flop (didn't bet)
Seat 6: matias1624 (button) folded before Flop (didn't bet)
Seat 7: DBLBLYBSTR (small blind) collected ($0.04)
Seat 9: Dorex2007 (big blind) folded before Flop



PokerStars Hand #236868649566:  Hold'em No Limit ($0.01/$0.02 USD) - 2022/06/19 19:18:02 PT [2022/06/19 22:18:02 ET]
Table 'Achaia' 9-max Seat #7 is the button
Seat 1: alitam11 ($1.89 in chips) 
Seat 3: cberto09 ($2 in chips) 
Seat 4: Lagosha ($2.13 in chips) 
Seat 6: matias1624 ($2.34 in chips) 
Seat 7: DBLBLYBSTR ($3.09 in chips) 
Seat 9: Dorex2007 ($2.05 in chips) 
Dorex2007: posts small blind $0.01
alitam11: posts big blind $0.02
*** HOLE CARDS ***
Dealt to Dorex2007 [3d Jd]
cberto09: folds 
Lagosha: folds 
matias1624: folds 
DBLBLYBSTR: raises $0.05 to $0.07
Dorex2007: folds 
alitam11: folds 
Uncalled bet ($0.05) returned to DBLBLYBSTR
DBLBLYBSTR collected $0.05 from pot
DBLBLYBSTR: doesn't show hand 
*** SUMMARY ***
Total pot $0.05 | Rake $0 
Seat 1: alitam11 (big blind) folded before Flop
Seat 3: cberto09 folded before Flop (didn't bet)
Seat 4: Lagosha folded before Flop (didn't bet)
Seat 6: matias1624 folded before Flop (didn't bet)
Seat 7: DBLBLYBSTR (button) collected ($0.05)
Seat 9: Dorex2007 (small blind) folded before Flop



PokerStars Hand #236868651369:  Hold'em No Limit ($0.01/$0.02 USD) - 2022/06/19 19:18:12 PT [2022/06/19 22:18:12 ET]
Table 'Achaia' 9-max Seat #9 is the button
Seat 1: alitam11 ($1.87 in chips) 
Seat 3: cberto09 ($2 in chips) 
Seat 4: Lagosha ($2.13 in chips) 
Seat 6: matias1624 ($2.34 in chips) 
Seat 7: DBLBLYBSTR ($3.12 in chips) 
Seat 9: Dorex2007 ($2.04 in chips) 
alitam11: posts small blind $0.01
cberto09: posts big blind $0.02
*** HOLE CARDS ***
Dealt to Dorex2007 [2s As]
Lagosha: folds 
matias1624: folds 
DBLBLYBSTR: raises $0.05 to $0.07
Dorex2007: folds 
alitam11: folds 
cberto09: folds 
Uncalled bet ($0.05) returned to DBLBLYBSTR
DBLBLYBSTR collected $0.05 from pot
DBLBLYBSTR: doesn't show hand 
*** SUMMARY ***
Total pot $0.05 | Rake $0 
Seat 1: alitam11 (small blind) folded before Flop
Seat 3: cberto09 (big blind) folded before Flop
Seat 4: Lagosha folded before Flop (didn't bet)
Seat 6: matias1624 folded before Flop (didn't bet)
Seat 7: DBLBLYBSTR collected ($0.05)
Seat 9: Dorex2007 (button) folded before Flop (didn't bet)



PokerStars Hand #236868654783:  Hold'em No Limit ($0.01/$0.02 USD) - 2022/06/19 19:18:31 PT [2022/06/19 22:18:31 ET]
Table 'Achaia' 9-max Seat #1 is the button
Seat 1: alitam11 ($1.86 in chips) 
Seat 3: cberto09 ($2 in chips) 
Seat 6: matias1624 ($2.34 in chips) 
Seat 7: DBLBLYBSTR ($3.15 in chips) 
Seat 9: Dorex2007 ($2.04 in chips) 
cberto09: posts small blind $0.01
Lagosha: is sitting out 
Lagosha leaves the table
matias1624: posts big blind $0.02
*** HOLE CARDS ***
Dealt to Dorex2007 [Ks 9d]
DBLBLYBSTR: folds 
Dorex2007: folds 
alitam11: folds 
cberto09: folds 
Uncalled bet ($0.01) returned to matias1624
matias1624 collected $0.02 from pot
matias1624: doesn't show hand 
*** SUMMARY ***
Total pot $0.02 | Rake $0 
Seat 1: alitam11 (button) folded before Flop (didn't bet)
Seat 3: cberto09 (small blind) folded before Flop
Seat 6: matias1624 (big blind) collected ($0.02)
Seat 7: DBLBLYBSTR folded before Flop (didn't bet)
Seat 9: Dorex2007 folded before Flop (didn't bet)



PokerStars Hand #236868656689:  Hold'em No Limit ($0.01/$0.02 USD) - 2022/06/19 19:18:42 PT [2022/06/19 22:18:42 ET]
Table 'Achaia' 9-max Seat #3 is the button
Seat 1: alitam11 ($1.86 in chips) 
Seat 3: cberto09 ($2 in chips) 
Seat 6: matias1624 ($2.35 in chips) 
Seat 7: DBLBLYBSTR ($3.15 in chips) 
Seat 9: Dorex2007 ($2.04 in chips) 
matias1624: posts small blind $0.01
DBLBLYBSTR: posts big blind $0.02
*** HOLE CARDS ***
Dealt to Dorex2007 [3c 8c]
Dorex2007: folds 
alitam11: folds 
cberto09: folds 
matias1624: folds 
Uncalled bet ($0.01) returned to DBLBLYBSTR
DBLBLYBSTR collected $0.02 from pot
DBLBLYBSTR: doesn't show hand 
*** SUMMARY ***
Total pot $0.02 | Rake $0 
Seat 1: alitam11 folded before Flop (didn't bet)
Seat 3: cberto09 (button) folded before Flop (didn't bet)
Seat 6: matias1624 (small blind) folded before Flop
Seat 7: DBLBLYBSTR (big blind) collected ($0.02)
Seat 9: Dorex2007 folded before Flop (didn't bet)



PokerStars Hand #236868659758:  Hold'em No Limit ($0.01/$0.02 USD) - 2022/06/19 19:18:59 PT [2022/06/19 22:18:59 ET]
Table 'Achaia' 9-max Seat #6 is the button
Seat 1: alitam11 ($1.86 in chips) 
Seat 3: cberto09 ($2 in chips) 
Seat 6: matias1624 ($2.34 in chips) 
Seat 7: DBLBLYBSTR ($3.16 in chips) 
Seat 9: Dorex2007 ($2.04 in chips) 
DBLBLYBSTR: posts small blind $0.01
Dorex2007: posts big blind $0.02
*** HOLE CARDS ***
Dealt to Dorex2007 [Ad 2c]
alitam11: folds 
cberto09: folds 
matias1624: folds 
DBLBLYBSTR: calls $0.01
wizzard67 leaves the table
Dorex2007: checks 
*** FLOP *** [2h Qd 7s]
DBLBLYBSTR: checks 
Dorex2007: checks 
*** TURN *** [2h Qd 7s] [7h]
DBLBLYBSTR: checks 
Dorex2007: bets $0.04
DBLBLYBSTR: folds 
Uncalled bet ($0.04) returned to Dorex2007
Dorex2007 collected $0.04 from pot
Dorex2007: doesn't show hand 
*** SUMMARY ***
Total pot $0.04 | Rake $0 
Board [2h Qd 7s 7h]
Seat 1: alitam11 folded before Flop (didn't bet)
Seat 3: cberto09 folded before Flop (didn't bet)
Seat 6: matias1624 (button) folded before Flop (didn't bet)
Seat 7: DBLBLYBSTR (small blind) folded on the Turn
Seat 9: Dorex2007 (big blind) collected ($0.04)



PokerStars Hand #236868665529:  Hold'em No Limit ($0.01/$0.02 USD) - 2022/06/19 19:19:31 PT [2022/06/19 22:19:31 ET]
Table 'Achaia' 9-max Seat #7 is the button
Seat 1: alitam11 ($1.86 in chips) 
Seat 3: cberto09 ($2 in chips) 
Seat 6: matias1624 ($2.34 in chips) 
Seat 7: DBLBLYBSTR ($3.14 in chips) 
Seat 9: Dorex2007 ($2.06 in chips) 
Dorex2007: posts small blind $0.01
alitam11: posts big blind $0.02
*** HOLE CARDS ***
Dealt to Dorex2007 [4h 8d]
cberto09: raises $0.04 to $0.06
matias1624: folds 
DBLBLYBSTR: folds 
Dorex2007: folds 
alitam11: folds 
Uncalled bet ($0.04) returned to cberto09
cberto09 collected $0.05 from pot
cberto09: doesn't show hand 
*** SUMMARY ***
Total pot $0.05 | Rake $0 
Seat 1: alitam11 (big blind) folded before Flop
Seat 3: cberto09 collected ($0.05)
Seat 6: matias1624 folded before Flop (didn't bet)
Seat 7: DBLBLYBSTR (button) folded before Flop (didn't bet)
Seat 9: Dorex2007 (small blind) folded before Flop



PokerStars Hand #236868668584:  Hold'em No Limit ($0.01/$0.02 USD) - 2022/06/19 19:19:48 PT [2022/06/19 22:19:48 ET]
Table 'Achaia' 9-max Seat #9 is the button
Seat 1: alitam11 ($1.84 in chips) 
Seat 6: matias1624 ($2.34 in chips) 
Seat 7: DBLBLYBSTR ($3.14 in chips) 
Seat 9: Dorex2007 ($2.05 in chips) 
alitam11: posts small blind $0.01
cberto09: is sitting out 
matias1624: posts big blind $0.02
*** HOLE CARDS ***
Dealt to Dorex2007 [Ks 9d]
DBLBLYBSTR: folds 
DBLBLYBSTR leaves the table
Dorex2007: folds 
alitam11: folds 
Uncalled bet ($0.01) returned to matias1624
matias1624 collected $0.02 from pot
matias1624: doesn't show hand 
*** SUMMARY ***
Total pot $0.02 | Rake $0 
Seat 1: alitam11 (small blind) folded before Flop
Seat 6: matias1624 (big blind) collected ($0.02)
Seat 7: DBLBLYBSTR folded before Flop (didn't bet)
Seat 9: Dorex2007 (button) folded before Flop (didn't bet)



PokerStars Hand #236868671751:  Hold'em No Limit ($0.01/$0.02 USD) - 2022/06/19 19:20:06 PT [2022/06/19 22:20:06 ET]
Table 'Achaia' 9-max Seat #1 is the button
Seat 1: alitam11 ($1.83 in chips) 
Seat 9: Dorex2007 ($2.05 in chips) 
alitam11: posts small blind $0.01
Dorex2007: posts big blind $0.02
*** HOLE CARDS ***
Dealt to Dorex2007 [Ah Ad]
alitam11: raises $0.04 to $0.06
matias1624 leaves the table
cberto09 leaves the table
Dorex2007: raises $0.08 to $0.14
alitam11: calls $0.08
*** FLOP *** [6c Kc 3d]
Dorex2007: checks 
higordeane leaves the table
alitam11: bets $0.08
Dorex2007: raises $1.83 to $1.91 and is all-in
alitam11: calls $1.61 and is all-in
Uncalled bet ($0.22) returned to Dorex2007
*** TURN *** [6c Kc 3d] [7c]
*** RIVER *** [6c Kc 3d 7c] [9d]
*** SHOW DOWN ***
Dorex2007: shows [Ah Ad] (a pair of Aces)
alitam11: shows [8c Ac] (a flush, Ace high)
alitam11 collected $3.53 from pot
Dorex2007 cashed out the hand for $2.23 | Cash Out Fee $0.02
*** SUMMARY ***
Total pot $3.66 | Rake $0.13 
Board [6c Kc 3d 7c 9d]
Seat 1: alitam11 (button) (small blind) showed [8c Ac] and won ($3.53) with a flush, Ace high
Seat 9: Dorex2007 (big blind) showed [Ah Ad] and lost with a pair of Aces (cashed out).



