PokerStars Hand #231249909535:  Hold'em No Limit ($0.01/$0.02 USD) - 2021/11/08 14:10:26 PT [2021/11/08 17:10:26 ET]
Table 'Alcyone III' 9-max Seat #9 is the button
Seat 1: 1Asthma1 ($2.10 in chips) 
Seat 2: IldeRider01 ($2.78 in chips) 
Seat 3: linemenmoney ($3.84 in chips) 
Seat 4: tallmanjermz ($1.83 in chips) 
Seat 5: ADosjky ($2.31 in chips) 
Seat 6: panKastus ($1.22 in chips) 
Seat 7: KemiKings ($2 in chips) 
Seat 8: Dorex2007 ($2 in chips) 
Seat 9: Novikov_PM ($4.81 in chips) 
1Asthma1: posts small blind $0.01
IldeRider01: posts big blind $0.02
Dorex2007: posts big blind $0.02
*** HOLE CARDS ***
Dealt to Dorex2007 [4c Ts]
linemenmoney: calls $0.02
tallmanjermz: folds 
ADosjky: calls $0.02
panKastus: folds 
KemiKings: folds 
Dorex2007: checks 
Novikov_PM: folds 
1Asthma1: folds 
IldeRider01: checks 
*** FLOP *** [4d As 9s]
IldeRider01: checks 
linemenmoney: checks 
ADosjky: checks 
Dorex2007: checks 
*** TURN *** [4d As 9s] [7s]
IldeRider01: checks 
linemenmoney: checks 
ADosjky: checks 
Dorex2007: checks 
*** RIVER *** [4d As 9s 7s] [Ad]
IldeRider01: checks 
linemenmoney: checks 
ADosjky: checks 
Dorex2007: checks 
*** SHOW DOWN ***
IldeRider01: shows [2s 5c] (a pair of Aces)
linemenmoney: shows [3h 3c] (two pair, Aces and Threes)
ADosjky: shows [9h Qh] (two pair, Aces and Nines)
Dorex2007: mucks hand 
ADosjky collected $0.09 from pot
*** SUMMARY ***
Total pot $0.09 | Rake $0 
Board [4d As 9s 7s Ad]
Seat 1: 1Asthma1 (small blind) folded before Flop
Seat 2: IldeRider01 (big blind) showed [2s 5c] and lost with a pair of Aces
Seat 3: linemenmoney showed [3h 3c] and lost with two pair, Aces and Threes
Seat 4: tallmanjermz folded before Flop (didn't bet)
Seat 5: ADosjky showed [9h Qh] and won ($0.09) with two pair, Aces and Nines
Seat 6: panKastus folded before Flop (didn't bet)
Seat 7: KemiKings folded before Flop (didn't bet)
Seat 8: Dorex2007 mucked [4c Ts]
Seat 9: Novikov_PM (button) folded before Flop (didn't bet)



PokerStars Hand #231249944138:  Hold'em No Limit ($0.01/$0.02 USD) - 2021/11/08 14:11:41 PT [2021/11/08 17:11:41 ET]
Table 'Alcyone III' 9-max Seat #1 is the button
Seat 1: 1Asthma1 ($2.09 in chips) 
Seat 2: IldeRider01 ($2.76 in chips) 
Seat 3: linemenmoney ($3.82 in chips) 
Seat 4: tallmanjermz ($1.83 in chips) 
Seat 5: ADosjky ($2.38 in chips) 
Seat 6: panKastus ($1.22 in chips) 
Seat 7: KemiKings ($2 in chips) 
Seat 8: Dorex2007 ($2 in chips) 
Seat 9: Novikov_PM ($4.81 in chips) 
IldeRider01: posts small blind $0.01
linemenmoney: posts big blind $0.02
*** HOLE CARDS ***
Dealt to Dorex2007 [4s 2d]
tallmanjermz: calls $0.02
ADosjky: folds 
panKastus: folds 
KemiKings: folds 
Dorex2007: folds 
Novikov_PM: folds 
1Asthma1: folds 
IldeRider01: folds 
linemenmoney: checks 
*** FLOP *** [2c 9c Ks]
linemenmoney: bets $0.02
tallmanjermz: calls $0.02
*** TURN *** [2c 9c Ks] [3h]
linemenmoney: bets $0.02
tallmanjermz: calls $0.02
*** RIVER *** [2c 9c Ks 3h] [Jc]
linemenmoney: bets $0.02
tallmanjermz: calls $0.02
*** SHOW DOWN ***
linemenmoney: shows [Qs 9d] (a pair of Nines)
tallmanjermz: mucks hand 
linemenmoney collected $0.16 from pot
*** SUMMARY ***
Total pot $0.17 | Rake $0.01 
Board [2c 9c Ks 3h Jc]
Seat 1: 1Asthma1 (button) folded before Flop (didn't bet)
Seat 2: IldeRider01 (small blind) folded before Flop
Seat 3: linemenmoney (big blind) showed [Qs 9d] and won ($0.16) with a pair of Nines
Seat 4: tallmanjermz mucked [Ts 3s]
Seat 5: ADosjky folded before Flop (didn't bet)
Seat 6: panKastus folded before Flop (didn't bet)
Seat 7: KemiKings folded before Flop (didn't bet)
Seat 8: Dorex2007 folded before Flop (didn't bet)
Seat 9: Novikov_PM folded before Flop (didn't bet)



PokerStars Hand #231249967670:  Hold'em No Limit ($0.01/$0.02 USD) - 2021/11/08 14:12:32 PT [2021/11/08 17:12:32 ET]
Table 'Alcyone III' 9-max Seat #2 is the button
Seat 1: 1Asthma1 ($2.09 in chips) 
Seat 2: IldeRider01 ($2.75 in chips) 
Seat 3: linemenmoney ($3.90 in chips) 
Seat 4: tallmanjermz ($1.75 in chips) 
Seat 5: ADosjky ($2.38 in chips) 
Seat 6: panKastus ($1.22 in chips) 
Seat 7: KemiKings ($2 in chips) 
Seat 8: Dorex2007 ($2 in chips) 
Seat 9: Novikov_PM ($4.81 in chips) 
linemenmoney: posts small blind $0.01
tallmanjermz: posts big blind $0.02
*** HOLE CARDS ***
Dealt to Dorex2007 [5c Jd]
ADosjky: folds 
panKastus: folds 
KemiKings: folds 
Dorex2007: folds 
Novikov_PM: folds 
1Asthma1: folds 
IldeRider01: calls $0.02
linemenmoney: calls $0.01
tallmanjermz: raises $0.02 to $0.04
IldeRider01: calls $0.02
linemenmoney: calls $0.02
*** FLOP *** [Qd 7d 4d]
linemenmoney: bets $0.02
tallmanjermz: calls $0.02
IldeRider01: calls $0.02
*** TURN *** [Qd 7d 4d] [7h]
linemenmoney: bets $0.02
tallmanjermz: calls $0.02
IldeRider01: calls $0.02
*** RIVER *** [Qd 7d 4d 7h] [8h]
linemenmoney: bets $0.02
tallmanjermz: folds 
IldeRider01: calls $0.02
*** SHOW DOWN ***
linemenmoney: shows [Kd As] (a pair of Sevens)
IldeRider01: shows [6c 6d] (two pair, Sevens and Sixes)
IldeRider01 collected $0.27 from pot
*** SUMMARY ***
Total pot $0.28 | Rake $0.01 
Board [Qd 7d 4d 7h 8h]
Seat 1: 1Asthma1 folded before Flop (didn't bet)
Seat 2: IldeRider01 (button) showed [6c 6d] and won ($0.27) with two pair, Sevens and Sixes
Seat 3: linemenmoney (small blind) showed [Kd As] and lost with a pair of Sevens
Seat 4: tallmanjermz (big blind) folded on the River
Seat 5: ADosjky folded before Flop (didn't bet)
Seat 6: panKastus folded before Flop (didn't bet)
Seat 7: KemiKings folded before Flop (didn't bet)
Seat 8: Dorex2007 folded before Flop (didn't bet)
Seat 9: Novikov_PM folded before Flop (didn't bet)



PokerStars Hand #231249995036:  Hold'em No Limit ($0.01/$0.02 USD) - 2021/11/08 14:13:31 PT [2021/11/08 17:13:31 ET]
Table 'Alcyone III' 9-max Seat #3 is the button
Seat 1: 1Asthma1 ($2.09 in chips) 
Seat 2: IldeRider01 ($2.92 in chips) 
Seat 3: linemenmoney ($3.80 in chips) 
Seat 4: tallmanjermz ($1.67 in chips) 
Seat 5: ADosjky ($2.38 in chips) 
Seat 6: panKastus ($1.22 in chips) 
Seat 7: KemiKings ($2 in chips) 
Seat 8: Dorex2007 ($2 in chips) 
Seat 9: Novikov_PM ($4.81 in chips) 
tallmanjermz: posts small blind $0.01
ADosjky: posts big blind $0.02
*** HOLE CARDS ***
Dealt to Dorex2007 [Jc 2h]
panKastus: folds 
KemiKings: folds 
Dorex2007: folds 
Novikov_PM: folds 
1Asthma1: folds 
IldeRider01: folds 
linemenmoney: calls $0.02
tallmanjermz: calls $0.01
ADosjky: checks 
*** FLOP *** [7h 4c Ac]
tallmanjermz: checks 
ADosjky: checks 
linemenmoney: bets $0.02
tallmanjermz: folds 
ADosjky: calls $0.02
*** TURN *** [7h 4c Ac] [Th]
ADosjky: checks 
linemenmoney: bets $0.06
ADosjky: folds 
Uncalled bet ($0.06) returned to linemenmoney
linemenmoney collected $0.10 from pot
linemenmoney: doesn't show hand 
*** SUMMARY ***
Total pot $0.10 | Rake $0 
Board [7h 4c Ac Th]
Seat 1: 1Asthma1 folded before Flop (didn't bet)
Seat 2: IldeRider01 folded before Flop (didn't bet)
Seat 3: linemenmoney (button) collected ($0.10)
Seat 4: tallmanjermz (small blind) folded on the Flop
Seat 5: ADosjky (big blind) folded on the Turn
Seat 6: panKastus folded before Flop (didn't bet)
Seat 7: KemiKings folded before Flop (didn't bet)
Seat 8: Dorex2007 folded before Flop (didn't bet)
Seat 9: Novikov_PM folded before Flop (didn't bet)



PokerStars Hand #231250028499:  Hold'em No Limit ($0.01/$0.02 USD) - 2021/11/08 14:14:43 PT [2021/11/08 17:14:43 ET]
Table 'Alcyone III' 9-max Seat #4 is the button
Seat 1: 1Asthma1 ($2.09 in chips) 
Seat 2: IldeRider01 ($2.92 in chips) 
Seat 3: linemenmoney ($3.86 in chips) 
Seat 4: tallmanjermz ($1.65 in chips) 
Seat 5: ADosjky ($2.34 in chips) 
Seat 6: panKastus ($1.22 in chips) 
Seat 7: KemiKings ($2 in chips) 
Seat 8: Dorex2007 ($2 in chips) 
Seat 9: Novikov_PM ($4.81 in chips) 
ADosjky: posts small blind $0.01
panKastus: posts big blind $0.02
*** HOLE CARDS ***
Dealt to Dorex2007 [Kh Qh]
KemiKings: folds 
Dorex2007: raises $0.02 to $0.04
Novikov_PM: raises $0.10 to $0.14
1Asthma1: folds 
IldeRider01: folds 
linemenmoney: folds 
tallmanjermz: folds 
ADosjky: folds 
panKastus: folds 
Dorex2007: calls $0.10
*** FLOP *** [As 2h Ah]
Dorex2007: checks 
Novikov_PM: bets $0.10
Dorex2007: calls $0.10
*** TURN *** [As 2h Ah] [4s]
Dorex2007: checks 
Novikov_PM: checks 
*** RIVER *** [As 2h Ah 4s] [6s]
Dorex2007: bets $0.49
Novikov_PM: folds 
Uncalled bet ($0.49) returned to Dorex2007
Dorex2007 collected $0.49 from pot
Dorex2007: doesn't show hand 
*** SUMMARY ***
Total pot $0.51 | Rake $0.02 
Board [As 2h Ah 4s 6s]
Seat 1: 1Asthma1 folded before Flop (didn't bet)
Seat 2: IldeRider01 folded before Flop (didn't bet)
Seat 3: linemenmoney folded before Flop (didn't bet)
Seat 4: tallmanjermz (button) folded before Flop (didn't bet)
Seat 5: ADosjky (small blind) folded before Flop
Seat 6: panKastus (big blind) folded before Flop
Seat 7: KemiKings folded before Flop (didn't bet)
Seat 8: Dorex2007 collected ($0.49)
Seat 9: Novikov_PM folded on the River



PokerStars Hand #231250047474:  Hold'em No Limit ($0.01/$0.02 USD) - 2021/11/08 14:15:23 PT [2021/11/08 17:15:23 ET]
Table 'Alcyone III' 9-max Seat #5 is the button
Seat 1: 1Asthma1 ($2.09 in chips) 
Seat 2: IldeRider01 ($2.92 in chips) 
Seat 3: linemenmoney ($3.86 in chips) 
Seat 4: tallmanjermz ($1.65 in chips) 
Seat 5: ADosjky ($2.33 in chips) 
Seat 6: panKastus ($1.20 in chips) 
Seat 7: KemiKings ($2 in chips) 
Seat 8: Dorex2007 ($2.25 in chips) 
Seat 9: Novikov_PM ($4.57 in chips) 
panKastus: posts small blind $0.01
KemiKings: posts big blind $0.02
*** HOLE CARDS ***
Dealt to Dorex2007 [8h 4c]
Dorex2007: folds 
Novikov_PM: folds 
1Asthma1: folds 
IldeRider01: folds 
linemenmoney: calls $0.02
tallmanjermz: calls $0.02
ADosjky: folds 
panKastus: folds 
KemiKings: checks 
*** FLOP *** [6c 3h Ad]
KemiKings: checks 
linemenmoney: bets $0.02
tallmanjermz: calls $0.02
KemiKings: calls $0.02
*** TURN *** [6c 3h Ad] [Kd]
KemiKings: checks 
linemenmoney: checks 
tallmanjermz: bets $0.02
KemiKings: calls $0.02
linemenmoney: folds 
*** RIVER *** [6c 3h Ad Kd] [Td]
KemiKings: checks 
tallmanjermz: bets $0.02
KemiKings: calls $0.02
*** SHOW DOWN ***
tallmanjermz: shows [7s 3s] (a pair of Threes)
KemiKings: shows [7h Ac] (a pair of Aces)
KemiKings collected $0.20 from pot
*** SUMMARY ***
Total pot $0.21 | Rake $0.01 
Board [6c 3h Ad Kd Td]
Seat 1: 1Asthma1 folded before Flop (didn't bet)
Seat 2: IldeRider01 folded before Flop (didn't bet)
Seat 3: linemenmoney folded on the Turn
Seat 4: tallmanjermz showed [7s 3s] and lost with a pair of Threes
Seat 5: ADosjky (button) folded before Flop (didn't bet)
Seat 6: panKastus (small blind) folded before Flop
Seat 7: KemiKings (big blind) showed [7h Ac] and won ($0.20) with a pair of Aces
Seat 8: Dorex2007 folded before Flop (didn't bet)
Seat 9: Novikov_PM folded before Flop (didn't bet)



PokerStars Hand #231250072861:  Hold'em No Limit ($0.01/$0.02 USD) - 2021/11/08 14:16:18 PT [2021/11/08 17:16:18 ET]
Table 'Alcyone III' 9-max Seat #6 is the button
Seat 1: 1Asthma1 ($2.09 in chips) 
Seat 2: IldeRider01 ($2.92 in chips) 
Seat 3: linemenmoney ($3.82 in chips) 
Seat 4: tallmanjermz ($1.57 in chips) 
Seat 5: ADosjky ($2.33 in chips) 
Seat 6: panKastus ($2 in chips) 
Seat 7: KemiKings ($2.12 in chips) 
Seat 8: Dorex2007 ($2.25 in chips) 
Seat 9: Novikov_PM ($4.57 in chips) 
KemiKings: posts small blind $0.01
Dorex2007: posts big blind $0.02
*** HOLE CARDS ***
Dealt to Dorex2007 [5s Ah]
Novikov_PM: folds 
1Asthma1: raises $0.04 to $0.06
IldeRider01: folds 
linemenmoney: folds 
tallmanjermz: calls $0.06
ADosjky: folds 
panKastus: calls $0.06
KemiKings: calls $0.05
Dorex2007: folds 
*** FLOP *** [Jh Kd 4s]
KemiKings: checks 
1Asthma1: checks 
tallmanjermz: checks 
panKastus: checks 
*** TURN *** [Jh Kd 4s] [9d]
KemiKings: checks 
1Asthma1: checks 
tallmanjermz: checks 
panKastus: bets $0.08
KemiKings: calls $0.08
1Asthma1: folds 
tallmanjermz: folds 
*** RIVER *** [Jh Kd 4s 9d] [6s]
KemiKings: checks 
panKastus: checks 
*** SHOW DOWN ***
KemiKings: shows [As 4h] (a pair of Fours)
panKastus: shows [Td Tc] (a pair of Tens)
panKastus collected $0.41 from pot
*** SUMMARY ***
Total pot $0.42 | Rake $0.01 
Board [Jh Kd 4s 9d 6s]
Seat 1: 1Asthma1 folded on the Turn
Seat 2: IldeRider01 folded before Flop (didn't bet)
Seat 3: linemenmoney folded before Flop (didn't bet)
Seat 4: tallmanjermz folded on the Turn
Seat 5: ADosjky folded before Flop (didn't bet)
Seat 6: panKastus (button) showed [Td Tc] and won ($0.41) with a pair of Tens
Seat 7: KemiKings (small blind) showed [As 4h] and lost with a pair of Fours
Seat 8: Dorex2007 (big blind) folded before Flop
Seat 9: Novikov_PM folded before Flop (didn't bet)



PokerStars Hand #231250102033:  Hold'em No Limit ($0.01/$0.02 USD) - 2021/11/08 14:17:21 PT [2021/11/08 17:17:21 ET]
Table 'Alcyone III' 9-max Seat #7 is the button
Seat 1: 1Asthma1 ($2.03 in chips) 
Seat 2: IldeRider01 ($2.92 in chips) 
Seat 3: linemenmoney ($3.82 in chips) 
Seat 4: tallmanjermz ($1.51 in chips) 
Seat 5: ADosjky ($2.33 in chips) 
Seat 6: panKastus ($2.27 in chips) 
Seat 7: KemiKings ($2 in chips) 
Seat 8: Dorex2007 ($2.23 in chips) 
Seat 9: Novikov_PM ($4.57 in chips) 
Dorex2007: posts small blind $0.01
Novikov_PM: posts big blind $0.02
*** HOLE CARDS ***
Dealt to Dorex2007 [2h 7d]
1Asthma1: folds 
IldeRider01: calls $0.02
linemenmoney: folds 
tallmanjermz: raises $0.02 to $0.04
ADosjky: folds 
linemenmoney leaves the table
panKastus: raises $0.10 to $0.14
KemiKings: calls $0.14
Dorex2007: folds 
Husden joins the table at seat #3 
Novikov_PM: folds 
IldeRider01: folds 
tallmanjermz: calls $0.10
*** FLOP *** [Qd 7s 8d]
tallmanjermz: checks 
panKastus: bets $0.23
KemiKings: calls $0.23
tallmanjermz: folds 
*** TURN *** [Qd 7s 8d] [7c]
panKastus: bets $0.20
KemiKings: calls $0.20
*** RIVER *** [Qd 7s 8d 7c] [4d]
panKastus: bets $0.02
KemiKings: calls $0.02
*** SHOW DOWN ***
panKastus: shows [Th Td] (two pair, Tens and Sevens)
KemiKings: shows [Qh 9h] (two pair, Queens and Sevens)
KemiKings collected $1.32 from pot
*** SUMMARY ***
Total pot $1.37 | Rake $0.05 
Board [Qd 7s 8d 7c 4d]
Seat 1: 1Asthma1 folded before Flop (didn't bet)
Seat 2: IldeRider01 folded before Flop
Seat 3: linemenmoney folded before Flop (didn't bet)
Seat 4: tallmanjermz folded on the Flop
Seat 5: ADosjky folded before Flop (didn't bet)
Seat 6: panKastus showed [Th Td] and lost with two pair, Tens and Sevens
Seat 7: KemiKings (button) showed [Qh 9h] and won ($1.32) with two pair, Queens and Sevens
Seat 8: Dorex2007 (small blind) folded before Flop
Seat 9: Novikov_PM (big blind) folded before Flop



PokerStars Hand #231250124179:  Hold'em No Limit ($0.01/$0.02 USD) - 2021/11/08 14:18:09 PT [2021/11/08 17:18:09 ET]
Table 'Alcyone III' 9-max Seat #8 is the button
Seat 1: 1Asthma1 ($2.03 in chips) 
Seat 2: IldeRider01 ($2.90 in chips) 
Seat 3: Husden ($1.60 in chips) 
Seat 4: tallmanjermz ($1.37 in chips) 
Seat 5: ADosjky ($2.33 in chips) 
Seat 6: panKastus ($1.68 in chips) 
Seat 7: KemiKings ($2.73 in chips) 
Seat 8: Dorex2007 ($2.22 in chips) 
Seat 9: Novikov_PM ($4.55 in chips) 
Novikov_PM: posts small blind $0.01
1Asthma1: posts big blind $0.02
Husden: posts big blind $0.02
*** HOLE CARDS ***
Dealt to Dorex2007 [7d Th]
IldeRider01: folds 
Husden: checks 
tallmanjermz: folds 
ADosjky: folds 
panKastus: folds 
KemiKings: folds 
Dorex2007: folds 
Novikov_PM: folds 
1Asthma1: checks 
*** FLOP *** [3c Qh 3s]
1Asthma1: checks 
Husden: checks 
*** TURN *** [3c Qh 3s] [9c]
1Asthma1: checks 
Husden: checks 
*** RIVER *** [3c Qh 3s 9c] [Jd]
1Asthma1: checks 
Husden: checks 
*** SHOW DOWN ***
1Asthma1: shows [4c Js] (two pair, Jacks and Threes)
Husden: shows [Kc Jh] (two pair, Jacks and Threes - King kicker)
Husden collected $0.05 from pot
*** SUMMARY ***
Total pot $0.05 | Rake $0 
Board [3c Qh 3s 9c Jd]
Seat 1: 1Asthma1 (big blind) showed [4c Js] and lost with two pair, Jacks and Threes
Seat 2: IldeRider01 folded before Flop (didn't bet)
Seat 3: Husden showed [Kc Jh] and won ($0.05) with two pair, Jacks and Threes
Seat 4: tallmanjermz folded before Flop (didn't bet)
Seat 5: ADosjky folded before Flop (didn't bet)
Seat 6: panKastus folded before Flop (didn't bet)
Seat 7: KemiKings folded before Flop (didn't bet)
Seat 8: Dorex2007 (button) folded before Flop (didn't bet)
Seat 9: Novikov_PM (small blind) folded before Flop



PokerStars Hand #231250144646:  Hold'em No Limit ($0.01/$0.02 USD) - 2021/11/08 14:18:54 PT [2021/11/08 17:18:54 ET]
Table 'Alcyone III' 9-max Seat #9 is the button
Seat 1: 1Asthma1 ($2.01 in chips) 
Seat 2: IldeRider01 ($2.90 in chips) 
Seat 3: Husden ($1.63 in chips) 
Seat 4: tallmanjermz ($1.37 in chips) 
Seat 5: ADosjky ($2.33 in chips) 
Seat 6: panKastus ($1.68 in chips) 
Seat 7: KemiKings ($2.73 in chips) 
Seat 8: Dorex2007 ($2.22 in chips) 
Seat 9: Novikov_PM ($4.54 in chips) 
1Asthma1: posts small blind $0.01
IldeRider01: posts big blind $0.02
*** HOLE CARDS ***
Dealt to Dorex2007 [4c 6c]
Husden: folds 
tallmanjermz: folds 
ADosjky: folds 
panKastus: folds 
KemiKings: raises $0.04 to $0.06
Dorex2007: folds 
Novikov_PM: folds 
1Asthma1: folds 
IldeRider01: folds 
Uncalled bet ($0.04) returned to KemiKings
KemiKings collected $0.05 from pot
KemiKings: doesn't show hand 
*** SUMMARY ***
Total pot $0.05 | Rake $0 
Seat 1: 1Asthma1 (small blind) folded before Flop
Seat 2: IldeRider01 (big blind) folded before Flop
Seat 3: Husden folded before Flop (didn't bet)
Seat 4: tallmanjermz folded before Flop (didn't bet)
Seat 5: ADosjky folded before Flop (didn't bet)
Seat 6: panKastus folded before Flop (didn't bet)
Seat 7: KemiKings collected ($0.05)
Seat 8: Dorex2007 folded before Flop (didn't bet)
Seat 9: Novikov_PM (button) folded before Flop (didn't bet)



PokerStars Hand #231250153255:  Hold'em No Limit ($0.01/$0.02 USD) - 2021/11/08 14:19:13 PT [2021/11/08 17:19:13 ET]
Table 'Alcyone III' 9-max Seat #1 is the button
Seat 1: 1Asthma1 ($2 in chips) 
Seat 2: IldeRider01 ($2.88 in chips) 
Seat 3: Husden ($1.63 in chips) 
Seat 4: tallmanjermz ($1.37 in chips) 
Seat 5: ADosjky ($2.33 in chips) 
Seat 6: panKastus ($1.68 in chips) 
Seat 7: KemiKings ($2.76 in chips) 
Seat 8: Dorex2007 ($2.22 in chips) 
Seat 9: Novikov_PM ($4.54 in chips) 
IldeRider01: posts small blind $0.01
Husden: posts big blind $0.02
*** HOLE CARDS ***
Dealt to Dorex2007 [3h Ah]
tallmanjermz: folds 
ADosjky: raises $0.04 to $0.06
panKastus: folds 
KemiKings: calls $0.06
Dorex2007: calls $0.06
Novikov_PM: calls $0.06
1Asthma1: folds 
IldeRider01: calls $0.05
Husden: folds 
*** FLOP *** [9s 5s 3s]
IldeRider01: checks 
ADosjky: checks 
KemiKings: checks 
Dorex2007: bets $0.06
Novikov_PM: folds 
IldeRider01: calls $0.06
ADosjky: folds 
KemiKings: folds 
*** TURN *** [9s 5s 3s] [9h]
IldeRider01: bets $0.42
Dorex2007: folds 
Uncalled bet ($0.42) returned to IldeRider01
IldeRider01 collected $0.42 from pot
IldeRider01: doesn't show hand 
*** SUMMARY ***
Total pot $0.44 | Rake $0.02 
Board [9s 5s 3s 9h]
Seat 1: 1Asthma1 (button) folded before Flop (didn't bet)
Seat 2: IldeRider01 (small blind) collected ($0.42)
Seat 3: Husden (big blind) folded before Flop
Seat 4: tallmanjermz folded before Flop (didn't bet)
Seat 5: ADosjky folded on the Flop
Seat 6: panKastus folded before Flop (didn't bet)
Seat 7: KemiKings folded on the Flop
Seat 8: Dorex2007 folded on the Turn
Seat 9: Novikov_PM folded on the Flop



PokerStars Hand #231250181079:  Hold'em No Limit ($0.01/$0.02 USD) - 2021/11/08 14:20:13 PT [2021/11/08 17:20:13 ET]
Table 'Alcyone III' 9-max Seat #2 is the button
Seat 1: 1Asthma1 ($2 in chips) 
Seat 2: IldeRider01 ($3.18 in chips) 
Seat 3: Husden ($1.61 in chips) 
Seat 4: tallmanjermz ($1.37 in chips) 
Seat 5: ADosjky ($2.27 in chips) 
Seat 6: panKastus ($1.68 in chips) 
Seat 7: KemiKings ($2.70 in chips) 
Seat 8: Dorex2007 ($2.10 in chips) 
Seat 9: Novikov_PM ($4.48 in chips) 
Husden: posts small blind $0.01
tallmanjermz: posts big blind $0.02
*** HOLE CARDS ***
Dealt to Dorex2007 [Qh 9d]
ADosjky: folds 
panKastus: folds 
KemiKings: raises $0.04 to $0.06
Dorex2007: folds 
Novikov_PM: folds 
1Asthma1: folds 
IldeRider01: folds 
Husden: calls $0.05
tallmanjermz: folds 
*** FLOP *** [6c Kh Td]
Husden: checks 
KemiKings: bets $0.07
Husden: calls $0.07
*** TURN *** [6c Kh Td] [Th]
Husden: checks 
KemiKings: checks 
*** RIVER *** [6c Kh Td Th] [6s]
Husden: bets $0.27
KemiKings: folds 
Uncalled bet ($0.27) returned to Husden
1Asthma1 leaves the table
Husden collected $0.27 from pot
Husden: doesn't show hand 
*** SUMMARY ***
Total pot $0.28 | Rake $0.01 
Board [6c Kh Td Th 6s]
Seat 1: 1Asthma1 folded before Flop (didn't bet)
Seat 2: IldeRider01 (button) folded before Flop (didn't bet)
Seat 3: Husden (small blind) collected ($0.27)
Seat 4: tallmanjermz (big blind) folded before Flop
Seat 5: ADosjky folded before Flop (didn't bet)
Seat 6: panKastus folded before Flop (didn't bet)
Seat 7: KemiKings folded on the River
Seat 8: Dorex2007 folded before Flop (didn't bet)
Seat 9: Novikov_PM folded before Flop (didn't bet)



PokerStars Hand #231250199161:  Hold'em No Limit ($0.01/$0.02 USD) - 2021/11/08 14:20:54 PT [2021/11/08 17:20:54 ET]
Table 'Alcyone III' 9-max Seat #3 is the button
Seat 2: IldeRider01 ($3.18 in chips) 
Seat 3: Husden ($1.75 in chips) 
Seat 4: tallmanjermz ($1.35 in chips) 
Seat 5: ADosjky ($2.27 in chips) 
Seat 6: panKastus ($1.68 in chips) 
Seat 7: KemiKings ($2.57 in chips) 
Seat 8: Dorex2007 ($2.10 in chips) 
Seat 9: Novikov_PM ($4.48 in chips) 
tallmanjermz: posts small blind $0.01
ADosjky: posts big blind $0.02
*** HOLE CARDS ***
Dealt to Dorex2007 [Qd 8d]
panKastus: folds 
KemiKings: folds 
Dorex2007: folds 
Novikov_PM: folds 
IldeRider01: folds 
Husden: folds 
tallmanjermz: folds 
Uncalled bet ($0.01) returned to ADosjky
ADosjky collected $0.02 from pot
ADosjky: doesn't show hand 
*** SUMMARY ***
Total pot $0.02 | Rake $0 
Seat 2: IldeRider01 folded before Flop (didn't bet)
Seat 3: Husden (button) folded before Flop (didn't bet)
Seat 4: tallmanjermz (small blind) folded before Flop
Seat 5: ADosjky (big blind) collected ($0.02)
Seat 6: panKastus folded before Flop (didn't bet)
Seat 7: KemiKings folded before Flop (didn't bet)
Seat 8: Dorex2007 folded before Flop (didn't bet)
Seat 9: Novikov_PM folded before Flop (didn't bet)



PokerStars Hand #231250207803:  Hold'em No Limit ($0.01/$0.02 USD) - 2021/11/08 14:21:12 PT [2021/11/08 17:21:12 ET]
Table 'Alcyone III' 9-max Seat #4 is the button
Seat 2: IldeRider01 ($3.18 in chips) 
Seat 3: Husden ($1.75 in chips) 
Seat 4: tallmanjermz ($1.34 in chips) 
Seat 5: ADosjky ($2.28 in chips) 
Seat 6: panKastus ($1.68 in chips) 
Seat 7: KemiKings ($2.57 in chips) 
Seat 8: Dorex2007 ($2.10 in chips) 
Seat 9: Novikov_PM ($4.48 in chips) 
ADosjky: posts small blind $0.01
panKastus: posts big blind $0.02
*** HOLE CARDS ***
Dealt to Dorex2007 [7d As]
George Grats joins the table at seat #1 
KemiKings: folds 
Dorex2007: folds 
Novikov_PM: folds 
IldeRider01: folds 
Husden: folds 
tallmanjermz: raises $0.02 to $0.04
ADosjky: folds 
panKastus: raises $1.64 to $1.68 and is all-in
tallmanjermz: folds 
Uncalled bet ($1.64) returned to panKastus
panKastus collected $0.09 from pot
panKastus: doesn't show hand 
*** SUMMARY ***
Total pot $0.09 | Rake $0 
Seat 2: IldeRider01 folded before Flop (didn't bet)
Seat 3: Husden folded before Flop (didn't bet)
Seat 4: tallmanjermz (button) folded before Flop
Seat 5: ADosjky (small blind) folded before Flop
Seat 6: panKastus (big blind) collected ($0.09)
Seat 7: KemiKings folded before Flop (didn't bet)
Seat 8: Dorex2007 folded before Flop (didn't bet)
Seat 9: Novikov_PM folded before Flop (didn't bet)



PokerStars Hand #231250219938:  Hold'em No Limit ($0.01/$0.02 USD) - 2021/11/08 14:21:39 PT [2021/11/08 17:21:39 ET]
Table 'Alcyone III' 9-max Seat #5 is the button
Seat 2: IldeRider01 ($3.18 in chips) 
Seat 3: Husden ($1.75 in chips) 
Seat 4: tallmanjermz ($1.30 in chips) 
Seat 5: ADosjky ($2.27 in chips) 
Seat 6: panKastus ($1.73 in chips) 
Seat 7: KemiKings ($2.57 in chips) 
Seat 8: Dorex2007 ($2.10 in chips) 
Seat 9: Novikov_PM ($4.48 in chips) 
panKastus: posts small blind $0.01
KemiKings: posts big blind $0.02
George Grats: sits out 
*** HOLE CARDS ***
Dealt to Dorex2007 [4s 2s]
Dorex2007: folds 
Novikov_PM: folds 
IldeRider01: folds 
Husden: folds 
tallmanjermz: calls $0.02
ADosjky: folds 
panKastus: folds 
KemiKings: checks 
*** FLOP *** [3d 7h 6h]
KemiKings: checks 
tallmanjermz: checks 
*** TURN *** [3d 7h 6h] [Ts]
KemiKings: checks 
tallmanjermz: checks 
*** RIVER *** [3d 7h 6h Ts] [3s]
KemiKings: checks 
tallmanjermz: checks 
*** SHOW DOWN ***
KemiKings: shows [9h 5c] (a pair of Threes)
tallmanjermz: shows [9s 5s] (a pair of Threes)
KemiKings collected $0.03 from pot
tallmanjermz collected $0.02 from pot
*** SUMMARY ***
Total pot $0.05 | Rake $0 
Board [3d 7h 6h Ts 3s]
Seat 2: IldeRider01 folded before Flop (didn't bet)
Seat 3: Husden folded before Flop (didn't bet)
Seat 4: tallmanjermz showed [9s 5s] and won ($0.02) with a pair of Threes
Seat 5: ADosjky (button) folded before Flop (didn't bet)
Seat 6: panKastus (small blind) folded before Flop
Seat 7: KemiKings (big blind) showed [9h 5c] and won ($0.03) with a pair of Threes
Seat 8: Dorex2007 folded before Flop (didn't bet)
Seat 9: Novikov_PM folded before Flop (didn't bet)



PokerStars Hand #231250234509:  Hold'em No Limit ($0.01/$0.02 USD) - 2021/11/08 14:22:11 PT [2021/11/08 17:22:11 ET]
Table 'Alcyone III' 9-max Seat #6 is the button
Seat 2: IldeRider01 ($3.18 in chips) 
Seat 3: Husden ($1.75 in chips) 
Seat 4: tallmanjermz ($1.30 in chips) 
Seat 5: ADosjky ($2.27 in chips) 
Seat 6: panKastus ($1.72 in chips) 
Seat 7: KemiKings ($2.58 in chips) 
Seat 8: Dorex2007 ($2.10 in chips) 
Seat 9: Novikov_PM ($4.48 in chips) 
KemiKings: posts small blind $0.01
Dorex2007: posts big blind $0.02
George Grats: sits out 
*** HOLE CARDS ***
Dealt to Dorex2007 [2c Ah]
Novikov_PM: folds 
IldeRider01: raises $0.04 to $0.06
Husden: folds 
tallmanjermz: calls $0.06
ADosjky: folds 
panKastus: folds 
KemiKings: folds 
Dorex2007: calls $0.04
*** FLOP *** [Th 4c Qc]
Dorex2007: checks 
IldeRider01: bets $0.14
tallmanjermz: folds 
Dorex2007: folds 
Uncalled bet ($0.14) returned to IldeRider01
IldeRider01 collected $0.18 from pot
IldeRider01: doesn't show hand 
*** SUMMARY ***
Total pot $0.19 | Rake $0.01 
Board [Th 4c Qc]
Seat 2: IldeRider01 collected ($0.18)
Seat 3: Husden folded before Flop (didn't bet)
Seat 4: tallmanjermz folded on the Flop
Seat 5: ADosjky folded before Flop (didn't bet)
Seat 6: panKastus (button) folded before Flop (didn't bet)
Seat 7: KemiKings (small blind) folded before Flop
Seat 8: Dorex2007 (big blind) folded on the Flop
Seat 9: Novikov_PM folded before Flop (didn't bet)



PokerStars Hand #231250247609:  Hold'em No Limit ($0.01/$0.02 USD) - 2021/11/08 14:22:40 PT [2021/11/08 17:22:40 ET]
Table 'Alcyone III' 9-max Seat #7 is the button
Seat 2: IldeRider01 ($3.30 in chips) 
Seat 3: Husden ($1.75 in chips) 
Seat 4: tallmanjermz ($1.24 in chips) 
Seat 5: ADosjky ($2.27 in chips) 
Seat 6: panKastus ($1.72 in chips) 
Seat 7: KemiKings ($2.57 in chips) 
Seat 8: Dorex2007 ($2.04 in chips) 
Seat 9: Novikov_PM ($4.48 in chips) 
Dorex2007: posts small blind $0.01
Novikov_PM: posts big blind $0.02
George Grats: sits out 
*** HOLE CARDS ***
Dealt to Dorex2007 [7c Tc]
IldeRider01: calls $0.02
Husden: folds 
tallmanjermz: raises $0.02 to $0.04
ADosjky: folds 
panKastus: folds 
KemiKings: raises $0.08 to $0.12
Dorex2007: folds 
Novikov_PM: folds 
IldeRider01: folds 
tallmanjermz: calls $0.08
*** FLOP *** [6s 5s 8c]
tallmanjermz: bets $0.06
KemiKings: raises $0.12 to $0.18
tallmanjermz: calls $0.12
*** TURN *** [6s 5s 8c] [Jd]
tallmanjermz: checks 
KemiKings: bets $0.32
tallmanjermz: folds 
Uncalled bet ($0.32) returned to KemiKings
KemiKings collected $0.63 from pot
KemiKings: doesn't show hand 
*** SUMMARY ***
Total pot $0.65 | Rake $0.02 
Board [6s 5s 8c Jd]
Seat 2: IldeRider01 folded before Flop
Seat 3: Husden folded before Flop (didn't bet)
Seat 4: tallmanjermz folded on the Turn
Seat 5: ADosjky folded before Flop (didn't bet)
Seat 6: panKastus folded before Flop (didn't bet)
Seat 7: KemiKings (button) collected ($0.63)
Seat 8: Dorex2007 (small blind) folded before Flop
Seat 9: Novikov_PM (big blind) folded before Flop



PokerStars Hand #231250281570:  Hold'em No Limit ($0.01/$0.02 USD) - 2021/11/08 14:23:56 PT [2021/11/08 17:23:56 ET]
Table 'Alcyone III' 9-max Seat #8 is the button
Seat 1: George Grats ($2 in chips) 
Seat 2: IldeRider01 ($3.28 in chips) 
Seat 3: Husden ($1.75 in chips) 
Seat 4: tallmanjermz ($0.94 in chips) 
Seat 5: ADosjky ($2.27 in chips) 
Seat 6: panKastus ($1.72 in chips) 
Seat 7: KemiKings ($2.90 in chips) 
Seat 8: Dorex2007 ($2.03 in chips) 
Seat 9: Novikov_PM ($4.46 in chips) 
Novikov_PM: posts small blind $0.01
George Grats: posts big blind $0.02
*** HOLE CARDS ***
Dealt to Dorex2007 [Kd 5h]
IldeRider01: folds 
Husden: folds 
tallmanjermz: folds 
ADosjky: raises $0.06 to $0.08
panKastus: folds 
KemiKings: folds 
Dorex2007: folds 
Novikov_PM: raises $0.16 to $0.24
George Grats: folds 
ADosjky: calls $0.16
*** FLOP *** [Kh 6s 9d]
Novikov_PM: bets $0.24
ADosjky: folds 
Uncalled bet ($0.24) returned to Novikov_PM
Novikov_PM collected $0.48 from pot
Novikov_PM: doesn't show hand 
*** SUMMARY ***
Total pot $0.50 | Rake $0.02 
Board [Kh 6s 9d]
Seat 1: George Grats (big blind) folded before Flop
Seat 2: IldeRider01 folded before Flop (didn't bet)
Seat 3: Husden folded before Flop (didn't bet)
Seat 4: tallmanjermz folded before Flop (didn't bet)
Seat 5: ADosjky folded on the Flop
Seat 6: panKastus folded before Flop (didn't bet)
Seat 7: KemiKings folded before Flop (didn't bet)
Seat 8: Dorex2007 (button) folded before Flop (didn't bet)
Seat 9: Novikov_PM (small blind) collected ($0.48)



PokerStars Hand #231250308151:  Hold'em No Limit ($0.01/$0.02 USD) - 2021/11/08 14:24:54 PT [2021/11/08 17:24:54 ET]
Table 'Alcyone III' 9-max Seat #9 is the button
Seat 1: George Grats ($2 in chips) 
Seat 2: IldeRider01 ($3.28 in chips) 
Seat 3: Husden ($1.75 in chips) 
Seat 4: tallmanjermz ($0.94 in chips) 
Seat 5: ADosjky ($2.03 in chips) 
Seat 6: panKastus ($1.72 in chips) 
Seat 7: KemiKings ($2.90 in chips) 
Seat 8: Dorex2007 ($2.03 in chips) 
Seat 9: Novikov_PM ($4.70 in chips) 
George Grats: posts small blind $0.01
IldeRider01: posts big blind $0.02
*** HOLE CARDS ***
Dealt to Dorex2007 [3d Js]
Husden: folds 
tallmanjermz: folds 
ADosjky: folds 
panKastus: folds 
KemiKings: raises $0.04 to $0.06
Dorex2007: folds 
Novikov_PM: folds 
George Grats: folds 
IldeRider01: calls $0.04
*** FLOP *** [6s 5s 6h]
IldeRider01: checks 
KemiKings: checks 
*** TURN *** [6s 5s 6h] [3s]
IldeRider01: checks 
KemiKings: checks 
*** RIVER *** [6s 5s 6h 3s] [Qs]
IldeRider01: checks 
KemiKings: checks 
*** SHOW DOWN ***
IldeRider01: shows [Ah Ts] (a flush, Queen high)
KemiKings: mucks hand 
IldeRider01 collected $0.13 from pot
*** SUMMARY ***
Total pot $0.13 | Rake $0 
Board [6s 5s 6h 3s Qs]
Seat 1: George Grats (small blind) folded before Flop
Seat 2: IldeRider01 (big blind) showed [Ah Ts] and won ($0.13) with a flush, Queen high
Seat 3: Husden folded before Flop (didn't bet)
Seat 4: tallmanjermz folded before Flop (didn't bet)
Seat 5: ADosjky folded before Flop (didn't bet)
Seat 6: panKastus folded before Flop (didn't bet)
Seat 7: KemiKings mucked [Td Ad]
Seat 8: Dorex2007 folded before Flop (didn't bet)
Seat 9: Novikov_PM (button) folded before Flop (didn't bet)



PokerStars Hand #231250327380:  Hold'em No Limit ($0.01/$0.02 USD) - 2021/11/08 14:25:37 PT [2021/11/08 17:25:37 ET]
Table 'Alcyone III' 9-max Seat #1 is the button
Seat 1: George Grats ($2 in chips) 
Seat 2: IldeRider01 ($3.35 in chips) 
Seat 3: Husden ($1.75 in chips) 
Seat 4: tallmanjermz ($0.94 in chips) 
Seat 5: ADosjky ($2.03 in chips) 
Seat 7: KemiKings ($2.84 in chips) 
Seat 8: Dorex2007 ($2.03 in chips) 
Seat 9: Novikov_PM ($4.70 in chips) 
IldeRider01: posts small blind $0.01
Husden: posts big blind $0.02
*** HOLE CARDS ***
Dealt to Dorex2007 [8s 3h]
tallmanjermz: folds 
ADosjky: folds 
KemiKings: folds 
Dorex2007: folds 
Novikov_PM: raises $0.04 to $0.06
George Grats: folds 
IldeRider01: folds 
Husden: calls $0.04
*** FLOP *** [5h 8c Td]
Husden: checks 
Novikov_PM: checks 
*** TURN *** [5h 8c Td] [Js]
Husden: bets $0.07
Novikov_PM: calls $0.07
*** RIVER *** [5h 8c Td Js] [4h]
Husden: bets $0.18
Novikov_PM: calls $0.18
*** SHOW DOWN ***
Husden: shows [Qd 9d] (a straight, Eight to Queen)
Novikov_PM: mucks hand 
Husden collected $0.61 from pot
*** SUMMARY ***
Total pot $0.63 | Rake $0.02 
Board [5h 8c Td Js 4h]
Seat 1: George Grats (button) folded before Flop (didn't bet)
Seat 2: IldeRider01 (small blind) folded before Flop
Seat 3: Husden (big blind) showed [Qd 9d] and won ($0.61) with a straight, Eight to Queen
Seat 4: tallmanjermz folded before Flop (didn't bet)
Seat 5: ADosjky folded before Flop (didn't bet)
Seat 7: KemiKings folded before Flop (didn't bet)
Seat 8: Dorex2007 folded before Flop (didn't bet)
Seat 9: Novikov_PM mucked [Jd Ac]



PokerStars Hand #231250368496:  Hold'em No Limit ($0.01/$0.02 USD) - 2021/11/08 14:26:54 PT [2021/11/08 17:26:54 ET]
Table 'Alcyone III' 9-max Seat #2 is the button
Seat 1: George Grats ($2 in chips) 
Seat 2: IldeRider01 ($3.34 in chips) 
Seat 3: Husden ($2.05 in chips) 
Seat 4: tallmanjermz ($0.94 in chips) 
Seat 5: ADosjky ($2.03 in chips) 
Seat 7: KemiKings ($2.84 in chips) 
Seat 8: Dorex2007 ($2.03 in chips) 
Seat 9: Novikov_PM ($4.39 in chips) 
Husden: posts small blind $0.01
tallmanjermz: posts big blind $0.02
*** HOLE CARDS ***
Dealt to Dorex2007 [Tc Qd]
ADosjky: raises $0.04 to $0.06
KemiKings: folds 
Dorex2007: folds 
Novikov_PM: folds 
George Grats: folds 
IldeRider01: folds 
Husden: folds 
tallmanjermz: calls $0.04
*** FLOP *** [Qc 7s 5h]
tallmanjermz: checks 
ADosjky: bets $0.08
tallmanjermz: folds 
Uncalled bet ($0.08) returned to ADosjky
ADosjky collected $0.13 from pot
ADosjky: doesn't show hand 
*** SUMMARY ***
Total pot $0.13 | Rake $0 
Board [Qc 7s 5h]
Seat 1: George Grats folded before Flop (didn't bet)
Seat 2: IldeRider01 (button) folded before Flop (didn't bet)
Seat 3: Husden (small blind) folded before Flop
Seat 4: tallmanjermz (big blind) folded on the Flop
Seat 5: ADosjky collected ($0.13)
Seat 7: KemiKings folded before Flop (didn't bet)
Seat 8: Dorex2007 folded before Flop (didn't bet)
Seat 9: Novikov_PM folded before Flop (didn't bet)



PokerStars Hand #231250381861:  Hold'em No Limit ($0.01/$0.02 USD) - 2021/11/08 14:27:23 PT [2021/11/08 17:27:23 ET]
Table 'Alcyone III' 9-max Seat #3 is the button
Seat 1: George Grats ($2 in chips) 
Seat 2: IldeRider01 ($3.34 in chips) 
Seat 3: Husden ($2.04 in chips) 
Seat 4: tallmanjermz ($0.88 in chips) 
Seat 5: ADosjky ($2.10 in chips) 
Seat 7: KemiKings ($2.84 in chips) 
Seat 8: Dorex2007 ($2.03 in chips) 
Seat 9: Novikov_PM ($4.39 in chips) 
tallmanjermz: posts small blind $0.01
ADosjky: posts big blind $0.02
*** HOLE CARDS ***
Dealt to Dorex2007 [6d Kc]
KemiKings: calls $0.02
Dorex2007: folds 
Novikov_PM: folds 
George Grats: folds 
IldeRider01: folds 
Husden: folds 
tallmanjermz: calls $0.01
ADosjky: raises $0.06 to $0.08
KemiKings: calls $0.06
tallmanjermz: calls $0.06
*** FLOP *** [2c Ah 7c]
tallmanjermz: bets $0.23
ADosjky: folds 
KemiKings: folds 
Uncalled bet ($0.23) returned to tallmanjermz
tallmanjermz collected $0.23 from pot
tallmanjermz: doesn't show hand 
*** SUMMARY ***
Total pot $0.24 | Rake $0.01 
Board [2c Ah 7c]
Seat 1: George Grats folded before Flop (didn't bet)
Seat 2: IldeRider01 folded before Flop (didn't bet)
Seat 3: Husden (button) folded before Flop (didn't bet)
Seat 4: tallmanjermz (small blind) collected ($0.23)
Seat 5: ADosjky (big blind) folded on the Flop
Seat 7: KemiKings folded on the Flop
Seat 8: Dorex2007 folded before Flop (didn't bet)
Seat 9: Novikov_PM folded before Flop (didn't bet)



PokerStars Hand #231250399199:  Hold'em No Limit ($0.01/$0.02 USD) - 2021/11/08 14:28:02 PT [2021/11/08 17:28:02 ET]
Table 'Alcyone III' 9-max Seat #4 is the button
Seat 1: George Grats ($2 in chips) 
Seat 2: IldeRider01 ($3.34 in chips) 
Seat 3: Husden ($2.04 in chips) 
Seat 4: tallmanjermz ($1.03 in chips) 
Seat 5: ADosjky ($2.02 in chips) 
Seat 7: KemiKings ($2.76 in chips) 
Seat 8: Dorex2007 ($2.03 in chips) 
Seat 9: Novikov_PM ($4.39 in chips) 
ADosjky: posts small blind $0.01
KemiKings: posts big blind $0.02
*** HOLE CARDS ***
Dealt to Dorex2007 [8c 9d]
Dorex2007: folds 
Novikov_PM: raises $0.04 to $0.06
George Grats: folds 
IldeRider01: folds 
Husden: folds 
tallmanjermz: folds 
ADosjky: folds 
KemiKings: calls $0.04
*** FLOP *** [7c 7d 7s]
KemiKings: checks 
Novikov_PM: checks 
*** TURN *** [7c 7d 7s] [Jd]
KemiKings: bets $0.07
Novikov_PM: folds 
Uncalled bet ($0.07) returned to KemiKings
KemiKings collected $0.13 from pot
KemiKings: doesn't show hand 
*** SUMMARY ***
Total pot $0.13 | Rake $0 
Board [7c 7d 7s Jd]
Seat 1: George Grats folded before Flop (didn't bet)
Seat 2: IldeRider01 folded before Flop (didn't bet)
Seat 3: Husden folded before Flop (didn't bet)
Seat 4: tallmanjermz (button) folded before Flop (didn't bet)
Seat 5: ADosjky (small blind) folded before Flop
Seat 7: KemiKings (big blind) collected ($0.13)
Seat 8: Dorex2007 folded before Flop (didn't bet)
Seat 9: Novikov_PM folded on the Turn



PokerStars Hand #231250414010:  Hold'em No Limit ($0.01/$0.02 USD) - 2021/11/08 14:28:34 PT [2021/11/08 17:28:34 ET]
Table 'Alcyone III' 9-max Seat #5 is the button
Seat 1: George Grats ($2 in chips) 
Seat 2: IldeRider01 ($3.34 in chips) 
Seat 3: Husden ($2.04 in chips) 
Seat 4: tallmanjermz ($1.03 in chips) 
Seat 5: ADosjky ($2.01 in chips) 
Seat 7: KemiKings ($2.83 in chips) 
Seat 8: Dorex2007 ($2.03 in chips) 
Seat 9: Novikov_PM ($4.33 in chips) 
KemiKings: posts small blind $0.01
Dorex2007: posts big blind $0.02
*** HOLE CARDS ***
Dealt to Dorex2007 [9s 3d]
Novikov_PM: folds 
George Grats: folds 
IldeRider01: folds 
Husden: folds 
tallmanjermz: raises $0.04 to $0.06
ADosjky: raises $0.12 to $0.18
KemiKings: folds 
Dorex2007: folds 
tallmanjermz: raises $0.12 to $0.30
ADosjky: calls $0.12
*** FLOP *** [Jd Ks Jh]
tallmanjermz: bets $0.73 and is all-in
ADosjky: folds 
Uncalled bet ($0.73) returned to tallmanjermz
tallmanjermz collected $0.61 from pot
tallmanjermz: doesn't show hand 
*** SUMMARY ***
Total pot $0.63 | Rake $0.02 
Board [Jd Ks Jh]
Seat 1: George Grats folded before Flop (didn't bet)
Seat 2: IldeRider01 folded before Flop (didn't bet)
Seat 3: Husden folded before Flop (didn't bet)
Seat 4: tallmanjermz collected ($0.61)
Seat 5: ADosjky (button) folded on the Flop
Seat 7: KemiKings (small blind) folded before Flop
Seat 8: Dorex2007 (big blind) folded before Flop
Seat 9: Novikov_PM folded before Flop (didn't bet)



PokerStars Hand #231250435671:  Hold'em No Limit ($0.01/$0.02 USD) - 2021/11/08 14:29:22 PT [2021/11/08 17:29:22 ET]
Table 'Alcyone III' 9-max Seat #7 is the button
Seat 1: George Grats ($2 in chips) 
Seat 2: IldeRider01 ($3.34 in chips) 
Seat 3: Husden ($2.04 in chips) 
Seat 4: tallmanjermz ($1.34 in chips) 
Seat 5: ADosjky ($1.71 in chips) 
Seat 7: KemiKings ($2.82 in chips) 
Seat 8: Dorex2007 ($2.01 in chips) 
Seat 9: Novikov_PM ($4.33 in chips) 
Dorex2007: posts small blind $0.01
Novikov_PM: posts big blind $0.02
*** HOLE CARDS ***
Dealt to Dorex2007 [8c 4c]
George Grats: folds 
IldeRider01: folds 
Husden: folds 
tallmanjermz: folds 
ADosjky has timed out
ADosjky: folds 
KemiKings: folds 
Dorex2007: folds 
Uncalled bet ($0.01) returned to Novikov_PM
Novikov_PM collected $0.02 from pot
Novikov_PM: doesn't show hand 
*** SUMMARY ***
Total pot $0.02 | Rake $0 
Seat 1: George Grats folded before Flop (didn't bet)
Seat 2: IldeRider01 folded before Flop (didn't bet)
Seat 3: Husden folded before Flop (didn't bet)
Seat 4: tallmanjermz folded before Flop (didn't bet)
Seat 5: ADosjky folded before Flop (didn't bet)
Seat 7: KemiKings (button) folded before Flop (didn't bet)
Seat 8: Dorex2007 (small blind) folded before Flop
Seat 9: Novikov_PM (big blind) collected ($0.02)



PokerStars Hand #231250448226:  Hold'em No Limit ($0.01/$0.02 USD) - 2021/11/08 14:29:50 PT [2021/11/08 17:29:50 ET]
Table 'Alcyone III' 9-max Seat #8 is the button
Seat 1: George Grats ($2 in chips) 
Seat 2: IldeRider01 ($3.34 in chips) 
Seat 3: Husden ($2.04 in chips) 
Seat 4: tallmanjermz ($1.34 in chips) 
Seat 7: KemiKings ($2.82 in chips) 
Seat 8: Dorex2007 ($2 in chips) 
Seat 9: Novikov_PM ($4.34 in chips) 
Novikov_PM: posts small blind $0.01
George Grats: posts big blind $0.02
*** HOLE CARDS ***
Dealt to Dorex2007 [Kd 3d]
IldeRider01: folds 
Husden: folds 
tallmanjermz: folds 
KemiKings: raises $0.04 to $0.06
Dorex2007: folds 
Novikov_PM: folds 
George Grats: folds 
Uncalled bet ($0.04) returned to KemiKings
KemiKings collected $0.05 from pot
KemiKings: doesn't show hand 
*** SUMMARY ***
Total pot $0.05 | Rake $0 
Seat 1: George Grats (big blind) folded before Flop
Seat 2: IldeRider01 folded before Flop (didn't bet)
Seat 3: Husden folded before Flop (didn't bet)
Seat 4: tallmanjermz folded before Flop (didn't bet)
Seat 7: KemiKings collected ($0.05)
Seat 8: Dorex2007 (button) folded before Flop (didn't bet)
Seat 9: Novikov_PM (small blind) folded before Flop



PokerStars Hand #231250457465:  Hold'em No Limit ($0.01/$0.02 USD) - 2021/11/08 14:30:11 PT [2021/11/08 17:30:11 ET]
Table 'Alcyone III' 9-max Seat #9 is the button
Seat 1: George Grats ($2 in chips) 
Seat 2: IldeRider01 ($3.34 in chips) 
Seat 3: Husden ($2.04 in chips) 
Seat 4: tallmanjermz ($1.34 in chips) 
Seat 7: KemiKings ($2.85 in chips) 
Seat 8: Dorex2007 ($2 in chips) 
Seat 9: Novikov_PM ($4.33 in chips) 
George Grats: posts small blind $0.01
IldeRider01: posts big blind $0.02
*** HOLE CARDS ***
Dealt to Dorex2007 [2c 7d]
Husden: folds 
tallmanjermz: calls $0.02
KemiKings: folds 
Dorex2007: folds 
Novikov_PM: folds 
George Grats: raises $0.25 to $0.27
IldeRider01: folds 
tallmanjermz: folds 
Uncalled bet ($0.25) returned to George Grats
George Grats collected $0.06 from pot
George Grats: doesn't show hand 
*** SUMMARY ***
Total pot $0.06 | Rake $0 
Seat 1: George Grats (small blind) collected ($0.06)
Seat 2: IldeRider01 (big blind) folded before Flop
Seat 3: Husden folded before Flop (didn't bet)
Seat 4: tallmanjermz folded before Flop
Seat 7: KemiKings folded before Flop (didn't bet)
Seat 8: Dorex2007 folded before Flop (didn't bet)
Seat 9: Novikov_PM (button) folded before Flop (didn't bet)



PokerStars Hand #231250466501:  Hold'em No Limit ($0.01/$0.02 USD) - 2021/11/08 14:30:31 PT [2021/11/08 17:30:31 ET]
Table 'Alcyone III' 9-max Seat #1 is the button
Seat 1: George Grats ($2.04 in chips) 
Seat 2: IldeRider01 ($3.32 in chips) 
Seat 3: Husden ($2.04 in chips) 
Seat 4: tallmanjermz ($1.32 in chips) 
Seat 5: ADosjky ($1.71 in chips) 
Seat 7: KemiKings ($2.85 in chips) 
Seat 8: Dorex2007 ($2 in chips) 
Seat 9: Novikov_PM ($4.33 in chips) 
IldeRider01: posts small blind $0.01
Husden: posts big blind $0.02
*** HOLE CARDS ***
Dealt to Dorex2007 [2d 2c]
tallmanjermz: folds 
ADosjky: folds 
KemiKings: calls $0.02
Dorex2007: calls $0.02
Novikov_PM: folds 
George Grats: folds 
IldeRider01: calls $0.01
Husden: checks 
*** FLOP *** [Tc Ad 4d]
IldeRider01: checks 
Husden: checks 
KemiKings: checks 
Dorex2007: bets $0.02
IldeRider01: raises $0.06 to $0.08
Husden: folds 
KemiKings: folds 
Dorex2007: folds 
Uncalled bet ($0.06) returned to IldeRider01
IldeRider01 collected $0.12 from pot
IldeRider01: doesn't show hand 
*** SUMMARY ***
Total pot $0.12 | Rake $0 
Board [Tc Ad 4d]
Seat 1: George Grats (button) folded before Flop (didn't bet)
Seat 2: IldeRider01 (small blind) collected ($0.12)
Seat 3: Husden (big blind) folded on the Flop
Seat 4: tallmanjermz folded before Flop (didn't bet)
Seat 5: ADosjky folded before Flop (didn't bet)
Seat 7: KemiKings folded on the Flop
Seat 8: Dorex2007 folded on the Flop
Seat 9: Novikov_PM folded before Flop (didn't bet)



PokerStars Hand #231250488561:  Hold'em No Limit ($0.01/$0.02 USD) - 2021/11/08 14:31:21 PT [2021/11/08 17:31:21 ET]
Table 'Alcyone III' 9-max Seat #2 is the button
Seat 1: George Grats ($2.04 in chips) 
Seat 2: IldeRider01 ($3.40 in chips) 
Seat 3: Husden ($2.02 in chips) 
Seat 4: tallmanjermz ($1.32 in chips) 
Seat 5: ADosjky ($1.71 in chips) 
Seat 7: KemiKings ($2.83 in chips) 
Seat 8: Dorex2007 ($2 in chips) 
Seat 9: Novikov_PM ($4.33 in chips) 
Husden: posts small blind $0.01
tallmanjermz: posts big blind $0.02
panKastus: sits out 
*** HOLE CARDS ***
Dealt to Dorex2007 [Ks Th]
ADosjky: folds 
KemiKings: raises $0.04 to $0.06
Dorex2007: folds 
Novikov_PM: folds 
George Grats: folds 
IldeRider01: folds 
Husden: calls $0.05
tallmanjermz: folds 
*** FLOP *** [3d 2c Kc]
Husden: checks 
KemiKings: bets $0.07
Husden: folds 
Uncalled bet ($0.07) returned to KemiKings
KemiKings collected $0.14 from pot
KemiKings: doesn't show hand 
*** SUMMARY ***
Total pot $0.14 | Rake $0 
Board [3d 2c Kc]
Seat 1: George Grats folded before Flop (didn't bet)
Seat 2: IldeRider01 (button) folded before Flop (didn't bet)
Seat 3: Husden (small blind) folded on the Flop
Seat 4: tallmanjermz (big blind) folded before Flop
Seat 5: ADosjky folded before Flop (didn't bet)
Seat 7: KemiKings collected ($0.14)
Seat 8: Dorex2007 folded before Flop (didn't bet)
Seat 9: Novikov_PM folded before Flop (didn't bet)



PokerStars Hand #231250504356:  Hold'em No Limit ($0.01/$0.02 USD) - 2021/11/08 14:31:56 PT [2021/11/08 17:31:56 ET]
Table 'Alcyone III' 9-max Seat #3 is the button
Seat 1: George Grats ($2.04 in chips) 
Seat 2: IldeRider01 ($3.40 in chips) 
Seat 3: Husden ($1.96 in chips) 
Seat 4: tallmanjermz ($1.30 in chips) 
Seat 5: ADosjky ($1.71 in chips) 
Seat 7: KemiKings ($2.91 in chips) 
Seat 8: Dorex2007 ($2 in chips) 
Seat 9: Novikov_PM ($4.33 in chips) 
tallmanjermz: posts small blind $0.01
ADosjky: posts big blind $0.02
panKastus: sits out 
*** HOLE CARDS ***
Dealt to Dorex2007 [9s 7s]
KemiKings: folds 
Dorex2007: folds 
Novikov_PM: folds 
George Grats: raises $0.04 to $0.06
IldeRider01: folds 
Husden: calls $0.06
tallmanjermz: folds 
ADosjky: calls $0.04
*** FLOP *** [7d Qs Qd]
ADosjky: bets $0.10
George Grats: calls $0.10
Husden: folds 
*** TURN *** [7d Qs Qd] [2d]
ADosjky: bets $0.20
George Grats: calls $0.20
*** RIVER *** [7d Qs Qd 2d] [Kd]
ADosjky: bets $0.70
George Grats: raises $0.98 to $1.68 and is all-in
ADosjky: calls $0.65 and is all-in
Uncalled bet ($0.33) returned to George Grats
*** SHOW DOWN ***
George Grats: shows [Jd Qh] (a flush, King high)
ADosjky: shows [7h Ad] (a flush, Ace high)
ADosjky collected $3.37 from pot
*** SUMMARY ***
Total pot $3.49 | Rake $0.12 
Board [7d Qs Qd 2d Kd]
Seat 1: George Grats showed [Jd Qh] and lost with a flush, King high
Seat 2: IldeRider01 folded before Flop (didn't bet)
Seat 3: Husden (button) folded on the Flop
Seat 4: tallmanjermz (small blind) folded before Flop
Seat 5: ADosjky (big blind) showed [7h Ad] and won ($3.37) with a flush, Ace high
Seat 7: KemiKings folded before Flop (didn't bet)
Seat 8: Dorex2007 folded before Flop (didn't bet)
Seat 9: Novikov_PM folded before Flop (didn't bet)



PokerStars Hand #231250539753:  Hold'em No Limit ($0.01/$0.02 USD) - 2021/11/08 14:33:16 PT [2021/11/08 17:33:16 ET]
Table 'Alcyone III' 9-max Seat #4 is the button
Seat 1: George Grats ($2 in chips) 
Seat 2: IldeRider01 ($3.40 in chips) 
Seat 3: Husden ($1.90 in chips) 
Seat 4: tallmanjermz ($1.29 in chips) 
Seat 7: KemiKings ($2.91 in chips) 
Seat 8: Dorex2007 ($2 in chips) 
Seat 9: Novikov_PM ($4.33 in chips) 
KemiKings: posts small blind $0.01
Dorex2007: posts big blind $0.02
*** HOLE CARDS ***
Dealt to Dorex2007 [Jc Qc]
Novikov_PM: folds 
George Grats: folds 
IldeRider01: folds 
Husden: raises $0.03 to $0.05
tallmanjermz: folds 
KemiKings: calls $0.04
Dorex2007: calls $0.03
*** FLOP *** [8h Ks 2h]
KemiKings: checks 
Dorex2007: checks 
Husden: bets $0.07
KemiKings: calls $0.07
Dorex2007: folds 
*** TURN *** [8h Ks 2h] [3d]
KemiKings: checks 
Husden: bets $0.14
KemiKings: calls $0.14
*** RIVER *** [8h Ks 2h 3d] [4c]
KemiKings: checks 
Husden: bets $0.28
KemiKings: calls $0.28
*** SHOW DOWN ***
Husden: shows [Ah Ad] (a pair of Aces)
KemiKings: mucks hand 
Husden collected $1.09 from pot
*** SUMMARY ***
Total pot $1.13 | Rake $0.04 
Board [8h Ks 2h 3d 4c]
Seat 1: George Grats folded before Flop (didn't bet)
Seat 2: IldeRider01 folded before Flop (didn't bet)
Seat 3: Husden showed [Ah Ad] and won ($1.09) with a pair of Aces
Seat 4: tallmanjermz (button) folded before Flop (didn't bet)
Seat 7: KemiKings (small blind) mucked [Kh 9h]
Seat 8: Dorex2007 (big blind) folded on the Flop
Seat 9: Novikov_PM folded before Flop (didn't bet)



PokerStars Hand #231250564602:  Hold'em No Limit ($0.01/$0.02 USD) - 2021/11/08 14:34:12 PT [2021/11/08 17:34:12 ET]
Table 'Alcyone III' 9-max Seat #7 is the button
Seat 1: George Grats ($2 in chips) 
Seat 2: IldeRider01 ($3.40 in chips) 
Seat 3: Husden ($2.45 in chips) 
Seat 4: tallmanjermz ($1.29 in chips) 
Seat 7: KemiKings ($2.37 in chips) 
Seat 8: Dorex2007 ($2 in chips) 
Dorex2007: posts small blind $0.01
George Grats: posts big blind $0.02
panKastus: sits out 
*** HOLE CARDS ***
Dealt to Dorex2007 [Ah 6c]
IldeRider01: raises $0.04 to $0.06
Husden: folds 
tallmanjermz: raises $0.04 to $0.10
KemiKings: folds 
Dorex2007: folds 
George Grats: folds 
IldeRider01: calls $0.04
*** FLOP *** [5c 2c 4c]
IldeRider01: checks 
tallmanjermz: bets $0.11
IldeRider01: calls $0.11
*** TURN *** [5c 2c 4c] [4s]
IldeRider01: checks 
tallmanjermz: checks 
*** RIVER *** [5c 2c 4c 4s] [Js]
IldeRider01: checks 
tallmanjermz: checks 
*** SHOW DOWN ***
IldeRider01: shows [Qc Qs] (two pair, Queens and Fours)
tallmanjermz: mucks hand 
IldeRider01 collected $0.43 from pot
*** SUMMARY ***
Total pot $0.45 | Rake $0.02 
Board [5c 2c 4c 4s Js]
Seat 1: George Grats (big blind) folded before Flop
Seat 2: IldeRider01 showed [Qc Qs] and won ($0.43) with two pair, Queens and Fours
Seat 3: Husden folded before Flop (didn't bet)
Seat 4: tallmanjermz mucked [Td Ts]
Seat 7: KemiKings (button) folded before Flop (didn't bet)
Seat 8: Dorex2007 (small blind) folded before Flop



PokerStars Hand #231250585504:  Hold'em No Limit ($0.01/$0.02 USD) - 2021/11/08 14:35:00 PT [2021/11/08 17:35:00 ET]
Table 'Alcyone III' 9-max Seat #8 is the button
Seat 1: George Grats ($2 in chips) 
Seat 3: Husden ($2.45 in chips) 
Seat 4: tallmanjermz ($1.08 in chips) 
Seat 6: panKastus ($1.72 in chips) 
Seat 7: KemiKings ($2.37 in chips) 
Seat 8: Dorex2007 ($2 in chips) 
George Grats: posts small blind $0.01
IldeRider01: is sitting out 
Husden: posts big blind $0.02
panKastus: posts small & big blinds $0.03
*** HOLE CARDS ***
Dealt to Dorex2007 [5s 8d]
tallmanjermz: calls $0.02
panKastus: checks 
KemiKings: folds 
Dorex2007: folds 
George Grats: folds 
Husden: checks 
*** FLOP *** [Ac Qd As]
Husden: checks 
tallmanjermz: bets $0.04
panKastus: folds 
Husden: folds 
Uncalled bet ($0.04) returned to tallmanjermz
tallmanjermz collected $0.08 from pot
tallmanjermz: doesn't show hand 
*** SUMMARY ***
Total pot $0.08 | Rake $0 
Board [Ac Qd As]
Seat 1: George Grats (small blind) folded before Flop
Seat 3: Husden (big blind) folded on the Flop
Seat 4: tallmanjermz collected ($0.08)
Seat 6: panKastus folded on the Flop (didn't bet)
Seat 7: KemiKings folded before Flop (didn't bet)
Seat 8: Dorex2007 (button) folded before Flop (didn't bet)



PokerStars Hand #231250608038:  Hold'em No Limit ($0.01/$0.02 USD) - 2021/11/08 14:35:51 PT [2021/11/08 17:35:51 ET]
Table 'Alcyone III' 9-max Seat #1 is the button
Seat 1: George Grats ($2 in chips) 
Seat 3: Husden ($2.43 in chips) 
Seat 4: tallmanjermz ($1.14 in chips) 
Seat 6: panKastus ($1.69 in chips) 
Seat 7: KemiKings ($2.37 in chips) 
Seat 8: Dorex2007 ($2 in chips) 
Husden: posts small blind $0.01
tallmanjermz: posts big blind $0.02
*** HOLE CARDS ***
Dealt to Dorex2007 [Ac 6s]
panKastus: calls $0.02
KemiKings: folds 
Dorex2007: folds 
George Grats: folds 
Husden: folds 
tallmanjermz: checks 
*** FLOP *** [4s Ks 3d]
tallmanjermz: checks 
panKastus: bets $0.05
tallmanjermz: folds 
Uncalled bet ($0.05) returned to panKastus
IldeRider01 leaves the table
panKastus collected $0.05 from pot
panKastus: doesn't show hand 
*** SUMMARY ***
Total pot $0.05 | Rake $0 
Board [4s Ks 3d]
Seat 1: George Grats (button) folded before Flop (didn't bet)
Seat 3: Husden (small blind) folded before Flop
Seat 4: tallmanjermz (big blind) folded on the Flop
Seat 6: panKastus collected ($0.05)
Seat 7: KemiKings folded before Flop (didn't bet)
Seat 8: Dorex2007 folded before Flop (didn't bet)



PokerStars Hand #231250619884:  Hold'em No Limit ($0.01/$0.02 USD) - 2021/11/08 14:36:18 PT [2021/11/08 17:36:18 ET]
Table 'Alcyone III' 9-max Seat #3 is the button
Seat 1: George Grats ($2 in chips) 
Seat 3: Husden ($2.42 in chips) 
Seat 4: tallmanjermz ($1.12 in chips) 
Seat 6: panKastus ($1.72 in chips) 
Seat 7: KemiKings ($2.37 in chips) 
Seat 8: Dorex2007 ($2 in chips) 
tallmanjermz: posts small blind $0.01
panKastus: posts big blind $0.02
*** HOLE CARDS ***
Dealt to Dorex2007 [5c 4c]
KemiKings: folds 
Dorex2007: calls $0.02
George Grats: folds 
Husden: raises $0.07 to $0.09
tallmanjermz: folds 
panKastus: folds 
panKastus is disconnected 
Dorex2007: calls $0.07
*** FLOP *** [2d 7c Ac]
panKastus leaves the table
Dorex2007: checks 
Husden: checks 
*** TURN *** [2d 7c Ac] [8h]
Dorex2007: bets $0.10
Husden: calls $0.10
*** RIVER *** [2d 7c Ac 8h] [2h]
Dorex2007: bets $0.40
Husden: folds 
Uncalled bet ($0.40) returned to Dorex2007
Dorex2007 collected $0.40 from pot
Dorex2007: doesn't show hand 
*** SUMMARY ***
Total pot $0.41 | Rake $0.01 
Board [2d 7c Ac 8h 2h]
Seat 1: George Grats folded before Flop (didn't bet)
Seat 3: Husden (button) folded on the River
Seat 4: tallmanjermz (small blind) folded before Flop
Seat 6: panKastus (big blind) folded before Flop
Seat 7: KemiKings folded before Flop (didn't bet)
Seat 8: Dorex2007 collected ($0.40)



PokerStars Hand #231250650759:  Hold'em No Limit ($0.01/$0.02 USD) - 2021/11/08 14:37:28 PT [2021/11/08 17:37:28 ET]
Table 'Alcyone III' 9-max Seat #4 is the button
Seat 1: George Grats ($2 in chips) 
Seat 3: Husden ($2.23 in chips) 
Seat 4: tallmanjermz ($1.11 in chips) 
Seat 7: KemiKings ($2.37 in chips) 
Seat 8: Dorex2007 ($2.21 in chips) 
KemiKings: posts small blind $0.01
Dorex2007: posts big blind $0.02
*** HOLE CARDS ***
Dealt to Dorex2007 [9h 6h]
George Grats: folds 
Husden: folds 
tallmanjermz has timed out
tallmanjermz: folds 
KemiKings: calls $0.01
Dorex2007: checks 
*** FLOP *** [Kc 6s 6d]
KemiKings: bets $0.02
Dorex2007: calls $0.02
*** TURN *** [Kc 6s 6d] [7d]
KemiKings: bets $0.02
Dorex2007: raises $0.04 to $0.06
KemiKings: calls $0.04
*** RIVER *** [Kc 6s 6d 7d] [3s]
KemiKings: checks 
Dorex2007: bets $0.32
KemiKings: folds 
Uncalled bet ($0.32) returned to Dorex2007
Dorex2007 collected $0.19 from pot
Dorex2007: doesn't show hand 
*** SUMMARY ***
Total pot $0.20 | Rake $0.01 
Board [Kc 6s 6d 7d 3s]
Seat 1: George Grats folded before Flop (didn't bet)
Seat 3: Husden folded before Flop (didn't bet)
Seat 4: tallmanjermz (button) folded before Flop (didn't bet)
Seat 7: KemiKings (small blind) folded on the River
Seat 8: Dorex2007 (big blind) collected ($0.19)



