PokerStars Hand #237428822918:  Hold'em No Limit ($0.02/$0.05 USD) - 2022/07/17 21:36:07 PT [2022/07/18 0:36:07 ET]
Table 'Herero III' 9-max Seat #1 is the button
Seat 1: rodol1019 ($4.30 in chips) 
Seat 2: dvdhmstar ($4.68 in chips) 
Seat 3: naxal2012 ($13.63 in chips) 
Seat 4: Roman 85 ($6.09 in chips) 
Seat 6: dumebel ($7.72 in chips) 
Seat 7: Dorex2007 ($5 in chips) 
Seat 8: only6-6lol ($7.42 in chips) 
dvdhmstar: posts small blind $0.02
naxal2012: posts big blind $0.05
skathai68: sits out 
Dorex2007: posts big blind $0.05
*** HOLE CARDS ***
Dealt to Dorex2007 [7d Qc]
Roman 85: folds 
dumebel has timed out
dumebel: folds 
Dorex2007: checks 
only6-6lol: folds 
rodol1019: calls $0.05
dvdhmstar: folds 
naxal2012: checks 
*** FLOP *** [Kd 2h Ac]
naxal2012: checks 
Dorex2007: checks 
rodol1019: checks 
*** TURN *** [Kd 2h Ac] [Ks]
naxal2012: checks 
Dorex2007: checks 
rodol1019: checks 
*** RIVER *** [Kd 2h Ac Ks] [6s]
naxal2012: checks 
Dorex2007: checks 
rodol1019: checks 
*** SHOW DOWN ***
naxal2012: shows [9h 7h] (a pair of Kings)
Dorex2007: shows [7d Qc] (a pair of Kings - Ace+Queen kicker)
rodol1019: mucks hand 
Dorex2007 collected $0.16 from pot
*** SUMMARY ***
Total pot $0.17 | Rake $0.01 
Board [Kd 2h Ac Ks 6s]
Seat 1: rodol1019 (button) mucked [Td 7s]
Seat 2: dvdhmstar (small blind) folded before Flop
Seat 3: naxal2012 (big blind) showed [9h 7h] and lost with a pair of Kings
Seat 4: Roman 85 folded before Flop (didn't bet)
Seat 6: dumebel folded before Flop (didn't bet)
Seat 7: Dorex2007 showed [7d Qc] and won ($0.16) with a pair of Kings
Seat 8: only6-6lol folded before Flop (didn't bet)



PokerStars Hand #237428829883:  Hold'em No Limit ($0.02/$0.05 USD) - 2022/07/17 21:37:06 PT [2022/07/18 0:37:06 ET]
Table 'Herero III' 9-max Seat #2 is the button
Seat 1: rodol1019 ($4.25 in chips) 
Seat 2: dvdhmstar ($4.66 in chips) 
Seat 3: naxal2012 ($13.58 in chips) 
Seat 4: Roman 85 ($6.09 in chips) 
Seat 7: Dorex2007 ($5.11 in chips) 
Seat 8: only6-6lol ($7.42 in chips) 
naxal2012: posts small blind $0.02
Roman 85: posts big blind $0.05
skathai68: sits out 
*** HOLE CARDS ***
Dealt to Dorex2007 [Jc Tc]
Dorex2007: calls $0.05
only6-6lol: folds 
rodol1019: calls $0.05
dvdhmstar: folds 
naxal2012: calls $0.03
Roman 85: checks 
*** FLOP *** [5s 8s 6c]
naxal2012: checks 
Roman 85: bets $0.09
Dorex2007: folds 
rodol1019: calls $0.09
naxal2012: folds 
*** TURN *** [5s 8s 6c] [2c]
Roman 85: checks 
rodol1019: checks 
*** RIVER *** [5s 8s 6c 2c] [Th]
Roman 85: checks 
rodol1019: checks 
*** SHOW DOWN ***
Roman 85: shows [7h 5c] (a pair of Fives)
rodol1019: mucks hand 
Roman 85 collected $0.36 from pot
*** SUMMARY ***
Total pot $0.38 | Rake $0.02 
Board [5s 8s 6c 2c Th]
Seat 1: rodol1019 mucked [2s 3c]
Seat 2: dvdhmstar (button) folded before Flop (didn't bet)
Seat 3: naxal2012 (small blind) folded on the Flop
Seat 4: Roman 85 (big blind) showed [7h 5c] and won ($0.36) with a pair of Fives
Seat 7: Dorex2007 folded on the Flop
Seat 8: only6-6lol folded before Flop (didn't bet)



PokerStars Hand #237428836212:  Hold'em No Limit ($0.02/$0.05 USD) - 2022/07/17 21:38:02 PT [2022/07/18 0:38:02 ET]
Table 'Herero III' 9-max Seat #3 is the button
Seat 1: rodol1019 ($4.11 in chips) 
Seat 2: dvdhmstar ($4.66 in chips) 
Seat 3: naxal2012 ($13.53 in chips) 
Seat 4: Roman 85 ($6.31 in chips) 
Seat 5: skathai68 ($2 in chips) 
Seat 6: dumebel ($7.72 in chips) 
Seat 7: Dorex2007 ($5.06 in chips) 
Seat 8: only6-6lol ($7.42 in chips) 
Seat 9: kemal_zay4ik ($5.20 in chips) 
Roman 85: posts small blind $0.02
skathai68: posts big blind $0.05
*** HOLE CARDS ***
Dealt to Dorex2007 [Ac 4s]
dumebel: folds 
Dorex2007: folds 
only6-6lol: calls $0.05
kemal_zay4ik: folds 
rodol1019: calls $0.05
dvdhmstar: folds 
naxal2012: folds 
Roman 85: calls $0.03
skathai68: checks 
*** FLOP *** [Kh 2s 4c]
Roman 85: checks 
skathai68: checks 
only6-6lol: bets $0.05
rodol1019: folds 
Roman 85: calls $0.05
skathai68: folds 
*** TURN *** [Kh 2s 4c] [Qs]
Roman 85: checks 
only6-6lol: bets $0.05
Roman 85: calls $0.05
*** RIVER *** [Kh 2s 4c Qs] [7d]
Roman 85: checks 
only6-6lol: bets $0.38
Roman 85: calls $0.38
*** SHOW DOWN ***
only6-6lol: shows [Kc 3c] (a pair of Kings)
Roman 85: shows [7c Ks] (two pair, Kings and Sevens)
Roman 85 collected $1.10 from pot
*** SUMMARY ***
Total pot $1.16 | Rake $0.06 
Board [Kh 2s 4c Qs 7d]
Seat 1: rodol1019 folded on the Flop
Seat 2: dvdhmstar folded before Flop (didn't bet)
Seat 3: naxal2012 (button) folded before Flop (didn't bet)
Seat 4: Roman 85 (small blind) showed [7c Ks] and won ($1.10) with two pair, Kings and Sevens
Seat 5: skathai68 (big blind) folded on the Flop
Seat 6: dumebel folded before Flop (didn't bet)
Seat 7: Dorex2007 folded before Flop (didn't bet)
Seat 8: only6-6lol showed [Kc 3c] and lost with a pair of Kings
Seat 9: kemal_zay4ik folded before Flop (didn't bet)



PokerStars Hand #237428845192:  Hold'em No Limit ($0.02/$0.05 USD) - 2022/07/17 21:39:20 PT [2022/07/18 0:39:20 ET]
Table 'Herero III' 9-max Seat #4 is the button
Seat 1: rodol1019 ($4.06 in chips) 
Seat 2: dvdhmstar ($4.66 in chips) 
Seat 3: naxal2012 ($13.53 in chips) 
Seat 4: Roman 85 ($6.88 in chips) 
Seat 5: skathai68 ($1.95 in chips) 
Seat 6: dumebel ($7.72 in chips) 
Seat 7: Dorex2007 ($5.06 in chips) 
Seat 9: kemal_zay4ik ($5.20 in chips) 
skathai68: posts small blind $0.02
dumebel: posts big blind $0.05
*** HOLE CARDS ***
Dealt to Dorex2007 [Td Qc]
Dorex2007: folds 
kemal_zay4ik: folds 
rodol1019: calls $0.05
dvdhmstar: raises $0.10 to $0.15
naxal2012: folds 
Roman 85: folds 
skathai68: folds 
dumebel: folds 
rodol1019: calls $0.10
*** FLOP *** [3h 2c 6h]
rodol1019: checks 
dvdhmstar: bets $0.17
rodol1019: folds 
Uncalled bet ($0.17) returned to dvdhmstar
dvdhmstar collected $0.35 from pot
*** SUMMARY ***
Total pot $0.37 | Rake $0.02 
Board [3h 2c 6h]
Seat 1: rodol1019 folded on the Flop
Seat 2: dvdhmstar collected ($0.35)
Seat 3: naxal2012 folded before Flop (didn't bet)
Seat 4: Roman 85 (button) folded before Flop (didn't bet)
Seat 5: skathai68 (small blind) folded before Flop
Seat 6: dumebel (big blind) folded before Flop
Seat 7: Dorex2007 folded before Flop (didn't bet)
Seat 9: kemal_zay4ik folded before Flop (didn't bet)



PokerStars Hand #237428849902:  Hold'em No Limit ($0.02/$0.05 USD) - 2022/07/17 21:40:01 PT [2022/07/18 0:40:01 ET]
Table 'Herero III' 9-max Seat #5 is the button
Seat 1: rodol1019 ($3.91 in chips) 
Seat 2: dvdhmstar ($4.86 in chips) 
Seat 3: naxal2012 ($13.53 in chips) 
Seat 4: Roman 85 ($6.88 in chips) 
Seat 5: skathai68 ($1.93 in chips) 
Seat 6: dumebel ($7.67 in chips) 
Seat 7: Dorex2007 ($5.06 in chips) 
Seat 9: kemal_zay4ik ($5.20 in chips) 
dumebel: posts small blind $0.02
Dorex2007: posts big blind $0.05
*** HOLE CARDS ***
Dealt to Dorex2007 [Js Qc]
kemal_zay4ik: folds 
rodol1019 has timed out
rodol1019: folds 
dvdhmstar: folds 
naxal2012: folds 
Roman 85: raises $0.10 to $0.15
skathai68: calls $0.15
dumebel: calls $0.13
Dorex2007: folds 
*** FLOP *** [Kc Tc 7d]
dumebel: checks 
Roman 85: checks 
skathai68: bets $0.24
dumebel: folds 
Roman 85: folds 
Uncalled bet ($0.24) returned to skathai68
skathai68 collected $0.48 from pot
*** SUMMARY ***
Total pot $0.50 | Rake $0.02 
Board [Kc Tc 7d]
Seat 1: rodol1019 folded before Flop (didn't bet)
Seat 2: dvdhmstar folded before Flop (didn't bet)
Seat 3: naxal2012 folded before Flop (didn't bet)
Seat 4: Roman 85 folded on the Flop
Seat 5: skathai68 (button) collected ($0.48)
Seat 6: dumebel (small blind) folded on the Flop
Seat 7: Dorex2007 (big blind) folded before Flop
Seat 9: kemal_zay4ik folded before Flop (didn't bet)



PokerStars Hand #237428855519:  Hold'em No Limit ($0.02/$0.05 USD) - 2022/07/17 21:40:50 PT [2022/07/18 0:40:50 ET]
Table 'Herero III' 9-max Seat #6 is the button
Seat 1: rodol1019 ($3.91 in chips) 
Seat 2: dvdhmstar ($4.86 in chips) 
Seat 3: naxal2012 ($13.53 in chips) 
Seat 4: Roman 85 ($6.73 in chips) 
Seat 5: skathai68 ($2.26 in chips) 
Seat 6: dumebel ($7.52 in chips) 
Seat 7: Dorex2007 ($5.01 in chips) 
Seat 9: kemal_zay4ik ($5.20 in chips) 
Dorex2007: posts small blind $0.02
kemal_zay4ik: posts big blind $0.05
*** HOLE CARDS ***
Dealt to Dorex2007 [6h 9c]
rodol1019: calls $0.05
dvdhmstar has timed out
dvdhmstar: folds 
naxal2012: folds 
Roman 85: folds 
skathai68: raises $2.21 to $2.26 and is all-in
dumebel: folds 
Dorex2007: folds 
kemal_zay4ik: folds 
rodol1019: calls $2.21
*** FLOP *** [4d Ks Ts]
*** TURN *** [4d Ks Ts] [5h]
*** RIVER *** [4d Ks Ts 5h] [3s]
*** SHOW DOWN ***
rodol1019: shows [4s 9h] (a pair of Fours)
skathai68: shows [Kh Ac] (a pair of Kings)
skathai68 cashed out the hand for $2.93 | Cash Out Fee $0.03
*** SUMMARY ***
Total pot $4.59 | Rake $0.19 
Board [4d Ks Ts 5h 3s]
Seat 1: rodol1019 showed [4s 9h] and lost with a pair of Fours
Seat 2: dvdhmstar folded before Flop (didn't bet)
Seat 3: naxal2012 folded before Flop (didn't bet)
Seat 4: Roman 85 folded before Flop (didn't bet)
Seat 5: skathai68 showed [Kh Ac] and won ($4.40) with a pair of Kings (pot not awarded as player cashed out)
Seat 6: dumebel (button) folded before Flop (didn't bet)
Seat 7: Dorex2007 (small blind) folded before Flop
Seat 9: kemal_zay4ik (big blind) folded before Flop



PokerStars Hand #237428861410:  Hold'em No Limit ($0.02/$0.05 USD) - 2022/07/17 21:41:42 PT [2022/07/18 0:41:42 ET]
Table 'Herero III' 9-max Seat #7 is the button
Seat 1: rodol1019 ($1.65 in chips) 
Seat 3: naxal2012 ($13.53 in chips) 
Seat 4: Roman 85 ($6.73 in chips) 
Seat 5: skathai68 ($2.93 in chips) 
Seat 6: dumebel ($7.52 in chips) 
Seat 7: Dorex2007 ($5 in chips) 
Seat 9: kemal_zay4ik ($5.15 in chips) 
kemal_zay4ik: posts small blind $0.02
rodol1019: posts big blind $0.05
*** HOLE CARDS ***
Dealt to Dorex2007 [9d 7s]
naxal2012: raises $0.10 to $0.15
Roman 85: folds 
skathai68: folds 
dumebel: calls $0.15
Dorex2007: folds 
kemal_zay4ik: folds 
rodol1019: calls $0.10
*** FLOP *** [Tc 3s Kd]
rodol1019: checks 
naxal2012: bets $0.23
dumebel: folds 
rodol1019: folds 
Uncalled bet ($0.23) returned to naxal2012
naxal2012 collected $0.45 from pot
*** SUMMARY ***
Total pot $0.47 | Rake $0.02 
Board [Tc 3s Kd]
Seat 1: rodol1019 (big blind) folded on the Flop
Seat 3: naxal2012 collected ($0.45)
Seat 4: Roman 85 folded before Flop (didn't bet)
Seat 5: skathai68 folded before Flop (didn't bet)
Seat 6: dumebel folded on the Flop
Seat 7: Dorex2007 (button) folded before Flop (didn't bet)
Seat 9: kemal_zay4ik (small blind) folded before Flop



PokerStars Hand #237428865697:  Hold'em No Limit ($0.02/$0.05 USD) - 2022/07/17 21:42:20 PT [2022/07/18 0:42:20 ET]
Table 'Herero III' 9-max Seat #9 is the button
Seat 1: rodol1019 ($1.50 in chips) 
Seat 3: naxal2012 ($13.83 in chips) 
Seat 4: Roman 85 ($6.73 in chips) 
Seat 5: skathai68 ($2.93 in chips) 
Seat 6: dumebel ($7.37 in chips) 
Seat 7: Dorex2007 ($5 in chips) 
Seat 9: kemal_zay4ik ($5.13 in chips) 
rodol1019: posts small blind $0.02
naxal2012: posts big blind $0.05
*** HOLE CARDS ***
Dealt to Dorex2007 [5s 9h]
Roman 85: folds 
skathai68: folds 
dumebel: folds 
Dorex2007: folds 
kemal_zay4ik is disconnected 
kemal_zay4ik has timed out while being disconnected
kemal_zay4ik: folds 
rodol1019: raises $1.45 to $1.50 and is all-in
naxal2012: folds 
Uncalled bet ($1.45) returned to rodol1019
rodol1019 collected $0.10 from pot
*** SUMMARY ***
Total pot $0.10 | Rake $0 
Seat 1: rodol1019 (small blind) collected ($0.10)
Seat 3: naxal2012 (big blind) folded before Flop
Seat 4: Roman 85 folded before Flop (didn't bet)
Seat 5: skathai68 folded before Flop (didn't bet)
Seat 6: dumebel folded before Flop (didn't bet)
Seat 7: Dorex2007 folded before Flop (didn't bet)
Seat 9: kemal_zay4ik (button) folded before Flop (didn't bet)



PokerStars Hand #237428869105:  Hold'em No Limit ($0.02/$0.05 USD) - 2022/07/17 21:42:51 PT [2022/07/18 0:42:51 ET]
Table 'Herero III' 9-max Seat #1 is the button
Seat 1: rodol1019 ($1.55 in chips) 
Seat 3: naxal2012 ($13.78 in chips) 
Seat 4: Roman 85 ($6.73 in chips) 
Seat 5: skathai68 ($2.93 in chips) 
Seat 6: dumebel ($7.37 in chips) 
Seat 7: Dorex2007 ($5 in chips) 
naxal2012: posts small blind $0.02
Roman 85: posts big blind $0.05
*** HOLE CARDS ***
Dealt to Dorex2007 [3h Ts]
skathai68: folds 
dumebel: raises $0.10 to $0.15
Dorex2007: folds 
rodol1019: raises $1.40 to $1.55 and is all-in
naxal2012: folds 
Roman 85: folds 
dumebel: calls $1.40
*** FLOP *** [Js Kh As]
*** TURN *** [Js Kh As] [Qs]
*** RIVER *** [Js Kh As Qs] [3d]
*** SHOW DOWN ***
dumebel: shows [7d 7h] (a pair of Sevens)
rodol1019: shows [Jh Kd] (two pair, Kings and Jacks)
rodol1019 collected $3.04 from pot
*** SUMMARY ***
Total pot $3.17 | Rake $0.13 
Board [Js Kh As Qs 3d]
Seat 1: rodol1019 (button) showed [Jh Kd] and won ($3.04) with two pair, Kings and Jacks
Seat 3: naxal2012 (small blind) folded before Flop
Seat 4: Roman 85 (big blind) folded before Flop
Seat 5: skathai68 folded before Flop (didn't bet)
Seat 6: dumebel showed [7d 7h] and lost with a pair of Sevens
Seat 7: Dorex2007 folded before Flop (didn't bet)



PokerStars Hand #237428872679:  Hold'em No Limit ($0.02/$0.05 USD) - 2022/07/17 21:43:22 PT [2022/07/18 0:43:22 ET]
Table 'Herero III' 9-max Seat #3 is the button
Seat 1: rodol1019 ($3.04 in chips) 
Seat 3: naxal2012 ($13.76 in chips) 
Seat 4: Roman 85 ($6.68 in chips) 
Seat 5: skathai68 ($2.93 in chips) 
Seat 6: dumebel ($5.82 in chips) 
Seat 7: Dorex2007 ($5 in chips) 
Roman 85: posts small blind $0.02
skathai68: posts big blind $0.05
dvdhmstar: sits out 
*** HOLE CARDS ***
Dealt to Dorex2007 [6d Jc]
dumebel: raises $0.10 to $0.15
Dorex2007: folds 
rodol1019: folds 
naxal2012: folds 
Roman 85: folds 
skathai68: folds 
Uncalled bet ($0.10) returned to dumebel
dumebel collected $0.12 from pot
*** SUMMARY ***
Total pot $0.12 | Rake $0 
Seat 1: rodol1019 folded before Flop (didn't bet)
Seat 3: naxal2012 (button) folded before Flop (didn't bet)
Seat 4: Roman 85 (small blind) folded before Flop
Seat 5: skathai68 (big blind) folded before Flop
Seat 6: dumebel collected ($0.12)
Seat 7: Dorex2007 folded before Flop (didn't bet)



PokerStars Hand #237428873895:  Hold'em No Limit ($0.02/$0.05 USD) - 2022/07/17 21:43:33 PT [2022/07/18 0:43:33 ET]
Table 'Herero III' 9-max Seat #4 is the button
Seat 1: rodol1019 ($3.04 in chips) 
Seat 3: naxal2012 ($13.76 in chips) 
Seat 4: Roman 85 ($6.66 in chips) 
Seat 5: skathai68 ($2.88 in chips) 
Seat 6: dumebel ($5.89 in chips) 
Seat 7: Dorex2007 ($5 in chips) 
Seat 9: kemal_zay4ik ($5.13 in chips) 
skathai68: posts small blind $0.02
dumebel: posts big blind $0.05
dvdhmstar: sits out 
*** HOLE CARDS ***
Dealt to Dorex2007 [Jc 2c]
Dorex2007: folds 
kemal_zay4ik: raises $0.10 to $0.15
rodol1019: calls $0.15
naxal2012: folds 
Roman 85: folds 
skathai68: folds 
dumebel: folds 
*** FLOP *** [3s Jh Ad]
kemal_zay4ik: bets $0.12
rodol1019: calls $0.12
*** TURN *** [3s Jh Ad] [Js]
kemal_zay4ik: checks 
rodol1019: bets $2.77 and is all-in
kemal_zay4ik: calls $2.77
*** RIVER *** [3s Jh Ad Js] [Tc]
*** SHOW DOWN ***
kemal_zay4ik: shows [Ac As] (a full house, Aces full of Jacks)
rodol1019: shows [7h 5h] (a pair of Jacks)
kemal_zay4ik collected $5.89 from pot
*** SUMMARY ***
Total pot $6.15 | Rake $0.26 
Board [3s Jh Ad Js Tc]
Seat 1: rodol1019 showed [7h 5h] and lost with a pair of Jacks
Seat 3: naxal2012 folded before Flop (didn't bet)
Seat 4: Roman 85 (button) folded before Flop (didn't bet)
Seat 5: skathai68 (small blind) folded before Flop
Seat 6: dumebel (big blind) folded before Flop
Seat 7: Dorex2007 folded before Flop (didn't bet)
Seat 9: kemal_zay4ik showed [Ac As] and won ($5.89) with a full house, Aces full of Jacks



PokerStars Hand #237428878549:  Hold'em No Limit ($0.02/$0.05 USD) - 2022/07/17 21:44:15 PT [2022/07/18 0:44:15 ET]
Table 'Herero III' 9-max Seat #5 is the button
Seat 3: naxal2012 ($13.76 in chips) 
Seat 4: Roman 85 ($6.66 in chips) 
Seat 5: skathai68 ($2.86 in chips) 
Seat 6: dumebel ($5.84 in chips) 
Seat 7: Dorex2007 ($5 in chips) 
Seat 9: kemal_zay4ik ($7.98 in chips) 
dumebel: posts small blind $0.02
Dorex2007: posts big blind $0.05
dvdhmstar: sits out 
*** HOLE CARDS ***
Dealt to Dorex2007 [8c 5c]
kemal_zay4ik: folds 
naxal2012: raises $0.10 to $0.15
Roman 85: folds 
skathai68: calls $0.15
dumebel: folds 
Dorex2007: folds 
*** FLOP *** [7h Ac Th]
naxal2012: bets $0.17
skathai68: folds 
Uncalled bet ($0.17) returned to naxal2012
naxal2012 collected $0.35 from pot
*** SUMMARY ***
Total pot $0.37 | Rake $0.02 
Board [7h Ac Th]
Seat 3: naxal2012 collected ($0.35)
Seat 4: Roman 85 folded before Flop (didn't bet)
Seat 5: skathai68 (button) folded on the Flop
Seat 6: dumebel (small blind) folded before Flop
Seat 7: Dorex2007 (big blind) folded before Flop
Seat 9: kemal_zay4ik folded before Flop (didn't bet)



PokerStars Hand #237428880753:  Hold'em No Limit ($0.02/$0.05 USD) - 2022/07/17 21:44:35 PT [2022/07/18 0:44:35 ET]
Table 'Herero III' 9-max Seat #6 is the button
Seat 3: naxal2012 ($13.96 in chips) 
Seat 4: Roman 85 ($6.66 in chips) 
Seat 5: skathai68 ($2.71 in chips) 
Seat 6: dumebel ($5.82 in chips) 
Seat 7: Dorex2007 ($5 in chips) 
Seat 9: kemal_zay4ik ($7.98 in chips) 
Dorex2007: posts small blind $0.02
kemal_zay4ik: posts big blind $0.05
dvdhmstar: sits out 
*** HOLE CARDS ***
Dealt to Dorex2007 [Ad 2h]
naxal2012: folds 
Roman 85: folds 
skathai68: folds 
dumebel: raises $0.10 to $0.15
Dorex2007: folds 
kemal_zay4ik: raises $0.32 to $0.47
dumebel: calls $0.32
*** FLOP *** [9d Ts 6h]
kemal_zay4ik: bets $0.30
rodol1019 is disconnected 
dumebel: calls $0.30
*** TURN *** [9d Ts 6h] [Th]
kemal_zay4ik: bets $0.75
dumebel: calls $0.75
*** RIVER *** [9d Ts 6h Th] [3c]
kemal_zay4ik: checks 
dumebel: bets $1.46
kemal_zay4ik: folds 
Uncalled bet ($1.46) returned to dumebel
dumebel collected $2.93 from pot
*** SUMMARY ***
Total pot $3.06 | Rake $0.13 
Board [9d Ts 6h Th 3c]
Seat 3: naxal2012 folded before Flop (didn't bet)
Seat 4: Roman 85 folded before Flop (didn't bet)
Seat 5: skathai68 folded before Flop (didn't bet)
Seat 6: dumebel (button) collected ($2.93)
Seat 7: Dorex2007 (small blind) folded before Flop
Seat 9: kemal_zay4ik (big blind) folded on the River



PokerStars Hand #237428889111:  Hold'em No Limit ($0.02/$0.05 USD) - 2022/07/17 21:45:51 PT [2022/07/18 0:45:51 ET]
Table 'Herero III' 9-max Seat #7 is the button
Seat 2: dvdhmstar ($4.86 in chips) 
Seat 3: naxal2012 ($13.96 in chips) 
Seat 4: Roman 85 ($6.66 in chips) 
Seat 5: skathai68 ($2.71 in chips) 
Seat 6: dumebel ($7.23 in chips) 
Seat 7: Dorex2007 ($5 in chips) 
Seat 9: kemal_zay4ik ($6.46 in chips) 
kemal_zay4ik: posts small blind $0.02
dvdhmstar: posts big blind $0.05
*** HOLE CARDS ***
Dealt to Dorex2007 [Jc Qd]
naxal2012: folds 
Roman 85: folds 
skathai68: folds 
dumebel: calls $0.05
Dorex2007: calls $0.05
kemal_zay4ik: calls $0.03
dvdhmstar: checks 
*** FLOP *** [Tc 8d 4d]
kemal_zay4ik: checks 
dvdhmstar: bets $0.10
dumebel: folds 
Dorex2007: folds 
kemal_zay4ik: folds 
Uncalled bet ($0.10) returned to dvdhmstar
dvdhmstar collected $0.19 from pot
*** SUMMARY ***
Total pot $0.20 | Rake $0.01 
Board [Tc 8d 4d]
Seat 2: dvdhmstar (big blind) collected ($0.19)
Seat 3: naxal2012 folded before Flop (didn't bet)
Seat 4: Roman 85 folded before Flop (didn't bet)
Seat 5: skathai68 folded before Flop (didn't bet)
Seat 6: dumebel folded on the Flop
Seat 7: Dorex2007 (button) folded on the Flop
Seat 9: kemal_zay4ik (small blind) folded on the Flop



PokerStars Hand #237428896660:  Hold'em No Limit ($0.02/$0.05 USD) - 2022/07/17 21:46:59 PT [2022/07/18 0:46:59 ET]
Table 'Herero III' 9-max Seat #9 is the button
Seat 2: dvdhmstar ($5 in chips) 
Seat 3: naxal2012 ($13.96 in chips) 
Seat 4: Roman 85 ($6.66 in chips) 
Seat 5: skathai68 ($2.71 in chips) 
Seat 6: dumebel ($7.18 in chips) 
Seat 7: Dorex2007 ($5 in chips) 
Seat 9: kemal_zay4ik ($6.41 in chips) 
dvdhmstar: posts small blind $0.02
naxal2012: posts big blind $0.05
only6-6lol: sits out 
*** HOLE CARDS ***
Dealt to Dorex2007 [6s 4s]
Roman 85: folds 
skathai68: folds 
dumebel: folds 
Dorex2007: folds 
kemal_zay4ik has timed out
kemal_zay4ik: folds 
dvdhmstar: folds 
Uncalled bet ($0.03) returned to naxal2012
naxal2012 collected $0.04 from pot
*** SUMMARY ***
Total pot $0.04 | Rake $0 
Seat 2: dvdhmstar (small blind) folded before Flop
Seat 3: naxal2012 (big blind) collected ($0.04)
Seat 4: Roman 85 folded before Flop (didn't bet)
Seat 5: skathai68 folded before Flop (didn't bet)
Seat 6: dumebel folded before Flop (didn't bet)
Seat 7: Dorex2007 folded before Flop (didn't bet)
Seat 9: kemal_zay4ik (button) folded before Flop (didn't bet)



PokerStars Hand #237428900175:  Hold'em No Limit ($0.02/$0.05 USD) - 2022/07/17 21:47:30 PT [2022/07/18 0:47:30 ET]
Table 'Herero III' 9-max Seat #2 is the button
Seat 2: dvdhmstar ($4.98 in chips) 
Seat 3: naxal2012 ($13.98 in chips) 
Seat 4: Roman 85 ($6.66 in chips) 
Seat 5: skathai68 ($2.71 in chips) 
Seat 6: dumebel ($7.18 in chips) 
Seat 7: Dorex2007 ($5 in chips) 
Seat 9: kemal_zay4ik ($6.41 in chips) 
naxal2012: posts small blind $0.02
Roman 85: posts big blind $0.05
only6-6lol: sits out 
*** HOLE CARDS ***
Dealt to Dorex2007 [4d 5s]
skathai68: folds 
dumebel: raises $0.10 to $0.15
Dorex2007: folds 
kemal_zay4ik: folds 
dvdhmstar: calls $0.15
naxal2012: folds 
Roman 85: calls $0.10
*** FLOP *** [9h 8h 6s]
Roman 85: checks 
dumebel: checks 
dvdhmstar: bets $0.10
Roman 85: calls $0.10
dumebel: calls $0.10
*** TURN *** [9h 8h 6s] [6h]
Roman 85: checks 
dumebel: bets $0.05
dvdhmstar: calls $0.05
Roman 85: calls $0.05
*** RIVER *** [9h 8h 6s 6h] [9s]
Roman 85: checks 
dumebel: checks 
dvdhmstar: checks 
*** SHOW DOWN ***
Roman 85: shows [Js 8s] (two pair, Nines and Eights)
dumebel: mucks hand 
dvdhmstar: mucks hand 
Roman 85 collected $0.87 from pot
*** SUMMARY ***
Total pot $0.92 | Rake $0.05 
Board [9h 8h 6s 6h 9s]
Seat 2: dvdhmstar (button) mucked [Kc Qh]
Seat 3: naxal2012 (small blind) folded before Flop
Seat 4: Roman 85 (big blind) showed [Js 8s] and won ($0.87) with two pair, Nines and Eights
Seat 5: skathai68 folded before Flop (didn't bet)
Seat 6: dumebel mucked [3s As]
Seat 7: Dorex2007 folded before Flop (didn't bet)
Seat 9: kemal_zay4ik folded before Flop (didn't bet)



PokerStars Hand #237428909272:  Hold'em No Limit ($0.02/$0.05 USD) - 2022/07/17 21:48:51 PT [2022/07/18 0:48:51 ET]
Table 'Herero III' 9-max Seat #3 is the button
Seat 2: dvdhmstar ($4.68 in chips) 
Seat 3: naxal2012 ($13.96 in chips) 
Seat 4: Roman 85 ($7.23 in chips) 
Seat 5: skathai68 ($2.71 in chips) 
Seat 6: dumebel ($6.88 in chips) 
Seat 7: Dorex2007 ($5 in chips) 
Seat 9: kemal_zay4ik ($6.41 in chips) 
Roman 85: posts small blind $0.02
skathai68: posts big blind $0.05
only6-6lol: sits out 
*** HOLE CARDS ***
Dealt to Dorex2007 [3c 8d]
dumebel: raises $0.10 to $0.15
Dorex2007: folds 
kemal_zay4ik: folds 
dvdhmstar: folds 
naxal2012: folds 
Roman 85: folds 
skathai68: folds 
Uncalled bet ($0.10) returned to dumebel
dumebel collected $0.12 from pot
*** SUMMARY ***
Total pot $0.12 | Rake $0 
Seat 2: dvdhmstar folded before Flop (didn't bet)
Seat 3: naxal2012 (button) folded before Flop (didn't bet)
Seat 4: Roman 85 (small blind) folded before Flop
Seat 5: skathai68 (big blind) folded before Flop
Seat 6: dumebel collected ($0.12)
Seat 7: Dorex2007 folded before Flop (didn't bet)
Seat 9: kemal_zay4ik folded before Flop (didn't bet)



PokerStars Hand #237428912000:  Hold'em No Limit ($0.02/$0.05 USD) - 2022/07/17 21:49:17 PT [2022/07/18 0:49:17 ET]
Table 'Herero III' 9-max Seat #4 is the button
Seat 2: dvdhmstar ($4.68 in chips) 
Seat 3: naxal2012 ($13.96 in chips) 
Seat 4: Roman 85 ($7.21 in chips) 
Seat 5: skathai68 ($2.66 in chips) 
Seat 6: dumebel ($6.95 in chips) 
Seat 7: Dorex2007 ($5 in chips) 
Seat 9: kemal_zay4ik ($6.41 in chips) 
skathai68: posts small blind $0.02
dumebel: posts big blind $0.05
only6-6lol: sits out 
*** HOLE CARDS ***
Dealt to Dorex2007 [5d 3s]
Dorex2007: folds 
kemal_zay4ik: folds 
dvdhmstar: folds 
naxal2012: folds 
Roman 85: raises $0.10 to $0.15
skathai68: folds 
dumebel: folds 
Uncalled bet ($0.10) returned to Roman 85
Roman 85 collected $0.12 from pot
*** SUMMARY ***
Total pot $0.12 | Rake $0 
Seat 2: dvdhmstar folded before Flop (didn't bet)
Seat 3: naxal2012 folded before Flop (didn't bet)
Seat 4: Roman 85 (button) collected ($0.12)
Seat 5: skathai68 (small blind) folded before Flop
Seat 6: dumebel (big blind) folded before Flop
Seat 7: Dorex2007 folded before Flop (didn't bet)
Seat 9: kemal_zay4ik folded before Flop (didn't bet)



PokerStars Hand #237428914281:  Hold'em No Limit ($0.02/$0.05 USD) - 2022/07/17 21:49:38 PT [2022/07/18 0:49:38 ET]
Table 'Herero III' 9-max Seat #5 is the button
Seat 2: dvdhmstar ($4.68 in chips) 
Seat 3: naxal2012 ($13.96 in chips) 
Seat 4: Roman 85 ($7.28 in chips) 
Seat 5: skathai68 ($2.64 in chips) 
Seat 6: dumebel ($6.90 in chips) 
Seat 7: Dorex2007 ($5 in chips) 
Seat 9: kemal_zay4ik ($6.41 in chips) 
dumebel: posts small blind $0.02
Dorex2007: posts big blind $0.05
only6-6lol: sits out 
*** HOLE CARDS ***
Dealt to Dorex2007 [3c 9h]
kemal_zay4ik: folds 
dvdhmstar: folds 
naxal2012: folds 
Roman 85: folds 
skathai68: folds 
dumebel: raises $0.10 to $0.15
Dorex2007: folds 
Uncalled bet ($0.10) returned to dumebel
dumebel collected $0.10 from pot
*** SUMMARY ***
Total pot $0.10 | Rake $0 
Seat 2: dvdhmstar folded before Flop (didn't bet)
Seat 3: naxal2012 folded before Flop (didn't bet)
Seat 4: Roman 85 folded before Flop (didn't bet)
Seat 5: skathai68 (button) folded before Flop (didn't bet)
Seat 6: dumebel (small blind) collected ($0.10)
Seat 7: Dorex2007 (big blind) folded before Flop
Seat 9: kemal_zay4ik folded before Flop (didn't bet)



PokerStars Hand #237428916312:  Hold'em No Limit ($0.02/$0.05 USD) - 2022/07/17 21:49:56 PT [2022/07/18 0:49:56 ET]
Table 'Herero III' 9-max Seat #6 is the button
Seat 2: dvdhmstar ($4.68 in chips) 
Seat 3: naxal2012 ($13.96 in chips) 
Seat 4: Roman 85 ($7.28 in chips) 
Seat 5: skathai68 ($2.64 in chips) 
Seat 6: dumebel ($6.95 in chips) 
Seat 7: Dorex2007 ($5 in chips) 
Seat 8: only6-6lol ($6.89 in chips) 
Seat 9: kemal_zay4ik ($6.41 in chips) 
Dorex2007: posts small blind $0.02
only6-6lol: posts big blind $0.05
*** HOLE CARDS ***
Dealt to Dorex2007 [8c 3d]
kemal_zay4ik: folds 
dvdhmstar: folds 
naxal2012: folds 
Roman 85: folds 
skathai68: folds 
dumebel: folds 
Dorex2007: folds 
Uncalled bet ($0.03) returned to only6-6lol
only6-6lol collected $0.04 from pot
*** SUMMARY ***
Total pot $0.04 | Rake $0 
Seat 2: dvdhmstar folded before Flop (didn't bet)
Seat 3: naxal2012 folded before Flop (didn't bet)
Seat 4: Roman 85 folded before Flop (didn't bet)
Seat 5: skathai68 folded before Flop (didn't bet)
Seat 6: dumebel (button) folded before Flop (didn't bet)
Seat 7: Dorex2007 (small blind) folded before Flop
Seat 8: only6-6lol (big blind) collected ($0.04)
Seat 9: kemal_zay4ik folded before Flop (didn't bet)



PokerStars Hand #237428921934:  Hold'em No Limit ($0.02/$0.05 USD) - 2022/07/17 21:50:15 PT [2022/07/18 0:50:15 ET]
Table 'Herero III' 9-max Seat #7 is the button
Seat 2: dvdhmstar ($4.68 in chips) 
Seat 3: naxal2012 ($13.96 in chips) 
Seat 4: Roman 85 ($7.28 in chips) 
Seat 5: skathai68 ($2.64 in chips) 
Seat 6: dumebel ($6.95 in chips) 
Seat 7: Dorex2007 ($5 in chips) 
Seat 8: only6-6lol ($6.91 in chips) 
Seat 9: kemal_zay4ik ($6.41 in chips) 
only6-6lol: posts small blind $0.02
kemal_zay4ik: posts big blind $0.05
*** HOLE CARDS ***
Dealt to Dorex2007 [5c Qc]
dvdhmstar has timed out
dvdhmstar: folds 
naxal2012: folds 
Roman 85: folds 
skathai68: folds 
dumebel: raises $0.15 to $0.20
Dorex2007: folds 
only6-6lol: calls $0.18
kemal_zay4ik: folds 
*** FLOP *** [5s 5d 9h]
only6-6lol: checks 
dumebel: bets $0.21
only6-6lol: folds 
Uncalled bet ($0.21) returned to dumebel
dumebel collected $0.43 from pot
*** SUMMARY ***
Total pot $0.45 | Rake $0.02 
Board [5s 5d 9h]
Seat 2: dvdhmstar folded before Flop (didn't bet)
Seat 3: naxal2012 folded before Flop (didn't bet)
Seat 4: Roman 85 folded before Flop (didn't bet)
Seat 5: skathai68 folded before Flop (didn't bet)
Seat 6: dumebel collected ($0.43)
Seat 7: Dorex2007 (button) folded before Flop (didn't bet)
Seat 8: only6-6lol (small blind) folded on the Flop
Seat 9: kemal_zay4ik (big blind) folded before Flop



PokerStars Hand #237428927441:  Hold'em No Limit ($0.02/$0.05 USD) - 2022/07/17 21:51:06 PT [2022/07/18 0:51:06 ET]
Table 'Herero III' 9-max Seat #8 is the button
Seat 2: dvdhmstar ($4.68 in chips) 
Seat 3: naxal2012 ($13.96 in chips) 
Seat 4: Roman 85 ($7.28 in chips) 
Seat 5: skathai68 ($2.64 in chips) 
Seat 6: dumebel ($7.18 in chips) 
Seat 7: Dorex2007 ($5 in chips) 
Seat 8: only6-6lol ($6.71 in chips) 
Seat 9: kemal_zay4ik ($6.36 in chips) 
kemal_zay4ik: posts small blind $0.02
dvdhmstar: posts big blind $0.05
*** HOLE CARDS ***
Dealt to Dorex2007 [5s 2s]
naxal2012: raises $0.10 to $0.15
Roman 85: folds 
skathai68: calls $0.15
dumebel: folds 
Dorex2007: folds 
only6-6lol: folds 
kemal_zay4ik: folds 
dvdhmstar: folds 
*** FLOP *** [3s 3c Ah]
naxal2012: bets $0.18
skathai68: folds 
Uncalled bet ($0.18) returned to naxal2012
naxal2012 collected $0.35 from pot
*** SUMMARY ***
Total pot $0.37 | Rake $0.02 
Board [3s 3c Ah]
Seat 2: dvdhmstar (big blind) folded before Flop
Seat 3: naxal2012 collected ($0.35)
Seat 4: Roman 85 folded before Flop (didn't bet)
Seat 5: skathai68 folded on the Flop
Seat 6: dumebel folded before Flop (didn't bet)
Seat 7: Dorex2007 folded before Flop (didn't bet)
Seat 8: only6-6lol (button) folded before Flop (didn't bet)
Seat 9: kemal_zay4ik (small blind) folded before Flop



PokerStars Hand #237428930700:  Hold'em No Limit ($0.02/$0.05 USD) - 2022/07/17 21:51:37 PT [2022/07/18 0:51:37 ET]
Table 'Herero III' 9-max Seat #9 is the button
Seat 2: dvdhmstar ($4.63 in chips) 
Seat 3: naxal2012 ($14.16 in chips) 
Seat 4: Roman 85 ($7.28 in chips) 
Seat 5: skathai68 ($2.49 in chips) 
Seat 6: dumebel ($7.18 in chips) 
Seat 7: Dorex2007 ($5 in chips) 
Seat 8: only6-6lol ($6.71 in chips) 
Seat 9: kemal_zay4ik ($6.34 in chips) 
dvdhmstar: posts small blind $0.02
naxal2012: posts big blind $0.05
*** HOLE CARDS ***
Dealt to Dorex2007 [Jc Ad]
Roman 85: folds 
skathai68: folds 
dumebel: raises $0.10 to $0.15
Dorex2007: folds 
only6-6lol: folds 
kemal_zay4ik: folds 
dvdhmstar: folds 
naxal2012: folds 
Uncalled bet ($0.10) returned to dumebel
dumebel collected $0.12 from pot
*** SUMMARY ***
Total pot $0.12 | Rake $0 
Seat 2: dvdhmstar (small blind) folded before Flop
Seat 3: naxal2012 (big blind) folded before Flop
Seat 4: Roman 85 folded before Flop (didn't bet)
Seat 5: skathai68 folded before Flop (didn't bet)
Seat 6: dumebel collected ($0.12)
Seat 7: Dorex2007 folded before Flop (didn't bet)
Seat 8: only6-6lol folded before Flop (didn't bet)
Seat 9: kemal_zay4ik (button) folded before Flop (didn't bet)



PokerStars Hand #237428932998:  Hold'em No Limit ($0.02/$0.05 USD) - 2022/07/17 21:51:58 PT [2022/07/18 0:51:58 ET]
Table 'Herero III' 9-max Seat #2 is the button
Seat 2: dvdhmstar ($4.61 in chips) 
Seat 3: naxal2012 ($14.11 in chips) 
Seat 5: skathai68 ($2.49 in chips) 
Seat 6: dumebel ($7.25 in chips) 
Seat 7: Dorex2007 ($5 in chips) 
Seat 8: only6-6lol ($6.71 in chips) 
Seat 9: kemal_zay4ik ($6.34 in chips) 
naxal2012: posts small blind $0.02
skathai68: posts big blind $0.05
*** HOLE CARDS ***
Dealt to Dorex2007 [4s 5s]
dumebel: folds 
dumebel leaves the table
Dorex2007: folds 
only6-6lol: folds 
Roman 85 is disconnected 
kemal_zay4ik: folds 
dvdhmstar: raises $0.05 to $0.10
naxal2012: folds 
skathai68: folds 
Uncalled bet ($0.05) returned to dvdhmstar
dvdhmstar collected $0.12 from pot
*** SUMMARY ***
Total pot $0.12 | Rake $0 
Seat 2: dvdhmstar (button) collected ($0.12)
Seat 3: naxal2012 (small blind) folded before Flop
Seat 5: skathai68 (big blind) folded before Flop
Seat 6: dumebel folded before Flop (didn't bet)
Seat 7: Dorex2007 folded before Flop (didn't bet)
Seat 8: only6-6lol folded before Flop (didn't bet)
Seat 9: kemal_zay4ik folded before Flop (didn't bet)



PokerStars Hand #237428935780:  Hold'em No Limit ($0.02/$0.05 USD) - 2022/07/17 21:52:24 PT [2022/07/18 0:52:24 ET]
Table 'Herero III' 9-max Seat #3 is the button
Seat 2: dvdhmstar ($4.68 in chips) 
Seat 3: naxal2012 ($14.09 in chips) 
Seat 5: skathai68 ($2.44 in chips) 
Seat 7: Dorex2007 ($5 in chips) 
Seat 8: only6-6lol ($6.71 in chips) 
Seat 9: kemal_zay4ik ($6.34 in chips) 
skathai68: posts small blind $0.02
Dorex2007: posts big blind $0.05
*** HOLE CARDS ***
Dealt to Dorex2007 [Ac 7h]
only6-6lol: calls $0.05
kemal_zay4ik: folds 
dvdhmstar: raises $0.05 to $0.10
naxal2012: folds 
skathai68: folds 
Dorex2007: folds 
only6-6lol: calls $0.05
*** FLOP *** [3h 6d 6h]
laurentis9 joins the table at seat #6 
only6-6lol: checks 
dvdhmstar: bets $0.10
only6-6lol: folds 
Uncalled bet ($0.10) returned to dvdhmstar
dvdhmstar collected $0.26 from pot
*** SUMMARY ***
Total pot $0.27 | Rake $0.01 
Board [3h 6d 6h]
Seat 2: dvdhmstar collected ($0.26)
Seat 3: naxal2012 (button) folded before Flop (didn't bet)
Seat 5: skathai68 (small blind) folded before Flop
Seat 7: Dorex2007 (big blind) folded before Flop
Seat 8: only6-6lol folded on the Flop
Seat 9: kemal_zay4ik folded before Flop (didn't bet)



PokerStars Hand #237428941425:  Hold'em No Limit ($0.02/$0.05 USD) - 2022/07/17 21:53:16 PT [2022/07/18 0:53:16 ET]
Table 'Herero III' 9-max Seat #5 is the button
Seat 2: dvdhmstar ($4.84 in chips) 
Seat 3: naxal2012 ($14.09 in chips) 
Seat 5: skathai68 ($2.42 in chips) 
Seat 7: Dorex2007 ($5 in chips) 
Seat 8: only6-6lol ($6.61 in chips) 
Seat 9: kemal_zay4ik ($6.34 in chips) 
Dorex2007: posts small blind $0.02
only6-6lol: posts big blind $0.05
*** HOLE CARDS ***
Dealt to Dorex2007 [3h 9d]
kemal_zay4ik: folds 
dvdhmstar: folds 
naxal2012: folds 
skathai68: folds 
Dorex2007: folds 
Uncalled bet ($0.03) returned to only6-6lol
only6-6lol collected $0.04 from pot
*** SUMMARY ***
Total pot $0.04 | Rake $0 
Seat 2: dvdhmstar folded before Flop (didn't bet)
Seat 3: naxal2012 folded before Flop (didn't bet)
Seat 5: skathai68 (button) folded before Flop (didn't bet)
Seat 7: Dorex2007 (small blind) folded before Flop
Seat 8: only6-6lol (big blind) collected ($0.04)
Seat 9: kemal_zay4ik folded before Flop (didn't bet)



PokerStars Hand #237428943444:  Hold'em No Limit ($0.02/$0.05 USD) - 2022/07/17 21:53:34 PT [2022/07/18 0:53:34 ET]
Table 'Herero III' 9-max Seat #7 is the button
Seat 2: dvdhmstar ($4.84 in chips) 
Seat 3: naxal2012 ($14.09 in chips) 
Seat 5: skathai68 ($2.42 in chips) 
Seat 6: laurentis9 ($5 in chips) 
Seat 7: Dorex2007 ($5 in chips) 
Seat 8: only6-6lol ($6.63 in chips) 
Seat 9: kemal_zay4ik ($6.34 in chips) 
only6-6lol: posts small blind $0.02
kemal_zay4ik: posts big blind $0.05
laurentis9: posts big blind $0.05
*** HOLE CARDS ***
Dealt to Dorex2007 [Kc 3h]
dvdhmstar: folds 
naxal2012: folds 
skathai68: folds 
laurentis9: checks 
Dorex2007: folds 
only6-6lol: calls $0.03
kemal_zay4ik: checks 
*** FLOP *** [6h 9d 2h]
only6-6lol: checks 
kemal_zay4ik: checks 
laurentis9: checks 
*** TURN *** [6h 9d 2h] [Th]
only6-6lol: bets $0.05
kemal_zay4ik: folds 
laurentis9: folds 
Uncalled bet ($0.05) returned to only6-6lol
only6-6lol collected $0.14 from pot
*** SUMMARY ***
Total pot $0.15 | Rake $0.01 
Board [6h 9d 2h Th]
Seat 2: dvdhmstar folded before Flop (didn't bet)
Seat 3: naxal2012 folded before Flop (didn't bet)
Seat 5: skathai68 folded before Flop (didn't bet)
Seat 6: laurentis9 folded on the Turn (didn't bet)
Seat 7: Dorex2007 (button) folded before Flop (didn't bet)
Seat 8: only6-6lol (small blind) collected ($0.14)
Seat 9: kemal_zay4ik (big blind) folded on the Turn



PokerStars Hand #237428949380:  Hold'em No Limit ($0.02/$0.05 USD) - 2022/07/17 21:54:29 PT [2022/07/18 0:54:29 ET]
Table 'Herero III' 9-max Seat #8 is the button
Seat 2: dvdhmstar ($4.84 in chips) 
Seat 3: naxal2012 ($14.09 in chips) 
Seat 5: skathai68 ($2.42 in chips) 
Seat 6: laurentis9 ($4.95 in chips) 
Seat 7: Dorex2007 ($5 in chips) 
Seat 8: only6-6lol ($6.72 in chips) 
Seat 9: kemal_zay4ik ($6.29 in chips) 
kemal_zay4ik: posts small blind $0.02
dvdhmstar: posts big blind $0.05
*** HOLE CARDS ***
Dealt to Dorex2007 [2d 4s]
naxal2012: folds 
skathai68: folds 
laurentis9: folds 
Dorex2007: folds 
only6-6lol: folds 
kemal_zay4ik: folds 
Uncalled bet ($0.03) returned to dvdhmstar
dvdhmstar collected $0.04 from pot
*** SUMMARY ***
Total pot $0.04 | Rake $0 
Seat 2: dvdhmstar (big blind) collected ($0.04)
Seat 3: naxal2012 folded before Flop (didn't bet)
Seat 5: skathai68 folded before Flop (didn't bet)
Seat 6: laurentis9 folded before Flop (didn't bet)
Seat 7: Dorex2007 folded before Flop (didn't bet)
Seat 8: only6-6lol (button) folded before Flop (didn't bet)
Seat 9: kemal_zay4ik (small blind) folded before Flop



PokerStars Hand #237428951092:  Hold'em No Limit ($0.02/$0.05 USD) - 2022/07/17 21:54:45 PT [2022/07/18 0:54:45 ET]
Table 'Herero III' 9-max Seat #9 is the button
Seat 2: dvdhmstar ($4.86 in chips) 
Seat 3: naxal2012 ($14.09 in chips) 
Seat 5: skathai68 ($2.42 in chips) 
Seat 6: laurentis9 ($4.95 in chips) 
Seat 7: Dorex2007 ($5 in chips) 
Seat 8: only6-6lol ($6.72 in chips) 
Seat 9: kemal_zay4ik ($6.27 in chips) 
dvdhmstar: posts small blind $0.02
naxal2012: posts big blind $0.05
*** HOLE CARDS ***
Dealt to Dorex2007 [7s Ts]
skathai68: folds 
laurentis9: folds 
Dorex2007: folds 
only6-6lol: raises $0.05 to $0.10
kemal_zay4ik has timed out
kemal_zay4ik: folds 
dvdhmstar: folds 
naxal2012: calls $0.05
*** FLOP *** [Kd Js 8s]
naxal2012: checks 
only6-6lol: checks 
*** TURN *** [Kd Js 8s] [Tc]
naxal2012: checks 
only6-6lol: checks 
*** RIVER *** [Kd Js 8s Tc] [2c]
naxal2012: checks 
only6-6lol: checks 
*** SHOW DOWN ***
naxal2012: shows [Qd 2d] (a pair of Deuces)
only6-6lol: mucks hand 
naxal2012 collected $0.21 from pot
*** SUMMARY ***
Total pot $0.22 | Rake $0.01 
Board [Kd Js 8s Tc 2c]
Seat 2: dvdhmstar (small blind) folded before Flop
Seat 3: naxal2012 (big blind) showed [Qd 2d] and won ($0.21) with a pair of Deuces
Seat 5: skathai68 folded before Flop (didn't bet)
Seat 6: laurentis9 folded before Flop (didn't bet)
Seat 7: Dorex2007 folded before Flop (didn't bet)
Seat 8: only6-6lol mucked [5h 9h]
Seat 9: kemal_zay4ik (button) folded before Flop (didn't bet)



PokerStars Hand #237428956455:  Hold'em No Limit ($0.02/$0.05 USD) - 2022/07/17 21:55:38 PT [2022/07/18 0:55:38 ET]
Table 'Herero III' 9-max Seat #2 is the button
Seat 2: dvdhmstar ($4.84 in chips) 
Seat 3: naxal2012 ($14.20 in chips) 
Seat 5: skathai68 ($2.42 in chips) 
Seat 6: laurentis9 ($4.95 in chips) 
Seat 7: Dorex2007 ($5 in chips) 
Seat 8: only6-6lol ($6.62 in chips) 
Seat 9: kemal_zay4ik ($6.27 in chips) 
naxal2012: posts small blind $0.02
skathai68: posts big blind $0.05
*** HOLE CARDS ***
Dealt to Dorex2007 [Tc 6c]
laurentis9: folds 
Dorex2007: folds 
only6-6lol: raises $0.05 to $0.10
kemal_zay4ik: folds 
dvdhmstar: folds 
naxal2012: folds 
skathai68: folds 
Uncalled bet ($0.05) returned to only6-6lol
only6-6lol collected $0.12 from pot
*** SUMMARY ***
Total pot $0.12 | Rake $0 
Seat 2: dvdhmstar (button) folded before Flop (didn't bet)
Seat 3: naxal2012 (small blind) folded before Flop
Seat 5: skathai68 (big blind) folded before Flop
Seat 6: laurentis9 folded before Flop (didn't bet)
Seat 7: Dorex2007 folded before Flop (didn't bet)
Seat 8: only6-6lol collected ($0.12)
Seat 9: kemal_zay4ik folded before Flop (didn't bet)



PokerStars Hand #237428959723:  Hold'em No Limit ($0.02/$0.05 USD) - 2022/07/17 21:56:12 PT [2022/07/18 0:56:12 ET]
Table 'Herero III' 9-max Seat #3 is the button
Seat 2: dvdhmstar ($4.84 in chips) 
Seat 3: naxal2012 ($14.18 in chips) 
Seat 5: skathai68 ($2.37 in chips) 
Seat 6: laurentis9 ($4.95 in chips) 
Seat 7: Dorex2007 ($5 in chips) 
Seat 8: only6-6lol ($6.69 in chips) 
Seat 9: kemal_zay4ik ($6.27 in chips) 
skathai68: posts small blind $0.02
laurentis9: posts big blind $0.05
*** HOLE CARDS ***
Dealt to Dorex2007 [8d Jd]
Dorex2007: folds 
only6-6lol: raises $0.12 to $0.17
kemal_zay4ik: folds 
dvdhmstar: folds 
naxal2012: folds 
skathai68: folds 
laurentis9: folds 
Uncalled bet ($0.12) returned to only6-6lol
only6-6lol collected $0.12 from pot
*** SUMMARY ***
Total pot $0.12 | Rake $0 
Seat 2: dvdhmstar folded before Flop (didn't bet)
Seat 3: naxal2012 (button) folded before Flop (didn't bet)
Seat 5: skathai68 (small blind) folded before Flop
Seat 6: laurentis9 (big blind) folded before Flop
Seat 7: Dorex2007 folded before Flop (didn't bet)
Seat 8: only6-6lol collected ($0.12)
Seat 9: kemal_zay4ik folded before Flop (didn't bet)



PokerStars Hand #237428961390:  Hold'em No Limit ($0.02/$0.05 USD) - 2022/07/17 21:56:29 PT [2022/07/18 0:56:29 ET]
Table 'Herero III' 9-max Seat #5 is the button
Seat 2: dvdhmstar ($4.84 in chips) 
Seat 3: naxal2012 ($14.18 in chips) 
Seat 5: skathai68 ($2.35 in chips) 
Seat 6: laurentis9 ($4.90 in chips) 
Seat 7: Dorex2007 ($5 in chips) 
Seat 8: only6-6lol ($6.76 in chips) 
Seat 9: kemal_zay4ik ($6.27 in chips) 
laurentis9: posts small blind $0.02
Dorex2007: posts big blind $0.05
*** HOLE CARDS ***
Dealt to Dorex2007 [Th 4c]
only6-6lol: calls $0.05
kemal_zay4ik: folds 
dvdhmstar: raises $0.05 to $0.10
naxal2012: folds 
skathai68: calls $0.10
laurentis9: folds 
Dorex2007: folds 
only6-6lol: calls $0.05
*** FLOP *** [2d Jc 3s]
only6-6lol: bets $0.35
dvdhmstar: calls $0.35
skathai68: folds 
*** TURN *** [2d Jc 3s] [Qc]
only6-6lol: checks 
dvdhmstar: bets $1.03
only6-6lol: folds 
Uncalled bet ($1.03) returned to dvdhmstar
dvdhmstar collected $1.03 from pot
*** SUMMARY ***
Total pot $1.07 | Rake $0.04 
Board [2d Jc 3s Qc]
Seat 2: dvdhmstar collected ($1.03)
Seat 3: naxal2012 folded before Flop (didn't bet)
Seat 5: skathai68 (button) folded on the Flop
Seat 6: laurentis9 (small blind) folded before Flop
Seat 7: Dorex2007 (big blind) folded before Flop
Seat 8: only6-6lol folded on the Turn
Seat 9: kemal_zay4ik folded before Flop (didn't bet)



PokerStars Hand #237428968019:  Hold'em No Limit ($0.02/$0.05 USD) - 2022/07/17 21:57:38 PT [2022/07/18 0:57:38 ET]
Table 'Herero III' 9-max Seat #6 is the button
Seat 2: dvdhmstar ($5.42 in chips) 
Seat 3: naxal2012 ($14.18 in chips) 
Seat 5: skathai68 ($2.25 in chips) 
Seat 6: laurentis9 ($4.88 in chips) 
Seat 7: Dorex2007 ($5 in chips) 
Seat 8: only6-6lol ($6.31 in chips) 
Seat 9: kemal_zay4ik ($6.27 in chips) 
Dorex2007: posts small blind $0.02
only6-6lol: posts big blind $0.05
*** HOLE CARDS ***
Dealt to Dorex2007 [2h Th]
kemal_zay4ik: folds 
dvdhmstar: folds 
naxal2012: folds 
skathai68: folds 
laurentis9: calls $0.05
Dorex2007: folds 
only6-6lol: raises $0.05 to $0.10
laurentis9: calls $0.05
*** FLOP *** [5s Ah 3c]
only6-6lol: checks 
laurentis9: checks 
*** TURN *** [5s Ah 3c] [8s]
only6-6lol: checks 
laurentis9: bets $0.21
only6-6lol: folds 
Uncalled bet ($0.21) returned to laurentis9
laurentis9 collected $0.21 from pot
*** SUMMARY ***
Total pot $0.22 | Rake $0.01 
Board [5s Ah 3c 8s]
Seat 2: dvdhmstar folded before Flop (didn't bet)
Seat 3: naxal2012 folded before Flop (didn't bet)
Seat 5: skathai68 folded before Flop (didn't bet)
Seat 6: laurentis9 (button) collected ($0.21)
Seat 7: Dorex2007 (small blind) folded before Flop
Seat 8: only6-6lol (big blind) folded on the Turn
Seat 9: kemal_zay4ik folded before Flop (didn't bet)



PokerStars Hand #237428972421:  Hold'em No Limit ($0.02/$0.05 USD) - 2022/07/17 21:58:25 PT [2022/07/18 0:58:25 ET]
Table 'Herero III' 9-max Seat #7 is the button
Seat 2: dvdhmstar ($5.42 in chips) 
Seat 3: naxal2012 ($14.18 in chips) 
Seat 5: skathai68 ($2.25 in chips) 
Seat 6: laurentis9 ($4.99 in chips) 
Seat 7: Dorex2007 ($5 in chips) 
Seat 8: only6-6lol ($6.21 in chips) 
Seat 9: kemal_zay4ik ($6.27 in chips) 
only6-6lol: posts small blind $0.02
kemal_zay4ik: posts big blind $0.05
*** HOLE CARDS ***
Dealt to Dorex2007 [Kh As]
dvdhmstar: folds 
naxal2012: folds 
skathai68: folds 
laurentis9: folds 
Dorex2007: raises $0.10 to $0.15
only6-6lol: calls $0.13
kemal_zay4ik: folds 
*** FLOP *** [6c 4h Jd]
only6-6lol: bets $6.06 and is all-in
Dorex2007: folds 
Uncalled bet ($6.06) returned to only6-6lol
only6-6lol collected $0.34 from pot
*** SUMMARY ***
Total pot $0.35 | Rake $0.01 
Board [6c 4h Jd]
Seat 2: dvdhmstar folded before Flop (didn't bet)
Seat 3: naxal2012 folded before Flop (didn't bet)
Seat 5: skathai68 folded before Flop (didn't bet)
Seat 6: laurentis9 folded before Flop (didn't bet)
Seat 7: Dorex2007 (button) folded on the Flop
Seat 8: only6-6lol (small blind) collected ($0.34)
Seat 9: kemal_zay4ik (big blind) folded before Flop



PokerStars Hand #237428976445:  Hold'em No Limit ($0.02/$0.05 USD) - 2022/07/17 21:59:08 PT [2022/07/18 0:59:08 ET]
Table 'Herero III' 9-max Seat #8 is the button
Seat 2: dvdhmstar ($5.42 in chips) 
Seat 3: naxal2012 ($14.18 in chips) 
Seat 5: skathai68 ($2.25 in chips) 
Seat 6: laurentis9 ($4.99 in chips) 
Seat 7: Dorex2007 ($5 in chips) 
Seat 8: only6-6lol ($6.40 in chips) 
Seat 9: kemal_zay4ik ($6.22 in chips) 
kemal_zay4ik: posts small blind $0.02
dvdhmstar: posts big blind $0.05
*** HOLE CARDS ***
Dealt to Dorex2007 [8s Qc]
naxal2012: folds 
skathai68: calls $0.05
laurentis9: folds 
Dorex2007: folds 
only6-6lol: raises $0.17 to $0.22
kemal_zay4ik: folds 
dvdhmstar: folds 
skathai68: calls $0.17
*** FLOP *** [7d 3c 5s]
skathai68: checks 
only6-6lol: bets $6.18 and is all-in
skathai68: folds [Ts Tc]
Uncalled bet ($6.18) returned to only6-6lol
only6-6lol collected $0.49 from pot
rodol1019 leaves the table
*** SUMMARY ***
Total pot $0.51 | Rake $0.02 
Board [7d 3c 5s]
Seat 2: dvdhmstar (big blind) folded before Flop
Seat 3: naxal2012 folded before Flop (didn't bet)
Seat 5: skathai68 folded on the Flop
Seat 6: laurentis9 folded before Flop (didn't bet)
Seat 7: Dorex2007 folded before Flop (didn't bet)
Seat 8: only6-6lol (button) collected ($0.49)
Seat 9: kemal_zay4ik (small blind) folded before Flop



PokerStars Hand #237428981030:  Hold'em No Limit ($0.02/$0.05 USD) - 2022/07/17 21:59:57 PT [2022/07/18 0:59:57 ET]
Table 'Herero III' 9-max Seat #9 is the button
Seat 2: dvdhmstar ($5.37 in chips) 
Seat 3: naxal2012 ($14.18 in chips) 
Seat 5: skathai68 ($2.03 in chips) 
Seat 6: laurentis9 ($4.99 in chips) 
Seat 7: Dorex2007 ($5 in chips) 
Seat 8: only6-6lol ($6.67 in chips) 
Seat 9: kemal_zay4ik ($6.20 in chips) 
dvdhmstar: posts small blind $0.02
naxal2012: posts big blind $0.05
*** HOLE CARDS ***
Dealt to Dorex2007 [Td 4h]
skathai68: folds 
laurentis9: calls $0.05
Dorex2007: folds 
only6-6lol: raises $0.05 to $0.10
kemal_zay4ik: folds 
dvdhmstar: folds 
naxal2012: folds 
laurentis9: calls $0.05
*** FLOP *** [6d 8s Ad]
laurentis9: checks 
only6-6lol: checks 
*** TURN *** [6d 8s Ad] [8c]
laurentis9: bets $0.10
only6-6lol: folds 
Uncalled bet ($0.10) returned to laurentis9
laurentis9 collected $0.26 from pot
*** SUMMARY ***
Total pot $0.27 | Rake $0.01 
Board [6d 8s Ad 8c]
Seat 2: dvdhmstar (small blind) folded before Flop
Seat 3: naxal2012 (big blind) folded before Flop
Seat 5: skathai68 folded before Flop (didn't bet)
Seat 6: laurentis9 collected ($0.26)
Seat 7: Dorex2007 folded before Flop (didn't bet)
Seat 8: only6-6lol folded on the Turn
Seat 9: kemal_zay4ik (button) folded before Flop (didn't bet)



PokerStars Hand #237428984839:  Hold'em No Limit ($0.02/$0.05 USD) - 2022/07/17 22:00:35 PT [2022/07/18 1:00:35 ET]
Table 'Herero III' 9-max Seat #2 is the button
Seat 2: dvdhmstar ($5.35 in chips) 
Seat 3: naxal2012 ($14.13 in chips) 
Seat 5: skathai68 ($2.03 in chips) 
Seat 6: laurentis9 ($5.15 in chips) 
Seat 7: Dorex2007 ($5 in chips) 
Seat 8: only6-6lol ($6.57 in chips) 
Seat 9: kemal_zay4ik ($6.20 in chips) 
naxal2012: posts small blind $0.02
skathai68: posts big blind $0.05
*** HOLE CARDS ***
Dealt to Dorex2007 [Kh Jd]
laurentis9: folds 
Dorex2007: calls $0.05
only6-6lol: raises $0.05 to $0.10
kemal_zay4ik: folds 
dvdhmstar: calls $0.10
naxal2012: folds 
skathai68: folds 
Dorex2007: calls $0.05
*** FLOP *** [9h 5h 4s]
Dorex2007: checks 
only6-6lol: bets $0.35
dvdhmstar: folds 
Dorex2007: folds 
Uncalled bet ($0.35) returned to only6-6lol
only6-6lol collected $0.35 from pot
*** SUMMARY ***
Total pot $0.37 | Rake $0.02 
Board [9h 5h 4s]
Seat 2: dvdhmstar (button) folded on the Flop
Seat 3: naxal2012 (small blind) folded before Flop
Seat 5: skathai68 (big blind) folded before Flop
Seat 6: laurentis9 folded before Flop (didn't bet)
Seat 7: Dorex2007 folded on the Flop
Seat 8: only6-6lol collected ($0.35)
Seat 9: kemal_zay4ik folded before Flop (didn't bet)



PokerStars Hand #237428992552:  Hold'em No Limit ($0.02/$0.05 USD) - 2022/07/17 22:01:21 PT [2022/07/18 1:01:21 ET]
Table 'Herero III' 9-max Seat #3 is the button
Seat 2: dvdhmstar ($5.25 in chips) 
Seat 3: naxal2012 ($14.11 in chips) 
Seat 5: skathai68 ($1.98 in chips) 
Seat 6: laurentis9 ($5.15 in chips) 
Seat 7: Dorex2007 ($5 in chips) 
Seat 8: only6-6lol ($6.82 in chips) 
Seat 9: kemal_zay4ik ($6.20 in chips) 
skathai68: posts small blind $0.02
laurentis9: posts big blind $0.05
*** HOLE CARDS ***
Dealt to Dorex2007 [9d 4c]
Dorex2007: folds 
only6-6lol: calls $0.05
kemal_zay4ik has timed out
kemal_zay4ik: folds 
dvdhmstar: raises $0.05 to $0.10
naxal2012: calls $0.10
skathai68: folds 
laurentis9: calls $0.05
only6-6lol: calls $0.05
*** FLOP *** [3c 5c 5d]
laurentis9: checks 
only6-6lol: checks 
Roman 85 leaves the table
dvdhmstar: checks 
naxal2012: checks 
*** TURN *** [3c 5c 5d] [Td]
laurentis9: checks 
only6-6lol: checks 
dvdhmstar: bets $0.20
naxal2012: calls $0.20
laurentis9: calls $0.20
only6-6lol: folds 
*** RIVER *** [3c 5c 5d Td] [2h]
laurentis9: bets $0.98
dvdhmstar: folds 
naxal2012: folds 
Uncalled bet ($0.98) returned to laurentis9
laurentis9 collected $0.98 from pot
*** SUMMARY ***
Total pot $1.02 | Rake $0.04 
Board [3c 5c 5d Td 2h]
Seat 2: dvdhmstar folded on the River
Seat 3: naxal2012 (button) folded on the River
Seat 5: skathai68 (small blind) folded before Flop
Seat 6: laurentis9 (big blind) collected ($0.98)
Seat 7: Dorex2007 folded before Flop (didn't bet)
Seat 8: only6-6lol folded on the Turn
Seat 9: kemal_zay4ik folded before Flop (didn't bet)



PokerStars Hand #237429003949:  Hold'em No Limit ($0.02/$0.05 USD) - 2022/07/17 22:03:10 PT [2022/07/18 1:03:10 ET]
Table 'Herero III' 9-max Seat #5 is the button
Seat 2: dvdhmstar ($4.95 in chips) 
Seat 3: naxal2012 ($13.81 in chips) 
Seat 5: skathai68 ($1.96 in chips) 
Seat 6: laurentis9 ($5.83 in chips) 
Seat 7: Dorex2007 ($5 in chips) 
Seat 8: only6-6lol ($6.72 in chips) 
Seat 9: kemal_zay4ik ($6.20 in chips) 
laurentis9: posts small blind $0.02
Dorex2007: posts big blind $0.05
*** HOLE CARDS ***
Dealt to Dorex2007 [Jd Jc]
only6-6lol: raises $0.05 to $0.10
kemal_zay4ik: calls $0.10
dvdhmstar: folds 
naxal2012: folds 
skathai68 has timed out
skathai68: folds 
laurentis9: folds 
Dorex2007: calls $0.05
*** FLOP *** [Td 2d 6s]
Dorex2007: checks 
only6-6lol: checks 
kemal_zay4ik: checks 
*** TURN *** [Td 2d 6s] [3h]
Dorex2007: bets $0.31
only6-6lol: folds 
kemal_zay4ik: folds 
Uncalled bet ($0.31) returned to Dorex2007
Dorex2007 collected $0.31 from pot
*** SUMMARY ***
Total pot $0.32 | Rake $0.01 
Board [Td 2d 6s 3h]
Seat 2: dvdhmstar folded before Flop (didn't bet)
Seat 3: naxal2012 folded before Flop (didn't bet)
Seat 5: skathai68 (button) folded before Flop (didn't bet)
Seat 6: laurentis9 (small blind) folded before Flop
Seat 7: Dorex2007 (big blind) collected ($0.31)
Seat 8: only6-6lol folded on the Turn
Seat 9: kemal_zay4ik folded on the Turn



PokerStars Hand #237429014437:  Hold'em No Limit ($0.02/$0.05 USD) - 2022/07/17 22:04:50 PT [2022/07/18 1:04:50 ET]
Table 'Herero III' 9-max Seat #6 is the button
Seat 2: dvdhmstar ($4.95 in chips) 
Seat 3: naxal2012 ($13.81 in chips) 
Seat 6: laurentis9 ($5.81 in chips) 
Seat 7: Dorex2007 ($5.21 in chips) 
Seat 8: only6-6lol ($6.62 in chips) 
Seat 9: kemal_zay4ik ($6.10 in chips) 
Dorex2007: posts small blind $0.02
only6-6lol: posts big blind $0.05
*** HOLE CARDS ***
Dealt to Dorex2007 [Th Js]
kemal_zay4ik: folds 
dvdhmstar: folds 
naxal2012: folds 
laurentis9: folds 
Dorex2007: calls $0.03
only6-6lol: raises $0.10 to $0.15
Dorex2007: folds 
Uncalled bet ($0.10) returned to only6-6lol
only6-6lol collected $0.10 from pot
*** SUMMARY ***
Total pot $0.10 | Rake $0 
Seat 2: dvdhmstar folded before Flop (didn't bet)
Seat 3: naxal2012 folded before Flop (didn't bet)
Seat 6: laurentis9 (button) folded before Flop (didn't bet)
Seat 7: Dorex2007 (small blind) folded before Flop
Seat 8: only6-6lol (big blind) collected ($0.10)
Seat 9: kemal_zay4ik folded before Flop (didn't bet)



PokerStars Hand #237429017114:  Hold'em No Limit ($0.02/$0.05 USD) - 2022/07/17 22:05:15 PT [2022/07/18 1:05:15 ET]
Table 'Herero III' 9-max Seat #7 is the button
Seat 2: dvdhmstar ($4.95 in chips) 
Seat 3: naxal2012 ($13.81 in chips) 
Seat 6: laurentis9 ($5.81 in chips) 
Seat 7: Dorex2007 ($5.16 in chips) 
Seat 8: only6-6lol ($6.67 in chips) 
Seat 9: kemal_zay4ik ($6.10 in chips) 
only6-6lol: posts small blind $0.02
kemal_zay4ik: posts big blind $0.05
*** HOLE CARDS ***
Dealt to Dorex2007 [5s Ts]
dvdhmstar: folds 
naxal2012: folds 
laurentis9: calls $0.05
Dorex2007: folds 
only6-6lol: raises $0.05 to $0.10
kemal_zay4ik: calls $0.05
laurentis9: calls $0.05
*** FLOP *** [6c Ac Th]
only6-6lol: checks 
kemal_zay4ik: checks 
laurentis9: bets $0.10
only6-6lol: calls $0.10
kemal_zay4ik: folds 
*** TURN *** [6c Ac Th] [3h]
only6-6lol: bets $6.47 and is all-in
laurentis9: folds 
Uncalled bet ($6.47) returned to only6-6lol
only6-6lol collected $0.48 from pot
*** SUMMARY ***
Total pot $0.50 | Rake $0.02 
Board [6c Ac Th 3h]
Seat 2: dvdhmstar folded before Flop (didn't bet)
Seat 3: naxal2012 folded before Flop (didn't bet)
Seat 6: laurentis9 folded on the Turn
Seat 7: Dorex2007 (button) folded before Flop (didn't bet)
Seat 8: only6-6lol (small blind) collected ($0.48)
Seat 9: kemal_zay4ik (big blind) folded on the Flop



PokerStars Hand #237429026318:  Hold'em No Limit ($0.02/$0.05 USD) - 2022/07/17 22:06:43 PT [2022/07/18 1:06:43 ET]
Table 'Herero III' 9-max Seat #8 is the button
Seat 2: dvdhmstar ($4.95 in chips) 
Seat 3: naxal2012 ($13.81 in chips) 
Seat 6: laurentis9 ($5.61 in chips) 
Seat 7: Dorex2007 ($5.16 in chips) 
Seat 8: only6-6lol ($6.95 in chips) 
Seat 9: kemal_zay4ik ($6 in chips) 
kemal_zay4ik: posts small blind $0.02
dvdhmstar: posts big blind $0.05
*** HOLE CARDS ***
Dealt to Dorex2007 [4h Kc]
naxal2012: folds 
laurentis9: calls $0.05
Dorex2007: folds 
only6-6lol: raises $0.05 to $0.10
kemal_zay4ik: folds 
dvdhmstar: folds 
laurentis9: calls $0.05
*** FLOP *** [4c 3d Ks]
laurentis9: checks 
only6-6lol: checks 
*** TURN *** [4c 3d Ks] [Jh]
laurentis9: bets $0.26
only6-6lol: folds 
Uncalled bet ($0.26) returned to laurentis9
laurentis9 collected $0.26 from pot
*** SUMMARY ***
Total pot $0.27 | Rake $0.01 
Board [4c 3d Ks Jh]
Seat 2: dvdhmstar (big blind) folded before Flop
Seat 3: naxal2012 folded before Flop (didn't bet)
Seat 6: laurentis9 collected ($0.26)
Seat 7: Dorex2007 folded before Flop (didn't bet)
Seat 8: only6-6lol (button) folded on the Turn
Seat 9: kemal_zay4ik (small blind) folded before Flop



PokerStars Hand #237429030963:  Hold'em No Limit ($0.02/$0.05 USD) - 2022/07/17 22:07:28 PT [2022/07/18 1:07:28 ET]
Table 'Herero III' 9-max Seat #9 is the button
Seat 2: dvdhmstar ($4.90 in chips) 
Seat 3: naxal2012 ($13.81 in chips) 
Seat 5: skathai68 ($1.96 in chips) 
Seat 7: Dorex2007 ($5.16 in chips) 
Seat 8: only6-6lol ($6.85 in chips) 
Seat 9: kemal_zay4ik ($5.98 in chips) 
dvdhmstar: posts small blind $0.02
naxal2012: posts big blind $0.05
*** HOLE CARDS ***
Dealt to Dorex2007 [Ts 7d]
skathai68: folds 
laurentis9 leaves the table
Dorex2007: folds 
only6-6lol: calls $0.05
kemal_zay4ik has timed out
kemal_zay4ik: folds 
dvdhmstar: calls $0.03
naxal2012: checks 
*** FLOP *** [6d Ad 7c]
dvdhmstar: checks 
naxal2012: checks 
only6-6lol: checks 
*** TURN *** [6d Ad 7c] [8s]
dvdhmstar: bets $0.14
naxal2012: folds 
only6-6lol: folds 
Uncalled bet ($0.14) returned to dvdhmstar
dvdhmstar collected $0.14 from pot
*** SUMMARY ***
Total pot $0.15 | Rake $0.01 
Board [6d Ad 7c 8s]
Seat 2: dvdhmstar (small blind) collected ($0.14)
Seat 3: naxal2012 (big blind) folded on the Turn
Seat 5: skathai68 folded before Flop (didn't bet)
Seat 7: Dorex2007 folded before Flop (didn't bet)
Seat 8: only6-6lol folded on the Turn
Seat 9: kemal_zay4ik (button) folded before Flop (didn't bet)



PokerStars Hand #237429037378:  Hold'em No Limit ($0.02/$0.05 USD) - 2022/07/17 22:08:30 PT [2022/07/18 1:08:30 ET]
Table 'Herero III' 9-max Seat #2 is the button
Seat 2: dvdhmstar ($4.99 in chips) 
Seat 3: naxal2012 ($13.76 in chips) 
Seat 5: skathai68 ($1.96 in chips) 
Seat 7: Dorex2007 ($5.16 in chips) 
Seat 8: only6-6lol ($6.80 in chips) 
Seat 9: kemal_zay4ik ($5.98 in chips) 
naxal2012: posts small blind $0.02
skathai68: posts big blind $0.05
*** HOLE CARDS ***
Dealt to Dorex2007 [Tc Ks]
Dorex2007: folds 
only6-6lol: raises $0.05 to $0.10
kemal_zay4ik: folds 
dvdhmstar: folds 
naxal2012: folds 
skathai68: folds 
Uncalled bet ($0.05) returned to only6-6lol
only6-6lol collected $0.12 from pot
*** SUMMARY ***
Total pot $0.12 | Rake $0 
Seat 2: dvdhmstar (button) folded before Flop (didn't bet)
Seat 3: naxal2012 (small blind) folded before Flop
Seat 5: skathai68 (big blind) folded before Flop
Seat 7: Dorex2007 folded before Flop (didn't bet)
Seat 8: only6-6lol collected ($0.12)
Seat 9: kemal_zay4ik folded before Flop (didn't bet)



PokerStars Hand #237429040044:  Hold'em No Limit ($0.02/$0.05 USD) - 2022/07/17 22:08:55 PT [2022/07/18 1:08:55 ET]
Table 'Herero III' 9-max Seat #3 is the button
Seat 2: dvdhmstar ($4.99 in chips) 
Seat 3: naxal2012 ($13.74 in chips) 
Seat 5: skathai68 ($1.91 in chips) 
Seat 7: Dorex2007 ($5.16 in chips) 
Seat 8: only6-6lol ($6.87 in chips) 
Seat 9: kemal_zay4ik ($5.98 in chips) 
skathai68: posts small blind $0.02
Dorex2007: posts big blind $0.05
*** HOLE CARDS ***
Dealt to Dorex2007 [Qd 8s]
only6-6lol: calls $0.05
kemal_zay4ik: folds 
dvdhmstar: folds 
naxal2012: folds 
skathai68: calls $0.03
Dorex2007: checks 
*** FLOP *** [8h 3s 2c]
skathai68: bets $0.07
Dorex2007: calls $0.07
only6-6lol: calls $0.07
*** TURN *** [8h 3s 2c] [Jd]
skathai68: checks 
Dorex2007: checks 
only6-6lol: bets $0.05
skathai68: calls $0.05
Dorex2007: calls $0.05
*** RIVER *** [8h 3s 2c Jd] [6d]
skathai68: checks 
Dorex2007: checks 
only6-6lol: checks 
*** SHOW DOWN ***
skathai68: shows [Ac 8c] (a pair of Eights)
Dorex2007: mucks hand 
only6-6lol: mucks hand 
skathai68 collected $0.49 from pot
*** SUMMARY ***
Total pot $0.51 | Rake $0.02 
Board [8h 3s 2c Jd 6d]
Seat 2: dvdhmstar folded before Flop (didn't bet)
Seat 3: naxal2012 (button) folded before Flop (didn't bet)
Seat 5: skathai68 (small blind) showed [Ac 8c] and won ($0.49) with a pair of Eights
Seat 7: Dorex2007 (big blind) mucked [Qd 8s]
Seat 8: only6-6lol mucked [3h Th]
Seat 9: kemal_zay4ik folded before Flop (didn't bet)



PokerStars Hand #237429046391:  Hold'em No Limit ($0.02/$0.05 USD) - 2022/07/17 22:09:56 PT [2022/07/18 1:09:56 ET]
Table 'Herero III' 9-max Seat #5 is the button
Seat 2: dvdhmstar ($4.99 in chips) 
Seat 3: naxal2012 ($13.74 in chips) 
Seat 5: skathai68 ($2.23 in chips) 
Seat 7: Dorex2007 ($5 in chips) 
Seat 8: only6-6lol ($6.70 in chips) 
Seat 9: kemal_zay4ik ($5.98 in chips) 
Dorex2007: posts small blind $0.02
only6-6lol: posts big blind $0.05
*** HOLE CARDS ***
Dealt to Dorex2007 [Ac 2c]
kemal_zay4ik: folds 
dvdhmstar: folds 
naxal2012: folds 
skathai68: raises $0.05 to $0.10
Dorex2007: folds 
only6-6lol: calls $0.05
*** FLOP *** [9c Jc Jh]
only6-6lol: checks 
skathai68: checks 
*** TURN *** [9c Jc Jh] [Ad]
only6-6lol: checks 
skathai68: checks 
*** RIVER *** [9c Jc Jh Ad] [7c]
only6-6lol: checks 
skathai68: checks 
*** SHOW DOWN ***
only6-6lol: shows [5c 8d] (a pair of Jacks)
skathai68: shows [Ts 8h] (a straight, Seven to Jack)
skathai68 collected $0.21 from pot
*** SUMMARY ***
Total pot $0.22 | Rake $0.01 
Board [9c Jc Jh Ad 7c]
Seat 2: dvdhmstar folded before Flop (didn't bet)
Seat 3: naxal2012 folded before Flop (didn't bet)
Seat 5: skathai68 (button) showed [Ts 8h] and won ($0.21) with a straight, Seven to Jack
Seat 7: Dorex2007 (small blind) folded before Flop
Seat 8: only6-6lol (big blind) showed [5c 8d] and lost with a pair of Jacks
Seat 9: kemal_zay4ik folded before Flop (didn't bet)



PokerStars Hand #237429051356:  Hold'em No Limit ($0.02/$0.05 USD) - 2022/07/17 22:10:45 PT [2022/07/18 1:10:45 ET]
Table 'Herero III' 9-max Seat #7 is the button
Seat 2: dvdhmstar ($4.99 in chips) 
Seat 3: naxal2012 ($13.74 in chips) 
Seat 5: skathai68 ($2.34 in chips) 
Seat 7: Dorex2007 ($5 in chips) 
Seat 8: only6-6lol ($6.60 in chips) 
Seat 9: kemal_zay4ik ($5.98 in chips) 
only6-6lol: posts small blind $0.02
kemal_zay4ik: posts big blind $0.05
*** HOLE CARDS ***
Dealt to Dorex2007 [Td Kd]
dvdhmstar: folds 
naxal2012: folds 
skathai68: folds 
Dorex2007: raises $0.10 to $0.15
only6-6lol: calls $0.13
kemal_zay4ik: folds 
*** FLOP *** [4c 5s Ac]
only6-6lol: checks 
Dorex2007: bets $0.17
only6-6lol: calls $0.17
*** TURN *** [4c 5s Ac] [9h]
only6-6lol: checks 
Dorex2007: checks 
*** RIVER *** [4c 5s Ac 9h] [6h]
only6-6lol: checks 
Dorex2007: checks 
*** SHOW DOWN ***
only6-6lol: shows [9c 8c] (a pair of Nines)
Dorex2007: mucks hand 
only6-6lol collected $0.66 from pot
*** SUMMARY ***
Total pot $0.69 | Rake $0.03 
Board [4c 5s Ac 9h 6h]
Seat 2: dvdhmstar folded before Flop (didn't bet)
Seat 3: naxal2012 folded before Flop (didn't bet)
Seat 5: skathai68 folded before Flop (didn't bet)
Seat 7: Dorex2007 (button) mucked [Td Kd]
Seat 8: only6-6lol (small blind) showed [9c 8c] and won ($0.66) with a pair of Nines
Seat 9: kemal_zay4ik (big blind) folded before Flop



PokerStars Hand #237429061256:  Hold'em No Limit ($0.02/$0.05 USD) - 2022/07/17 22:11:29 PT [2022/07/18 1:11:29 ET]
Table 'Herero III' 9-max Seat #8 is the button
Seat 2: dvdhmstar ($4.99 in chips) 
Seat 3: naxal2012 ($13.74 in chips) 
Seat 5: skathai68 ($2.34 in chips) 
Seat 7: Dorex2007 ($5 in chips) 
Seat 8: only6-6lol ($6.94 in chips) 
Seat 9: kemal_zay4ik ($5.93 in chips) 
kemal_zay4ik: posts small blind $0.02
dvdhmstar: posts big blind $0.05
*** HOLE CARDS ***
Dealt to Dorex2007 [9h 6h]
naxal2012: folds 
skathai68: folds 
Dorex2007: folds 
only6-6lol: raises $0.05 to $0.10
kemal_zay4ik: folds 
dvdhmstar: folds 
Uncalled bet ($0.05) returned to only6-6lol
Lagosha joins the table at seat #4 
only6-6lol collected $0.12 from pot
*** SUMMARY ***
Total pot $0.12 | Rake $0 
Seat 2: dvdhmstar (big blind) folded before Flop
Seat 3: naxal2012 folded before Flop (didn't bet)
Seat 5: skathai68 folded before Flop (didn't bet)
Seat 7: Dorex2007 folded before Flop (didn't bet)
Seat 8: only6-6lol (button) collected ($0.12)
Seat 9: kemal_zay4ik (small blind) folded before Flop



PokerStars Hand #237429062958:  Hold'em No Limit ($0.02/$0.05 USD) - 2022/07/17 22:11:45 PT [2022/07/18 1:11:45 ET]
Table 'Herero III' 9-max Seat #9 is the button
Seat 2: dvdhmstar ($4.94 in chips) 
Seat 4: Lagosha ($5 in chips) 
Seat 5: skathai68 ($2.34 in chips) 
Seat 7: Dorex2007 ($5 in chips) 
Seat 8: only6-6lol ($7.01 in chips) 
Seat 9: kemal_zay4ik ($5.91 in chips) 
dvdhmstar: posts small blind $0.02
naxal2012: is sitting out 
Lagosha is connected 
Lagosha: posts big blind $0.05
*** HOLE CARDS ***
Dealt to Dorex2007 [9c 9s]
skathai68: folds 
Dorex2007: raises $0.10 to $0.15
only6-6lol: folds 
kemal_zay4ik: folds 
dvdhmstar: raises $0.35 to $0.50
Lagosha: folds 
Dorex2007: folds 
Uncalled bet ($0.35) returned to dvdhmstar
dvdhmstar collected $0.35 from pot
*** SUMMARY ***
Total pot $0.35 | Rake $0 
Seat 2: dvdhmstar (small blind) collected ($0.35)
Seat 4: Lagosha (big blind) folded before Flop
Seat 5: skathai68 folded before Flop (didn't bet)
Seat 7: Dorex2007 folded before Flop
Seat 8: only6-6lol folded before Flop (didn't bet)
Seat 9: kemal_zay4ik (button) folded before Flop (didn't bet)



PokerStars Hand #237429073884:  Hold'em No Limit ($0.02/$0.05 USD) - 2022/07/17 22:12:24 PT [2022/07/18 1:12:24 ET]
Table 'Herero III' 9-max Seat #2 is the button
Seat 2: dvdhmstar ($5.14 in chips) 
Seat 4: Lagosha ($5 in chips) 
Seat 5: skathai68 ($2.34 in chips) 
Seat 7: Dorex2007 ($5 in chips) 
Seat 8: only6-6lol ($7.01 in chips) 
Seat 9: kemal_zay4ik ($5.91 in chips) 
Lagosha: posts small blind $0.02
skathai68: posts big blind $0.05
*** HOLE CARDS ***
Dealt to Dorex2007 [Ks 5c]
Dorex2007: folds 
only6-6lol: folds 
kemal_zay4ik: folds 
dvdhmstar: folds 
Lagosha: folds 
Uncalled bet ($0.03) returned to skathai68
skathai68 collected $0.04 from pot
*** SUMMARY ***
Total pot $0.04 | Rake $0 
Seat 2: dvdhmstar (button) folded before Flop (didn't bet)
Seat 4: Lagosha (small blind) folded before Flop
Seat 5: skathai68 (big blind) collected ($0.04)
Seat 7: Dorex2007 folded before Flop (didn't bet)
Seat 8: only6-6lol folded before Flop (didn't bet)
Seat 9: kemal_zay4ik folded before Flop (didn't bet)



PokerStars Hand #237429075529:  Hold'em No Limit ($0.02/$0.05 USD) - 2022/07/17 22:12:40 PT [2022/07/18 1:12:40 ET]
Table 'Herero III' 9-max Seat #4 is the button
Seat 2: dvdhmstar ($5.14 in chips) 
Seat 4: Lagosha ($5 in chips) 
Seat 5: skathai68 ($2.36 in chips) 
Seat 7: Dorex2007 ($5 in chips) 
Seat 8: only6-6lol ($7.01 in chips) 
Seat 9: kemal_zay4ik ($5.91 in chips) 
skathai68: posts small blind $0.02
Dorex2007: posts big blind $0.05
*** HOLE CARDS ***
Dealt to Dorex2007 [3h 8d]
only6-6lol: folds 
kemal_zay4ik: folds 
dvdhmstar: folds 
Rockefeller0926 joins the table at seat #1 
Lagosha: raises $0.10 to $0.15
skathai68: folds 
Dorex2007: folds 
Uncalled bet ($0.10) returned to Lagosha
Lagosha collected $0.12 from pot
*** SUMMARY ***
Total pot $0.12 | Rake $0 
Seat 2: dvdhmstar folded before Flop (didn't bet)
Seat 4: Lagosha (button) collected ($0.12)
Seat 5: skathai68 (small blind) folded before Flop
Seat 7: Dorex2007 (big blind) folded before Flop
Seat 8: only6-6lol folded before Flop (didn't bet)
Seat 9: kemal_zay4ik folded before Flop (didn't bet)



PokerStars Hand #237429077494:  Hold'em No Limit ($0.02/$0.05 USD) - 2022/07/17 22:13:00 PT [2022/07/18 1:13:00 ET]
Table 'Herero III' 9-max Seat #5 is the button
Seat 2: dvdhmstar ($5.14 in chips) 
Seat 4: Lagosha ($5.07 in chips) 
Seat 5: skathai68 ($2.34 in chips) 
Seat 7: Dorex2007 ($5 in chips) 
Seat 8: only6-6lol ($7.01 in chips) 
Seat 9: kemal_zay4ik ($5.91 in chips) 
Dorex2007: posts small blind $0.02
only6-6lol: posts big blind $0.05
naxal2012 leaves the table
Rockefeller0926: sits out 
*** HOLE CARDS ***
Dealt to Dorex2007 [As 3c]
kemal_zay4ik: folds 
dvdhmstar: folds 
Lagosha: folds 
skathai68: raises $0.05 to $0.10
Dorex2007: folds 
only6-6lol: calls $0.05
*** FLOP *** [Js 4d Kh]
only6-6lol: checks 
skathai68: bets $0.21
only6-6lol: folds 
Uncalled bet ($0.21) returned to skathai68
skathai68 collected $0.21 from pot
*** SUMMARY ***
Total pot $0.22 | Rake $0.01 
Board [Js 4d Kh]
Seat 2: dvdhmstar folded before Flop (didn't bet)
Seat 4: Lagosha folded before Flop (didn't bet)
Seat 5: skathai68 (button) collected ($0.21)
Seat 7: Dorex2007 (small blind) folded before Flop
Seat 8: only6-6lol (big blind) folded on the Flop
Seat 9: kemal_zay4ik folded before Flop (didn't bet)



PokerStars Hand #237429080549:  Hold'em No Limit ($0.02/$0.05 USD) - 2022/07/17 22:13:30 PT [2022/07/18 1:13:30 ET]
Table 'Herero III' 9-max Seat #7 is the button
Seat 2: dvdhmstar ($5.14 in chips) 
Seat 4: Lagosha ($5.07 in chips) 
Seat 5: skathai68 ($2.45 in chips) 
Seat 7: Dorex2007 ($5 in chips) 
Seat 8: only6-6lol ($6.91 in chips) 
Seat 9: kemal_zay4ik ($5.91 in chips) 
only6-6lol: posts small blind $0.02
kemal_zay4ik: posts big blind $0.05
Rockefeller0926: sits out 
*** HOLE CARDS ***
Dealt to Dorex2007 [Jd Qs]
dvdhmstar has timed out
dvdhmstar: folds 
Lagosha: folds 
skathai68: raises $0.05 to $0.10
Dorex2007: calls $0.10
only6-6lol: calls $0.08
kemal_zay4ik: calls $0.05
*** FLOP *** [4c 3s 3h]
only6-6lol: checks 
kemal_zay4ik: checks 
skathai68: checks 
Dorex2007: checks 
*** TURN *** [4c 3s 3h] [2c]
only6-6lol: checks 
kemal_zay4ik: bets $0.29
skathai68: calls $0.29
Dorex2007: folds 
only6-6lol: folds 
*** RIVER *** [4c 3s 3h 2c] [4d]
SonicXE22 joins the table at seat #3 
kemal_zay4ik: checks 
skathai68: checks 
*** SHOW DOWN ***
kemal_zay4ik: shows [Qc 3c] (a full house, Threes full of Fours)
skathai68: mucks hand 
kemal_zay4ik collected $0.94 from pot
*** SUMMARY ***
Total pot $0.98 | Rake $0.04 
Board [4c 3s 3h 2c 4d]
Seat 2: dvdhmstar folded before Flop (didn't bet)
Seat 4: Lagosha folded before Flop (didn't bet)
Seat 5: skathai68 mucked [5h 5s]
Seat 7: Dorex2007 (button) folded on the Turn
Seat 8: only6-6lol (small blind) folded on the Turn
Seat 9: kemal_zay4ik (big blind) showed [Qc 3c] and won ($0.94) with a full house, Threes full of Fours



PokerStars Hand #237429087951:  Hold'em No Limit ($0.02/$0.05 USD) - 2022/07/17 22:14:43 PT [2022/07/18 1:14:43 ET]
Table 'Herero III' 9-max Seat #8 is the button
Seat 1: Rockefeller0926 ($5 in chips) 
Seat 2: dvdhmstar ($5.14 in chips) 
Seat 4: Lagosha ($5.07 in chips) 
Seat 5: skathai68 ($2.06 in chips) 
Seat 7: Dorex2007 ($5 in chips) 
Seat 8: only6-6lol ($6.81 in chips) 
Seat 9: kemal_zay4ik ($6.46 in chips) 
kemal_zay4ik: posts small blind $0.02
Rockefeller0926: posts big blind $0.05
SonicXE22: sits out 
*** HOLE CARDS ***
Dealt to Dorex2007 [Th Ks]
dvdhmstar: folds 
Lagosha: folds 
skathai68: folds 
Dorex2007: folds 
only6-6lol: calls $0.05
kemal_zay4ik: folds 
Rockefeller0926: checks 
*** FLOP *** [7h 8h Kh]
Rockefeller0926: checks 
only6-6lol: checks 
*** TURN *** [7h 8h Kh] [7s]
Rockefeller0926: checks 
only6-6lol: checks 
*** RIVER *** [7h 8h Kh 7s] [6c]
Rockefeller0926: checks 
only6-6lol: bets $0.12
Rockefeller0926: folds 
Uncalled bet ($0.12) returned to only6-6lol
only6-6lol collected $0.12 from pot
*** SUMMARY ***
Total pot $0.12 | Rake $0 
Board [7h 8h Kh 7s 6c]
Seat 1: Rockefeller0926 (big blind) folded on the River
Seat 2: dvdhmstar folded before Flop (didn't bet)
Seat 4: Lagosha folded before Flop (didn't bet)
Seat 5: skathai68 folded before Flop (didn't bet)
Seat 7: Dorex2007 folded before Flop (didn't bet)
Seat 8: only6-6lol (button) collected ($0.12)
Seat 9: kemal_zay4ik (small blind) folded before Flop



PokerStars Hand #237429094060:  Hold'em No Limit ($0.02/$0.05 USD) - 2022/07/17 22:15:44 PT [2022/07/18 1:15:44 ET]
Table 'Herero III' 9-max Seat #9 is the button
Seat 1: Rockefeller0926 ($4.95 in chips) 
Seat 2: dvdhmstar ($5.14 in chips) 
Seat 4: Lagosha ($5.07 in chips) 
Seat 5: skathai68 ($2.06 in chips) 
Seat 7: Dorex2007 ($5 in chips) 
Seat 8: only6-6lol ($6.88 in chips) 
Seat 9: kemal_zay4ik ($6.44 in chips) 
Rockefeller0926: posts small blind $0.02
dvdhmstar: posts big blind $0.05
SonicXE22: sits out 
*** HOLE CARDS ***
Dealt to Dorex2007 [7h Ah]
Lagosha: folds 
skathai68: folds 
skathai68 leaves the table
Dorex2007: folds 
only6-6lol: raises $0.05 to $0.10
kemal_zay4ik: folds 
Rockefeller0926: calls $0.08
dvdhmstar: folds 
*** FLOP *** [Jh Kc 9d]
Rockefeller0926: checks 
only6-6lol: checks 
*** TURN *** [Jh Kc 9d] [As]
Rockefeller0926: bets $0.24
only6-6lol: folds 
Uncalled bet ($0.24) returned to Rockefeller0926
Rockefeller0926 collected $0.24 from pot
*** SUMMARY ***
Total pot $0.25 | Rake $0.01 
Board [Jh Kc 9d As]
Seat 1: Rockefeller0926 (small blind) collected ($0.24)
Seat 2: dvdhmstar (big blind) folded before Flop
Seat 4: Lagosha folded before Flop (didn't bet)
Seat 5: skathai68 folded before Flop (didn't bet)
Seat 7: Dorex2007 folded before Flop (didn't bet)
Seat 8: only6-6lol folded on the Turn
Seat 9: kemal_zay4ik (button) folded before Flop (didn't bet)



PokerStars Hand #237429099535:  Hold'em No Limit ($0.02/$0.05 USD) - 2022/07/17 22:16:38 PT [2022/07/18 1:16:38 ET]
Table 'Herero III' 9-max Seat #1 is the button
Seat 1: Rockefeller0926 ($5.09 in chips) 
Seat 2: dvdhmstar ($5.09 in chips) 
Seat 3: SonicXE22 ($5 in chips) 
Seat 4: Lagosha ($5.07 in chips) 
Seat 7: Dorex2007 ($5 in chips) 
Seat 8: only6-6lol ($6.78 in chips) 
Seat 9: kemal_zay4ik ($6.44 in chips) 
dvdhmstar: posts small blind $0.02
SonicXE22: posts big blind $0.05
*** HOLE CARDS ***
Dealt to Dorex2007 [3h 5c]
Lagosha: folds 
Dorex2007: folds 
Lagosha leaves the table
only6-6lol: folds 
kemal_zay4ik: folds 
Rockefeller0926: folds 
dvdhmstar: folds 
Uncalled bet ($0.03) returned to SonicXE22
SonicXE22 collected $0.04 from pot
*** SUMMARY ***
Total pot $0.04 | Rake $0 
Seat 1: Rockefeller0926 (button) folded before Flop (didn't bet)
Seat 2: dvdhmstar (small blind) folded before Flop
Seat 3: SonicXE22 (big blind) collected ($0.04)
Seat 4: Lagosha folded before Flop (didn't bet)
Seat 7: Dorex2007 folded before Flop (didn't bet)
Seat 8: only6-6lol folded before Flop (didn't bet)
Seat 9: kemal_zay4ik folded before Flop (didn't bet)



PokerStars Hand #237429101612:  Hold'em No Limit ($0.02/$0.05 USD) - 2022/07/17 22:16:59 PT [2022/07/18 1:16:59 ET]
Table 'Herero III' 9-max Seat #2 is the button
Seat 1: Rockefeller0926 ($5.09 in chips) 
Seat 2: dvdhmstar ($5.07 in chips) 
Seat 3: SonicXE22 ($5.02 in chips) 
Seat 7: Dorex2007 ($5 in chips) 
Seat 8: only6-6lol ($6.78 in chips) 
Seat 9: kemal_zay4ik ($6.44 in chips) 
SonicXE22: posts small blind $0.02
Dorex2007: posts big blind $0.05
*** HOLE CARDS ***
Dealt to Dorex2007 [Jc Qh]
only6-6lol: raises $0.05 to $0.10
kemal_zay4ik: raises $0.30 to $0.40
Rockefeller0926: folds 
dvdhmstar: folds 
SonicXE22: folds 
Dorex2007: folds 
only6-6lol: raises $0.30 to $0.70
kemal_zay4ik: calls $0.30
*** FLOP *** [4d 6s Qs]
only6-6lol: checks 
kemal_zay4ik: bets $0.47
only6-6lol: folds 
Uncalled bet ($0.47) returned to kemal_zay4ik
kemal_zay4ik collected $1.41 from pot
*** SUMMARY ***
Total pot $1.47 | Rake $0.06 
Board [4d 6s Qs]
Seat 1: Rockefeller0926 folded before Flop (didn't bet)
Seat 2: dvdhmstar (button) folded before Flop (didn't bet)
Seat 3: SonicXE22 (small blind) folded before Flop
Seat 7: Dorex2007 (big blind) folded before Flop
Seat 8: only6-6lol folded on the Flop
Seat 9: kemal_zay4ik collected ($1.41)



PokerStars Hand #237429108394:  Hold'em No Limit ($0.02/$0.05 USD) - 2022/07/17 22:18:07 PT [2022/07/18 1:18:07 ET]
Table 'Herero III' 9-max Seat #3 is the button
Seat 1: Rockefeller0926 ($5.09 in chips) 
Seat 2: dvdhmstar ($5.07 in chips) 
Seat 3: SonicXE22 ($5 in chips) 
Seat 7: Dorex2007 ($5 in chips) 
Seat 8: only6-6lol ($6.08 in chips) 
Seat 9: kemal_zay4ik ($7.15 in chips) 
Dorex2007: posts small blind $0.02
only6-6lol: posts big blind $0.05
*** HOLE CARDS ***
Dealt to Dorex2007 [Qc Qd]
kemal_zay4ik: folds 
Rockefeller0926: calls $0.05
dvdhmstar: folds 
SonicXE22: folds 
Dorex2007: raises $0.10 to $0.15
only6-6lol: calls $0.10
Rockefeller0926: calls $0.10
*** FLOP *** [3h 4c As]
Dorex2007: checks 
only6-6lol: checks 
Rockefeller0926: checks 
*** TURN *** [3h 4c As] [2h]
Dorex2007: bets $0.21
only6-6lol: calls $0.21
Rockefeller0926: calls $0.21
*** RIVER *** [3h 4c As 2h] [6c]
Dorex2007: checks 
only6-6lol: checks 
Rockefeller0926: bets $1.04
Dorex2007: folds 
only6-6lol: folds 
Uncalled bet ($1.04) returned to Rockefeller0926
Rockefeller0926 collected $1.04 from pot
*** SUMMARY ***
Total pot $1.08 | Rake $0.04 
Board [3h 4c As 2h 6c]
Seat 1: Rockefeller0926 collected ($1.04)
Seat 2: dvdhmstar folded before Flop (didn't bet)
Seat 3: SonicXE22 (button) folded before Flop (didn't bet)
Seat 7: Dorex2007 (small blind) folded on the River
Seat 8: only6-6lol (big blind) folded on the River
Seat 9: kemal_zay4ik folded before Flop (didn't bet)



