PokerStars Hand #227526238837:  Hold'em No Limit ($0.01/$0.02 USD) - 2021/06/12 9:07:34 PT [2021/06/12 12:07:34 ET]
Table 'Amanda' 9-max Seat #4 is the button
Seat 1: MrFalll ($2.16 in chips) 
Seat 2: FishGUIDE ($1.26 in chips) 
Seat 3: Dorex2007 ($2 in chips) 
Seat 4: Vasya175 ($1.70 in chips) 
Seat 6: Peoncillo ($0.63 in chips) 
Seat 7: Serg99888 ($2.17 in chips) 
Seat 8: OldRasta1984 ($0.80 in chips) 
Seat 9: xandeskt ($2.27 in chips) 
Peoncillo: posts small blind $0.01
Serg99888: posts big blind $0.02
Dorex2007: posts big blind $0.02
*** HOLE CARDS ***
Dealt to Dorex2007 [8c 7s]
OldRasta1984: folds 
xandeskt: folds 
MrFalll: raises $0.02 to $0.04
FishGUIDE: calls $0.04
Dorex2007: folds 
Vasya175: folds 
Peoncillo: folds 
Serg99888: calls $0.02
*** FLOP *** [4s 5s Ad]
Serg99888: checks 
MrFalll: bets $0.12
FishGUIDE: folds 
Serg99888: folds 
Uncalled bet ($0.12) returned to MrFalll
MrFalll collected $0.14 from pot
MrFalll: doesn't show hand 
*** SUMMARY ***
Total pot $0.15 | Rake $0.01 
Board [4s 5s Ad]
Seat 1: MrFalll collected ($0.14)
Seat 2: FishGUIDE folded on the Flop
Seat 3: Dorex2007 folded before Flop (didn't bet)
Seat 4: Vasya175 (button) folded before Flop (didn't bet)
Seat 6: Peoncillo (small blind) folded before Flop
Seat 7: Serg99888 (big blind) folded on the Flop
Seat 8: OldRasta1984 folded before Flop (didn't bet)
Seat 9: xandeskt folded before Flop (didn't bet)



PokerStars Hand #227526259219:  Hold'em No Limit ($0.01/$0.02 USD) - 2021/06/12 9:08:32 PT [2021/06/12 12:08:32 ET]
Table 'Amanda' 9-max Seat #6 is the button
Seat 1: MrFalll ($2.26 in chips) 
Seat 2: FishGUIDE ($1.22 in chips) 
Seat 3: Dorex2007 ($1.98 in chips) 
Seat 4: Vasya175 ($1.70 in chips) 
Seat 6: Peoncillo ($0.62 in chips) 
Seat 7: Serg99888 ($2.13 in chips) 
Seat 8: OldRasta1984 ($0.80 in chips) 
Seat 9: xandeskt ($2.27 in chips) 
Serg99888: posts small blind $0.01
OldRasta1984: posts big blind $0.02
*** HOLE CARDS ***
Dealt to Dorex2007 [4h Td]
xandeskt: folds 
MrFalll: folds 
MrFalll leaves the table
FishGUIDE: folds 
Dorex2007: folds 
Vasya175: folds 
Peoncillo: raises $0.04 to $0.06
Serg99888: folds 
OldRasta1984: calls $0.04
*** FLOP *** [5c 9h Qd]
OldRasta1984: checks 
Peoncillo: checks 
*** TURN *** [5c 9h Qd] [6h]
OldRasta1984: bets $0.10
Peoncillo: calls $0.10
*** RIVER *** [5c 9h Qd 6h] [5d]
OldRasta1984: bets $0.26
Peoncillo: calls $0.26
*** SHOW DOWN ***
OldRasta1984: shows [6d 6c] (a full house, Sixes full of Fives)
Peoncillo: mucks hand 
OldRasta1984 collected $0.82 from pot
*** SUMMARY ***
Total pot $0.85 | Rake $0.03 
Board [5c 9h Qd 6h 5d]
Seat 1: MrFalll folded before Flop (didn't bet)
Seat 2: FishGUIDE folded before Flop (didn't bet)
Seat 3: Dorex2007 folded before Flop (didn't bet)
Seat 4: Vasya175 folded before Flop (didn't bet)
Seat 6: Peoncillo (button) mucked [2h Ah]
Seat 7: Serg99888 (small blind) folded before Flop
Seat 8: OldRasta1984 (big blind) showed [6d 6c] and won ($0.82) with a full house, Sixes full of Fives
Seat 9: xandeskt folded before Flop (didn't bet)



PokerStars Hand #227526276444:  Hold'em No Limit ($0.01/$0.02 USD) - 2021/06/12 9:09:20 PT [2021/06/12 12:09:20 ET]
Table 'Amanda' 9-max Seat #7 is the button
Seat 2: FishGUIDE ($1.22 in chips) 
Seat 3: Dorex2007 ($1.98 in chips) 
Seat 4: Vasya175 ($1.70 in chips) 
Seat 6: Peoncillo ($0.20 in chips) 
Seat 7: Serg99888 ($2.12 in chips) 
Seat 8: OldRasta1984 ($1.20 in chips) 
Seat 9: xandeskt ($2.27 in chips) 
OldRasta1984: posts small blind $0.01
xandeskt: posts big blind $0.02
*** HOLE CARDS ***
Dealt to Dorex2007 [6c 4s]
FishGUIDE: folds 
Dorex2007: folds 
Vasya175: folds 
Peoncillo: raises $0.04 to $0.06
Serg99888: folds 
OldRasta1984: folds 
xandeskt: folds 
Uncalled bet ($0.04) returned to Peoncillo
Peoncillo collected $0.05 from pot
Peoncillo: doesn't show hand 
*** SUMMARY ***
Total pot $0.05 | Rake $0 
Seat 2: FishGUIDE folded before Flop (didn't bet)
Seat 3: Dorex2007 folded before Flop (didn't bet)
Seat 4: Vasya175 folded before Flop (didn't bet)
Seat 6: Peoncillo collected ($0.05)
Seat 7: Serg99888 (button) folded before Flop (didn't bet)
Seat 8: OldRasta1984 (small blind) folded before Flop
Seat 9: xandeskt (big blind) folded before Flop



PokerStars Hand #227526284719:  Hold'em No Limit ($0.01/$0.02 USD) - 2021/06/12 9:09:43 PT [2021/06/12 12:09:43 ET]
Table 'Amanda' 9-max Seat #8 is the button
Seat 2: FishGUIDE ($1.22 in chips) 
Seat 3: Dorex2007 ($1.98 in chips) 
Seat 4: Vasya175 ($1.70 in chips) 
Seat 6: Peoncillo ($0.23 in chips) 
Seat 7: Serg99888 ($2.12 in chips) 
Seat 8: OldRasta1984 ($1.19 in chips) 
Seat 9: xandeskt ($2.25 in chips) 
xandeskt: posts small blind $0.01
FishGUIDE: posts big blind $0.02
*** HOLE CARDS ***
Dealt to Dorex2007 [5d Qc]
Dorex2007: folds 
Vasya175: folds 
Peoncillo: raises $0.21 to $0.23 and is all-in
Serg99888: folds 
OldRasta1984: folds 
xandeskt: folds 
FishGUIDE: folds 
Uncalled bet ($0.21) returned to Peoncillo
Peoncillo collected $0.05 from pot
Peoncillo: doesn't show hand 
*** SUMMARY ***
Total pot $0.05 | Rake $0 
Seat 2: FishGUIDE (big blind) folded before Flop
Seat 3: Dorex2007 folded before Flop (didn't bet)
Seat 4: Vasya175 folded before Flop (didn't bet)
Seat 6: Peoncillo collected ($0.05)
Seat 7: Serg99888 folded before Flop (didn't bet)
Seat 8: OldRasta1984 (button) folded before Flop (didn't bet)
Seat 9: xandeskt (small blind) folded before Flop



PokerStars Hand #227526293012:  Hold'em No Limit ($0.01/$0.02 USD) - 2021/06/12 9:10:07 PT [2021/06/12 12:10:07 ET]
Table 'Amanda' 9-max Seat #9 is the button
Seat 2: FishGUIDE ($1.20 in chips) 
Seat 3: Dorex2007 ($1.98 in chips) 
Seat 4: Vasya175 ($1.70 in chips) 
Seat 6: Peoncillo ($0.26 in chips) 
Seat 7: Serg99888 ($2.12 in chips) 
Seat 8: OldRasta1984 ($1.19 in chips) 
Seat 9: xandeskt ($2.24 in chips) 
FishGUIDE: posts small blind $0.01
Dorex2007: posts big blind $0.02
*** HOLE CARDS ***
Dealt to Dorex2007 [Kc Qd]
Vasya175: folds 
Peoncillo: folds 
Serg99888: folds 
OldRasta1984: folds 
xandeskt: folds 
FishGUIDE: calls $0.01
Dorex2007: raises $0.06 to $0.08
FishGUIDE: calls $0.06
*** FLOP *** [Ac Qh 6s]
FishGUIDE: checks 
Dorex2007: bets $0.08
FishGUIDE: folds 
Uncalled bet ($0.08) returned to Dorex2007
Dorex2007 collected $0.15 from pot
Dorex2007: doesn't show hand 
*** SUMMARY ***
Total pot $0.16 | Rake $0.01 
Board [Ac Qh 6s]
Seat 2: FishGUIDE (small blind) folded on the Flop
Seat 3: Dorex2007 (big blind) collected ($0.15)
Seat 4: Vasya175 folded before Flop (didn't bet)
Seat 6: Peoncillo folded before Flop (didn't bet)
Seat 7: Serg99888 folded before Flop (didn't bet)
Seat 8: OldRasta1984 folded before Flop (didn't bet)
Seat 9: xandeskt (button) folded before Flop (didn't bet)



PokerStars Hand #227526306563:  Hold'em No Limit ($0.01/$0.02 USD) - 2021/06/12 9:10:45 PT [2021/06/12 12:10:45 ET]
Table 'Amanda' 9-max Seat #2 is the button
Seat 2: FishGUIDE ($1.12 in chips) 
Seat 3: Dorex2007 ($2.05 in chips) 
Seat 4: Vasya175 ($1.70 in chips) 
Seat 6: Peoncillo ($0.26 in chips) 
Seat 7: Serg99888 ($2.12 in chips) 
Seat 8: OldRasta1984 ($1.19 in chips) 
Seat 9: xandeskt ($2.24 in chips) 
Dorex2007: posts small blind $0.01
Vasya175: posts big blind $0.02
*** HOLE CARDS ***
Dealt to Dorex2007 [Tc Js]
Peoncillo: folds 
Serg99888: folds 
OldRasta1984: folds 
xandeskt: calls $0.02
FishGUIDE: folds 
Dorex2007: calls $0.01
Vasya175: raises $0.06 to $0.08
xandeskt: calls $0.06
Dorex2007: folds 
*** FLOP *** [Th 3d Jh]
Vasya175: bets $0.17
xandeskt: folds 
Uncalled bet ($0.17) returned to Vasya175
Vasya175 collected $0.17 from pot
Vasya175: doesn't show hand 
*** SUMMARY ***
Total pot $0.18 | Rake $0.01 
Board [Th 3d Jh]
Seat 2: FishGUIDE (button) folded before Flop (didn't bet)
Seat 3: Dorex2007 (small blind) folded before Flop
Seat 4: Vasya175 (big blind) collected ($0.17)
Seat 6: Peoncillo folded before Flop (didn't bet)
Seat 7: Serg99888 folded before Flop (didn't bet)
Seat 8: OldRasta1984 folded before Flop (didn't bet)
Seat 9: xandeskt folded on the Flop



PokerStars Hand #227526320290:  Hold'em No Limit ($0.01/$0.02 USD) - 2021/06/12 9:11:24 PT [2021/06/12 12:11:24 ET]
Table 'Amanda' 9-max Seat #3 is the button
Seat 2: FishGUIDE ($1.12 in chips) 
Seat 3: Dorex2007 ($2.03 in chips) 
Seat 4: Vasya175 ($1.79 in chips) 
Seat 6: Peoncillo ($0.26 in chips) 
Seat 7: Serg99888 ($2.12 in chips) 
Seat 8: OldRasta1984 ($1.19 in chips) 
Seat 9: xandeskt ($2.16 in chips) 
Vasya175: posts small blind $0.01
Peoncillo: posts big blind $0.02
*** HOLE CARDS ***
Dealt to Dorex2007 [7h 9d]
Serg99888: folds 
OldRasta1984: folds 
xandeskt: folds 
FishGUIDE: folds 
Dorex2007: folds 
Vasya175: raises $0.02 to $0.04
Peoncillo: folds 
Uncalled bet ($0.02) returned to Vasya175
Vasya175 collected $0.04 from pot
Vasya175: doesn't show hand 
*** SUMMARY ***
Total pot $0.04 | Rake $0 
Seat 2: FishGUIDE folded before Flop (didn't bet)
Seat 3: Dorex2007 (button) folded before Flop (didn't bet)
Seat 4: Vasya175 (small blind) collected ($0.04)
Seat 6: Peoncillo (big blind) folded before Flop
Seat 7: Serg99888 folded before Flop (didn't bet)
Seat 8: OldRasta1984 folded before Flop (didn't bet)
Seat 9: xandeskt folded before Flop (didn't bet)



PokerStars Hand #227526326509:  Hold'em No Limit ($0.01/$0.02 USD) - 2021/06/12 9:11:41 PT [2021/06/12 12:11:41 ET]
Table 'Amanda' 9-max Seat #4 is the button
Seat 2: FishGUIDE ($1.12 in chips) 
Seat 3: Dorex2007 ($2.03 in chips) 
Seat 4: Vasya175 ($1.81 in chips) 
Seat 6: Peoncillo ($0.24 in chips) 
Seat 7: Serg99888 ($2.12 in chips) 
Seat 8: OldRasta1984 ($1.19 in chips) 
Seat 9: xandeskt ($2.16 in chips) 
Peoncillo: posts small blind $0.01
Serg99888: posts big blind $0.02
*** HOLE CARDS ***
Dealt to Dorex2007 [8h Ts]
OldRasta1984: folds 
xandeskt: calls $0.02
FishGUIDE: folds 
Dorex2007: folds 
Vasya175: folds 
Peoncillo: folds 
CCCake joins the table at seat #1 
Serg99888: checks 
*** FLOP *** [5c Td Qc]
Serg99888: bets $0.05
xandeskt: calls $0.05
*** TURN *** [5c Td Qc] [Ks]
Serg99888: bets $0.07
xandeskt: calls $0.07
*** RIVER *** [5c Td Qc Ks] [3s]
Serg99888: bets $0.14
xandeskt: folds 
Uncalled bet ($0.14) returned to Serg99888
Serg99888 collected $0.28 from pot
Serg99888: doesn't show hand 
*** SUMMARY ***
Total pot $0.29 | Rake $0.01 
Board [5c Td Qc Ks 3s]
Seat 2: FishGUIDE folded before Flop (didn't bet)
Seat 3: Dorex2007 folded before Flop (didn't bet)
Seat 4: Vasya175 (button) folded before Flop (didn't bet)
Seat 6: Peoncillo (small blind) folded before Flop
Seat 7: Serg99888 (big blind) collected ($0.28)
Seat 8: OldRasta1984 folded before Flop (didn't bet)
Seat 9: xandeskt folded on the River



PokerStars Hand #227526341688:  Hold'em No Limit ($0.01/$0.02 USD) - 2021/06/12 9:12:24 PT [2021/06/12 12:12:24 ET]
Table 'Amanda' 9-max Seat #6 is the button
Seat 2: FishGUIDE ($1.12 in chips) 
Seat 3: Dorex2007 ($2.03 in chips) 
Seat 4: Vasya175 ($1.81 in chips) 
Seat 6: Peoncillo ($0.23 in chips) 
Seat 7: Serg99888 ($2.26 in chips) 
Seat 9: xandeskt ($2.02 in chips) 
Serg99888: posts small blind $0.01
OldRasta1984: is sitting out 
xandeskt: posts big blind $0.02
CCCake: sits out 
*** HOLE CARDS ***
Dealt to Dorex2007 [5c Kc]
FishGUIDE: folds 
Dorex2007: folds 
Vasya175: folds 
Peoncillo: folds 
Serg99888: calls $0.01
xandeskt: raises $0.08 to $0.10
Serg99888: calls $0.08
*** FLOP *** [5s 4d Jd]
OldRasta1984 leaves the table
Serg99888: checks 
xandeskt: checks 
*** TURN *** [5s 4d Jd] [Th]
Serg99888: bets $0.02
xandeskt: calls $0.02
*** RIVER *** [5s 4d Jd Th] [Jh]
Serg99888: bets $0.02
xandeskt: calls $0.02
*** SHOW DOWN ***
Serg99888: shows [Qh Ah] (a pair of Jacks)
xandeskt: shows [Kh Ac] (a pair of Jacks - Ace+King kicker)
xandeskt collected $0.27 from pot
*** SUMMARY ***
Total pot $0.28 | Rake $0.01 
Board [5s 4d Jd Th Jh]
Seat 2: FishGUIDE folded before Flop (didn't bet)
Seat 3: Dorex2007 folded before Flop (didn't bet)
Seat 4: Vasya175 folded before Flop (didn't bet)
Seat 6: Peoncillo (button) folded before Flop (didn't bet)
Seat 7: Serg99888 (small blind) showed [Qh Ah] and lost with a pair of Jacks
Seat 9: xandeskt (big blind) showed [Kh Ac] and won ($0.27) with a pair of Jacks



PokerStars Hand #227526354482:  Hold'em No Limit ($0.01/$0.02 USD) - 2021/06/12 9:13:00 PT [2021/06/12 12:13:00 ET]
Table 'Amanda' 9-max Seat #7 is the button
Seat 1: CCCake ($0.90 in chips) 
Seat 2: FishGUIDE ($1.12 in chips) 
Seat 3: Dorex2007 ($2.03 in chips) 
Seat 4: Vasya175 ($1.81 in chips) 
Seat 6: Peoncillo ($0.23 in chips) 
Seat 7: Serg99888 ($2.12 in chips) 
Seat 9: xandeskt ($2.15 in chips) 
xandeskt: posts small blind $0.01
CCCake: posts big blind $0.02
*** HOLE CARDS ***
Dealt to Dorex2007 [5h 9s]
FishGUIDE: folds 
Dorex2007: folds 
Vasya175: folds 
Peoncillo: folds 
Serg99888: raises $0.02 to $0.04
xandeskt: folds 
CCCake: folds 
Uncalled bet ($0.02) returned to Serg99888
Serg99888 collected $0.05 from pot
Serg99888: doesn't show hand 
*** SUMMARY ***
Total pot $0.05 | Rake $0 
Seat 1: CCCake (big blind) folded before Flop
Seat 2: FishGUIDE folded before Flop (didn't bet)
Seat 3: Dorex2007 folded before Flop (didn't bet)
Seat 4: Vasya175 folded before Flop (didn't bet)
Seat 6: Peoncillo folded before Flop (didn't bet)
Seat 7: Serg99888 (button) collected ($0.05)
Seat 9: xandeskt (small blind) folded before Flop



PokerStars Hand #227526360861:  Hold'em No Limit ($0.01/$0.02 USD) - 2021/06/12 9:13:18 PT [2021/06/12 12:13:18 ET]
Table 'Amanda' 9-max Seat #9 is the button
Seat 1: CCCake ($0.88 in chips) 
Seat 2: FishGUIDE ($1.12 in chips) 
Seat 3: Dorex2007 ($2.03 in chips) 
Seat 4: Vasya175 ($1.81 in chips) 
Seat 6: Peoncillo ($0.23 in chips) 
Seat 7: Serg99888 ($2.15 in chips) 
Seat 9: xandeskt ($2.14 in chips) 
CCCake: posts small blind $0.01
FishGUIDE: posts big blind $0.02
*** HOLE CARDS ***
Dealt to Dorex2007 [Qd 4d]
Dorex2007: folds 
Vasya175: calls $0.02
Peoncillo: folds 
Serg99888: folds 
xandeskt: folds 
CCCake: calls $0.01
FishGUIDE: checks 
*** FLOP *** [Ks Jd 5h]
CCCake: checks 
FishGUIDE: checks 
Vasya175: bets $0.06
CCCake: folds 
FishGUIDE: folds 
Uncalled bet ($0.06) returned to Vasya175
Vasya175 collected $0.06 from pot
Vasya175: doesn't show hand 
*** SUMMARY ***
Total pot $0.06 | Rake $0 
Board [Ks Jd 5h]
Seat 1: CCCake (small blind) folded on the Flop
Seat 2: FishGUIDE (big blind) folded on the Flop
Seat 3: Dorex2007 folded before Flop (didn't bet)
Seat 4: Vasya175 collected ($0.06)
Seat 6: Peoncillo folded before Flop (didn't bet)
Seat 7: Serg99888 folded before Flop (didn't bet)
Seat 9: xandeskt (button) folded before Flop (didn't bet)



PokerStars Hand #227526375027:  Hold'em No Limit ($0.01/$0.02 USD) - 2021/06/12 9:13:57 PT [2021/06/12 12:13:57 ET]
Table 'Amanda' 9-max Seat #1 is the button
Seat 1: CCCake ($0.86 in chips) 
Seat 2: FishGUIDE ($1.10 in chips) 
Seat 3: Dorex2007 ($2.03 in chips) 
Seat 4: Vasya175 ($1.85 in chips) 
Seat 6: Peoncillo ($0.23 in chips) 
Seat 7: Serg99888 ($2.15 in chips) 
Seat 9: xandeskt ($2.14 in chips) 
FishGUIDE: posts small blind $0.01
Dorex2007: posts big blind $0.02
*** HOLE CARDS ***
Dealt to Dorex2007 [2s 3h]
Vasya175: folds 
Peoncillo: folds 
Serg99888: calls $0.02
xandeskt: folds 
CCCake: folds 
FishGUIDE: folds 
Dorex2007: checks 
*** FLOP *** [Qs Qc 8c]
Dorex2007: checks 
Serg99888: checks 
*** TURN *** [Qs Qc 8c] [Jd]
Dorex2007: checks 
Serg99888: checks 
*** RIVER *** [Qs Qc 8c Jd] [8h]
Dorex2007: checks 
Serg99888: checks 
*** SHOW DOWN ***
Dorex2007: shows [2s 3h] (two pair, Queens and Eights)
Serg99888: shows [3s Ks] (two pair, Queens and Eights - King kicker)
Serg99888 collected $0.05 from pot
*** SUMMARY ***
Total pot $0.05 | Rake $0 
Board [Qs Qc 8c Jd 8h]
Seat 1: CCCake (button) folded before Flop (didn't bet)
Seat 2: FishGUIDE (small blind) folded before Flop
Seat 3: Dorex2007 (big blind) showed [2s 3h] and lost with two pair, Queens and Eights
Seat 4: Vasya175 folded before Flop (didn't bet)
Seat 6: Peoncillo folded before Flop (didn't bet)
Seat 7: Serg99888 showed [3s Ks] and won ($0.05) with two pair, Queens and Eights
Seat 9: xandeskt folded before Flop (didn't bet)



PokerStars Hand #227526385381:  Hold'em No Limit ($0.01/$0.02 USD) - 2021/06/12 9:14:27 PT [2021/06/12 12:14:27 ET]
Table 'Amanda' 9-max Seat #2 is the button
Seat 1: CCCake ($0.86 in chips) 
Seat 2: FishGUIDE ($1.09 in chips) 
Seat 3: Dorex2007 ($2.01 in chips) 
Seat 4: Vasya175 ($1.85 in chips) 
Seat 6: Peoncillo ($0.23 in chips) 
Seat 7: Serg99888 ($2.18 in chips) 
Seat 9: xandeskt ($2.14 in chips) 
Dorex2007: posts small blind $0.01
Vasya175: posts big blind $0.02
*** HOLE CARDS ***
Dealt to Dorex2007 [8h 9s]
Peoncillo: raises $0.04 to $0.06
Serg99888: folds 
xandeskt: folds 
CCCake: folds 
FishGUIDE: folds 
Dorex2007: folds 
Vasya175: folds 
Uncalled bet ($0.04) returned to Peoncillo
Peoncillo collected $0.05 from pot
Peoncillo: doesn't show hand 
*** SUMMARY ***
Total pot $0.05 | Rake $0 
Seat 1: CCCake folded before Flop (didn't bet)
Seat 2: FishGUIDE (button) folded before Flop (didn't bet)
Seat 3: Dorex2007 (small blind) folded before Flop
Seat 4: Vasya175 (big blind) folded before Flop
Seat 6: Peoncillo collected ($0.05)
Seat 7: Serg99888 folded before Flop (didn't bet)
Seat 9: xandeskt folded before Flop (didn't bet)



PokerStars Hand #227526390431:  Hold'em No Limit ($0.01/$0.02 USD) - 2021/06/12 9:14:41 PT [2021/06/12 12:14:41 ET]
Table 'Amanda' 9-max Seat #3 is the button
Seat 1: CCCake ($0.86 in chips) 
Seat 2: FishGUIDE ($1.09 in chips) 
Seat 3: Dorex2007 ($2 in chips) 
Seat 4: Vasya175 ($1.83 in chips) 
Seat 5: NewKidOnTheFlop ($3.07 in chips) 
Seat 6: Peoncillo ($0.26 in chips) 
Seat 7: Serg99888 ($2.18 in chips) 
Seat 9: xandeskt ($2.14 in chips) 
Vasya175: posts small blind $0.01
NewKidOnTheFlop: posts big blind $0.02
*** HOLE CARDS ***
Dealt to Dorex2007 [5d 3d]
Peoncillo: folds 
Serg99888: calls $0.02
xandeskt: folds 
CCCake: calls $0.02
FishGUIDE: calls $0.02
Dorex2007: folds 
Vasya175: folds 
NewKidOnTheFlop: checks 
*** FLOP *** [3s 9s Ks]
NewKidOnTheFlop: bets $0.04
Serg99888: calls $0.04
CCCake: folds 
FishGUIDE: folds 
*** TURN *** [3s 9s Ks] [Qs]
NewKidOnTheFlop: checks 
Serg99888: bets $0.16
NewKidOnTheFlop: folds 
Uncalled bet ($0.16) returned to Serg99888
Serg99888 collected $0.16 from pot
Serg99888: doesn't show hand 
*** SUMMARY ***
Total pot $0.17 | Rake $0.01 
Board [3s 9s Ks Qs]
Seat 1: CCCake folded on the Flop
Seat 2: FishGUIDE folded on the Flop
Seat 3: Dorex2007 (button) folded before Flop (didn't bet)
Seat 4: Vasya175 (small blind) folded before Flop
Seat 5: NewKidOnTheFlop (big blind) folded on the Turn
Seat 6: Peoncillo folded before Flop (didn't bet)
Seat 7: Serg99888 collected ($0.16)
Seat 9: xandeskt folded before Flop (didn't bet)



PokerStars Hand #227526412209:  Hold'em No Limit ($0.01/$0.02 USD) - 2021/06/12 9:15:41 PT [2021/06/12 12:15:41 ET]
Table 'Amanda' 9-max Seat #4 is the button
Seat 1: CCCake ($0.84 in chips) 
Seat 2: FishGUIDE ($1.07 in chips) 
Seat 3: Dorex2007 ($2 in chips) 
Seat 4: Vasya175 ($1.82 in chips) 
Seat 5: NewKidOnTheFlop ($3.01 in chips) 
Seat 6: Peoncillo ($0.26 in chips) 
Seat 7: Serg99888 ($2.28 in chips) 
Seat 9: xandeskt ($2.14 in chips) 
NewKidOnTheFlop: posts small blind $0.01
Peoncillo: posts big blind $0.02
*** HOLE CARDS ***
Dealt to Dorex2007 [Jd Ad]
Serg99888: raises $0.02 to $0.04
xandeskt: folds 
CCCake: folds 
FishGUIDE: folds 
Dorex2007: raises $0.08 to $0.12
Vasya175: folds 
NewKidOnTheFlop: folds 
Peoncillo: folds 
Serg99888: folds 
Uncalled bet ($0.08) returned to Dorex2007
Dorex2007 collected $0.11 from pot
Dorex2007: doesn't show hand 
*** SUMMARY ***
Total pot $0.11 | Rake $0 
Seat 1: CCCake folded before Flop (didn't bet)
Seat 2: FishGUIDE folded before Flop (didn't bet)
Seat 3: Dorex2007 collected ($0.11)
Seat 4: Vasya175 (button) folded before Flop (didn't bet)
Seat 5: NewKidOnTheFlop (small blind) folded before Flop
Seat 6: Peoncillo (big blind) folded before Flop
Seat 7: Serg99888 folded before Flop
Seat 9: xandeskt folded before Flop (didn't bet)



PokerStars Hand #227526422527:  Hold'em No Limit ($0.01/$0.02 USD) - 2021/06/12 9:16:10 PT [2021/06/12 12:16:10 ET]
Table 'Amanda' 9-max Seat #5 is the button
Seat 1: CCCake ($0.84 in chips) 
Seat 2: FishGUIDE ($1.07 in chips) 
Seat 3: Dorex2007 ($2.07 in chips) 
Seat 4: Vasya175 ($1.82 in chips) 
Seat 5: NewKidOnTheFlop ($3 in chips) 
Seat 6: Peoncillo ($0.24 in chips) 
Seat 7: Serg99888 ($2.24 in chips) 
Seat 9: xandeskt ($2.14 in chips) 
Peoncillo: posts small blind $0.01
Serg99888: posts big blind $0.02
*** HOLE CARDS ***
Dealt to Dorex2007 [4c Ks]
xandeskt: folds 
CCCake: folds 
FishGUIDE: raises $0.03 to $0.05
Dorex2007: folds 
Vasya175: calls $0.05
NewKidOnTheFlop: calls $0.05
Peoncillo: folds 
Serg99888: folds 
*** FLOP *** [3c Ac 4d]
FishGUIDE: bets $0.08
Vasya175: folds 
NewKidOnTheFlop: calls $0.08
*** TURN *** [3c Ac 4d] [Kc]
FishGUIDE: checks 
NewKidOnTheFlop: bets $0.20
FishGUIDE: folds 
Uncalled bet ($0.20) returned to NewKidOnTheFlop
NewKidOnTheFlop collected $0.33 from pot
NewKidOnTheFlop: doesn't show hand 
*** SUMMARY ***
Total pot $0.34 | Rake $0.01 
Board [3c Ac 4d Kc]
Seat 1: CCCake folded before Flop (didn't bet)
Seat 2: FishGUIDE folded on the Turn
Seat 3: Dorex2007 folded before Flop (didn't bet)
Seat 4: Vasya175 folded on the Flop
Seat 5: NewKidOnTheFlop (button) collected ($0.33)
Seat 6: Peoncillo (small blind) folded before Flop
Seat 7: Serg99888 (big blind) folded before Flop
Seat 9: xandeskt folded before Flop (didn't bet)



PokerStars Hand #227526457116:  Hold'em No Limit ($0.01/$0.02 USD) - 2021/06/12 9:17:47 PT [2021/06/12 12:17:47 ET]
Table 'Amanda' 9-max Seat #6 is the button
Seat 1: CCCake ($0.84 in chips) 
Seat 2: FishGUIDE ($0.94 in chips) 
Seat 3: Dorex2007 ($2.07 in chips) 
Seat 4: Vasya175 ($1.77 in chips) 
Seat 5: NewKidOnTheFlop ($3.20 in chips) 
Seat 6: Peoncillo ($0.23 in chips) 
Seat 7: Serg99888 ($2.22 in chips) 
Seat 9: xandeskt ($2.14 in chips) 
Serg99888: posts small blind $0.01
xandeskt: posts big blind $0.02
*** HOLE CARDS ***
Dealt to Dorex2007 [Jd 7d]
CCCake: folds 
FishGUIDE: folds 
Dorex2007: folds 
Vasya175: folds 
NewKidOnTheFlop: folds 
Peoncillo: folds 
Serg99888: calls $0.01
xandeskt: checks 
*** FLOP *** [7h 3s 8c]
Serg99888: checks 
xandeskt: checks 
*** TURN *** [7h 3s 8c] [Th]
Serg99888: bets $0.02
xandeskt: folds 
Uncalled bet ($0.02) returned to Serg99888
Serg99888 collected $0.04 from pot
Serg99888: doesn't show hand 
*** SUMMARY ***
Total pot $0.04 | Rake $0 
Board [7h 3s 8c Th]
Seat 1: CCCake folded before Flop (didn't bet)
Seat 2: FishGUIDE folded before Flop (didn't bet)
Seat 3: Dorex2007 folded before Flop (didn't bet)
Seat 4: Vasya175 folded before Flop (didn't bet)
Seat 5: NewKidOnTheFlop folded before Flop (didn't bet)
Seat 6: Peoncillo (button) folded before Flop (didn't bet)
Seat 7: Serg99888 (small blind) collected ($0.04)
Seat 9: xandeskt (big blind) folded on the Turn



PokerStars Hand #227526466907:  Hold'em No Limit ($0.01/$0.02 USD) - 2021/06/12 9:18:15 PT [2021/06/12 12:18:15 ET]
Table 'Amanda' 9-max Seat #7 is the button
Seat 1: CCCake ($0.84 in chips) 
Seat 2: FishGUIDE ($0.94 in chips) 
Seat 3: Dorex2007 ($2.07 in chips) 
Seat 4: Vasya175 ($1.77 in chips) 
Seat 5: NewKidOnTheFlop ($3.20 in chips) 
Seat 6: Peoncillo ($0.23 in chips) 
Seat 7: Serg99888 ($2.24 in chips) 
Seat 9: xandeskt ($2.12 in chips) 
xandeskt: posts small blind $0.01
CCCake: posts big blind $0.02
*** HOLE CARDS ***
Dealt to Dorex2007 [5s Td]
FishGUIDE: folds 
Dorex2007: folds 
Vasya175: folds 
NewKidOnTheFlop: folds 
Peoncillo: raises $0.04 to $0.06
Serg99888: folds 
xandeskt: calls $0.05
CCCake: folds 
*** FLOP *** [2c Ah 9d]
xandeskt: checks 
Peoncillo: bets $0.17 and is all-in
xandeskt: calls $0.17
*** TURN *** [2c Ah 9d] [Tc]
*** RIVER *** [2c Ah 9d Tc] [3s]
leomax100 joins the table at seat #8 
*** SHOW DOWN ***
xandeskt: shows [Ad Jh] (a pair of Aces)
Peoncillo: shows [Qs Jc] (high card Ace)
xandeskt cashed out the hand for $0.45
*** SUMMARY ***
Total pot $0.48 | Rake $0.02 
Board [2c Ah 9d Tc 3s]
Seat 1: CCCake (big blind) folded before Flop
Seat 2: FishGUIDE folded before Flop (didn't bet)
Seat 3: Dorex2007 folded before Flop (didn't bet)
Seat 4: Vasya175 folded before Flop (didn't bet)
Seat 5: NewKidOnTheFlop folded before Flop (didn't bet)
Seat 6: Peoncillo showed [Qs Jc] and lost with high card Ace
Seat 7: Serg99888 (button) folded before Flop (didn't bet)
Seat 9: xandeskt (small blind) showed [Ad Jh] and won ($0.46) with a pair of Aces (pot not awarded as player cashed out)



PokerStars Hand #227526486004:  Hold'em No Limit ($0.01/$0.02 USD) - 2021/06/12 9:18:52 PT [2021/06/12 12:18:52 ET]
Table 'Amanda' 9-max Seat #9 is the button
Seat 1: CCCake ($0.82 in chips) 
Seat 3: Dorex2007 ($2.07 in chips) 
Seat 4: Vasya175 ($1.77 in chips) 
Seat 5: NewKidOnTheFlop ($3.20 in chips) 
Seat 7: Serg99888 ($2.24 in chips) 
Seat 9: xandeskt ($2.34 in chips) 
CCCake: posts small blind $0.01
FishGUIDE: is sitting out 
Dorex2007: posts big blind $0.02
leomax100: sits out 
*** HOLE CARDS ***
Dealt to Dorex2007 [Kc Tc]
Vasya175: folds 
NewKidOnTheFlop: folds 
Serg99888: calls $0.02
xandeskt: folds 
CCCake: folds 
Dorex2007: raises $0.04 to $0.06
Serg99888: calls $0.04
*** FLOP *** [6h 7c 7h]
Dorex2007: checks 
Serg99888: checks 
*** TURN *** [6h 7c 7h] [Ts]
Dorex2007: bets $0.13
Serg99888: folds 
Uncalled bet ($0.13) returned to Dorex2007
Dorex2007 collected $0.13 from pot
Dorex2007: doesn't show hand 
*** SUMMARY ***
Total pot $0.13 | Rake $0 
Board [6h 7c 7h Ts]
Seat 1: CCCake (small blind) folded before Flop
Seat 3: Dorex2007 (big blind) collected ($0.13)
Seat 4: Vasya175 folded before Flop (didn't bet)
Seat 5: NewKidOnTheFlop folded before Flop (didn't bet)
Seat 7: Serg99888 folded on the Turn
Seat 9: xandeskt (button) folded before Flop (didn't bet)



PokerStars Hand #227526495504:  Hold'em No Limit ($0.01/$0.02 USD) - 2021/06/12 9:19:18 PT [2021/06/12 12:19:18 ET]
Table 'Amanda' 9-max Seat #1 is the button
Seat 1: CCCake ($0.81 in chips) 
Seat 3: Dorex2007 ($2.14 in chips) 
Seat 4: Vasya175 ($1.77 in chips) 
Seat 5: NewKidOnTheFlop ($3.20 in chips) 
Seat 6: Peoncillo ($2 in chips) 
Seat 7: Serg99888 ($2.18 in chips) 
Seat 9: xandeskt ($2.34 in chips) 
Dorex2007: posts small blind $0.01
Vasya175: posts big blind $0.02
leomax100: sits out 
*** HOLE CARDS ***
Dealt to Dorex2007 [7c 4s]
NewKidOnTheFlop: folds 
Peoncillo: folds 
Serg99888: folds 
xandeskt: folds 
CCCake: raises $0.02 to $0.04
Dorex2007: folds 
Vasya175: calls $0.02
*** FLOP *** [7h 3h 7d]
Vasya175: checks 
CCCake: checks 
*** TURN *** [7h 3h 7d] [8s]
Vasya175: bets $0.09
CCCake: calls $0.09
*** RIVER *** [7h 3h 7d 8s] [9c]
Vasya175: bets $0.13
CCCake: calls $0.13
*** SHOW DOWN ***
Vasya175: shows [9h 6h] (two pair, Nines and Sevens)
CCCake: mucks hand 
Vasya175 collected $0.51 from pot
*** SUMMARY ***
Total pot $0.53 | Rake $0.02 
Board [7h 3h 7d 8s 9c]
Seat 1: CCCake (button) mucked [8h Jd]
Seat 3: Dorex2007 (small blind) folded before Flop
Seat 4: Vasya175 (big blind) showed [9h 6h] and won ($0.51) with two pair, Nines and Sevens
Seat 5: NewKidOnTheFlop folded before Flop (didn't bet)
Seat 6: Peoncillo folded before Flop (didn't bet)
Seat 7: Serg99888 folded before Flop (didn't bet)
Seat 9: xandeskt folded before Flop (didn't bet)



PokerStars Hand #227526511079:  Hold'em No Limit ($0.01/$0.02 USD) - 2021/06/12 9:20:02 PT [2021/06/12 12:20:02 ET]
Table 'Amanda' 9-max Seat #3 is the button
Seat 1: CCCake ($0.55 in chips) 
Seat 3: Dorex2007 ($2.13 in chips) 
Seat 4: Vasya175 ($2.02 in chips) 
Seat 5: NewKidOnTheFlop ($3.20 in chips) 
Seat 6: Peoncillo ($2 in chips) 
Seat 7: Serg99888 ($2.18 in chips) 
Seat 9: xandeskt ($2.34 in chips) 
Vasya175: posts small blind $0.01
NewKidOnTheFlop: posts big blind $0.02
leomax100: sits out 
*** HOLE CARDS ***
Dealt to Dorex2007 [Jc 9h]
Peoncillo: folds 
Serg99888: folds 
xandeskt: folds 
CCCake: folds 
Dorex2007: raises $0.04 to $0.06
Serg99888 leaves the table
Vasya175: folds 
NewKidOnTheFlop: folds 
Uncalled bet ($0.04) returned to Dorex2007
Dorex2007 collected $0.05 from pot
Dorex2007: doesn't show hand 
*** SUMMARY ***
Total pot $0.05 | Rake $0 
Seat 1: CCCake folded before Flop (didn't bet)
Seat 3: Dorex2007 (button) collected ($0.05)
Seat 4: Vasya175 (small blind) folded before Flop
Seat 5: NewKidOnTheFlop (big blind) folded before Flop
Seat 6: Peoncillo folded before Flop (didn't bet)
Seat 7: Serg99888 folded before Flop (didn't bet)
Seat 9: xandeskt folded before Flop (didn't bet)



PokerStars Hand #227526518879:  Hold'em No Limit ($0.01/$0.02 USD) - 2021/06/12 9:20:24 PT [2021/06/12 12:20:24 ET]
Table 'Amanda' 9-max Seat #4 is the button
Seat 1: CCCake ($0.55 in chips) 
Seat 3: Dorex2007 ($2.16 in chips) 
Seat 4: Vasya175 ($2.01 in chips) 
Seat 5: NewKidOnTheFlop ($3.18 in chips) 
Seat 6: Peoncillo ($2 in chips) 
Seat 9: xandeskt ($2.34 in chips) 
NewKidOnTheFlop: posts small blind $0.01
Peoncillo: posts big blind $0.02
leomax100: sits out 
*** HOLE CARDS ***
Dealt to Dorex2007 [8s 2s]
xandeskt: folds 
CCCake: folds 
Dorex2007: folds 
Vasya175: folds 
NewKidOnTheFlop: raises $0.04 to $0.06
Peoncillo: folds 
Uncalled bet ($0.04) returned to NewKidOnTheFlop
NewKidOnTheFlop collected $0.04 from pot
NewKidOnTheFlop: doesn't show hand 
*** SUMMARY ***
Total pot $0.04 | Rake $0 
Seat 1: CCCake folded before Flop (didn't bet)
Seat 3: Dorex2007 folded before Flop (didn't bet)
Seat 4: Vasya175 (button) folded before Flop (didn't bet)
Seat 5: NewKidOnTheFlop (small blind) collected ($0.04)
Seat 6: Peoncillo (big blind) folded before Flop
Seat 9: xandeskt folded before Flop (didn't bet)



PokerStars Hand #227526525079:  Hold'em No Limit ($0.01/$0.02 USD) - 2021/06/12 9:20:42 PT [2021/06/12 12:20:42 ET]
Table 'Amanda' 9-max Seat #5 is the button
Seat 1: CCCake ($0.55 in chips) 
Seat 3: Dorex2007 ($2.16 in chips) 
Seat 4: Vasya175 ($2.01 in chips) 
Seat 5: NewKidOnTheFlop ($3.20 in chips) 
Seat 6: Peoncillo ($1.98 in chips) 
Seat 8: leomax100 ($2 in chips) 
Seat 9: xandeskt ($2.34 in chips) 
Peoncillo: posts small blind $0.01
leomax100: posts big blind $0.02
*** HOLE CARDS ***
Dealt to Dorex2007 [9c 6s]
xandeskt: folds 
CCCake: raises $0.02 to $0.04
Dorex2007: folds 
Vasya175: folds 
NewKidOnTheFlop: folds 
Peoncillo: folds 
leomax100: folds 
Uncalled bet ($0.02) returned to CCCake
CCCake collected $0.05 from pot
*** SUMMARY ***
Total pot $0.05 | Rake $0 
Seat 1: CCCake collected ($0.05)
Seat 3: Dorex2007 folded before Flop (didn't bet)
Seat 4: Vasya175 folded before Flop (didn't bet)
Seat 5: NewKidOnTheFlop (button) folded before Flop (didn't bet)
Seat 6: Peoncillo (small blind) folded before Flop
Seat 8: leomax100 (big blind) folded before Flop
Seat 9: xandeskt folded before Flop (didn't bet)



PokerStars Hand #227526530229:  Hold'em No Limit ($0.01/$0.02 USD) - 2021/06/12 9:20:56 PT [2021/06/12 12:20:56 ET]
Table 'Amanda' 9-max Seat #6 is the button
Seat 1: CCCake ($0.58 in chips) 
Seat 3: Dorex2007 ($2.16 in chips) 
Seat 4: Vasya175 ($2.01 in chips) 
Seat 5: NewKidOnTheFlop ($3.20 in chips) 
Seat 6: Peoncillo ($1.97 in chips) 
Seat 8: leomax100 ($2 in chips) 
Seat 9: xandeskt ($2.34 in chips) 
leomax100: posts small blind $0.01
xandeskt: posts big blind $0.02
*** HOLE CARDS ***
Dealt to Dorex2007 [Th Kc]
CCCake: raises $0.02 to $0.04
Dorex2007: folds 
Vasya175: calls $0.04
NewKidOnTheFlop: folds 
Peoncillo: folds 
leomax100: folds 
xandeskt: folds 
*** FLOP *** [3s Ts Ks]
CCCake: bets $0.04
Vasya175: calls $0.04
*** TURN *** [3s Ts Ks] [6d]
CCCake: bets $0.04
Vasya175: raises $0.04 to $0.08
CCCake: calls $0.04
*** RIVER *** [3s Ts Ks 6d] [3h]
CCCake: bets $0.04
Vasya175: calls $0.04
*** SHOW DOWN ***
CCCake: shows [Kd 9d] (two pair, Kings and Threes)
Vasya175: shows [Kh Qd] (two pair, Kings and Threes - Queen kicker)
Vasya175 collected $0.41 from pot
*** SUMMARY ***
Total pot $0.43 | Rake $0.02 
Board [3s Ts Ks 6d 3h]
Seat 1: CCCake showed [Kd 9d] and lost with two pair, Kings and Threes
Seat 3: Dorex2007 folded before Flop (didn't bet)
Seat 4: Vasya175 showed [Kh Qd] and won ($0.41) with two pair, Kings and Threes
Seat 5: NewKidOnTheFlop folded before Flop (didn't bet)
Seat 6: Peoncillo (button) folded before Flop (didn't bet)
Seat 8: leomax100 (small blind) folded before Flop
Seat 9: xandeskt (big blind) folded before Flop



PokerStars Hand #227526547133:  Hold'em No Limit ($0.01/$0.02 USD) - 2021/06/12 9:21:44 PT [2021/06/12 12:21:44 ET]
Table 'Amanda' 9-max Seat #8 is the button
Seat 1: CCCake ($0.38 in chips) 
Seat 3: Dorex2007 ($2.16 in chips) 
Seat 4: Vasya175 ($2.22 in chips) 
Seat 5: NewKidOnTheFlop ($3.20 in chips) 
Seat 6: Peoncillo ($1.97 in chips) 
Seat 8: leomax100 ($2 in chips) 
Seat 9: xandeskt ($2.32 in chips) 
xandeskt: posts small blind $0.01
CCCake: posts big blind $0.02
*** HOLE CARDS ***
Dealt to Dorex2007 [Ac 3d]
Dorex2007: folds 
Vasya175: raises $0.02 to $0.04
Zezinhoojr joins the table at seat #7 
NewKidOnTheFlop: calls $0.04
Peoncillo: calls $0.04
leomax100: folds 
xandeskt: calls $0.03
CCCake: calls $0.02
*** FLOP *** [4h Th Ks]
xandeskt: checks 
CCCake: checks 
Vasya175: checks 
NewKidOnTheFlop: checks 
Peoncillo: checks 
*** TURN *** [4h Th Ks] [4c]
xandeskt: checks 
CCCake: bets $0.06
Vasya175: calls $0.06
NewKidOnTheFlop: folds 
Peoncillo: folds 
xandeskt: calls $0.06
*** RIVER *** [4h Th Ks 4c] [9s]
xandeskt: checks 
CCCake: bets $0.10
Vasya175: calls $0.10
xandeskt: calls $0.10
*** SHOW DOWN ***
CCCake: shows [4s 2s] (three of a kind, Fours)
Vasya175: mucks hand 
xandeskt: mucks hand 
CCCake collected $0.66 from pot
*** SUMMARY ***
Total pot $0.68 | Rake $0.02 
Board [4h Th Ks 4c 9s]
Seat 1: CCCake (big blind) showed [4s 2s] and won ($0.66) with three of a kind, Fours
Seat 3: Dorex2007 folded before Flop (didn't bet)
Seat 4: Vasya175 mucked [Qd Qc]
Seat 5: NewKidOnTheFlop folded on the Turn
Seat 6: Peoncillo folded on the Turn
Seat 8: leomax100 (button) folded before Flop (didn't bet)
Seat 9: xandeskt (small blind) mucked [Js Kh]



PokerStars Hand #227526578803:  Hold'em No Limit ($0.01/$0.02 USD) - 2021/06/12 9:23:15 PT [2021/06/12 12:23:15 ET]
Table 'Amanda' 9-max Seat #9 is the button
Seat 1: CCCake ($0.84 in chips) 
Seat 3: Dorex2007 ($2.16 in chips) 
Seat 4: Vasya175 ($2.02 in chips) 
Seat 5: NewKidOnTheFlop ($3.16 in chips) 
Seat 6: Peoncillo ($1.93 in chips) 
Seat 7: Zezinhoojr ($0.80 in chips) 
Seat 8: leomax100 ($2 in chips) 
Seat 9: xandeskt ($2.12 in chips) 
CCCake: posts small blind $0.01
Dorex2007: posts big blind $0.02
Zezinhoojr: posts big blind $0.02
*** HOLE CARDS ***
Dealt to Dorex2007 [5h 5s]
Vasya175: folds 
NewKidOnTheFlop: folds 
Peoncillo: calls $0.02
Zezinhoojr: checks 
leomax100: folds 
xandeskt: folds 
CCCake: calls $0.01
Dorex2007: checks 
*** FLOP *** [Ts 7s 8s]
CCCake: checks 
Dorex2007: checks 
Peoncillo: checks 
Zezinhoojr: checks 
*** TURN *** [Ts 7s 8s] [Qh]
CCCake: checks 
Dorex2007: checks 
Peoncillo: bets $0.04
Zezinhoojr: folds 
CCCake: folds 
Dorex2007: folds 
Uncalled bet ($0.04) returned to Peoncillo
Peoncillo collected $0.08 from pot
Peoncillo: doesn't show hand 
*** SUMMARY ***
Total pot $0.08 | Rake $0 
Board [Ts 7s 8s Qh]
Seat 1: CCCake (small blind) folded on the Turn
Seat 3: Dorex2007 (big blind) folded on the Turn
Seat 4: Vasya175 folded before Flop (didn't bet)
Seat 5: NewKidOnTheFlop folded before Flop (didn't bet)
Seat 6: Peoncillo collected ($0.08)
Seat 7: Zezinhoojr folded on the Turn (didn't bet)
Seat 8: leomax100 folded before Flop (didn't bet)
Seat 9: xandeskt (button) folded before Flop (didn't bet)



PokerStars Hand #227526597035:  Hold'em No Limit ($0.01/$0.02 USD) - 2021/06/12 9:24:07 PT [2021/06/12 12:24:07 ET]
Table 'Amanda' 9-max Seat #1 is the button
Seat 1: CCCake ($0.82 in chips) 
Seat 3: Dorex2007 ($2.14 in chips) 
Seat 4: Vasya175 ($2.02 in chips) 
Seat 5: NewKidOnTheFlop ($3.16 in chips) 
Seat 6: Peoncillo ($1.99 in chips) 
Seat 7: Zezinhoojr ($0.78 in chips) 
Seat 8: leomax100 ($2 in chips) 
Seat 9: xandeskt ($2.12 in chips) 
Dorex2007: posts small blind $0.01
Vasya175: posts big blind $0.02
*** HOLE CARDS ***
Dealt to Dorex2007 [3h Td]
NewKidOnTheFlop: raises $0.04 to $0.06
Peoncillo: calls $0.06
Zezinhoojr: folds 
leomax100: folds 
xandeskt: folds 
CCCake: folds 
Dorex2007: folds 
Vasya175: folds 
*** FLOP *** [Js 8h 4c]
NewKidOnTheFlop: checks 
Peoncillo: bets $0.07
NewKidOnTheFlop: calls $0.07
*** TURN *** [Js 8h 4c] [3s]
NewKidOnTheFlop: bets $0.16
Peoncillo: folds 
Uncalled bet ($0.16) returned to NewKidOnTheFlop
NewKidOnTheFlop collected $0.28 from pot
NewKidOnTheFlop: doesn't show hand 
*** SUMMARY ***
Total pot $0.29 | Rake $0.01 
Board [Js 8h 4c 3s]
Seat 1: CCCake (button) folded before Flop (didn't bet)
Seat 3: Dorex2007 (small blind) folded before Flop
Seat 4: Vasya175 (big blind) folded before Flop
Seat 5: NewKidOnTheFlop collected ($0.28)
Seat 6: Peoncillo folded on the Turn
Seat 7: Zezinhoojr folded before Flop (didn't bet)
Seat 8: leomax100 folded before Flop (didn't bet)
Seat 9: xandeskt folded before Flop (didn't bet)



PokerStars Hand #227526615161:  Hold'em No Limit ($0.01/$0.02 USD) - 2021/06/12 9:24:59 PT [2021/06/12 12:24:59 ET]
Table 'Amanda' 9-max Seat #3 is the button
Seat 1: CCCake ($0.82 in chips) 
Seat 3: Dorex2007 ($2.13 in chips) 
Seat 4: Vasya175 ($2 in chips) 
Seat 5: NewKidOnTheFlop ($3.31 in chips) 
Seat 6: Peoncillo ($1.86 in chips) 
Seat 7: Zezinhoojr ($0.78 in chips) 
Seat 8: leomax100 ($2 in chips) 
Seat 9: xandeskt ($2.12 in chips) 
Vasya175: posts small blind $0.01
NewKidOnTheFlop: posts big blind $0.02
FishGUIDE: sits out 
*** HOLE CARDS ***
Dealt to Dorex2007 [5d 5h]
Peoncillo: folds 
Zezinhoojr: folds 
leomax100: raises $0.02 to $0.04
xandeskt: folds 
CCCake: calls $0.04
Dorex2007: calls $0.04
Vasya175: folds 
NewKidOnTheFlop: folds 
*** FLOP *** [Jc Jh Qh]
leomax100: bets $0.07
CCCake: folds 
Dorex2007: folds 
Uncalled bet ($0.07) returned to leomax100
leomax100 collected $0.14 from pot
leomax100: doesn't show hand 
*** SUMMARY ***
Total pot $0.15 | Rake $0.01 
Board [Jc Jh Qh]
Seat 1: CCCake folded on the Flop
Seat 3: Dorex2007 (button) folded on the Flop
Seat 4: Vasya175 (small blind) folded before Flop
Seat 5: NewKidOnTheFlop (big blind) folded before Flop
Seat 6: Peoncillo folded before Flop (didn't bet)
Seat 7: Zezinhoojr folded before Flop (didn't bet)
Seat 8: leomax100 collected ($0.14)
Seat 9: xandeskt folded before Flop (didn't bet)



PokerStars Hand #227526629810:  Hold'em No Limit ($0.01/$0.02 USD) - 2021/06/12 9:25:40 PT [2021/06/12 12:25:40 ET]
Table 'Amanda' 9-max Seat #4 is the button
Seat 1: CCCake ($0.78 in chips) 
Seat 3: Dorex2007 ($2.09 in chips) 
Seat 4: Vasya175 ($1.99 in chips) 
Seat 5: NewKidOnTheFlop ($3.29 in chips) 
Seat 6: Peoncillo ($1.86 in chips) 
Seat 7: Zezinhoojr ($0.78 in chips) 
Seat 8: leomax100 ($2.10 in chips) 
Seat 9: xandeskt ($2.12 in chips) 
NewKidOnTheFlop: posts small blind $0.01
Peoncillo: posts big blind $0.02
FishGUIDE: sits out 
*** HOLE CARDS ***
Dealt to Dorex2007 [9d Td]
Zezinhoojr: calls $0.02
leomax100: folds 
xandeskt: folds 
CCCake: raises $0.02 to $0.04
Dorex2007: folds 
Vasya175: folds 
NewKidOnTheFlop: folds 
Peoncillo: calls $0.02
Zezinhoojr: calls $0.02
*** FLOP *** [Ah 5h 2h]
Peoncillo: checks 
Zezinhoojr: checks 
CCCake: bets $0.06
Peoncillo: folds 
Zezinhoojr: folds 
Uncalled bet ($0.06) returned to CCCake
CCCake collected $0.13 from pot
*** SUMMARY ***
Total pot $0.13 | Rake $0 
Board [Ah 5h 2h]
Seat 1: CCCake collected ($0.13)
Seat 3: Dorex2007 folded before Flop (didn't bet)
Seat 4: Vasya175 (button) folded before Flop (didn't bet)
Seat 5: NewKidOnTheFlop (small blind) folded before Flop
Seat 6: Peoncillo (big blind) folded on the Flop
Seat 7: Zezinhoojr folded on the Flop
Seat 8: leomax100 folded before Flop (didn't bet)
Seat 9: xandeskt folded before Flop (didn't bet)



PokerStars Hand #227526647515:  Hold'em No Limit ($0.01/$0.02 USD) - 2021/06/12 9:26:29 PT [2021/06/12 12:26:29 ET]
Table 'Amanda' 9-max Seat #5 is the button
Seat 1: CCCake ($0.87 in chips) 
Seat 3: Dorex2007 ($2.09 in chips) 
Seat 4: Vasya175 ($1.99 in chips) 
Seat 5: NewKidOnTheFlop ($3.28 in chips) 
Seat 6: Peoncillo ($1.82 in chips) 
Seat 7: Zezinhoojr ($0.74 in chips) 
Seat 8: leomax100 ($2.10 in chips) 
Seat 9: xandeskt ($2.12 in chips) 
Peoncillo: posts small blind $0.01
Zezinhoojr: posts big blind $0.02
FishGUIDE: sits out 
*** HOLE CARDS ***
Dealt to Dorex2007 [Js Jc]
leomax100: folds 
xandeskt: folds 
CCCake: folds 
Dorex2007: raises $0.04 to $0.06
Vasya175: folds 
NewKidOnTheFlop: calls $0.06
Peoncillo: calls $0.05
Zezinhoojr: calls $0.04
*** FLOP *** [Qh 2c 6s]
Peoncillo: checks 
Zezinhoojr: checks 
Dorex2007: bets $0.12
NewKidOnTheFlop: folds 
Peoncillo: folds 
Zezinhoojr: calls $0.12
*** TURN *** [Qh 2c 6s] [Kd]
Zezinhoojr: checks 
Dorex2007: checks 
*** RIVER *** [Qh 2c 6s Kd] [4d]
Zezinhoojr: bets $0.02
Dorex2007: raises $0.04 to $0.06
Zezinhoojr: calls $0.04
*** SHOW DOWN ***
Dorex2007: shows [Js Jc] (a pair of Jacks)
Zezinhoojr: mucks hand 
Dorex2007 collected $0.58 from pot
*** SUMMARY ***
Total pot $0.60 | Rake $0.02 
Board [Qh 2c 6s Kd 4d]
Seat 1: CCCake folded before Flop (didn't bet)
Seat 3: Dorex2007 showed [Js Jc] and won ($0.58) with a pair of Jacks
Seat 4: Vasya175 folded before Flop (didn't bet)
Seat 5: NewKidOnTheFlop (button) folded on the Flop
Seat 6: Peoncillo (small blind) folded on the Flop
Seat 7: Zezinhoojr (big blind) mucked [9c 9s]
Seat 8: leomax100 folded before Flop (didn't bet)
Seat 9: xandeskt folded before Flop (didn't bet)



PokerStars Hand #227526663757:  Hold'em No Limit ($0.01/$0.02 USD) - 2021/06/12 9:27:13 PT [2021/06/12 12:27:13 ET]
Table 'Amanda' 9-max Seat #6 is the button
Seat 1: CCCake ($0.87 in chips) 
Seat 3: Dorex2007 ($2.43 in chips) 
Seat 4: Vasya175 ($1.99 in chips) 
Seat 5: NewKidOnTheFlop ($3.22 in chips) 
Seat 6: Peoncillo ($1.76 in chips) 
Seat 7: Zezinhoojr ($0.50 in chips) 
Seat 8: leomax100 ($2.10 in chips) 
Seat 9: xandeskt ($2.12 in chips) 
Zezinhoojr: posts small blind $0.01
leomax100: posts big blind $0.02
FishGUIDE: sits out 
*** HOLE CARDS ***
Dealt to Dorex2007 [2d Jc]
xandeskt: calls $0.02
CCCake: folds 
Dorex2007: folds 
Vasya175: calls $0.02
NewKidOnTheFlop: folds 
Peoncillo: calls $0.02
Zezinhoojr: calls $0.01
leomax100: checks 
*** FLOP *** [As Td 3d]
Zezinhoojr: checks 
leomax100: checks 
xandeskt: checks 
Vasya175: checks 
Peoncillo: bets $0.02
Zezinhoojr: folds 
leomax100: raises $0.14 to $0.16
xandeskt: folds 
Vasya175: folds 
Peoncillo: folds 
Uncalled bet ($0.14) returned to leomax100
leomax100 collected $0.14 from pot
leomax100: doesn't show hand 
*** SUMMARY ***
Total pot $0.14 | Rake $0 
Board [As Td 3d]
Seat 1: CCCake folded before Flop (didn't bet)
Seat 3: Dorex2007 folded before Flop (didn't bet)
Seat 4: Vasya175 folded on the Flop
Seat 5: NewKidOnTheFlop folded before Flop (didn't bet)
Seat 6: Peoncillo (button) folded on the Flop
Seat 7: Zezinhoojr (small blind) folded on the Flop
Seat 8: leomax100 (big blind) collected ($0.14)
Seat 9: xandeskt folded on the Flop



PokerStars Hand #227526683495:  Hold'em No Limit ($0.01/$0.02 USD) - 2021/06/12 9:28:08 PT [2021/06/12 12:28:08 ET]
Table 'Amanda' 9-max Seat #7 is the button
Seat 1: CCCake ($0.87 in chips) 
Seat 3: Dorex2007 ($2.43 in chips) 
Seat 4: Vasya175 ($1.97 in chips) 
Seat 5: NewKidOnTheFlop ($3.22 in chips) 
Seat 6: Peoncillo ($1.72 in chips) 
Seat 7: Zezinhoojr ($0.48 in chips) 
Seat 8: leomax100 ($2.20 in chips) 
Seat 9: xandeskt ($2.10 in chips) 
leomax100: posts small blind $0.01
xandeskt: posts big blind $0.02
FishGUIDE: sits out 
*** HOLE CARDS ***
Dealt to Dorex2007 [5h Ad]
CCCake: folds 
Dorex2007: folds 
Vasya175: calls $0.02
NewKidOnTheFlop: folds 
Peoncillo: folds 
Zezinhoojr: folds 
leomax100: folds 
xandeskt: checks 
*** FLOP *** [9c Ac Js]
xandeskt: checks 
Vasya175: bets $0.05
xandeskt: calls $0.05
*** TURN *** [9c Ac Js] [6d]
xandeskt: checks 
Vasya175: checks 
*** RIVER *** [9c Ac Js 6d] [9h]
xandeskt: checks 
Vasya175: checks 
*** SHOW DOWN ***
xandeskt: shows [Ah 6s] (two pair, Aces and Nines)
Vasya175: mucks hand 
xandeskt collected $0.14 from pot
*** SUMMARY ***
Total pot $0.15 | Rake $0.01 
Board [9c Ac Js 6d 9h]
Seat 1: CCCake folded before Flop (didn't bet)
Seat 3: Dorex2007 folded before Flop (didn't bet)
Seat 4: Vasya175 mucked [Ks Td]
Seat 5: NewKidOnTheFlop folded before Flop (didn't bet)
Seat 6: Peoncillo folded before Flop (didn't bet)
Seat 7: Zezinhoojr (button) folded before Flop (didn't bet)
Seat 8: leomax100 (small blind) folded before Flop
Seat 9: xandeskt (big blind) showed [Ah 6s] and won ($0.14) with two pair, Aces and Nines



PokerStars Hand #227526694907:  Hold'em No Limit ($0.01/$0.02 USD) - 2021/06/12 9:28:39 PT [2021/06/12 12:28:39 ET]
Table 'Amanda' 9-max Seat #8 is the button
Seat 1: CCCake ($0.87 in chips) 
Seat 3: Dorex2007 ($2.43 in chips) 
Seat 4: Vasya175 ($1.90 in chips) 
Seat 5: NewKidOnTheFlop ($3.22 in chips) 
Seat 6: Peoncillo ($1.72 in chips) 
Seat 7: Zezinhoojr ($0.48 in chips) 
Seat 8: leomax100 ($2.19 in chips) 
Seat 9: xandeskt ($2.17 in chips) 
xandeskt: posts small blind $0.01
CCCake: posts big blind $0.02
FishGUIDE: sits out 
*** HOLE CARDS ***
Dealt to Dorex2007 [7d 8s]
Dorex2007: folds 
Vasya175: calls $0.02
NewKidOnTheFlop: folds 
Peoncillo: folds 
Zezinhoojr: calls $0.02
leomax100: folds 
xandeskt: folds 
CCCake: checks 
*** FLOP *** [Ks 2h 6h]
CCCake: checks 
Vasya175: checks 
Zezinhoojr: checks 
*** TURN *** [Ks 2h 6h] [Qd]
CCCake: checks 
Vasya175: checks 
Zezinhoojr: checks 
*** RIVER *** [Ks 2h 6h Qd] [Ah]
CCCake: checks 
Vasya175: checks 
Zezinhoojr: checks 
*** SHOW DOWN ***
CCCake: shows [5s 9h] (high card Ace)
Vasya175: shows [Td 6d] (a pair of Sixes)
Zezinhoojr: shows [Ac 4s] (a pair of Aces)
Zezinhoojr collected $0.07 from pot
*** SUMMARY ***
Total pot $0.07 | Rake $0 
Board [Ks 2h 6h Qd Ah]
Seat 1: CCCake (big blind) showed [5s 9h] and lost with high card Ace
Seat 3: Dorex2007 folded before Flop (didn't bet)
Seat 4: Vasya175 showed [Td 6d] and lost with a pair of Sixes
Seat 5: NewKidOnTheFlop folded before Flop (didn't bet)
Seat 6: Peoncillo folded before Flop (didn't bet)
Seat 7: Zezinhoojr showed [Ac 4s] and won ($0.07) with a pair of Aces
Seat 8: leomax100 (button) folded before Flop (didn't bet)
Seat 9: xandeskt (small blind) folded before Flop



PokerStars Hand #227526715125:  Hold'em No Limit ($0.01/$0.02 USD) - 2021/06/12 9:29:34 PT [2021/06/12 12:29:34 ET]
Table 'Amanda' 9-max Seat #9 is the button
Seat 1: CCCake ($0.85 in chips) 
Seat 2: FishGUIDE ($0.94 in chips) 
Seat 3: Dorex2007 ($2.43 in chips) 
Seat 4: Vasya175 ($1.88 in chips) 
Seat 5: NewKidOnTheFlop ($3.22 in chips) 
Seat 6: Peoncillo ($1.72 in chips) 
Seat 7: Zezinhoojr ($0.53 in chips) 
Seat 8: leomax100 ($2.19 in chips) 
Seat 9: xandeskt ($2.16 in chips) 
CCCake: posts small blind $0.01
FishGUIDE: posts big blind $0.02
*** HOLE CARDS ***
Dealt to Dorex2007 [5h 3d]
Dorex2007: folds 
Vasya175: folds 
NewKidOnTheFlop: folds 
Peoncillo: folds 
Zezinhoojr: calls $0.02
leomax100: folds 
xandeskt: folds 
CCCake: calls $0.01
FishGUIDE: checks 
*** FLOP *** [Tc Ah 9h]
CCCake: bets $0.02
FishGUIDE: calls $0.02
Zezinhoojr: folds 
*** TURN *** [Tc Ah 9h] [3h]
CCCake: checks 
FishGUIDE: checks 
*** RIVER *** [Tc Ah 9h 3h] [4h]
CCCake: checks 
FishGUIDE: bets $0.06
CCCake: folds 
Uncalled bet ($0.06) returned to FishGUIDE
FishGUIDE collected $0.10 from pot
*** SUMMARY ***
Total pot $0.10 | Rake $0 
Board [Tc Ah 9h 3h 4h]
Seat 1: CCCake (small blind) folded on the River
Seat 2: FishGUIDE (big blind) collected ($0.10)
Seat 3: Dorex2007 folded before Flop (didn't bet)
Seat 4: Vasya175 folded before Flop (didn't bet)
Seat 5: NewKidOnTheFlop folded before Flop (didn't bet)
Seat 6: Peoncillo folded before Flop (didn't bet)
Seat 7: Zezinhoojr folded on the Flop
Seat 8: leomax100 folded before Flop (didn't bet)
Seat 9: xandeskt (button) folded before Flop (didn't bet)



PokerStars Hand #227526732341:  Hold'em No Limit ($0.01/$0.02 USD) - 2021/06/12 9:30:21 PT [2021/06/12 12:30:21 ET]
Table 'Amanda' 9-max Seat #1 is the button
Seat 1: CCCake ($0.81 in chips) 
Seat 2: FishGUIDE ($1 in chips) 
Seat 3: Dorex2007 ($2.43 in chips) 
Seat 4: Vasya175 ($1.88 in chips) 
Seat 5: NewKidOnTheFlop ($3.22 in chips) 
Seat 6: Peoncillo ($1.72 in chips) 
Seat 7: Zezinhoojr ($0.51 in chips) 
Seat 8: leomax100 ($2.19 in chips) 
Seat 9: xandeskt ($2.16 in chips) 
FishGUIDE: posts small blind $0.01
Dorex2007: posts big blind $0.02
*** HOLE CARDS ***
Dealt to Dorex2007 [Ks 2d]
Vasya175 has timed out
Vasya175: folds 
NewKidOnTheFlop: folds 
Peoncillo: folds 
Zezinhoojr: calls $0.02
leomax100: folds 
xandeskt: folds 
CCCake: folds 
FishGUIDE: calls $0.01
Dorex2007: checks 
*** FLOP *** [9c Jd Ad]
FishGUIDE: checks 
Dorex2007: checks 
Zezinhoojr: checks 
*** TURN *** [9c Jd Ad] [5h]
FishGUIDE: checks 
Dorex2007: checks 
Zezinhoojr: checks 
*** RIVER *** [9c Jd Ad 5h] [2h]
FishGUIDE: checks 
Dorex2007: checks 
Zezinhoojr: checks 
*** SHOW DOWN ***
FishGUIDE: shows [Qd 7c] (high card Ace)
Dorex2007: shows [Ks 2d] (a pair of Deuces)
Zezinhoojr: shows [Td Ts] (a pair of Tens)
Zezinhoojr collected $0.06 from pot
*** SUMMARY ***
Total pot $0.06 | Rake $0 
Board [9c Jd Ad 5h 2h]
Seat 1: CCCake (button) folded before Flop (didn't bet)
Seat 2: FishGUIDE (small blind) showed [Qd 7c] and lost with high card Ace
Seat 3: Dorex2007 (big blind) showed [Ks 2d] and lost with a pair of Deuces
Seat 4: Vasya175 folded before Flop (didn't bet)
Seat 5: NewKidOnTheFlop folded before Flop (didn't bet)
Seat 6: Peoncillo folded before Flop (didn't bet)
Seat 7: Zezinhoojr showed [Td Ts] and won ($0.06) with a pair of Tens
Seat 8: leomax100 folded before Flop (didn't bet)
Seat 9: xandeskt folded before Flop (didn't bet)



PokerStars Hand #227526756636:  Hold'em No Limit ($0.01/$0.02 USD) - 2021/06/12 9:31:26 PT [2021/06/12 12:31:26 ET]
Table 'Amanda' 9-max Seat #2 is the button
Seat 1: CCCake ($0.81 in chips) 
Seat 2: FishGUIDE ($0.98 in chips) 
Seat 3: Dorex2007 ($2.41 in chips) 
Seat 4: Vasya175 ($1.88 in chips) 
Seat 5: NewKidOnTheFlop ($3.22 in chips) 
Seat 6: Peoncillo ($1.72 in chips) 
Seat 7: Zezinhoojr ($0.55 in chips) 
Seat 8: leomax100 ($2.19 in chips) 
Seat 9: xandeskt ($2.16 in chips) 
Dorex2007: posts small blind $0.01
Vasya175: posts big blind $0.02
*** HOLE CARDS ***
Dealt to Dorex2007 [4h 7c]
NewKidOnTheFlop: folds 
Peoncillo: folds 
Zezinhoojr: folds 
leomax100: raises $0.04 to $0.06
xandeskt: folds 
CCCake: calls $0.06
FishGUIDE: folds 
Dorex2007: folds 
Vasya175: calls $0.04
*** FLOP *** [Qs 6c Jd]
Vasya175: checks 
leomax100: bets $0.09
CCCake: calls $0.09
Vasya175: folds 
*** TURN *** [Qs 6c Jd] [8c]
leomax100: bets $2.04 and is all-in
CCCake: folds 
Uncalled bet ($2.04) returned to leomax100
leomax100 collected $0.36 from pot
leomax100: doesn't show hand 
*** SUMMARY ***
Total pot $0.37 | Rake $0.01 
Board [Qs 6c Jd 8c]
Seat 1: CCCake folded on the Turn
Seat 2: FishGUIDE (button) folded before Flop (didn't bet)
Seat 3: Dorex2007 (small blind) folded before Flop
Seat 4: Vasya175 (big blind) folded on the Flop
Seat 5: NewKidOnTheFlop folded before Flop (didn't bet)
Seat 6: Peoncillo folded before Flop (didn't bet)
Seat 7: Zezinhoojr folded before Flop (didn't bet)
Seat 8: leomax100 collected ($0.36)
Seat 9: xandeskt folded before Flop (didn't bet)



PokerStars Hand #227526777595:  Hold'em No Limit ($0.01/$0.02 USD) - 2021/06/12 9:32:22 PT [2021/06/12 12:32:22 ET]
Table 'Amanda' 9-max Seat #3 is the button
Seat 1: CCCake ($0.66 in chips) 
Seat 2: FishGUIDE ($0.98 in chips) 
Seat 3: Dorex2007 ($2.40 in chips) 
Seat 4: Vasya175 ($1.82 in chips) 
Seat 5: NewKidOnTheFlop ($3.22 in chips) 
Seat 6: Peoncillo ($1.72 in chips) 
Seat 7: Zezinhoojr ($0.55 in chips) 
Seat 8: leomax100 ($2.40 in chips) 
Seat 9: xandeskt ($2.16 in chips) 
Vasya175: posts small blind $0.01
NewKidOnTheFlop: posts big blind $0.02
*** HOLE CARDS ***
Dealt to Dorex2007 [8s Ac]
Peoncillo: raises $0.02 to $0.04
Zezinhoojr: folds 
leomax100: folds 
xandeskt: calls $0.04
CCCake: calls $0.04
FishGUIDE: raises $0.19 to $0.23
Dorex2007: folds 
Vasya175: folds 
NewKidOnTheFlop: folds 
Peoncillo: calls $0.19
xandeskt: folds 
CCCake: folds 
*** FLOP *** [Jc Kd 3c]
Peoncillo: checks 
FishGUIDE: bets $0.55
Peoncillo: calls $0.55
*** TURN *** [Jc Kd 3c] [Td]
Peoncillo: checks 
FishGUIDE: bets $0.20 and is all-in
Peoncillo: calls $0.20
*** RIVER *** [Jc Kd 3c Td] [5h]
*** SHOW DOWN ***
Peoncillo: shows [Tc 8c] (a pair of Tens)
FishGUIDE: shows [Ah Kc] (a pair of Kings)
FishGUIDE collected $2 from pot
*** SUMMARY ***
Total pot $2.07 | Rake $0.07 
Board [Jc Kd 3c Td 5h]
Seat 1: CCCake folded before Flop
Seat 2: FishGUIDE showed [Ah Kc] and won ($2) with a pair of Kings
Seat 3: Dorex2007 (button) folded before Flop (didn't bet)
Seat 4: Vasya175 (small blind) folded before Flop
Seat 5: NewKidOnTheFlop (big blind) folded before Flop
Seat 6: Peoncillo showed [Tc 8c] and lost with a pair of Tens
Seat 7: Zezinhoojr folded before Flop (didn't bet)
Seat 8: leomax100 folded before Flop (didn't bet)
Seat 9: xandeskt folded before Flop



PokerStars Hand #227526807665:  Hold'em No Limit ($0.01/$0.02 USD) - 2021/06/12 9:33:42 PT [2021/06/12 12:33:42 ET]
Table 'Amanda' 9-max Seat #4 is the button
Seat 1: CCCake ($0.62 in chips) 
Seat 2: FishGUIDE ($2 in chips) 
Seat 3: Dorex2007 ($2.40 in chips) 
Seat 4: Vasya175 ($1.81 in chips) 
Seat 5: NewKidOnTheFlop ($3.20 in chips) 
Seat 6: Peoncillo ($0.74 in chips) 
Seat 7: Zezinhoojr ($0.55 in chips) 
Seat 8: leomax100 ($2.40 in chips) 
Seat 9: xandeskt ($2.12 in chips) 
NewKidOnTheFlop: posts small blind $0.01
Peoncillo: posts big blind $0.02
*** HOLE CARDS ***
Dealt to Dorex2007 [9s 7h]
Zezinhoojr: folds 
leomax100: raises $0.04 to $0.06
xandeskt: folds 
CCCake: calls $0.06
FishGUIDE: folds 
Dorex2007: folds 
Vasya175: folds 
NewKidOnTheFlop: calls $0.05
Peoncillo: calls $0.04
*** FLOP *** [4d 4c 5c]
NewKidOnTheFlop: checks 
Peoncillo: bets $0.23
leomax100: folds 
CCCake: folds 
NewKidOnTheFlop: folds 
Uncalled bet ($0.23) returned to Peoncillo
Peoncillo collected $0.23 from pot
Peoncillo: doesn't show hand 
*** SUMMARY ***
Total pot $0.24 | Rake $0.01 
Board [4d 4c 5c]
Seat 1: CCCake folded on the Flop
Seat 2: FishGUIDE folded before Flop (didn't bet)
Seat 3: Dorex2007 folded before Flop (didn't bet)
Seat 4: Vasya175 (button) folded before Flop (didn't bet)
Seat 5: NewKidOnTheFlop (small blind) folded on the Flop
Seat 6: Peoncillo (big blind) collected ($0.23)
Seat 7: Zezinhoojr folded before Flop (didn't bet)
Seat 8: leomax100 folded on the Flop
Seat 9: xandeskt folded before Flop (didn't bet)



PokerStars Hand #227526823440:  Hold'em No Limit ($0.01/$0.02 USD) - 2021/06/12 9:34:24 PT [2021/06/12 12:34:24 ET]
Table 'Amanda' 9-max Seat #5 is the button
Seat 1: CCCake ($0.56 in chips) 
Seat 2: FishGUIDE ($2 in chips) 
Seat 3: Dorex2007 ($2.40 in chips) 
Seat 4: Vasya175 ($1.81 in chips) 
Seat 5: NewKidOnTheFlop ($3.14 in chips) 
Seat 6: Peoncillo ($0.91 in chips) 
Seat 7: Zezinhoojr ($0.55 in chips) 
Seat 8: leomax100 ($2.34 in chips) 
Seat 9: xandeskt ($2.12 in chips) 
Peoncillo: posts small blind $0.01
Zezinhoojr: posts big blind $0.02
*** HOLE CARDS ***
Dealt to Dorex2007 [Jd 4d]
leomax100: folds 
xandeskt: calls $0.02
CCCake: folds 
FishGUIDE: folds 
Dorex2007: folds 
Vasya175: folds 
NewKidOnTheFlop: raises $0.04 to $0.06
Peoncillo: folds 
Zezinhoojr: calls $0.04
xandeskt: calls $0.04
*** FLOP *** [4h 8s 8c]
Zezinhoojr: checks 
xandeskt: checks 
NewKidOnTheFlop: bets $0.12
Zezinhoojr: raises $0.12 to $0.24
xandeskt: folds 
NewKidOnTheFlop: raises $0.16 to $0.40
Zezinhoojr: raises $0.09 to $0.49 and is all-in
NewKidOnTheFlop: calls $0.09
*** TURN *** [4h 8s 8c] [4c]
*** RIVER *** [4h 8s 8c 4c] [Tc]
*** SHOW DOWN ***
Zezinhoojr: shows [Js Ks] (two pair, Eights and Fours)
NewKidOnTheFlop: shows [6c 6s] (two pair, Eights and Sixes)
NewKidOnTheFlop collected $1.13 from pot
*** SUMMARY ***
Total pot $1.17 | Rake $0.04 
Board [4h 8s 8c 4c Tc]
Seat 1: CCCake folded before Flop (didn't bet)
Seat 2: FishGUIDE folded before Flop (didn't bet)
Seat 3: Dorex2007 folded before Flop (didn't bet)
Seat 4: Vasya175 folded before Flop (didn't bet)
Seat 5: NewKidOnTheFlop (button) showed [6c 6s] and won ($1.13) with two pair, Eights and Sixes
Seat 6: Peoncillo (small blind) folded before Flop
Seat 7: Zezinhoojr (big blind) showed [Js Ks] and lost with two pair, Eights and Fours
Seat 8: leomax100 folded before Flop (didn't bet)
Seat 9: xandeskt folded on the Flop



PokerStars Hand #227526851529:  Hold'em No Limit ($0.01/$0.02 USD) - 2021/06/12 9:35:40 PT [2021/06/12 12:35:40 ET]
Table 'Amanda' 9-max Seat #6 is the button
Seat 1: CCCake ($0.56 in chips) 
Seat 2: FishGUIDE ($2 in chips) 
Seat 3: Dorex2007 ($2.40 in chips) 
Seat 4: Vasya175 ($1.81 in chips) 
Seat 5: NewKidOnTheFlop ($3.72 in chips) 
Seat 6: Peoncillo ($0.90 in chips) 
Seat 8: leomax100 ($2.34 in chips) 
Seat 9: xandeskt ($2.06 in chips) 
leomax100: posts small blind $0.01
xandeskt: posts big blind $0.02
*** HOLE CARDS ***
Dealt to Dorex2007 [2d 8h]
Zezinhoojr leaves the table
CCCake: folds 
FishGUIDE: raises $0.02 to $0.04
Dorex2007: folds 
Vasya175: folds 
Choisu99 joins the table at seat #7 
NewKidOnTheFlop: raises $0.02 to $0.06
Peoncillo: calls $0.06
leomax100: folds 
xandeskt: folds 
FishGUIDE: calls $0.02
*** FLOP *** [Ad 8d 6s]
FishGUIDE: checks 
NewKidOnTheFlop: bets $0.10
Peoncillo: folds 
FishGUIDE: calls $0.10
*** TURN *** [Ad 8d 6s] [Jd]
FishGUIDE: checks 
NewKidOnTheFlop: bets $0.22
FishGUIDE: folds 
Uncalled bet ($0.22) returned to NewKidOnTheFlop
NewKidOnTheFlop collected $0.40 from pot
NewKidOnTheFlop: doesn't show hand 
*** SUMMARY ***
Total pot $0.41 | Rake $0.01 
Board [Ad 8d 6s Jd]
Seat 1: CCCake folded before Flop (didn't bet)
Seat 2: FishGUIDE folded on the Turn
Seat 3: Dorex2007 folded before Flop (didn't bet)
Seat 4: Vasya175 folded before Flop (didn't bet)
Seat 5: NewKidOnTheFlop collected ($0.40)
Seat 6: Peoncillo (button) folded on the Flop
Seat 8: leomax100 (small blind) folded before Flop
Seat 9: xandeskt (big blind) folded before Flop



PokerStars Hand #227526875872:  Hold'em No Limit ($0.01/$0.02 USD) - 2021/06/12 9:36:45 PT [2021/06/12 12:36:45 ET]
Table 'Amanda' 9-max Seat #8 is the button
Seat 1: CCCake ($0.56 in chips) 
Seat 2: FishGUIDE ($1.84 in chips) 
Seat 3: Dorex2007 ($2.40 in chips) 
Seat 4: Vasya175 ($1.81 in chips) 
Seat 5: NewKidOnTheFlop ($3.96 in chips) 
Seat 6: Peoncillo ($0.84 in chips) 
Seat 7: Choisu99 ($2 in chips) 
Seat 8: leomax100 ($2.33 in chips) 
Seat 9: xandeskt ($2.04 in chips) 
xandeskt: posts small blind $0.01
CCCake: posts big blind $0.02
Choisu99: posts big blind $0.02
*** HOLE CARDS ***
Dealt to Dorex2007 [9d 9c]
FishGUIDE: calls $0.02
Dorex2007: calls $0.02
Vasya175: folds 
NewKidOnTheFlop: folds 
Peoncillo: raises $0.11 to $0.13
Choisu99: folds 
leomax100: folds 
xandeskt: folds 
CCCake: folds 
FishGUIDE: folds 
Dorex2007: folds 
Uncalled bet ($0.11) returned to Peoncillo
Peoncillo collected $0.11 from pot
Peoncillo: doesn't show hand 
*** SUMMARY ***
Total pot $0.11 | Rake $0 
Seat 1: CCCake (big blind) folded before Flop
Seat 2: FishGUIDE folded before Flop
Seat 3: Dorex2007 folded before Flop
Seat 4: Vasya175 folded before Flop (didn't bet)
Seat 5: NewKidOnTheFlop folded before Flop (didn't bet)
Seat 6: Peoncillo collected ($0.11)
Seat 7: Choisu99 folded before Flop (didn't bet)
Seat 8: leomax100 (button) folded before Flop (didn't bet)
Seat 9: xandeskt (small blind) folded before Flop



PokerStars Hand #227526886651:  Hold'em No Limit ($0.01/$0.02 USD) - 2021/06/12 9:37:14 PT [2021/06/12 12:37:14 ET]
Table 'Amanda' 9-max Seat #9 is the button
Seat 1: CCCake ($0.54 in chips) 
Seat 2: FishGUIDE ($1.82 in chips) 
Seat 3: Dorex2007 ($2.38 in chips) 
Seat 4: Vasya175 ($1.81 in chips) 
Seat 5: NewKidOnTheFlop ($3.96 in chips) 
Seat 6: Peoncillo ($0.93 in chips) 
Seat 7: Choisu99 ($2 in chips) 
Seat 8: leomax100 ($2.33 in chips) 
Seat 9: xandeskt ($2.03 in chips) 
CCCake: posts small blind $0.01
FishGUIDE: posts big blind $0.02
*** HOLE CARDS ***
Dealt to Dorex2007 [2s 9s]
Dorex2007: folds 
Vasya175: calls $0.02
NewKidOnTheFlop: folds 
Peoncillo: folds 
Choisu99: raises $0.04 to $0.06
leomax100: folds 
xandeskt: calls $0.06
CCCake: calls $0.05
FishGUIDE: folds 
Vasya175: calls $0.04
*** FLOP *** [5d As 3c]
CCCake: checks 
Vasya175: checks 
Choisu99: bets $0.12
xandeskt: folds 
CCCake: folds 
Vasya175: folds 
Uncalled bet ($0.12) returned to Choisu99
Choisu99 collected $0.25 from pot
Choisu99: doesn't show hand 
*** SUMMARY ***
Total pot $0.26 | Rake $0.01 
Board [5d As 3c]
Seat 1: CCCake (small blind) folded on the Flop
Seat 2: FishGUIDE (big blind) folded before Flop
Seat 3: Dorex2007 folded before Flop (didn't bet)
Seat 4: Vasya175 folded on the Flop
Seat 5: NewKidOnTheFlop folded before Flop (didn't bet)
Seat 6: Peoncillo folded before Flop (didn't bet)
Seat 7: Choisu99 collected ($0.25)
Seat 8: leomax100 folded before Flop (didn't bet)
Seat 9: xandeskt (button) folded on the Flop



PokerStars Hand #227526900586:  Hold'em No Limit ($0.01/$0.02 USD) - 2021/06/12 9:37:52 PT [2021/06/12 12:37:52 ET]
Table 'Amanda' 9-max Seat #1 is the button
Seat 1: CCCake ($0.48 in chips) 
Seat 2: FishGUIDE ($1.80 in chips) 
Seat 3: Dorex2007 ($2.38 in chips) 
Seat 4: Vasya175 ($1.75 in chips) 
Seat 5: NewKidOnTheFlop ($3.96 in chips) 
Seat 6: Peoncillo ($0.93 in chips) 
Seat 7: Choisu99 ($2.19 in chips) 
Seat 8: leomax100 ($2.33 in chips) 
Seat 9: xandeskt ($1.97 in chips) 
FishGUIDE: posts small blind $0.01
Dorex2007: posts big blind $0.02
*** HOLE CARDS ***
Dealt to Dorex2007 [Kh 5s]
Vasya175: calls $0.02
NewKidOnTheFlop: folds 
Peoncillo: calls $0.02
Choisu99: raises $0.06 to $0.08
leomax100: folds 
xandeskt: calls $0.08
CCCake: folds 
FishGUIDE: folds 
Dorex2007: folds 
Vasya175: calls $0.06
Peoncillo: calls $0.06
*** FLOP *** [Js Ts 2s]
Vasya175: checks 
Peoncillo: checks 
Choisu99: checks 
xandeskt: checks 
*** TURN *** [Js Ts 2s] [4s]
Vasya175: checks 
Peoncillo: checks 
Choisu99: bets $0.10
xandeskt: folds 
Vasya175: folds 
Peoncillo: folds 
Uncalled bet ($0.10) returned to Choisu99
Choisu99 collected $0.34 from pot
Choisu99: doesn't show hand 
*** SUMMARY ***
Total pot $0.35 | Rake $0.01 
Board [Js Ts 2s 4s]
Seat 1: CCCake (button) folded before Flop (didn't bet)
Seat 2: FishGUIDE (small blind) folded before Flop
Seat 3: Dorex2007 (big blind) folded before Flop
Seat 4: Vasya175 folded on the Turn
Seat 5: NewKidOnTheFlop folded before Flop (didn't bet)
Seat 6: Peoncillo folded on the Turn
Seat 7: Choisu99 collected ($0.34)
Seat 8: leomax100 folded before Flop (didn't bet)
Seat 9: xandeskt folded on the Turn



PokerStars Hand #227526924547:  Hold'em No Limit ($0.01/$0.02 USD) - 2021/06/12 9:38:56 PT [2021/06/12 12:38:56 ET]
Table 'Amanda' 9-max Seat #2 is the button
Seat 1: CCCake ($0.48 in chips) 
Seat 2: FishGUIDE ($1.79 in chips) 
Seat 3: Dorex2007 ($2.36 in chips) 
Seat 4: Vasya175 ($1.67 in chips) 
Seat 5: NewKidOnTheFlop ($3.96 in chips) 
Seat 6: Peoncillo ($0.85 in chips) 
Seat 7: Choisu99 ($2.45 in chips) 
Seat 8: leomax100 ($2.33 in chips) 
Seat 9: xandeskt ($1.89 in chips) 
Dorex2007: posts small blind $0.01
Vasya175: posts big blind $0.02
*** HOLE CARDS ***
Dealt to Dorex2007 [3d 8d]
NewKidOnTheFlop: folds 
Peoncillo: raises $0.04 to $0.06
Choisu99: folds 
leomax100: folds 
xandeskt: folds 
CCCake: folds 
FishGUIDE: folds 
Dorex2007: folds 
Vasya175: folds 
Uncalled bet ($0.04) returned to Peoncillo
Peoncillo collected $0.05 from pot
Peoncillo: doesn't show hand 
*** SUMMARY ***
Total pot $0.05 | Rake $0 
Seat 1: CCCake folded before Flop (didn't bet)
Seat 2: FishGUIDE (button) folded before Flop (didn't bet)
Seat 3: Dorex2007 (small blind) folded before Flop
Seat 4: Vasya175 (big blind) folded before Flop
Seat 5: NewKidOnTheFlop folded before Flop (didn't bet)
Seat 6: Peoncillo collected ($0.05)
Seat 7: Choisu99 folded before Flop (didn't bet)
Seat 8: leomax100 folded before Flop (didn't bet)
Seat 9: xandeskt folded before Flop (didn't bet)



PokerStars Hand #227526938540:  Hold'em No Limit ($0.01/$0.02 USD) - 2021/06/12 9:39:34 PT [2021/06/12 12:39:34 ET]
Table 'Amanda' 9-max Seat #3 is the button
Seat 1: CCCake ($0.48 in chips) 
Seat 2: FishGUIDE ($1.79 in chips) 
Seat 3: Dorex2007 ($2.35 in chips) 
Seat 4: Vasya175 ($1.65 in chips) 
Seat 7: Choisu99 ($2.45 in chips) 
Seat 8: leomax100 ($2.33 in chips) 
Seat 9: xandeskt ($1.89 in chips) 
Vasya175: posts small blind $0.01
Choisu99: posts big blind $0.02
*** HOLE CARDS ***
Dealt to Dorex2007 [8c Tc]
Peoncillo leaves the table
leomax100: folds 
xandeskt: folds 
yjqian23 joins the table at seat #6 
CCCake: raises $0.02 to $0.04
FishGUIDE: folds 
NewKidOnTheFlop leaves the table
Dorex2007: calls $0.04
Vasya175: folds 
Asmodeus DCLXVI joins the table at seat #5 
Choisu99: raises $0.06 to $0.10
CCCake: calls $0.06
Dorex2007: calls $0.06
*** FLOP *** [4s 4h Kd]
Choisu99: checks 
CCCake: checks 
Dorex2007: checks 
*** TURN *** [4s 4h Kd] [2d]
Choisu99: bets $0.22
CCCake: folds 
Dorex2007: folds 
Uncalled bet ($0.22) returned to Choisu99
Choisu99 collected $0.30 from pot
Choisu99: doesn't show hand 
*** SUMMARY ***
Total pot $0.31 | Rake $0.01 
Board [4s 4h Kd 2d]
Seat 1: CCCake folded on the Turn
Seat 2: FishGUIDE folded before Flop (didn't bet)
Seat 3: Dorex2007 (button) folded on the Turn
Seat 4: Vasya175 (small blind) folded before Flop
Seat 7: Choisu99 (big blind) collected ($0.30)
Seat 8: leomax100 folded before Flop (didn't bet)
Seat 9: xandeskt folded before Flop (didn't bet)



PokerStars Hand #227526961661:  Hold'em No Limit ($0.01/$0.02 USD) - 2021/06/12 9:40:35 PT [2021/06/12 12:40:35 ET]
Table 'Amanda' 9-max Seat #4 is the button
Seat 1: CCCake ($0.38 in chips) 
Seat 2: FishGUIDE ($1.79 in chips) 
Seat 3: Dorex2007 ($2.25 in chips) 
Seat 4: Vasya175 ($1.64 in chips) 
Seat 7: Choisu99 ($2.65 in chips) 
Seat 8: leomax100 ($2.33 in chips) 
Seat 9: xandeskt ($1.89 in chips) 
Choisu99: posts small blind $0.01
leomax100: posts big blind $0.02
*** HOLE CARDS ***
Dealt to Dorex2007 [Qc 5c]
xandeskt: folds 
CCCake: folds 
FishGUIDE: folds 
Dorex2007: folds 
Vasya175: folds 
Choisu99: folds 
Uncalled bet ($0.01) returned to leomax100
leomax100 collected $0.02 from pot
leomax100: doesn't show hand 
*** SUMMARY ***
Total pot $0.02 | Rake $0 
Seat 1: CCCake folded before Flop (didn't bet)
Seat 2: FishGUIDE folded before Flop (didn't bet)
Seat 3: Dorex2007 folded before Flop (didn't bet)
Seat 4: Vasya175 (button) folded before Flop (didn't bet)
Seat 7: Choisu99 (small blind) folded before Flop
Seat 8: leomax100 (big blind) collected ($0.02)
Seat 9: xandeskt folded before Flop (didn't bet)



PokerStars Hand #227526965065:  Hold'em No Limit ($0.01/$0.02 USD) - 2021/06/12 9:40:44 PT [2021/06/12 12:40:44 ET]
Table 'Amanda' 9-max Seat #7 is the button
Seat 1: CCCake ($0.38 in chips) 
Seat 2: FishGUIDE ($1.79 in chips) 
Seat 3: Dorex2007 ($2.25 in chips) 
Seat 4: Vasya175 ($1.64 in chips) 
Seat 6: yjqian23 ($2 in chips) 
Seat 7: Choisu99 ($2.64 in chips) 
Seat 8: leomax100 ($2.34 in chips) 
Seat 9: xandeskt ($1.89 in chips) 
leomax100: posts small blind $0.01
xandeskt: posts big blind $0.02
Asmodeus DCLXVI: sits out 
yjqian23: posts big blind $0.02
*** HOLE CARDS ***
Dealt to Dorex2007 [Ks Kd]
CCCake: folds 
FishGUIDE: folds 
Dorex2007: raises $0.04 to $0.06
Vasya175: calls $0.06
yjqian23: calls $0.04
Choisu99: folds 
leomax100: folds 
xandeskt: folds 
*** FLOP *** [4h Qs 8d]
Dorex2007: checks 
Vasya175: bets $0.20
yjqian23: folds 
Dorex2007: calls $0.20
*** TURN *** [4h Qs 8d] [As]
Dorex2007: checks 
Vasya175: bets $0.30
Dorex2007: calls $0.30
*** RIVER *** [4h Qs 8d As] [6c]
Dorex2007: bets $0.59
Vasya175: calls $0.59
*** SHOW DOWN ***
Dorex2007: shows [Ks Kd] (a pair of Kings)
Vasya175: mucks hand 
Dorex2007 collected $2.31 from pot
*** SUMMARY ***
Total pot $2.39 | Rake $0.08 
Board [4h Qs 8d As 6c]
Seat 1: CCCake folded before Flop (didn't bet)
Seat 2: FishGUIDE folded before Flop (didn't bet)
Seat 3: Dorex2007 showed [Ks Kd] and won ($2.31) with a pair of Kings
Seat 4: Vasya175 mucked [Jd Qh]
Seat 6: yjqian23 folded on the Flop
Seat 7: Choisu99 (button) folded before Flop (didn't bet)
Seat 8: leomax100 (small blind) folded before Flop
Seat 9: xandeskt (big blind) folded before Flop



PokerStars Hand #227526996498:  Hold'em No Limit ($0.01/$0.02 USD) - 2021/06/12 9:42:07 PT [2021/06/12 12:42:07 ET]
Table 'Amanda' 9-max Seat #8 is the button
Seat 1: CCCake ($0.38 in chips) 
Seat 2: FishGUIDE ($1.79 in chips) 
Seat 3: Dorex2007 ($3.41 in chips) 
Seat 4: Vasya175 ($0.49 in chips) 
Seat 6: yjqian23 ($1.94 in chips) 
Seat 7: Choisu99 ($2.64 in chips) 
Seat 8: leomax100 ($2.33 in chips) 
Seat 9: xandeskt ($1.87 in chips) 
xandeskt: posts small blind $0.01
CCCake: posts big blind $0.02
Asmodeus DCLXVI: sits out 
*** HOLE CARDS ***
Dealt to Dorex2007 [2s 6c]
FishGUIDE: calls $0.02
Dorex2007: folds 
Vasya175: folds 
yjqian23: folds 
Choisu99: folds 
leomax100: raises $0.04 to $0.06
xandeskt: folds 
CCCake: calls $0.04
FishGUIDE: calls $0.04
*** FLOP *** [Qc 9s 6h]
CCCake: checks 
FishGUIDE: checks 
leomax100: bets $0.09
CCCake: calls $0.09
FishGUIDE: folds 
*** TURN *** [Qc 9s 6h] [3d]
CCCake: checks 
leomax100: bets $0.36
Vasya175 leaves the table
CCCake: calls $0.23 and is all-in
Uncalled bet ($0.13) returned to leomax100
Set Out joins the table at seat #4 
*** RIVER *** [Qc 9s 6h 3d] [9d]
*** SHOW DOWN ***
CCCake: shows [7c 5c] (a pair of Nines)
leomax100: shows [Qs Kd] (two pair, Queens and Nines)
leomax100 collected $0.80 from pot
CCCake cashed out the hand for $0.15
*** SUMMARY ***
Total pot $0.83 | Rake $0.03 
Board [Qc 9s 6h 3d 9d]
Seat 1: CCCake (big blind) showed [7c 5c] and lost with a pair of Nines (cashed out).
Seat 2: FishGUIDE folded on the Flop
Seat 3: Dorex2007 folded before Flop (didn't bet)
Seat 4: Vasya175 folded before Flop (didn't bet)
Seat 6: yjqian23 folded before Flop (didn't bet)
Seat 7: Choisu99 folded before Flop (didn't bet)
Seat 8: leomax100 (button) showed [Qs Kd] and won ($0.80) with two pair, Queens and Nines
Seat 9: xandeskt (small blind) folded before Flop



PokerStars Hand #227527021093:  Hold'em No Limit ($0.01/$0.02 USD) - 2021/06/12 9:43:10 PT [2021/06/12 12:43:10 ET]
Table 'Amanda' 9-max Seat #9 is the button
Seat 1: CCCake ($0.15 in chips) 
Seat 2: FishGUIDE ($1.73 in chips) 
Seat 3: Dorex2007 ($3.41 in chips) 
Seat 6: yjqian23 ($1.94 in chips) 
Seat 7: Choisu99 ($2.64 in chips) 
Seat 8: leomax100 ($2.75 in chips) 
Seat 9: xandeskt ($1.86 in chips) 
CCCake: posts small blind $0.01
FishGUIDE: posts big blind $0.02
Set Out: sits out 
Asmodeus DCLXVI: sits out 
*** HOLE CARDS ***
Dealt to Dorex2007 [6c 8c]
Dorex2007: folds 
yjqian23: folds 
Choisu99: folds 
leomax100: folds 
xandeskt: folds 
CCCake: folds 
Uncalled bet ($0.01) returned to FishGUIDE
FishGUIDE collected $0.02 from pot
*** SUMMARY ***
Total pot $0.02 | Rake $0 
Seat 1: CCCake (small blind) folded before Flop
Seat 2: FishGUIDE (big blind) collected ($0.02)
Seat 3: Dorex2007 folded before Flop (didn't bet)
Seat 6: yjqian23 folded before Flop (didn't bet)
Seat 7: Choisu99 folded before Flop (didn't bet)
Seat 8: leomax100 folded before Flop (didn't bet)
Seat 9: xandeskt (button) folded before Flop (didn't bet)



PokerStars Hand #227527027063:  Hold'em No Limit ($0.01/$0.02 USD) - 2021/06/12 9:43:26 PT [2021/06/12 12:43:26 ET]
Table 'Amanda' 9-max Seat #1 is the button
Seat 1: CCCake ($0.14 in chips) 
Seat 2: FishGUIDE ($1.74 in chips) 
Seat 3: Dorex2007 ($3.41 in chips) 
Seat 6: yjqian23 ($1.94 in chips) 
Seat 7: Choisu99 ($2.64 in chips) 
Seat 8: leomax100 ($2.75 in chips) 
Seat 9: xandeskt ($1.86 in chips) 
FishGUIDE: posts small blind $0.01
Dorex2007: posts big blind $0.02
Set Out: sits out 
Asmodeus DCLXVI: sits out 
*** HOLE CARDS ***
Dealt to Dorex2007 [3h 2c]
yjqian23: folds 
Choisu99: folds 
leomax100: folds 
xandeskt: raises $0.04 to $0.06
CCCake: folds 
FishGUIDE: folds 
Dorex2007: folds 
Uncalled bet ($0.04) returned to xandeskt
xandeskt collected $0.05 from pot
xandeskt: doesn't show hand 
*** SUMMARY ***
Total pot $0.05 | Rake $0 
Seat 1: CCCake (button) folded before Flop (didn't bet)
Seat 2: FishGUIDE (small blind) folded before Flop
Seat 3: Dorex2007 (big blind) folded before Flop
Seat 6: yjqian23 folded before Flop (didn't bet)
Seat 7: Choisu99 folded before Flop (didn't bet)
Seat 8: leomax100 folded before Flop (didn't bet)
Seat 9: xandeskt collected ($0.05)



PokerStars Hand #227527034845:  Hold'em No Limit ($0.01/$0.02 USD) - 2021/06/12 9:43:48 PT [2021/06/12 12:43:48 ET]
Table 'Amanda' 9-max Seat #2 is the button
Seat 1: CCCake ($0.14 in chips) 
Seat 2: FishGUIDE ($1.73 in chips) 
Seat 3: Dorex2007 ($3.39 in chips) 
Seat 4: Set Out ($2 in chips) 
Seat 6: yjqian23 ($1.94 in chips) 
Seat 7: Choisu99 ($2.64 in chips) 
Seat 8: leomax100 ($2.75 in chips) 
Seat 9: xandeskt ($1.89 in chips) 
Dorex2007: posts small blind $0.01
Set Out: posts big blind $0.02
Asmodeus DCLXVI: sits out 
*** HOLE CARDS ***
Dealt to Dorex2007 [3c 5d]
yjqian23: folds 
Choisu99: folds 
leomax100: folds 
xandeskt: folds 
CCCake: folds 
FishGUIDE: folds 
Dorex2007: folds 
Uncalled bet ($0.01) returned to Set Out
Set Out collected $0.02 from pot
Set Out: doesn't show hand 
*** SUMMARY ***
Total pot $0.02 | Rake $0 
Seat 1: CCCake folded before Flop (didn't bet)
Seat 2: FishGUIDE (button) folded before Flop (didn't bet)
Seat 3: Dorex2007 (small blind) folded before Flop
Seat 4: Set Out (big blind) collected ($0.02)
Seat 6: yjqian23 folded before Flop (didn't bet)
Seat 7: Choisu99 folded before Flop (didn't bet)
Seat 8: leomax100 folded before Flop (didn't bet)
Seat 9: xandeskt folded before Flop (didn't bet)



PokerStars Hand #227527038955:  Hold'em No Limit ($0.01/$0.02 USD) - 2021/06/12 9:43:59 PT [2021/06/12 12:43:59 ET]
Table 'Amanda' 9-max Seat #3 is the button
Seat 1: CCCake ($0.14 in chips) 
Seat 2: FishGUIDE ($1.73 in chips) 
Seat 3: Dorex2007 ($3.38 in chips) 
Seat 4: Set Out ($2.01 in chips) 
Seat 5: Asmodeus DCLXVI ($0.80 in chips) 
Seat 6: yjqian23 ($1.94 in chips) 
Seat 7: Choisu99 ($2.64 in chips) 
Seat 8: leomax100 ($2.75 in chips) 
Seat 9: xandeskt ($1.89 in chips) 
Set Out: posts small blind $0.01
Asmodeus DCLXVI: posts big blind $0.02
*** HOLE CARDS ***
Dealt to Dorex2007 [Ad 5c]
yjqian23: folds 
Choisu99: folds 
leomax100: folds 
xandeskt: calls $0.02
CCCake: folds 
FishGUIDE: folds 
Dorex2007: folds 
Set Out: calls $0.01
Asmodeus DCLXVI: checks 
*** FLOP *** [2d 8h As]
Set Out: checks 
Asmodeus DCLXVI: checks 
xandeskt: checks 
*** TURN *** [2d 8h As] [Ts]
Set Out: checks 
Asmodeus DCLXVI: checks 
xandeskt: checks 
*** RIVER *** [2d 8h As Ts] [2s]
Set Out: checks 
Asmodeus DCLXVI: bets $0.05
xandeskt: calls $0.05
Set Out: folds 
*** SHOW DOWN ***
Asmodeus DCLXVI: shows [2c Kd] (three of a kind, Deuces)
xandeskt: mucks hand 
Asmodeus DCLXVI collected $0.15 from pot
*** SUMMARY ***
Total pot $0.16 | Rake $0.01 
Board [2d 8h As Ts 2s]
Seat 1: CCCake folded before Flop (didn't bet)
Seat 2: FishGUIDE folded before Flop (didn't bet)
Seat 3: Dorex2007 (button) folded before Flop (didn't bet)
Seat 4: Set Out (small blind) folded on the River
Seat 5: Asmodeus DCLXVI (big blind) showed [2c Kd] and won ($0.15) with three of a kind, Deuces
Seat 6: yjqian23 folded before Flop (didn't bet)
Seat 7: Choisu99 folded before Flop (didn't bet)
Seat 8: leomax100 folded before Flop (didn't bet)
Seat 9: xandeskt mucked [3h 2h]



PokerStars Hand #227527064729:  Hold'em No Limit ($0.01/$0.02 USD) - 2021/06/12 9:45:11 PT [2021/06/12 12:45:11 ET]
Table 'Amanda' 9-max Seat #4 is the button
Seat 1: CCCake ($0.14 in chips) 
Seat 2: FishGUIDE ($1.73 in chips) 
Seat 3: Dorex2007 ($3.38 in chips) 
Seat 4: Set Out ($2 in chips) 
Seat 5: Asmodeus DCLXVI ($0.88 in chips) 
Seat 6: yjqian23 ($1.94 in chips) 
Seat 7: Choisu99 ($2.64 in chips) 
Seat 8: leomax100 ($2.75 in chips) 
Seat 9: xandeskt ($1.82 in chips) 
Asmodeus DCLXVI: posts small blind $0.01
yjqian23: posts big blind $0.02
*** HOLE CARDS ***
Dealt to Dorex2007 [4d 9h]
Choisu99: folds 
leomax100: folds 
xandeskt: folds 
CCCake: folds 
FishGUIDE: calls $0.02
Dorex2007: folds 
Set Out: folds 
Asmodeus DCLXVI: folds 
yjqian23: checks 
*** FLOP *** [8s 9s 8h]
yjqian23: bets $0.02
FishGUIDE: calls $0.02
*** TURN *** [8s 9s 8h] [Ah]
yjqian23: bets $0.02
FishGUIDE: calls $0.02
*** RIVER *** [8s 9s 8h Ah] [6d]
yjqian23: bets $0.02
FishGUIDE: calls $0.02
*** SHOW DOWN ***
yjqian23: shows [Qd Qs] (two pair, Queens and Eights)
FishGUIDE: shows [Ad 7d] (two pair, Aces and Eights)
FishGUIDE collected $0.16 from pot
*** SUMMARY ***
Total pot $0.17 | Rake $0.01 
Board [8s 9s 8h Ah 6d]
Seat 1: CCCake folded before Flop (didn't bet)
Seat 2: FishGUIDE showed [Ad 7d] and won ($0.16) with two pair, Aces and Eights
Seat 3: Dorex2007 folded before Flop (didn't bet)
Seat 4: Set Out (button) folded before Flop (didn't bet)
Seat 5: Asmodeus DCLXVI (small blind) folded before Flop
Seat 6: yjqian23 (big blind) showed [Qd Qs] and lost with two pair, Queens and Eights
Seat 7: Choisu99 folded before Flop (didn't bet)
Seat 8: leomax100 folded before Flop (didn't bet)
Seat 9: xandeskt folded before Flop (didn't bet)



PokerStars Hand #227527077348:  Hold'em No Limit ($0.01/$0.02 USD) - 2021/06/12 9:45:45 PT [2021/06/12 12:45:45 ET]
Table 'Amanda' 9-max Seat #5 is the button
Seat 1: CCCake ($0.14 in chips) 
Seat 2: FishGUIDE ($1.81 in chips) 
Seat 3: Dorex2007 ($3.38 in chips) 
Seat 4: Set Out ($2 in chips) 
Seat 5: Asmodeus DCLXVI ($0.87 in chips) 
Seat 6: yjqian23 ($1.86 in chips) 
Seat 7: Choisu99 ($2.64 in chips) 
Seat 8: leomax100 ($2.75 in chips) 
Seat 9: xandeskt ($1.82 in chips) 
yjqian23: posts small blind $0.01
Choisu99: posts big blind $0.02
*** HOLE CARDS ***
Dealt to Dorex2007 [8h Qs]
leomax100: folds 
xandeskt: folds 
CCCake: folds 
FishGUIDE: folds 
Dorex2007: folds 
Set Out: folds 
Asmodeus DCLXVI: folds 
yjqian23: raises $0.02 to $0.04
Choisu99: raises $0.06 to $0.10
yjqian23: calls $0.06
*** FLOP *** [9d 6c 7c]
yjqian23: bets $0.02
Choisu99: calls $0.02
*** TURN *** [9d 6c 7c] [7h]
yjqian23: bets $0.02
Choisu99: calls $0.02
*** RIVER *** [9d 6c 7c 7h] [8d]
yjqian23: bets $0.04
Choisu99: folds 
Uncalled bet ($0.04) returned to yjqian23
yjqian23 collected $0.27 from pot
yjqian23: doesn't show hand 
*** SUMMARY ***
Total pot $0.28 | Rake $0.01 
Board [9d 6c 7c 7h 8d]
Seat 1: CCCake folded before Flop (didn't bet)
Seat 2: FishGUIDE folded before Flop (didn't bet)
Seat 3: Dorex2007 folded before Flop (didn't bet)
Seat 4: Set Out folded before Flop (didn't bet)
Seat 5: Asmodeus DCLXVI (button) folded before Flop (didn't bet)
Seat 6: yjqian23 (small blind) collected ($0.27)
Seat 7: Choisu99 (big blind) folded on the River
Seat 8: leomax100 folded before Flop (didn't bet)
Seat 9: xandeskt folded before Flop (didn't bet)



PokerStars Hand #227527096077:  Hold'em No Limit ($0.01/$0.02 USD) - 2021/06/12 9:46:37 PT [2021/06/12 12:46:37 ET]
Table 'Amanda' 9-max Seat #6 is the button
Seat 1: CCCake ($0.14 in chips) 
Seat 2: FishGUIDE ($1.81 in chips) 
Seat 3: Dorex2007 ($3.38 in chips) 
Seat 4: Set Out ($2 in chips) 
Seat 5: Asmodeus DCLXVI ($0.87 in chips) 
Seat 6: yjqian23 ($1.99 in chips) 
Seat 7: Choisu99 ($2.50 in chips) 
Seat 8: leomax100 ($2.75 in chips) 
Seat 9: xandeskt ($1.82 in chips) 
Choisu99: posts small blind $0.01
leomax100: posts big blind $0.02
*** HOLE CARDS ***
Dealt to Dorex2007 [4d Ah]
xandeskt: folds 
CCCake: raises $0.04 to $0.06
FishGUIDE: folds 
Dorex2007: folds 
Set Out: folds 
Asmodeus DCLXVI: folds 
yjqian23: folds 
Choisu99: folds 
leomax100: folds 
Uncalled bet ($0.04) returned to CCCake
CCCake collected $0.05 from pot
*** SUMMARY ***
Total pot $0.05 | Rake $0 
Seat 1: CCCake collected ($0.05)
Seat 2: FishGUIDE folded before Flop (didn't bet)
Seat 3: Dorex2007 folded before Flop (didn't bet)
Seat 4: Set Out folded before Flop (didn't bet)
Seat 5: Asmodeus DCLXVI folded before Flop (didn't bet)
Seat 6: yjqian23 (button) folded before Flop (didn't bet)
Seat 7: Choisu99 (small blind) folded before Flop
Seat 8: leomax100 (big blind) folded before Flop
Seat 9: xandeskt folded before Flop (didn't bet)



PokerStars Hand #227527101958:  Hold'em No Limit ($0.01/$0.02 USD) - 2021/06/12 9:46:53 PT [2021/06/12 12:46:53 ET]
Table 'Amanda' 9-max Seat #7 is the button
Seat 1: CCCake ($0.17 in chips) 
Seat 2: FishGUIDE ($1.81 in chips) 
Seat 3: Dorex2007 ($3.38 in chips) 
Seat 4: Set Out ($2 in chips) 
Seat 5: Asmodeus DCLXVI ($0.87 in chips) 
Seat 6: yjqian23 ($1.99 in chips) 
Seat 7: Choisu99 ($2.49 in chips) 
Seat 8: leomax100 ($2.73 in chips) 
Seat 9: xandeskt ($1.82 in chips) 
leomax100: posts small blind $0.01
xandeskt: posts big blind $0.02
*** HOLE CARDS ***
Dealt to Dorex2007 [Th Ad]
CCCake: folds 
FishGUIDE: folds 
Dorex2007: folds 
Set Out: folds 
Asmodeus DCLXVI: folds 
yjqian23: calls $0.02
Choisu99: folds 
leomax100: calls $0.01
xandeskt: checks 
*** FLOP *** [5c 4h 2h]
leomax100: checks 
xandeskt: checks 
yjqian23: bets $0.02
leomax100: calls $0.02
xandeskt: calls $0.02
*** TURN *** [5c 4h 2h] [Kc]
leomax100: checks 
xandeskt: checks 
yjqian23: bets $0.02
leomax100: calls $0.02
xandeskt: calls $0.02
*** RIVER *** [5c 4h 2h Kc] [Kh]
leomax100: bets $0.09
xandeskt: folds 
yjqian23: folds 
Uncalled bet ($0.09) returned to leomax100
leomax100 collected $0.17 from pot
leomax100: doesn't show hand 
*** SUMMARY ***
Total pot $0.18 | Rake $0.01 
Board [5c 4h 2h Kc Kh]
Seat 1: CCCake folded before Flop (didn't bet)
Seat 2: FishGUIDE folded before Flop (didn't bet)
Seat 3: Dorex2007 folded before Flop (didn't bet)
Seat 4: Set Out folded before Flop (didn't bet)
Seat 5: Asmodeus DCLXVI folded before Flop (didn't bet)
Seat 6: yjqian23 folded on the River
Seat 7: Choisu99 (button) folded before Flop (didn't bet)
Seat 8: leomax100 (small blind) collected ($0.17)
Seat 9: xandeskt (big blind) folded on the River



PokerStars Hand #227527123210:  Hold'em No Limit ($0.01/$0.02 USD) - 2021/06/12 9:47:52 PT [2021/06/12 12:47:52 ET]
Table 'Amanda' 9-max Seat #8 is the button
Seat 1: CCCake ($0.17 in chips) 
Seat 2: FishGUIDE ($1.81 in chips) 
Seat 3: Dorex2007 ($3.38 in chips) 
Seat 4: Set Out ($2 in chips) 
Seat 5: Asmodeus DCLXVI ($0.87 in chips) 
Seat 6: yjqian23 ($1.93 in chips) 
Seat 7: Choisu99 ($2.49 in chips) 
Seat 8: leomax100 ($2.84 in chips) 
Seat 9: xandeskt ($1.76 in chips) 
xandeskt: posts small blind $0.01
CCCake: posts big blind $0.02
*** HOLE CARDS ***
Dealt to Dorex2007 [6c 8d]
FishGUIDE: folds 
Dorex2007: folds 
Set Out: folds 
Asmodeus DCLXVI: folds 
yjqian23: calls $0.02
Choisu99: raises $0.04 to $0.06
leomax100: folds 
xandeskt: calls $0.05
CCCake: folds 
yjqian23: calls $0.04
*** FLOP *** [Jd Tc 3d]
xandeskt: checks 
yjqian23: bets $0.02
Choisu99: calls $0.02
xandeskt: calls $0.02
*** TURN *** [Jd Tc 3d] [Js]
xandeskt: checks 
yjqian23: bets $0.02
Choisu99: folds 
xandeskt: calls $0.02
*** RIVER *** [Jd Tc 3d Js] [Kd]
xandeskt: checks 
yjqian23: checks 
*** SHOW DOWN ***
xandeskt: shows [Ac Qh] (a straight, Ten to Ace)
yjqian23: mucks hand 
xandeskt collected $0.29 from pot
*** SUMMARY ***
Total pot $0.30 | Rake $0.01 
Board [Jd Tc 3d Js Kd]
Seat 1: CCCake (big blind) folded before Flop
Seat 2: FishGUIDE folded before Flop (didn't bet)
Seat 3: Dorex2007 folded before Flop (didn't bet)
Seat 4: Set Out folded before Flop (didn't bet)
Seat 5: Asmodeus DCLXVI folded before Flop (didn't bet)
Seat 6: yjqian23 mucked [8s 8h]
Seat 7: Choisu99 folded on the Turn
Seat 8: leomax100 (button) folded before Flop (didn't bet)
Seat 9: xandeskt (small blind) showed [Ac Qh] and won ($0.29) with a straight, Ten to Ace



PokerStars Hand #227527152810:  Hold'em No Limit ($0.01/$0.02 USD) - 2021/06/12 9:49:01 PT [2021/06/12 12:49:01 ET]
Table 'Amanda' 9-max Seat #9 is the button
Seat 1: CCCake ($0.15 in chips) 
Seat 2: FishGUIDE ($1.81 in chips) 
Seat 3: Dorex2007 ($3.38 in chips) 
Seat 4: Set Out ($2 in chips) 
Seat 5: Asmodeus DCLXVI ($0.87 in chips) 
Seat 6: yjqian23 ($1.83 in chips) 
Seat 7: Choisu99 ($2.41 in chips) 
Seat 8: leomax100 ($2.84 in chips) 
Seat 9: xandeskt ($1.95 in chips) 
CCCake: posts small blind $0.01
FishGUIDE: posts big blind $0.02
*** HOLE CARDS ***
Dealt to Dorex2007 [3d 7h]
Dorex2007: folds 
Set Out: folds 
Asmodeus DCLXVI: folds 
yjqian23: calls $0.02
Choisu99: folds 
leomax100: raises $0.07 to $0.09
xandeskt: folds 
CCCake: folds 
FishGUIDE: folds 
yjqian23: calls $0.07
*** FLOP *** [Jc 5s Js]
yjqian23: bets $0.02
leomax100: calls $0.02
*** TURN *** [Jc 5s Js] [6s]
yjqian23: bets $0.02
leomax100: raises $0.14 to $0.16
yjqian23: calls $0.14
*** RIVER *** [Jc 5s Js 6s] [Qc]
yjqian23: bets $0.02
leomax100: raises $2.55 to $2.57 and is all-in
yjqian23: folds 
Uncalled bet ($2.55) returned to leomax100
leomax100 collected $0.59 from pot
leomax100: doesn't show hand 
*** SUMMARY ***
Total pot $0.61 | Rake $0.02 
Board [Jc 5s Js 6s Qc]
Seat 1: CCCake (small blind) folded before Flop
Seat 2: FishGUIDE (big blind) folded before Flop
Seat 3: Dorex2007 folded before Flop (didn't bet)
Seat 4: Set Out folded before Flop (didn't bet)
Seat 5: Asmodeus DCLXVI folded before Flop (didn't bet)
Seat 6: yjqian23 folded on the River
Seat 7: Choisu99 folded before Flop (didn't bet)
Seat 8: leomax100 collected ($0.59)
Seat 9: xandeskt (button) folded before Flop (didn't bet)



PokerStars Hand #227527172982:  Hold'em No Limit ($0.01/$0.02 USD) - 2021/06/12 9:49:57 PT [2021/06/12 12:49:57 ET]
Table 'Amanda' 9-max Seat #1 is the button
Seat 1: CCCake ($0.14 in chips) 
Seat 2: FishGUIDE ($1.79 in chips) 
Seat 3: Dorex2007 ($3.38 in chips) 
Seat 4: Set Out ($2 in chips) 
Seat 5: Asmodeus DCLXVI ($0.87 in chips) 
Seat 6: yjqian23 ($1.54 in chips) 
Seat 7: Choisu99 ($2.41 in chips) 
Seat 8: leomax100 ($3.14 in chips) 
Seat 9: xandeskt ($1.95 in chips) 
FishGUIDE: posts small blind $0.01
Dorex2007: posts big blind $0.02
*** HOLE CARDS ***
Dealt to Dorex2007 [Js 3h]
Set Out: folds 
Asmodeus DCLXVI: folds 
yjqian23: folds 
Choisu99: folds 
leomax100: folds 
xandeskt: calls $0.02
CCCake: calls $0.02
FishGUIDE: calls $0.01
Dorex2007: checks 
*** FLOP *** [Kh Kc 6d]
FishGUIDE: checks 
Dorex2007: checks 
xandeskt: checks 
CCCake: bets $0.06
FishGUIDE: folds 
Dorex2007: folds 
xandeskt: folds 
Uncalled bet ($0.06) returned to CCCake
CCCake collected $0.08 from pot
*** SUMMARY ***
Total pot $0.08 | Rake $0 
Board [Kh Kc 6d]
Seat 1: CCCake (button) collected ($0.08)
Seat 2: FishGUIDE (small blind) folded on the Flop
Seat 3: Dorex2007 (big blind) folded on the Flop
Seat 4: Set Out folded before Flop (didn't bet)
Seat 5: Asmodeus DCLXVI folded before Flop (didn't bet)
Seat 6: yjqian23 folded before Flop (didn't bet)
Seat 7: Choisu99 folded before Flop (didn't bet)
Seat 8: leomax100 folded before Flop (didn't bet)
Seat 9: xandeskt folded on the Flop



PokerStars Hand #227527189663:  Hold'em No Limit ($0.01/$0.02 USD) - 2021/06/12 9:50:44 PT [2021/06/12 12:50:44 ET]
Table 'Amanda' 9-max Seat #2 is the button
Seat 1: CCCake ($0.20 in chips) 
Seat 2: FishGUIDE ($1.77 in chips) 
Seat 3: Dorex2007 ($3.36 in chips) 
Seat 4: Set Out ($2 in chips) 
Seat 5: Asmodeus DCLXVI ($0.87 in chips) 
Seat 6: yjqian23 ($1.54 in chips) 
Seat 7: Choisu99 ($2.41 in chips) 
Seat 8: leomax100 ($3.14 in chips) 
Seat 9: xandeskt ($1.93 in chips) 
Dorex2007: posts small blind $0.01
Set Out: posts big blind $0.02
*** HOLE CARDS ***
Dealt to Dorex2007 [Kh Kd]
Asmodeus DCLXVI: folds 
yjqian23: folds 
Choisu99: folds 
leomax100: folds 
xandeskt: calls $0.02
CCCake: folds 
FishGUIDE: folds 
Dorex2007: raises $0.04 to $0.06
Set Out: folds 
xandeskt: calls $0.04
*** FLOP *** [As 4h 2d]
Dorex2007: checks 
xandeskt: checks 
*** TURN *** [As 4h 2d] [8s]
Dorex2007: checks 
xandeskt: bets $0.14
Dorex2007: calls $0.14
*** RIVER *** [As 4h 2d 8s] [9s]
Dorex2007: checks 
xandeskt: checks 
*** SHOW DOWN ***
Dorex2007: shows [Kh Kd] (a pair of Kings)
xandeskt: shows [Ac Ts] (a pair of Aces)
xandeskt collected $0.41 from pot
*** SUMMARY ***
Total pot $0.42 | Rake $0.01 
Board [As 4h 2d 8s 9s]
Seat 1: CCCake folded before Flop (didn't bet)
Seat 2: FishGUIDE (button) folded before Flop (didn't bet)
Seat 3: Dorex2007 (small blind) showed [Kh Kd] and lost with a pair of Kings
Seat 4: Set Out (big blind) folded before Flop
Seat 5: Asmodeus DCLXVI folded before Flop (didn't bet)
Seat 6: yjqian23 folded before Flop (didn't bet)
Seat 7: Choisu99 folded before Flop (didn't bet)
Seat 8: leomax100 folded before Flop (didn't bet)
Seat 9: xandeskt showed [Ac Ts] and won ($0.41) with a pair of Aces



PokerStars Hand #227527210697:  Hold'em No Limit ($0.01/$0.02 USD) - 2021/06/12 9:51:31 PT [2021/06/12 12:51:31 ET]
Table 'Amanda' 9-max Seat #3 is the button
Seat 1: CCCake ($0.20 in chips) 
Seat 2: FishGUIDE ($1.77 in chips) 
Seat 3: Dorex2007 ($3.16 in chips) 
Seat 4: Set Out ($2 in chips) 
Seat 5: Asmodeus DCLXVI ($0.87 in chips) 
Seat 6: yjqian23 ($1.54 in chips) 
Seat 7: Choisu99 ($2.41 in chips) 
Seat 8: leomax100 ($3.14 in chips) 
Seat 9: xandeskt ($2.14 in chips) 
Set Out: posts small blind $0.01
Asmodeus DCLXVI: posts big blind $0.02
*** HOLE CARDS ***
Dealt to Dorex2007 [Qc Kh]
yjqian23: folds 
Choisu99: folds 
leomax100: folds 
xandeskt: calls $0.02
CCCake: folds 
FishGUIDE: folds 
Dorex2007: calls $0.02
Set Out: folds 
Asmodeus DCLXVI: checks 
*** FLOP *** [2s 3c Qh]
Asmodeus DCLXVI: checks 
xandeskt: bets $0.04
Dorex2007: raises $0.06 to $0.10
Asmodeus DCLXVI: folds 
xandeskt: calls $0.06
*** TURN *** [2s 3c Qh] [Js]
xandeskt: checks 
Dorex2007: bets $0.13
xandeskt: calls $0.13
*** RIVER *** [2s 3c Qh Js] [3h]
xandeskt: checks 
Dorex2007: bets $0.51
xandeskt: raises $1.38 to $1.89 and is all-in
Dorex2007: folds 
Uncalled bet ($1.38) returned to xandeskt
xandeskt collected $1.50 from pot
xandeskt: doesn't show hand 
*** SUMMARY ***
Total pot $1.55 | Rake $0.05 
Board [2s 3c Qh Js 3h]
Seat 1: CCCake folded before Flop (didn't bet)
Seat 2: FishGUIDE folded before Flop (didn't bet)
Seat 3: Dorex2007 (button) folded on the River
Seat 4: Set Out (small blind) folded before Flop
Seat 5: Asmodeus DCLXVI (big blind) folded on the Flop
Seat 6: yjqian23 folded before Flop (didn't bet)
Seat 7: Choisu99 folded before Flop (didn't bet)
Seat 8: leomax100 folded before Flop (didn't bet)
Seat 9: xandeskt collected ($1.50)



PokerStars Hand #227527239219:  Hold'em No Limit ($0.01/$0.02 USD) - 2021/06/12 9:52:39 PT [2021/06/12 12:52:39 ET]
Table 'Amanda' 9-max Seat #4 is the button
Seat 1: CCCake ($0.20 in chips) 
Seat 2: FishGUIDE ($1.77 in chips) 
Seat 3: Dorex2007 ($2.40 in chips) 
Seat 4: Set Out ($2 in chips) 
Seat 5: Asmodeus DCLXVI ($0.85 in chips) 
Seat 6: yjqian23 ($1.54 in chips) 
Seat 7: Choisu99 ($2.41 in chips) 
Seat 8: leomax100 ($3.14 in chips) 
Seat 9: xandeskt ($2.88 in chips) 
Asmodeus DCLXVI: posts small blind $0.01
yjqian23: posts big blind $0.02
*** HOLE CARDS ***
Dealt to Dorex2007 [5c Js]
Choisu99: folds 
leomax100: folds 
xandeskt: folds 
CCCake: folds 
FishGUIDE: raises $0.03 to $0.05
Dorex2007: folds 
Set Out: calls $0.05
Asmodeus DCLXVI: folds 
yjqian23: folds 
*** FLOP *** [9c Jc Th]
FishGUIDE: checks 
Set Out: checks 
*** TURN *** [9c Jc Th] [Kh]
FishGUIDE: checks 
Set Out: bets $0.09
FishGUIDE: folds 
Uncalled bet ($0.09) returned to Set Out
Set Out collected $0.13 from pot
Set Out: doesn't show hand 
*** SUMMARY ***
Total pot $0.13 | Rake $0 
Board [9c Jc Th Kh]
Seat 1: CCCake folded before Flop (didn't bet)
Seat 2: FishGUIDE folded on the Turn
Seat 3: Dorex2007 folded before Flop (didn't bet)
Seat 4: Set Out (button) collected ($0.13)
Seat 5: Asmodeus DCLXVI (small blind) folded before Flop
Seat 6: yjqian23 (big blind) folded before Flop
Seat 7: Choisu99 folded before Flop (didn't bet)
Seat 8: leomax100 folded before Flop (didn't bet)
Seat 9: xandeskt folded before Flop (didn't bet)



PokerStars Hand #227527258569:  Hold'em No Limit ($0.01/$0.02 USD) - 2021/06/12 9:53:34 PT [2021/06/12 12:53:34 ET]
Table 'Amanda' 9-max Seat #5 is the button
Seat 1: CCCake ($0.20 in chips) 
Seat 2: FishGUIDE ($1.72 in chips) 
Seat 3: Dorex2007 ($2.40 in chips) 
Seat 4: Set Out ($2.08 in chips) 
Seat 5: Asmodeus DCLXVI ($0.84 in chips) 
Seat 6: yjqian23 ($1.52 in chips) 
Seat 7: Choisu99 ($2.41 in chips) 
Seat 8: leomax100 ($3.14 in chips) 
Seat 9: xandeskt ($2.88 in chips) 
yjqian23: posts small blind $0.01
Choisu99: posts big blind $0.02
*** HOLE CARDS ***
Dealt to Dorex2007 [Ac Ks]
leomax100: folds 
leomax100 leaves the table
xandeskt: folds 
CCCake: folds 
FishGUIDE: folds 
Dorex2007: raises $0.04 to $0.06
cuzmich500 joins the table at seat #8 
Set Out: folds 
Asmodeus DCLXVI: folds 
yjqian23: folds 
Choisu99: folds 
Uncalled bet ($0.04) returned to Dorex2007
Dorex2007 collected $0.05 from pot
Dorex2007: doesn't show hand 
*** SUMMARY ***
Total pot $0.05 | Rake $0 
Seat 1: CCCake folded before Flop (didn't bet)
Seat 2: FishGUIDE folded before Flop (didn't bet)
Seat 3: Dorex2007 collected ($0.05)
Seat 4: Set Out folded before Flop (didn't bet)
Seat 5: Asmodeus DCLXVI (button) folded before Flop (didn't bet)
Seat 6: yjqian23 (small blind) folded before Flop
Seat 7: Choisu99 (big blind) folded before Flop
Seat 8: leomax100 folded before Flop (didn't bet)
Seat 9: xandeskt folded before Flop (didn't bet)



PokerStars Hand #227527266833:  Hold'em No Limit ($0.01/$0.02 USD) - 2021/06/12 9:53:58 PT [2021/06/12 12:53:58 ET]
Table 'Amanda' 9-max Seat #6 is the button
Seat 1: CCCake ($0.20 in chips) 
Seat 2: FishGUIDE ($1.72 in chips) 
Seat 3: Dorex2007 ($2.43 in chips) 
Seat 4: Set Out ($2.08 in chips) 
Seat 5: Asmodeus DCLXVI ($0.84 in chips) 
Seat 6: yjqian23 ($1.51 in chips) 
Seat 7: Choisu99 ($2.39 in chips) 
Seat 8: cuzmich500 ($0.80 in chips) 
Seat 9: xandeskt ($2.88 in chips) 
Choisu99: posts small blind $0.01
cuzmich500: posts big blind $0.02
*** HOLE CARDS ***
Dealt to Dorex2007 [Kc 5s]
xandeskt: folds 
CCCake: folds 
FishGUIDE: folds 
Dorex2007: folds 
Set Out: folds 
Asmodeus DCLXVI: folds 
yjqian23: raises $0.02 to $0.04
Choisu99: folds 
cuzmich500: folds 
Uncalled bet ($0.02) returned to yjqian23
yjqian23 collected $0.05 from pot
yjqian23: doesn't show hand 
*** SUMMARY ***
Total pot $0.05 | Rake $0 
Seat 1: CCCake folded before Flop (didn't bet)
Seat 2: FishGUIDE folded before Flop (didn't bet)
Seat 3: Dorex2007 folded before Flop (didn't bet)
Seat 4: Set Out folded before Flop (didn't bet)
Seat 5: Asmodeus DCLXVI folded before Flop (didn't bet)
Seat 6: yjqian23 (button) collected ($0.05)
Seat 7: Choisu99 (small blind) folded before Flop
Seat 8: cuzmich500 (big blind) folded before Flop
Seat 9: xandeskt folded before Flop (didn't bet)



PokerStars Hand #227527275348:  Hold'em No Limit ($0.01/$0.02 USD) - 2021/06/12 9:54:23 PT [2021/06/12 12:54:23 ET]
Table 'Amanda' 9-max Seat #7 is the button
Seat 1: CCCake ($0.20 in chips) 
Seat 2: FishGUIDE ($1.72 in chips) 
Seat 3: Dorex2007 ($2.43 in chips) 
Seat 4: Set Out ($2.08 in chips) 
Seat 5: Asmodeus DCLXVI ($0.84 in chips) 
Seat 6: yjqian23 ($1.54 in chips) 
Seat 7: Choisu99 ($2.38 in chips) 
Seat 8: cuzmich500 ($0.80 in chips) 
Seat 9: xandeskt ($2.88 in chips) 
cuzmich500: posts small blind $0.01
xandeskt: posts big blind $0.02
*** HOLE CARDS ***
Dealt to Dorex2007 [Ac 9c]
CCCake: folds 
FishGUIDE: folds 
Dorex2007: raises $0.04 to $0.06
Set Out: calls $0.06
Asmodeus DCLXVI: folds 
yjqian23: folds 
Choisu99: folds 
cuzmich500: folds 
xandeskt: folds 
*** FLOP *** [2s 7h 8c]
Dorex2007: bets $0.14
Set Out: calls $0.14
*** TURN *** [2s 7h 8c] [3c]
Dorex2007: bets $0.41
Set Out: folds 
Uncalled bet ($0.41) returned to Dorex2007
Dorex2007 collected $0.41 from pot
Dorex2007: doesn't show hand 
*** SUMMARY ***
Total pot $0.43 | Rake $0.02 
Board [2s 7h 8c 3c]
Seat 1: CCCake folded before Flop (didn't bet)
Seat 2: FishGUIDE folded before Flop (didn't bet)
Seat 3: Dorex2007 collected ($0.41)
Seat 4: Set Out folded on the Turn
Seat 5: Asmodeus DCLXVI folded before Flop (didn't bet)
Seat 6: yjqian23 folded before Flop (didn't bet)
Seat 7: Choisu99 (button) folded before Flop (didn't bet)
Seat 8: cuzmich500 (small blind) folded before Flop
Seat 9: xandeskt (big blind) folded before Flop



PokerStars Hand #227527289508:  Hold'em No Limit ($0.01/$0.02 USD) - 2021/06/12 9:55:04 PT [2021/06/12 12:55:04 ET]
Table 'Amanda' 9-max Seat #8 is the button
Seat 1: CCCake ($0.20 in chips) 
Seat 2: FishGUIDE ($1.72 in chips) 
Seat 3: Dorex2007 ($2.64 in chips) 
Seat 4: Set Out ($2 in chips) 
Seat 5: Asmodeus DCLXVI ($0.84 in chips) 
Seat 6: yjqian23 ($1.54 in chips) 
Seat 7: Choisu99 ($2.38 in chips) 
Seat 8: cuzmich500 ($0.80 in chips) 
Seat 9: xandeskt ($2.86 in chips) 
xandeskt: posts small blind $0.01
CCCake: posts big blind $0.02
*** HOLE CARDS ***
Dealt to Dorex2007 [6d 3d]
FishGUIDE: calls $0.02
Dorex2007: folds 
Set Out: folds 
Asmodeus DCLXVI: folds 
yjqian23: folds 
Choisu99: raises $0.04 to $0.06
cuzmich500: calls $0.06
xandeskt: folds 
CCCake: calls $0.04
FishGUIDE: calls $0.04
*** FLOP *** [Jh Tc 2c]
CCCake: checks 
FishGUIDE: checks 
Choisu99: checks 
cuzmich500: checks 
*** TURN *** [Jh Tc 2c] [Td]
CCCake: bets $0.06
FishGUIDE: folds 
Choisu99: folds 
cuzmich500: calls $0.06
*** RIVER *** [Jh Tc 2c Td] [2s]
CCCake: bets $0.08 and is all-in
cuzmich500: calls $0.08
*** SHOW DOWN ***
CCCake: shows [Js As] (two pair, Jacks and Tens)
cuzmich500: shows [9c 9s] (two pair, Tens and Nines)
CCCake collected $0.51 from pot
*** SUMMARY ***
Total pot $0.53 | Rake $0.02 
Board [Jh Tc 2c Td 2s]
Seat 1: CCCake (big blind) showed [Js As] and won ($0.51) with two pair, Jacks and Tens
Seat 2: FishGUIDE folded on the Turn
Seat 3: Dorex2007 folded before Flop (didn't bet)
Seat 4: Set Out folded before Flop (didn't bet)
Seat 5: Asmodeus DCLXVI folded before Flop (didn't bet)
Seat 6: yjqian23 folded before Flop (didn't bet)
Seat 7: Choisu99 folded on the Turn
Seat 8: cuzmich500 (button) showed [9c 9s] and lost with two pair, Tens and Nines
Seat 9: xandeskt (small blind) folded before Flop



PokerStars Hand #227527313124:  Hold'em No Limit ($0.01/$0.02 USD) - 2021/06/12 9:56:38 PT [2021/06/12 12:56:38 ET]
Table 'Amanda' 9-max Seat #9 is the button
Seat 1: CCCake ($0.51 in chips) 
Seat 2: FishGUIDE ($1.66 in chips) 
Seat 3: Dorex2007 ($2.64 in chips) 
Seat 4: Set Out ($2 in chips) 
Seat 5: Asmodeus DCLXVI ($0.84 in chips) 
Seat 6: yjqian23 ($1.54 in chips) 
Seat 7: Choisu99 ($2.32 in chips) 
Seat 8: cuzmich500 ($0.80 in chips) 
Seat 9: xandeskt ($2.85 in chips) 
CCCake: posts small blind $0.01
FishGUIDE: posts big blind $0.02
*** HOLE CARDS ***
Dealt to Dorex2007 [7c 6d]
Dorex2007: folds 
Set Out: folds 
Asmodeus DCLXVI: folds 
yjqian23: folds 
Choisu99: folds 
cuzmich500: folds 
xandeskt: folds 
CCCake: folds 
Uncalled bet ($0.01) returned to FishGUIDE
FishGUIDE collected $0.02 from pot
*** SUMMARY ***
Total pot $0.02 | Rake $0 
Seat 1: CCCake (small blind) folded before Flop
Seat 2: FishGUIDE (big blind) collected ($0.02)
Seat 3: Dorex2007 folded before Flop (didn't bet)
Seat 4: Set Out folded before Flop (didn't bet)
Seat 5: Asmodeus DCLXVI folded before Flop (didn't bet)
Seat 6: yjqian23 folded before Flop (didn't bet)
Seat 7: Choisu99 folded before Flop (didn't bet)
Seat 8: cuzmich500 folded before Flop (didn't bet)
Seat 9: xandeskt (button) folded before Flop (didn't bet)



PokerStars Hand #227527319173:  Hold'em No Limit ($0.01/$0.02 USD) - 2021/06/12 9:57:02 PT [2021/06/12 12:57:02 ET]
Table 'Amanda' 9-max Seat #1 is the button
Seat 1: CCCake ($0.50 in chips) 
Seat 2: FishGUIDE ($1.67 in chips) 
Seat 3: Dorex2007 ($2.64 in chips) 
Seat 4: Set Out ($2 in chips) 
Seat 5: Asmodeus DCLXVI ($0.84 in chips) 
Seat 6: yjqian23 ($1.54 in chips) 
Seat 7: Choisu99 ($2.32 in chips) 
Seat 8: cuzmich500 ($0.80 in chips) 
Seat 9: xandeskt ($2.85 in chips) 
FishGUIDE: posts small blind $0.01
Dorex2007: posts big blind $0.02
*** HOLE CARDS ***
Dealt to Dorex2007 [8h Ad]
Set Out: raises $0.04 to $0.06
Asmodeus DCLXVI: folds 
yjqian23: folds 
Choisu99: folds 
cuzmich500: folds 
xandeskt: calls $0.06
CCCake: folds 
FishGUIDE: folds 
Dorex2007: folds 
*** FLOP *** [Jh Js Ah]
Set Out: checks 
xandeskt: checks 
*** TURN *** [Jh Js Ah] [7h]
Set Out: checks 
xandeskt: checks 
*** RIVER *** [Jh Js Ah 7h] [2s]
Set Out: checks 
xandeskt: checks 
*** SHOW DOWN ***
Set Out: shows [Qs Qd] (two pair, Queens and Jacks)
xandeskt: mucks hand 
Set Out collected $0.14 from pot
*** SUMMARY ***
Total pot $0.15 | Rake $0.01 
Board [Jh Js Ah 7h 2s]
Seat 1: CCCake (button) folded before Flop (didn't bet)
Seat 2: FishGUIDE (small blind) folded before Flop
Seat 3: Dorex2007 (big blind) folded before Flop
Seat 4: Set Out showed [Qs Qd] and won ($0.14) with two pair, Queens and Jacks
Seat 5: Asmodeus DCLXVI folded before Flop (didn't bet)
Seat 6: yjqian23 folded before Flop (didn't bet)
Seat 7: Choisu99 folded before Flop (didn't bet)
Seat 8: cuzmich500 folded before Flop (didn't bet)
Seat 9: xandeskt mucked [4s 4c]



PokerStars Hand #227527331443:  Hold'em No Limit ($0.01/$0.02 USD) - 2021/06/12 9:57:51 PT [2021/06/12 12:57:51 ET]
Table 'Amanda' 9-max Seat #2 is the button
Seat 1: CCCake ($0.50 in chips) 
Seat 2: FishGUIDE ($1.66 in chips) 
Seat 3: Dorex2007 ($2.62 in chips) 
Seat 4: Set Out ($2.08 in chips) 
Seat 5: Asmodeus DCLXVI ($0.84 in chips) 
Seat 6: yjqian23 ($1.54 in chips) 
Seat 7: Choisu99 ($2.32 in chips) 
Seat 8: cuzmich500 ($0.80 in chips) 
Seat 9: xandeskt ($2.79 in chips) 
Dorex2007: posts small blind $0.01
Set Out: posts big blind $0.02
*** HOLE CARDS ***
Dealt to Dorex2007 [4s Jc]
Asmodeus DCLXVI: folds 
yjqian23: folds 
Choisu99: folds 
cuzmich500: folds 
xandeskt: calls $0.02
CCCake: calls $0.02
FishGUIDE: folds 
Dorex2007: folds 
Set Out: checks 
*** FLOP *** [5s 7h 2c]
Set Out: checks 
xandeskt: checks 
CCCake: bets $0.04
Set Out: folds 
xandeskt: folds 
Uncalled bet ($0.04) returned to CCCake
CCCake collected $0.07 from pot
*** SUMMARY ***
Total pot $0.07 | Rake $0 
Board [5s 7h 2c]
Seat 1: CCCake collected ($0.07)
Seat 2: FishGUIDE (button) folded before Flop (didn't bet)
Seat 3: Dorex2007 (small blind) folded before Flop
Seat 4: Set Out (big blind) folded on the Flop
Seat 5: Asmodeus DCLXVI folded before Flop (didn't bet)
Seat 6: yjqian23 folded before Flop (didn't bet)
Seat 7: Choisu99 folded before Flop (didn't bet)
Seat 8: cuzmich500 folded before Flop (didn't bet)
Seat 9: xandeskt folded on the Flop



PokerStars Hand #227527345508:  Hold'em No Limit ($0.01/$0.02 USD) - 2021/06/12 9:58:47 PT [2021/06/12 12:58:47 ET]
Table 'Amanda' 9-max Seat #3 is the button
Seat 1: CCCake ($0.55 in chips) 
Seat 2: FishGUIDE ($1.66 in chips) 
Seat 3: Dorex2007 ($2.61 in chips) 
Seat 4: Set Out ($2.06 in chips) 
Seat 6: yjqian23 ($1.54 in chips) 
Seat 7: Choisu99 ($2.32 in chips) 
Seat 8: cuzmich500 ($0.80 in chips) 
Seat 9: xandeskt ($2.77 in chips) 
Set Out: posts small blind $0.01
Asmodeus DCLXVI: is sitting out 
yjqian23: posts big blind $0.02
*** HOLE CARDS ***
Dealt to Dorex2007 [Qc 4s]
Choisu99: folds 
cuzmich500: folds 
xandeskt: folds 
CCCake: folds 
FishGUIDE: raises $0.04 to $0.06
Dorex2007: folds 
Set Out: folds 
yjqian23: folds 
Uncalled bet ($0.04) returned to FishGUIDE
FishGUIDE collected $0.05 from pot
*** SUMMARY ***
Total pot $0.05 | Rake $0 
Seat 1: CCCake folded before Flop (didn't bet)
Seat 2: FishGUIDE collected ($0.05)
Seat 3: Dorex2007 (button) folded before Flop (didn't bet)
Seat 4: Set Out (small blind) folded before Flop
Seat 6: yjqian23 (big blind) folded before Flop
Seat 7: Choisu99 folded before Flop (didn't bet)
Seat 8: cuzmich500 folded before Flop (didn't bet)
Seat 9: xandeskt folded before Flop (didn't bet)



PokerStars Hand #227527352948:  Hold'em No Limit ($0.01/$0.02 USD) - 2021/06/12 9:59:17 PT [2021/06/12 12:59:17 ET]
Table 'Amanda' 9-max Seat #4 is the button
Seat 1: CCCake ($0.55 in chips) 
Seat 2: FishGUIDE ($1.69 in chips) 
Seat 3: Dorex2007 ($2.61 in chips) 
Seat 4: Set Out ($2.05 in chips) 
Seat 6: yjqian23 ($1.98 in chips) 
Seat 7: Choisu99 ($2.32 in chips) 
Seat 8: cuzmich500 ($0.80 in chips) 
Seat 9: xandeskt ($2.77 in chips) 
yjqian23: posts small blind $0.01
Choisu99: posts big blind $0.02
*** HOLE CARDS ***
Dealt to Dorex2007 [7s 4d]
cuzmich500: folds 
xandeskt: folds 
CCCake: folds 
FishGUIDE: calls $0.02
Dorex2007: folds 
Set Out: folds 
yjqian23: folds 
Choisu99: checks 
*** FLOP *** [6d Td Kc]
Choisu99: checks 
FishGUIDE: bets $0.02
Choisu99: folds 
Uncalled bet ($0.02) returned to FishGUIDE
FishGUIDE collected $0.05 from pot
*** SUMMARY ***
Total pot $0.05 | Rake $0 
Board [6d Td Kc]
Seat 1: CCCake folded before Flop (didn't bet)
Seat 2: FishGUIDE collected ($0.05)
Seat 3: Dorex2007 folded before Flop (didn't bet)
Seat 4: Set Out (button) folded before Flop (didn't bet)
Seat 6: yjqian23 (small blind) folded before Flop
Seat 7: Choisu99 (big blind) folded on the Flop
Seat 8: cuzmich500 folded before Flop (didn't bet)
Seat 9: xandeskt folded before Flop (didn't bet)



PokerStars Hand #227527363779:  Hold'em No Limit ($0.01/$0.02 USD) - 2021/06/12 10:00:00 PT [2021/06/12 13:00:00 ET]
Table 'Amanda' 9-max Seat #6 is the button
Seat 1: CCCake ($0.55 in chips) 
Seat 2: FishGUIDE ($1.72 in chips) 
Seat 3: Dorex2007 ($2.61 in chips) 
Seat 4: Set Out ($2.05 in chips) 
Seat 6: yjqian23 ($1.97 in chips) 
Seat 7: Choisu99 ($2.30 in chips) 
Seat 8: cuzmich500 ($0.80 in chips) 
Seat 9: xandeskt ($2.77 in chips) 
Choisu99: posts small blind $0.01
cuzmich500: posts big blind $0.02
Asmodeus DCLXVI: sits out 
*** HOLE CARDS ***
Dealt to Dorex2007 [Th Kh]
xandeskt: calls $0.02
CCCake: calls $0.02
FishGUIDE: folds 
Dorex2007: raises $0.04 to $0.06
Set Out: folds 
yjqian23: calls $0.06
Choisu99: folds 
cuzmich500: folds 
xandeskt: calls $0.04
CCCake: calls $0.04
*** FLOP *** [Ad Kd Td]
xandeskt: checks 
CCCake: checks 
Dorex2007: bets $0.26
yjqian23: folds 
xandeskt: folds 
CCCake: folds 
Uncalled bet ($0.26) returned to Dorex2007
Dorex2007 collected $0.26 from pot
Dorex2007: doesn't show hand 
*** SUMMARY ***
Total pot $0.27 | Rake $0.01 
Board [Ad Kd Td]
Seat 1: CCCake folded on the Flop
Seat 2: FishGUIDE folded before Flop (didn't bet)
Seat 3: Dorex2007 collected ($0.26)
Seat 4: Set Out folded before Flop (didn't bet)
Seat 6: yjqian23 (button) folded on the Flop
Seat 7: Choisu99 (small blind) folded before Flop
Seat 8: cuzmich500 (big blind) folded before Flop
Seat 9: xandeskt folded on the Flop



PokerStars Hand #227527379342:  Hold'em No Limit ($0.01/$0.02 USD) - 2021/06/12 10:00:58 PT [2021/06/12 13:00:58 ET]
Table 'Amanda' 9-max Seat #7 is the button
Seat 1: CCCake ($0.49 in chips) 
Seat 2: FishGUIDE ($1.72 in chips) 
Seat 3: Dorex2007 ($2.81 in chips) 
Seat 4: Set Out ($2.05 in chips) 
Seat 6: yjqian23 ($1.91 in chips) 
Seat 7: Choisu99 ($2.29 in chips) 
Seat 8: cuzmich500 ($0.80 in chips) 
Seat 9: xandeskt ($2.71 in chips) 
cuzmich500: posts small blind $0.01
xandeskt: posts big blind $0.02
Asmodeus DCLXVI: sits out 
*** HOLE CARDS ***
Dealt to Dorex2007 [3d 6c]
CCCake: folds 
FishGUIDE: folds 
Dorex2007: folds 
Set Out: folds 
yjqian23: folds 
Choisu99: folds 
cuzmich500: folds 
Uncalled bet ($0.01) returned to xandeskt
xandeskt collected $0.02 from pot
xandeskt: doesn't show hand 
*** SUMMARY ***
Total pot $0.02 | Rake $0 
Seat 1: CCCake folded before Flop (didn't bet)
Seat 2: FishGUIDE folded before Flop (didn't bet)
Seat 3: Dorex2007 folded before Flop (didn't bet)
Seat 4: Set Out folded before Flop (didn't bet)
Seat 6: yjqian23 folded before Flop (didn't bet)
Seat 7: Choisu99 (button) folded before Flop (didn't bet)
Seat 8: cuzmich500 (small blind) folded before Flop
Seat 9: xandeskt (big blind) collected ($0.02)



PokerStars Hand #227527382923:  Hold'em No Limit ($0.01/$0.02 USD) - 2021/06/12 10:01:10 PT [2021/06/12 13:01:10 ET]
Table 'Amanda' 9-max Seat #8 is the button
Seat 1: CCCake ($0.49 in chips) 
Seat 2: FishGUIDE ($1.72 in chips) 
Seat 3: Dorex2007 ($2.81 in chips) 
Seat 4: Set Out ($2.05 in chips) 
Seat 6: yjqian23 ($1.91 in chips) 
Seat 7: Choisu99 ($2.29 in chips) 
Seat 8: cuzmich500 ($0.80 in chips) 
Seat 9: xandeskt ($2.72 in chips) 
xandeskt: posts small blind $0.01
CCCake: posts big blind $0.02
Asmodeus DCLXVI: sits out 
*** HOLE CARDS ***
Dealt to Dorex2007 [8d 4c]
FishGUIDE: folds 
Dorex2007: folds 
Set Out: folds 
Asmodeus DCLXVI leaves the table
yjqian23: folds 
kiling1 joins the table at seat #5 
Choisu99: folds 
cuzmich500: folds 
xandeskt: folds 
Uncalled bet ($0.01) returned to CCCake
CCCake collected $0.02 from pot
*** SUMMARY ***
Total pot $0.02 | Rake $0 
Seat 1: CCCake (big blind) collected ($0.02)
Seat 2: FishGUIDE folded before Flop (didn't bet)
Seat 3: Dorex2007 folded before Flop (didn't bet)
Seat 4: Set Out folded before Flop (didn't bet)
Seat 6: yjqian23 folded before Flop (didn't bet)
Seat 7: Choisu99 folded before Flop (didn't bet)
Seat 8: cuzmich500 (button) folded before Flop (didn't bet)
Seat 9: xandeskt (small blind) folded before Flop



PokerStars Hand #227527393467:  Hold'em No Limit ($0.01/$0.02 USD) - 2021/06/12 10:01:44 PT [2021/06/12 13:01:44 ET]
Table 'Amanda' 9-max Seat #9 is the button
Seat 1: CCCake ($0.50 in chips) 
Seat 2: FishGUIDE ($1.72 in chips) 
Seat 3: Dorex2007 ($2.81 in chips) 
Seat 4: Set Out ($2.05 in chips) 
Seat 6: yjqian23 ($1.91 in chips) 
Seat 7: Choisu99 ($2.29 in chips) 
Seat 8: cuzmich500 ($0.80 in chips) 
Seat 9: xandeskt ($2.71 in chips) 
CCCake: posts small blind $0.01
FishGUIDE: posts big blind $0.02
kiling1: sits out 
*** HOLE CARDS ***
Dealt to Dorex2007 [Js 6h]
Dorex2007: folds 
Set Out: folds 
yjqian23: folds 
Choisu99: folds 
cuzmich500: raises $0.03 to $0.05
xandeskt: folds 
CCCake: calls $0.04
FishGUIDE: calls $0.03
*** FLOP *** [Tc 5d Qs]
CCCake: checks 
FishGUIDE: checks 
cuzmich500: bets $0.08
CCCake: calls $0.08
FishGUIDE: folds 
*** TURN *** [Tc 5d Qs] [4d]
CCCake: checks 
cuzmich500: checks 
*** RIVER *** [Tc 5d Qs 4d] [2d]
CCCake: checks 
cuzmich500: checks 
*** SHOW DOWN ***
CCCake: shows [Kc Ac] (high card Ace)
cuzmich500: shows [Th Ad] (a pair of Tens)
cuzmich500 collected $0.30 from pot
*** SUMMARY ***
Total pot $0.31 | Rake $0.01 
Board [Tc 5d Qs 4d 2d]
Seat 1: CCCake (small blind) showed [Kc Ac] and lost with high card Ace
Seat 2: FishGUIDE (big blind) folded on the Flop
Seat 3: Dorex2007 folded before Flop (didn't bet)
Seat 4: Set Out folded before Flop (didn't bet)
Seat 6: yjqian23 folded before Flop (didn't bet)
Seat 7: Choisu99 folded before Flop (didn't bet)
Seat 8: cuzmich500 showed [Th Ad] and won ($0.30) with a pair of Tens
Seat 9: xandeskt (button) folded before Flop (didn't bet)



PokerStars Hand #227527412628:  Hold'em No Limit ($0.01/$0.02 USD) - 2021/06/12 10:02:41 PT [2021/06/12 13:02:41 ET]
Table 'Amanda' 9-max Seat #1 is the button
Seat 1: CCCake ($0.37 in chips) 
Seat 2: FishGUIDE ($1.67 in chips) 
Seat 3: Dorex2007 ($2.81 in chips) 
Seat 4: Set Out ($2.05 in chips) 
Seat 6: yjqian23 ($1.91 in chips) 
Seat 7: Choisu99 ($2.29 in chips) 
Seat 8: cuzmich500 ($0.97 in chips) 
Seat 9: xandeskt ($2.71 in chips) 
FishGUIDE: posts small blind $0.01
Dorex2007: posts big blind $0.02
kiling1: sits out 
*** HOLE CARDS ***
Dealt to Dorex2007 [Jc 7d]
Set Out: folds 
yjqian23: folds 
Choisu99: folds 
cuzmich500: raises $0.04 to $0.06
xandeskt: folds 
CCCake: folds 
FishGUIDE: folds 
Dorex2007: folds 
Uncalled bet ($0.04) returned to cuzmich500
cuzmich500 collected $0.05 from pot
cuzmich500: doesn't show hand 
*** SUMMARY ***
Total pot $0.05 | Rake $0 
Seat 1: CCCake (button) folded before Flop (didn't bet)
Seat 2: FishGUIDE (small blind) folded before Flop
Seat 3: Dorex2007 (big blind) folded before Flop
Seat 4: Set Out folded before Flop (didn't bet)
Seat 6: yjqian23 folded before Flop (didn't bet)
Seat 7: Choisu99 folded before Flop (didn't bet)
Seat 8: cuzmich500 collected ($0.05)
Seat 9: xandeskt folded before Flop (didn't bet)



PokerStars Hand #227527423527:  Hold'em No Limit ($0.01/$0.02 USD) - 2021/06/12 10:03:11 PT [2021/06/12 13:03:11 ET]
Table 'Amanda' 9-max Seat #2 is the button
Seat 1: CCCake ($0.37 in chips) 
Seat 2: FishGUIDE ($1.66 in chips) 
Seat 3: Dorex2007 ($2.79 in chips) 
Seat 5: kiling1 ($1.60 in chips) 
Seat 6: yjqian23 ($1.91 in chips) 
Seat 7: Choisu99 ($2.29 in chips) 
Seat 8: cuzmich500 ($1 in chips) 
Seat 9: xandeskt ($2.71 in chips) 
Dorex2007: posts small blind $0.01
Set Out: is sitting out 
Set Out leaves the table
kiling1: posts big blind $0.02
*** HOLE CARDS ***
Dealt to Dorex2007 [4h Ts]
yjqian23: folds 
Choisu99: folds 
cuzmich500: folds 
xandeskt: folds 
CCCake: raises $0.02 to $0.04
FishGUIDE: folds 
Dorex2007: folds 
kiling1: folds 
Uncalled bet ($0.02) returned to CCCake
kiling1 leaves the table
CCCake collected $0.05 from pot
*** SUMMARY ***
Total pot $0.05 | Rake $0 
Seat 1: CCCake collected ($0.05)
Seat 2: FishGUIDE (button) folded before Flop (didn't bet)
Seat 3: Dorex2007 (small blind) folded before Flop
Seat 5: kiling1 (big blind) folded before Flop
Seat 6: yjqian23 folded before Flop (didn't bet)
Seat 7: Choisu99 folded before Flop (didn't bet)
Seat 8: cuzmich500 folded before Flop (didn't bet)
Seat 9: xandeskt folded before Flop (didn't bet)



PokerStars Hand #227527430542:  Hold'em No Limit ($0.01/$0.02 USD) - 2021/06/12 10:03:32 PT [2021/06/12 13:03:32 ET]
Table 'Amanda' 9-max Seat #3 is the button
Seat 1: CCCake ($0.40 in chips) 
Seat 2: FishGUIDE ($1.66 in chips) 
Seat 3: Dorex2007 ($2.78 in chips) 
Seat 6: yjqian23 ($1.91 in chips) 
Seat 7: Choisu99 ($2.29 in chips) 
Seat 8: cuzmich500 ($1 in chips) 
Seat 9: xandeskt ($2.71 in chips) 
yjqian23: posts small blind $0.01
Choisu99: posts big blind $0.02
*** HOLE CARDS ***
Dealt to Dorex2007 [Jh As]
cuzmich500: raises $0.04 to $0.06
gubin333 joins the table at seat #4 
tutjak joins the table at seat #5 
xandeskt has timed out
xandeskt: folds 
CCCake: folds 
FishGUIDE: folds 
Dorex2007: calls $0.06
yjqian23: folds 
Choisu99: folds 
*** FLOP *** [9h Ts Kh]
cuzmich500: bets $0.08
Dorex2007: calls $0.08
*** TURN *** [9h Ts Kh] [7h]
cuzmich500: checks 
Choisu99 leaves the table
Dorex2007: checks 
*** RIVER *** [9h Ts Kh 7h] [Jc]
cuzmich500: checks 
Megavision26 joins the table at seat #7 
Dorex2007: bets $0.20
cuzmich500: folds 
Uncalled bet ($0.20) returned to Dorex2007
Dorex2007 collected $0.30 from pot
Dorex2007: doesn't show hand 
*** SUMMARY ***
Total pot $0.31 | Rake $0.01 
Board [9h Ts Kh 7h Jc]
Seat 1: CCCake folded before Flop (didn't bet)
Seat 2: FishGUIDE folded before Flop (didn't bet)
Seat 3: Dorex2007 (button) collected ($0.30)
Seat 6: yjqian23 (small blind) folded before Flop
Seat 7: Choisu99 (big blind) folded before Flop
Seat 8: cuzmich500 folded on the River
Seat 9: xandeskt folded before Flop (didn't bet)



PokerStars Hand #227527448078:  Hold'em No Limit ($0.01/$0.02 USD) - 2021/06/12 10:04:22 PT [2021/06/12 13:04:22 ET]
Table 'Amanda' 9-max Seat #6 is the button
Seat 1: CCCake ($0.40 in chips) 
Seat 2: FishGUIDE ($1.66 in chips) 
Seat 3: Dorex2007 ($2.94 in chips) 
Seat 6: yjqian23 ($1.90 in chips) 
Seat 8: cuzmich500 ($0.86 in chips) 
Seat 9: xandeskt ($2.71 in chips) 
cuzmich500: posts small blind $0.01
xandeskt: posts big blind $0.02
gubin333: sits out 
tutjak: sits out 
*** HOLE CARDS ***
Dealt to Dorex2007 [4d 2s]
CCCake: folds 
FishGUIDE: folds 
Dorex2007: folds 
yjqian23: raises $0.02 to $0.04
cuzmich500: folds 
xandeskt: folds 
Uncalled bet ($0.02) returned to yjqian23
yjqian23 collected $0.05 from pot
yjqian23: doesn't show hand 
*** SUMMARY ***
Total pot $0.05 | Rake $0 
Seat 1: CCCake folded before Flop (didn't bet)
Seat 2: FishGUIDE folded before Flop (didn't bet)
Seat 3: Dorex2007 folded before Flop (didn't bet)
Seat 6: yjqian23 (button) collected ($0.05)
Seat 8: cuzmich500 (small blind) folded before Flop
Seat 9: xandeskt (big blind) folded before Flop



PokerStars Hand #227527457858:  Hold'em No Limit ($0.01/$0.02 USD) - 2021/06/12 10:04:50 PT [2021/06/12 13:04:50 ET]
Table 'Amanda' 9-max Seat #8 is the button
Seat 1: CCCake ($0.40 in chips) 
Seat 2: FishGUIDE ($1.66 in chips) 
Seat 3: Dorex2007 ($2.94 in chips) 
Seat 6: yjqian23 ($1.93 in chips) 
Seat 7: Megavision26 ($1.60 in chips) 
Seat 8: cuzmich500 ($0.85 in chips) 
Seat 9: xandeskt ($2.69 in chips) 
xandeskt: posts small blind $0.01
CCCake: posts big blind $0.02
gubin333: sits out 
tutjak: sits out 
Megavision26: posts big blind $0.02
*** HOLE CARDS ***
Dealt to Dorex2007 [5c 9s]
FishGUIDE: calls $0.02
Dorex2007: folds 
yjqian23: calls $0.02
Megavision26: checks 
cuzmich500: folds 
xandeskt: folds 
CCCake: checks 
*** FLOP *** [Ks 8d Kd]
CCCake: checks 
FishGUIDE: checks 
yjqian23: bets $0.02
Megavision26: folds 
CCCake: folds 
FishGUIDE: calls $0.02
*** TURN *** [Ks 8d Kd] [9h]
FishGUIDE: checks 
yjqian23: checks 
*** RIVER *** [Ks 8d Kd 9h] [Qd]
FishGUIDE: checks 
yjqian23: bets $0.04
FishGUIDE: folds 
Uncalled bet ($0.04) returned to yjqian23
yjqian23 collected $0.13 from pot
yjqian23: doesn't show hand 
*** SUMMARY ***
Total pot $0.13 | Rake $0 
Board [Ks 8d Kd 9h Qd]
Seat 1: CCCake (big blind) folded on the Flop
Seat 2: FishGUIDE folded on the River
Seat 3: Dorex2007 folded before Flop (didn't bet)
Seat 6: yjqian23 collected ($0.13)
Seat 7: Megavision26 folded on the Flop (didn't bet)
Seat 8: cuzmich500 (button) folded before Flop (didn't bet)
Seat 9: xandeskt (small blind) folded before Flop



PokerStars Hand #227527478957:  Hold'em No Limit ($0.01/$0.02 USD) - 2021/06/12 10:05:49 PT [2021/06/12 13:05:49 ET]
Table 'Amanda' 9-max Seat #9 is the button
Seat 1: CCCake ($0.38 in chips) 
Seat 3: Dorex2007 ($2.94 in chips) 
Seat 6: yjqian23 ($2.02 in chips) 
Seat 7: Megavision26 ($1.58 in chips) 
Seat 8: cuzmich500 ($0.85 in chips) 
Seat 9: xandeskt ($2.68 in chips) 
CCCake: posts small blind $0.01
FishGUIDE: is sitting out 
Dorex2007: posts big blind $0.02
gubin333: sits out 
tutjak: sits out 
*** HOLE CARDS ***
Dealt to Dorex2007 [9s 5d]
yjqian23: folds 
yjqian23 leaves the table
FishGUIDE leaves the table
Megavision26: calls $0.02
cuzmich500: raises $0.06 to $0.08
xandeskt: folds 
CCCake: folds 
Dorex2007: folds 
Megavision26: calls $0.06
*** FLOP *** [Qh 4s 7d]
Megavision26: checks 
cuzmich500: bets $0.11
Megavision26: folds 
Uncalled bet ($0.11) returned to cuzmich500
cuzmich500 collected $0.18 from pot
cuzmich500: doesn't show hand 
*** SUMMARY ***
Total pot $0.19 | Rake $0.01 
Board [Qh 4s 7d]
Seat 1: CCCake (small blind) folded before Flop
Seat 3: Dorex2007 (big blind) folded before Flop
Seat 6: yjqian23 folded before Flop (didn't bet)
Seat 7: Megavision26 folded on the Flop
Seat 8: cuzmich500 collected ($0.18)
Seat 9: xandeskt (button) folded before Flop (didn't bet)



PokerStars Hand #227527493442:  Hold'em No Limit ($0.01/$0.02 USD) - 2021/06/12 10:06:30 PT [2021/06/12 13:06:30 ET]
Table 'Amanda' 9-max Seat #1 is the button
Seat 1: CCCake ($0.37 in chips) 
Seat 3: Dorex2007 ($2.92 in chips) 
Seat 4: gubin333 ($1.60 in chips) 
Seat 7: Megavision26 ($1.50 in chips) 
Seat 8: cuzmich500 ($0.95 in chips) 
Seat 9: xandeskt ($2.68 in chips) 
Dorex2007: posts small blind $0.01
gubin333: posts big blind $0.02
tutjak: sits out 
*** HOLE CARDS ***
Dealt to Dorex2007 [4s 5d]
Megavision26: calls $0.02
cuzmich500: folds 
xandeskt: calls $0.02
CCCake: folds 
Dorex2007: calls $0.01
gubin333: checks 
*** FLOP *** [9h Jd 7c]
Dorex2007: checks 
gubin333: checks 
Megavision26: bets $0.02
xandeskt: folds 
Dorex2007: folds 
gubin333: folds 
Uncalled bet ($0.02) returned to Megavision26
Megavision26 collected $0.08 from pot
Megavision26: doesn't show hand 
*** SUMMARY ***
Total pot $0.08 | Rake $0 
Board [9h Jd 7c]
Seat 1: CCCake (button) folded before Flop (didn't bet)
Seat 3: Dorex2007 (small blind) folded on the Flop
Seat 4: gubin333 (big blind) folded on the Flop
Seat 7: Megavision26 collected ($0.08)
Seat 8: cuzmich500 folded before Flop (didn't bet)
Seat 9: xandeskt folded on the Flop



PokerStars Hand #227527504098:  Hold'em No Limit ($0.01/$0.02 USD) - 2021/06/12 10:07:00 PT [2021/06/12 13:07:00 ET]
Table 'Amanda' 9-max Seat #3 is the button
Seat 1: CCCake ($0.37 in chips) 
Seat 3: Dorex2007 ($2.90 in chips) 
Seat 4: gubin333 ($1.58 in chips) 
Seat 5: tutjak ($2 in chips) 
Seat 7: Megavision26 ($1.56 in chips) 
Seat 8: cuzmich500 ($0.95 in chips) 
Seat 9: xandeskt ($2.66 in chips) 
gubin333: posts small blind $0.01
tutjak: posts big blind $0.02
*** HOLE CARDS ***
Dealt to Dorex2007 [Kh 5c]
Megavision26: folds 
cuzmich500: folds 
xandeskt: folds 
CCCake: raises $0.02 to $0.04
Dorex2007: folds 
gubin333: folds 
tutjak: folds 
Uncalled bet ($0.02) returned to CCCake
CCCake collected $0.05 from pot
*** SUMMARY ***
Total pot $0.05 | Rake $0 
Seat 1: CCCake collected ($0.05)
Seat 3: Dorex2007 (button) folded before Flop (didn't bet)
Seat 4: gubin333 (small blind) folded before Flop
Seat 5: tutjak (big blind) folded before Flop
Seat 7: Megavision26 folded before Flop (didn't bet)
Seat 8: cuzmich500 folded before Flop (didn't bet)
Seat 9: xandeskt folded before Flop (didn't bet)



PokerStars Hand #227527513852:  Hold'em No Limit ($0.01/$0.02 USD) - 2021/06/12 10:07:28 PT [2021/06/12 13:07:28 ET]
Table 'Amanda' 9-max Seat #4 is the button
Seat 1: CCCake ($0.40 in chips) 
Seat 3: Dorex2007 ($2.90 in chips) 
Seat 4: gubin333 ($1.57 in chips) 
Seat 5: tutjak ($2 in chips) 
Seat 7: Megavision26 ($1.56 in chips) 
Seat 8: cuzmich500 ($0.95 in chips) 
Seat 9: xandeskt ($2.66 in chips) 
tutjak: posts small blind $0.01
Megavision26: posts big blind $0.02
*** HOLE CARDS ***
Dealt to Dorex2007 [Kd 2d]
cuzmich500: folds 
xandeskt has timed out
xandeskt: folds 
Vitalyvvvv joins the table at seat #2 
CCCake: folds 
Dorex2007: folds 
gubin333: raises $0.02 to $0.04
kruno840 joins the table at seat #6 
tutjak: calls $0.03
Megavision26: calls $0.02
*** FLOP *** [Jd Td Jh]
tutjak: checks 
Megavision26: checks 
gubin333: checks 
*** TURN *** [Jd Td Jh] [8d]
tutjak: checks 
Megavision26: checks 
gubin333: checks 
*** RIVER *** [Jd Td Jh 8d] [Qd]
tutjak: checks 
Megavision26: checks 
gubin333: checks 
*** SHOW DOWN ***
tutjak: shows [5c Ac] (a pair of Jacks)
Megavision26: shows [3h Qh] (two pair, Queens and Jacks)
gubin333: shows [3s 5d] (a flush, Queen high)
gubin333 collected $0.12 from pot
*** SUMMARY ***
Total pot $0.12 | Rake $0 
Board [Jd Td Jh 8d Qd]
Seat 1: CCCake folded before Flop (didn't bet)
Seat 3: Dorex2007 folded before Flop (didn't bet)
Seat 4: gubin333 (button) showed [3s 5d] and won ($0.12) with a flush, Queen high
Seat 5: tutjak (small blind) showed [5c Ac] and lost with a pair of Jacks
Seat 7: Megavision26 (big blind) showed [3h Qh] and lost with two pair, Queens and Jacks
Seat 8: cuzmich500 folded before Flop (didn't bet)
Seat 9: xandeskt folded before Flop (didn't bet)



PokerStars Hand #227527531296:  Hold'em No Limit ($0.01/$0.02 USD) - 2021/06/12 10:08:17 PT [2021/06/12 13:08:17 ET]
Table 'Amanda' 9-max Seat #5 is the button
Seat 1: CCCake ($0.40 in chips) 
Seat 2: Vitalyvvvv ($1.60 in chips) 
Seat 3: Dorex2007 ($2.90 in chips) 
Seat 4: gubin333 ($1.65 in chips) 
Seat 5: tutjak ($2 in chips) 
Seat 7: Megavision26 ($1.52 in chips) 
Seat 8: cuzmich500 ($0.95 in chips) 
Seat 9: xandeskt ($2.66 in chips) 
Megavision26: posts small blind $0.01
cuzmich500: posts big blind $0.02
Vitalyvvvv: posts big blind $0.02
*** HOLE CARDS ***
Dealt to Dorex2007 [Ad Jc]
xandeskt: folds 
CCCake: folds 
Vitalyvvvv: checks 
Dorex2007: raises $0.04 to $0.06
gubin333: folds 
tutjak: folds 
Megavision26: folds 
cuzmich500: folds 
Vitalyvvvv: calls $0.04
*** FLOP *** [Ac 4s 8s]
Vitalyvvvv: checks 
Dorex2007: checks 
*** TURN *** [Ac 4s 8s] [9d]
Vitalyvvvv: checks 
Dorex2007: bets $0.14
Vitalyvvvv: raises $0.14 to $0.28
Dorex2007: calls $0.14
*** RIVER *** [Ac 4s 8s 9d] [7h]
Vitalyvvvv: checks 
Dorex2007: checks 
*** SHOW DOWN ***
Vitalyvvvv: shows [2s Qd] (high card Ace)
Dorex2007: shows [Ad Jc] (a pair of Aces)
Dorex2007 collected $0.69 from pot
*** SUMMARY ***
Total pot $0.71 | Rake $0.02 
Board [Ac 4s 8s 9d 7h]
Seat 1: CCCake folded before Flop (didn't bet)
Seat 2: Vitalyvvvv showed [2s Qd] and lost with high card Ace
Seat 3: Dorex2007 showed [Ad Jc] and won ($0.69) with a pair of Aces
Seat 4: gubin333 folded before Flop (didn't bet)
Seat 5: tutjak (button) folded before Flop (didn't bet)
Seat 7: Megavision26 (small blind) folded before Flop
Seat 8: cuzmich500 (big blind) folded before Flop
Seat 9: xandeskt folded before Flop (didn't bet)



PokerStars Hand #227527548524:  Hold'em No Limit ($0.01/$0.02 USD) - 2021/06/12 10:09:03 PT [2021/06/12 13:09:03 ET]
Table 'Amanda' 9-max Seat #7 is the button
Seat 1: CCCake ($0.40 in chips) 
Seat 2: Vitalyvvvv ($1.26 in chips) 
Seat 3: Dorex2007 ($3.25 in chips) 
Seat 4: gubin333 ($1.65 in chips) 
Seat 5: tutjak ($2 in chips) 
Seat 6: kruno840 ($2 in chips) 
Seat 7: Megavision26 ($1.51 in chips) 
Seat 8: cuzmich500 ($0.93 in chips) 
Seat 9: xandeskt ($2.66 in chips) 
cuzmich500: posts small blind $0.01
xandeskt: posts big blind $0.02
kruno840: posts big blind $0.02
*** HOLE CARDS ***
Dealt to Dorex2007 [5c Ad]
CCCake: folds 
Vitalyvvvv: calls $0.02
Dorex2007: folds 
gubin333: folds 
tutjak: folds 
kruno840: checks 
Megavision26: calls $0.02
cuzmich500: raises $0.12 to $0.14
xandeskt: folds 
Vitalyvvvv: calls $0.12
kruno840: folds 
Megavision26: calls $0.12
*** FLOP *** [6h 5h 5s]
cuzmich500: checks 
Vitalyvvvv: checks 
Megavision26: bets $0.44
cuzmich500: folds 
Vitalyvvvv: folds 
Uncalled bet ($0.44) returned to Megavision26
Megavision26 collected $0.44 from pot
Megavision26: doesn't show hand 
*** SUMMARY ***
Total pot $0.46 | Rake $0.02 
Board [6h 5h 5s]
Seat 1: CCCake folded before Flop (didn't bet)
Seat 2: Vitalyvvvv folded on the Flop
Seat 3: Dorex2007 folded before Flop (didn't bet)
Seat 4: gubin333 folded before Flop (didn't bet)
Seat 5: tutjak folded before Flop (didn't bet)
Seat 6: kruno840 folded before Flop (didn't bet)
Seat 7: Megavision26 (button) collected ($0.44)
Seat 8: cuzmich500 (small blind) folded on the Flop
Seat 9: xandeskt (big blind) folded before Flop



PokerStars Hand #227527576039:  Hold'em No Limit ($0.01/$0.02 USD) - 2021/06/12 10:10:22 PT [2021/06/12 13:10:22 ET]
Table 'Amanda' 9-max Seat #8 is the button
Seat 1: CCCake ($0.40 in chips) 
Seat 2: Vitalyvvvv ($1.12 in chips) 
Seat 3: Dorex2007 ($3.25 in chips) 
Seat 4: gubin333 ($1.65 in chips) 
Seat 5: tutjak ($2 in chips) 
Seat 6: kruno840 ($1.98 in chips) 
Seat 7: Megavision26 ($1.81 in chips) 
Seat 8: cuzmich500 ($0.80 in chips) 
Seat 9: xandeskt ($2.64 in chips) 
xandeskt: posts small blind $0.01
CCCake: posts big blind $0.02
*** HOLE CARDS ***
Dealt to Dorex2007 [7d 9s]
Vitalyvvvv has timed out
Vitalyvvvv: folds 
Dorex2007: folds 
gubin333: folds 
tutjak: folds 
kruno840: calls $0.02
Megavision26: folds 
Megavision26 leaves the table
cuzmich500: raises $0.06 to $0.08
xandeskt: folds 
CCCake: folds 
kruno840: folds 
Uncalled bet ($0.06) returned to cuzmich500
cuzmich500 collected $0.07 from pot
cuzmich500: doesn't show hand 
*** SUMMARY ***
Total pot $0.07 | Rake $0 
Seat 1: CCCake (big blind) folded before Flop
Seat 2: Vitalyvvvv folded before Flop (didn't bet)
Seat 3: Dorex2007 folded before Flop (didn't bet)
Seat 4: gubin333 folded before Flop (didn't bet)
Seat 5: tutjak folded before Flop (didn't bet)
Seat 6: kruno840 folded before Flop
Seat 7: Megavision26 folded before Flop (didn't bet)
Seat 8: cuzmich500 (button) collected ($0.07)
Seat 9: xandeskt (small blind) folded before Flop



PokerStars Hand #227527590530:  Hold'em No Limit ($0.01/$0.02 USD) - 2021/06/12 10:11:03 PT [2021/06/12 13:11:03 ET]
Table 'Amanda' 9-max Seat #9 is the button
Seat 1: CCCake ($0.38 in chips) 
Seat 2: Vitalyvvvv ($1.12 in chips) 
Seat 3: Dorex2007 ($3.25 in chips) 
Seat 4: gubin333 ($1.65 in chips) 
Seat 5: tutjak ($2 in chips) 
Seat 6: kruno840 ($1.96 in chips) 
Seat 8: cuzmich500 ($0.85 in chips) 
Seat 9: xandeskt ($2.63 in chips) 
CCCake: posts small blind $0.01
Vitalyvvvv: posts big blind $0.02
*** HOLE CARDS ***
Dealt to Dorex2007 [Tc Ts]
Dorex2007: raises $0.04 to $0.06
gubin333: calls $0.06
tutjak: folds 
kruno840: folds 
cuzmich500: folds 
evertaittokalli joins the table at seat #7 
xandeskt: calls $0.06
CCCake: folds 
Vitalyvvvv: calls $0.04
*** FLOP *** [6d 2h 2c]
Vitalyvvvv: bets $0.02
Dorex2007: raises $0.08 to $0.10
gubin333: folds 
xandeskt: folds 
Vitalyvvvv: calls $0.08
*** TURN *** [6d 2h 2c] [4d]
kruno840 leaves the table
Vitalyvvvv: bets $0.09
HSM29 joins the table at seat #6 
Dorex2007: calls $0.09
*** RIVER *** [6d 2h 2c 4d] [3s]
Vitalyvvvv: bets $0.14
Dorex2007: raises $2.86 to $3 and is all-in
Vitalyvvvv: calls $0.73 and is all-in
Uncalled bet ($2.13) returned to Dorex2007
*** SHOW DOWN ***
Dorex2007: shows [Tc Ts] (two pair, Tens and Deuces)
Vitalyvvvv: shows [Kd 5h] (a straight, Deuce to Six)
Vitalyvvvv collected $2.29 from pot
*** SUMMARY ***
Total pot $2.37 | Rake $0.08 
Board [6d 2h 2c 4d 3s]
Seat 1: CCCake (small blind) folded before Flop
Seat 2: Vitalyvvvv (big blind) showed [Kd 5h] and won ($2.29) with a straight, Deuce to Six
Seat 3: Dorex2007 showed [Tc Ts] and lost with two pair, Tens and Deuces
Seat 4: gubin333 folded on the Flop
Seat 5: tutjak folded before Flop (didn't bet)
Seat 6: kruno840 folded before Flop (didn't bet)
Seat 8: cuzmich500 folded before Flop (didn't bet)
Seat 9: xandeskt (button) folded on the Flop



PokerStars Hand #227527621289:  Hold'em No Limit ($0.01/$0.02 USD) - 2021/06/12 10:12:06 PT [2021/06/12 13:12:06 ET]
Table 'Amanda' 9-max Seat #1 is the button
Seat 1: CCCake ($0.37 in chips) 
Seat 2: Vitalyvvvv ($2.29 in chips) 
Seat 3: Dorex2007 ($2.13 in chips) 
Seat 4: gubin333 ($1.59 in chips) 
Seat 5: tutjak ($2 in chips) 
Seat 8: cuzmich500 ($0.85 in chips) 
Seat 9: xandeskt ($2.57 in chips) 
Vitalyvvvv: posts small blind $0.01
Dorex2007: posts big blind $0.02
HSM29: sits out 
evertaittokalli: sits out 
*** HOLE CARDS ***
Dealt to Dorex2007 [Qc 4d]
gubin333: folds 
tutjak: raises $0.04 to $0.06
cuzmich500: folds 
xandeskt: folds 
CCCake: folds 
Vitalyvvvv: calls $0.05
Dorex2007: folds 
*** FLOP *** [Ac 4h 3d]
Vitalyvvvv: checks 
tutjak: bets $0.10
Vitalyvvvv: folds 
Uncalled bet ($0.10) returned to tutjak
tutjak collected $0.14 from pot
tutjak: doesn't show hand 
*** SUMMARY ***
Total pot $0.14 | Rake $0 
Board [Ac 4h 3d]
Seat 1: CCCake (button) folded before Flop (didn't bet)
Seat 2: Vitalyvvvv (small blind) folded on the Flop
Seat 3: Dorex2007 (big blind) folded before Flop
Seat 4: gubin333 folded before Flop (didn't bet)
Seat 5: tutjak collected ($0.14)
Seat 8: cuzmich500 folded before Flop (didn't bet)
Seat 9: xandeskt folded before Flop (didn't bet)



PokerStars Hand #227527632942:  Hold'em No Limit ($0.01/$0.02 USD) - 2021/06/12 10:12:38 PT [2021/06/12 13:12:38 ET]
Table 'Amanda' 9-max Seat #2 is the button
Seat 1: CCCake ($0.37 in chips) 
Seat 2: Vitalyvvvv ($2.23 in chips) 
Seat 3: Dorex2007 ($2.11 in chips) 
Seat 4: gubin333 ($1.59 in chips) 
Seat 5: tutjak ($2.08 in chips) 
Seat 8: cuzmich500 ($0.85 in chips) 
Seat 9: xandeskt ($2.57 in chips) 
Dorex2007: posts small blind $0.01
gubin333: posts big blind $0.02
HSM29: sits out 
evertaittokalli: sits out 
*** HOLE CARDS ***
Dealt to Dorex2007 [3s 3c]
tutjak: folds 
cuzmich500: folds 
xandeskt: folds 
CCCake: folds 
Vitalyvvvv: calls $0.02
Dorex2007: calls $0.01
gubin333: raises $0.04 to $0.06
Vitalyvvvv: calls $0.04
Dorex2007: calls $0.04
*** FLOP *** [Ks 3h 2d]
Dorex2007: checks 
gubin333: bets $0.17
Vitalyvvvv: calls $0.17
Dorex2007: calls $0.17
*** TURN *** [Ks 3h 2d] [9s]
Dorex2007: checks 
gubin333: bets $0.34
Vitalyvvvv: folds 
Dorex2007: raises $1.54 to $1.88 and is all-in
gubin333: calls $1.02 and is all-in
Uncalled bet ($0.52) returned to Dorex2007
*** RIVER *** [Ks 3h 2d 9s] [Qh]
*** SHOW DOWN ***
Dorex2007: shows [3s 3c] (three of a kind, Threes)
gubin333: shows [As Kh] (a pair of Kings)
Dorex2007 collected $3.29 from pot
*** SUMMARY ***
Total pot $3.41 | Rake $0.12 
Board [Ks 3h 2d 9s Qh]
Seat 1: CCCake folded before Flop (didn't bet)
Seat 2: Vitalyvvvv (button) folded on the Turn
Seat 3: Dorex2007 (small blind) showed [3s 3c] and won ($3.29) with three of a kind, Threes
Seat 4: gubin333 (big blind) showed [As Kh] and lost with a pair of Kings
Seat 5: tutjak folded before Flop (didn't bet)
Seat 8: cuzmich500 folded before Flop (didn't bet)
Seat 9: xandeskt folded before Flop (didn't bet)



PokerStars Hand #227527656444:  Hold'em No Limit ($0.01/$0.02 USD) - 2021/06/12 10:13:45 PT [2021/06/12 13:13:45 ET]
Table 'Amanda' 9-max Seat #3 is the button
Seat 1: CCCake ($0.37 in chips) 
Seat 2: Vitalyvvvv ($2 in chips) 
Seat 3: Dorex2007 ($3.81 in chips) 
Seat 5: tutjak ($2.08 in chips) 
Seat 6: HSM29 ($2 in chips) 
Seat 8: cuzmich500 ($0.85 in chips) 
Seat 9: xandeskt ($2.57 in chips) 
tutjak: posts small blind $0.01
HSM29: posts big blind $0.02
evertaittokalli: sits out 
*** HOLE CARDS ***
Dealt to Dorex2007 [8h 5c]
cuzmich500: folds 
xandeskt: folds 
CCCake: folds 
Vitalyvvvv: calls $0.02
Dorex2007: folds 
tutjak: folds 
HSM29: checks 
*** FLOP *** [Jc 9s Th]
HSM29: bets $0.03
Vitalyvvvv: calls $0.03
*** TURN *** [Jc 9s Th] [6s]
HSM29: checks 
Vitalyvvvv: bets $0.02
HSM29: calls $0.02
*** RIVER *** [Jc 9s Th 6s] [5s]
HSM29: checks 
Vitalyvvvv: bets $0.02
HSM29: calls $0.02
*** SHOW DOWN ***
Vitalyvvvv: shows [6d Qd] (a pair of Sixes)
HSM29: shows [Js 8d] (a pair of Jacks)
HSM29 collected $0.18 from pot
*** SUMMARY ***
Total pot $0.19 | Rake $0.01 
Board [Jc 9s Th 6s 5s]
Seat 1: CCCake folded before Flop (didn't bet)
Seat 2: Vitalyvvvv showed [6d Qd] and lost with a pair of Sixes
Seat 3: Dorex2007 (button) folded before Flop (didn't bet)
Seat 5: tutjak (small blind) folded before Flop
Seat 6: HSM29 (big blind) showed [Js 8d] and won ($0.18) with a pair of Jacks
Seat 8: cuzmich500 folded before Flop (didn't bet)
Seat 9: xandeskt folded before Flop (didn't bet)



PokerStars Hand #227527671317:  Hold'em No Limit ($0.01/$0.02 USD) - 2021/06/12 10:14:27 PT [2021/06/12 13:14:27 ET]
Table 'Amanda' 9-max Seat #5 is the button
Seat 1: CCCake ($0.37 in chips) 
Seat 2: Vitalyvvvv ($1.91 in chips) 
Seat 3: Dorex2007 ($3.81 in chips) 
Seat 4: gubin333 ($2 in chips) 
Seat 5: tutjak ($2.07 in chips) 
Seat 6: HSM29 ($2.09 in chips) 
Seat 7: evertaittokalli ($2 in chips) 
Seat 8: cuzmich500 ($0.85 in chips) 
Seat 9: xandeskt ($2.57 in chips) 
HSM29: posts small blind $0.01
evertaittokalli: posts big blind $0.02
gubin333: posts small blind $0.01
*** HOLE CARDS ***
Dealt to Dorex2007 [Jc Ks]
cuzmich500: folds 
xandeskt: calls $0.02
CCCake: calls $0.02
Vitalyvvvv: calls $0.02
Dorex2007: folds 
gubin333: calls $0.02
tutjak: folds 
HSM29: folds 
evertaittokalli: checks 
*** FLOP *** [4h Ah 5s]
evertaittokalli has timed out
evertaittokalli: checks 
xandeskt: checks 
CCCake: bets $0.06
Vitalyvvvv: calls $0.06
gubin333: folds 
evertaittokalli: folds 
xandeskt: folds 
*** TURN *** [4h Ah 5s] [3s]
CCCake: bets $0.08
Vitalyvvvv: calls $0.08
*** RIVER *** [4h Ah 5s 3s] [2d]
CCCake: checks 
Vitalyvvvv: bets $1.75 and is all-in
CCCake: calls $0.21 and is all-in
Uncalled bet ($1.54) returned to Vitalyvvvv
*** SHOW DOWN ***
Vitalyvvvv: shows [3h 2h] (a straight, Ace to Five)
CCCake: shows [5d 4d] (a straight, Ace to Five)
CCCake collected $0.40 from pot
Vitalyvvvv collected $0.39 from pot
*** SUMMARY ***
Total pot $0.82 | Rake $0.03 
Board [4h Ah 5s 3s 2d]
Seat 1: CCCake showed [5d 4d] and won ($0.40) with a straight, Ace to Five
Seat 2: Vitalyvvvv showed [3h 2h] and won ($0.39) with a straight, Ace to Five
Seat 3: Dorex2007 folded before Flop (didn't bet)
Seat 4: gubin333 folded on the Flop
Seat 5: tutjak (button) folded before Flop (didn't bet)
Seat 6: HSM29 (small blind) folded before Flop
Seat 7: evertaittokalli (big blind) folded on the Flop
Seat 8: cuzmich500 folded before Flop (didn't bet)
Seat 9: xandeskt folded on the Flop



PokerStars Hand #227527713328:  Hold'em No Limit ($0.01/$0.02 USD) - 2021/06/12 10:16:10 PT [2021/06/12 13:16:10 ET]
Table 'Amanda' 9-max Seat #6 is the button
Seat 1: CCCake ($0.40 in chips) 
Seat 2: Vitalyvvvv ($1.93 in chips) 
Seat 3: Dorex2007 ($3.81 in chips) 
Seat 4: gubin333 ($1.97 in chips) 
Seat 5: tutjak ($2.07 in chips) 
Seat 6: HSM29 ($2.08 in chips) 
Seat 7: evertaittokalli ($1.98 in chips) 
Seat 8: cuzmich500 ($0.85 in chips) 
Seat 9: xandeskt ($2.55 in chips) 
evertaittokalli: posts small blind $0.01
cuzmich500: posts big blind $0.02
*** HOLE CARDS ***
Dealt to Dorex2007 [Jd 6c]
xandeskt: folds 
CCCake: folds 
Vitalyvvvv: calls $0.02
Dorex2007: folds 
gubin333: folds 
tutjak has timed out
tutjak: folds 
HSM29: folds 
evertaittokalli: folds 
cuzmich500: checks 
*** FLOP *** [Ad 3s 7c]
cuzmich500: checks 
Vitalyvvvv: checks 
*** TURN *** [Ad 3s 7c] [2h]
cuzmich500: checks 
Vitalyvvvv: checks 
*** RIVER *** [Ad 3s 7c 2h] [5d]
cuzmich500: checks 
Vitalyvvvv: bets $0.05
cuzmich500: folds 
Uncalled bet ($0.05) returned to Vitalyvvvv
Vitalyvvvv collected $0.05 from pot
Vitalyvvvv: doesn't show hand 
*** SUMMARY ***
Total pot $0.05 | Rake $0 
Board [Ad 3s 7c 2h 5d]
Seat 1: CCCake folded before Flop (didn't bet)
Seat 2: Vitalyvvvv collected ($0.05)
Seat 3: Dorex2007 folded before Flop (didn't bet)
Seat 4: gubin333 folded before Flop (didn't bet)
Seat 5: tutjak folded before Flop (didn't bet)
Seat 6: HSM29 (button) folded before Flop (didn't bet)
Seat 7: evertaittokalli (small blind) folded before Flop
Seat 8: cuzmich500 (big blind) folded on the River
Seat 9: xandeskt folded before Flop (didn't bet)



PokerStars Hand #227527989465:  Hold'em No Limit ($0.01/$0.02 USD) - 2021/06/12 10:27:24 PT [2021/06/12 13:27:24 ET]
Table 'Amanda' 9-max Seat #4 is the button
Seat 2: Vitalyvvvv ($0.85 in chips) 
Seat 3: Dorex2007 ($3.81 in chips) 
Seat 4: gubin333 ($1.48 in chips) 
Seat 7: evertaittokalli ($1.49 in chips) 
Seat 8: cuzmich500 ($0.80 in chips) 
Seat 9: xandeskt ($2.63 in chips) 
evertaittokalli: posts small blind $0.01
cuzmich500: posts big blind $0.02
Set Out: sits out 
Dorex2007: posts small & big blinds $0.03
*** HOLE CARDS ***
Dealt to Dorex2007 [Jc Ac]
xandeskt: folds 
Vitalyvvvv: raises $0.83 to $0.85 and is all-in
JosKol44 joins the table at seat #6 
Dorex2007: folds 
gubin333: folds 
evertaittokalli: calls $0.84
cuzmich500: folds 
*** FLOP *** [6d 9h Jh]
*** TURN *** [6d 9h Jh] [Ad]
*** RIVER *** [6d 9h Jh Ad] [8s]
*** SHOW DOWN ***
evertaittokalli: shows [Qs Js] (a pair of Jacks)
Vitalyvvvv: shows [As 3c] (a pair of Aces)
Vitalyvvvv collected $1.69 from pot
*** SUMMARY ***
Total pot $1.75 | Rake $0.06 
Board [6d 9h Jh Ad 8s]
Seat 2: Vitalyvvvv showed [As 3c] and won ($1.69) with a pair of Aces
Seat 3: Dorex2007 folded before Flop (didn't bet)
Seat 4: gubin333 (button) folded before Flop (didn't bet)
Seat 7: evertaittokalli (small blind) showed [Qs Js] and lost with a pair of Jacks
Seat 8: cuzmich500 (big blind) folded before Flop
Seat 9: xandeskt folded before Flop (didn't bet)



PokerStars Hand #227528010520:  Hold'em No Limit ($0.01/$0.02 USD) - 2021/06/12 10:28:16 PT [2021/06/12 13:28:16 ET]
Table 'Amanda' 9-max Seat #7 is the button
Seat 2: Vitalyvvvv ($1.69 in chips) 
Seat 3: Dorex2007 ($3.78 in chips) 
Seat 4: gubin333 ($1.48 in chips) 
Seat 5: tutjak ($2.07 in chips) 
Seat 7: evertaittokalli ($0.64 in chips) 
Seat 8: cuzmich500 ($0.80 in chips) 
Seat 9: xandeskt ($2.63 in chips) 
cuzmich500: posts small blind $0.01
xandeskt: posts big blind $0.02
Set Out: sits out 
tutjak: posts small & big blinds $0.03
JosKol44: sits out 
*** HOLE CARDS ***
Dealt to Dorex2007 [7d Ad]
Vitalyvvvv: raises $1.67 to $1.69 and is all-in
Dorex2007: folds 
gubin333: folds 
tutjak: folds 
evertaittokalli: folds 
cuzmich500: folds 
xandeskt: folds 
Uncalled bet ($1.67) returned to Vitalyvvvv
Vitalyvvvv collected $0.08 from pot
Vitalyvvvv: doesn't show hand 
*** SUMMARY ***
Total pot $0.08 | Rake $0 
Seat 2: Vitalyvvvv collected ($0.08)
Seat 3: Dorex2007 folded before Flop (didn't bet)
Seat 4: gubin333 folded before Flop (didn't bet)
Seat 5: tutjak folded before Flop (didn't bet)
Seat 7: evertaittokalli (button) folded before Flop (didn't bet)
Seat 8: cuzmich500 (small blind) folded before Flop
Seat 9: xandeskt (big blind) folded before Flop



PokerStars Hand #227528098500:  Hold'em No Limit ($0.01/$0.02 USD) - 2021/06/12 10:31:50 PT [2021/06/12 13:31:50 ET]
Table 'Amanda' 9-max Seat #6 is the button
Seat 1: Set Out ($2.09 in chips) 
Seat 3: Dorex2007 ($3.78 in chips) 
Seat 4: gubin333 ($2.38 in chips) 
Seat 5: tutjak ($2.01 in chips) 
Seat 6: ikanamist ($1.97 in chips) 
Seat 7: evertaittokalli ($0.62 in chips) 
Seat 8: cuzmich500 ($1.57 in chips) 
Seat 9: xandeskt ($2.60 in chips) 
evertaittokalli: posts small blind $0.01
cuzmich500: posts big blind $0.02
Dorex2007: posts small & big blinds $0.03
*** HOLE CARDS ***
Dealt to Dorex2007 [4c 9c]
Vitalyvvvv leaves the table
xandeskt: folds 
Set Out: folds 
Dorex2007: raises $0.04 to $0.06
gubin333: calls $0.06
tutjak: folds 
ikanamist: folds 
evertaittokalli: raises $0.06 to $0.12
abufirs joins the table at seat #2 
cuzmich500: folds 
Dorex2007: folds 
gubin333: calls $0.06
*** FLOP *** [7s Qs 5s]
evertaittokalli: checks 
gubin333: checks 
*** TURN *** [7s Qs 5s] [Ac]
evertaittokalli: bets $0.30
gubin333: folds 
Uncalled bet ($0.30) returned to evertaittokalli
gubin333 leaves the table
evertaittokalli collected $0.32 from pot
evertaittokalli: doesn't show hand 
*** SUMMARY ***
Total pot $0.33 | Rake $0.01 
Board [7s Qs 5s Ac]
Seat 1: Set Out folded before Flop (didn't bet)
Seat 3: Dorex2007 folded before Flop
Seat 4: gubin333 folded on the Turn
Seat 5: tutjak folded before Flop (didn't bet)
Seat 6: ikanamist (button) folded before Flop (didn't bet)
Seat 7: evertaittokalli (small blind) collected ($0.32)
Seat 8: cuzmich500 (big blind) folded before Flop
Seat 9: xandeskt folded before Flop (didn't bet)



PokerStars Hand #227528124055:  Hold'em No Limit ($0.01/$0.02 USD) - 2021/06/12 10:32:51 PT [2021/06/12 13:32:51 ET]
Table 'Amanda' 9-max Seat #7 is the button
Seat 1: Set Out ($2.09 in chips) 
Seat 3: Dorex2007 ($3.71 in chips) 
Seat 5: tutjak ($2.01 in chips) 
Seat 6: ikanamist ($1.97 in chips) 
Seat 7: evertaittokalli ($0.82 in chips) 
Seat 8: cuzmich500 ($1.55 in chips) 
Seat 9: xandeskt ($2.60 in chips) 
cuzmich500: posts small blind $0.01
xandeskt: posts big blind $0.02
abufirs: sits out 
*** HOLE CARDS ***
Dealt to Dorex2007 [Ah 5h]
Set Out: folds 
Dorex2007: folds 
tutjak: folds 
ikanamist: folds 
big tenacity joins the table at seat #4 
evertaittokalli: calls $0.02
cuzmich500: raises $0.08 to $0.10
xandeskt: folds 
evertaittokalli: raises $0.08 to $0.18
cuzmich500: calls $0.08
*** FLOP *** [Tc 4c 6s]
cuzmich500: checks 
evertaittokalli: bets $0.30
cuzmich500: folds 
Uncalled bet ($0.30) returned to evertaittokalli
evertaittokalli collected $0.37 from pot
evertaittokalli: doesn't show hand 
*** SUMMARY ***
Total pot $0.38 | Rake $0.01 
Board [Tc 4c 6s]
Seat 1: Set Out folded before Flop (didn't bet)
Seat 3: Dorex2007 folded before Flop (didn't bet)
Seat 5: tutjak folded before Flop (didn't bet)
Seat 6: ikanamist folded before Flop (didn't bet)
Seat 7: evertaittokalli (button) collected ($0.37)
Seat 8: cuzmich500 (small blind) folded on the Flop
Seat 9: xandeskt (big blind) folded before Flop



PokerStars Hand #227528164226:  Hold'em No Limit ($0.01/$0.02 USD) - 2021/06/12 10:34:27 PT [2021/06/12 13:34:27 ET]
Table 'Amanda' 9-max Seat #8 is the button
Seat 2: abufirs ($1.84 in chips) 
Seat 3: Dorex2007 ($3.71 in chips) 
Seat 4: big tenacity ($2 in chips) 
Seat 5: tutjak ($2.01 in chips) 
Seat 6: ikanamist ($1.97 in chips) 
Seat 7: evertaittokalli ($1.01 in chips) 
Seat 8: cuzmich500 ($1.37 in chips) 
Seat 9: xandeskt ($2.58 in chips) 
xandeskt: posts small blind $0.01
Set Out: is sitting out 
Set Out leaves the table
abufirs: posts big blind $0.02
big tenacity: posts big blind $0.02
*** HOLE CARDS ***
Dealt to Dorex2007 [Ad Ac]
Dorex2007: raises $0.04 to $0.06
big tenacity: folds 
tutjak: folds 
ikanamist: folds 
facundo23 joins the table at seat #1 
evertaittokalli: raises $0.10 to $0.16
cuzmich500: folds 
xandeskt: folds 
abufirs: calls $0.14
Dorex2007: raises $0.50 to $0.66
evertaittokalli: raises $0.35 to $1.01 and is all-in
abufirs: folds 
Dorex2007: calls $0.35
*** FLOP *** [5h 4c Qs]
*** TURN *** [5h 4c Qs] [9h]
*** RIVER *** [5h 4c Qs 9h] [5d]
*** SHOW DOWN ***
Dorex2007: shows [Ad Ac] (two pair, Aces and Fives)
evertaittokalli: shows [Qh Qd] (a full house, Queens full of Fives)
evertaittokalli collected $2.13 from pot
Dorex2007 cashed out the hand for $1.72 | Cash Out Fee $0.02
*** SUMMARY ***
Total pot $2.21 | Rake $0.08 
Board [5h 4c Qs 9h 5d]
Seat 2: abufirs (big blind) folded before Flop
Seat 3: Dorex2007 showed [Ad Ac] and lost with two pair, Aces and Fives (cashed out).
Seat 4: big tenacity folded before Flop (didn't bet)
Seat 5: tutjak folded before Flop (didn't bet)
Seat 6: ikanamist folded before Flop (didn't bet)
Seat 7: evertaittokalli showed [Qh Qd] and won ($2.13) with a full house, Queens full of Fives
Seat 8: cuzmich500 (button) folded before Flop (didn't bet)
Seat 9: xandeskt (small blind) folded before Flop



PokerStars Hand #227528199397:  Hold'em No Limit ($0.01/$0.02 USD) - 2021/06/12 10:35:50 PT [2021/06/12 13:35:50 ET]
Table 'Amanda' 9-max Seat #9 is the button
Seat 2: abufirs ($1.68 in chips) 
Seat 3: Dorex2007 ($4.42 in chips) 
Seat 4: big tenacity ($1.98 in chips) 
Seat 5: tutjak ($2.01 in chips) 
Seat 6: ikanamist ($1.97 in chips) 
Seat 7: evertaittokalli ($2.13 in chips) 
Seat 8: cuzmich500 ($1.37 in chips) 
Seat 9: xandeskt ($2.57 in chips) 
abufirs: posts small blind $0.01
Dorex2007: posts big blind $0.02
*** HOLE CARDS ***
Dealt to Dorex2007 [Ad 4h]
big tenacity: folds 
tutjak: raises $0.02 to $0.04
ikanamist: folds 
evertaittokalli: folds 
cuzmich500: folds 
xandeskt: calls $0.04
abufirs: calls $0.03
Dorex2007: folds 
*** FLOP *** [7s As 6s]
abufirs: checks 
tutjak: bets $0.14
xandeskt: folds 
abufirs: folds 
Uncalled bet ($0.14) returned to tutjak
tutjak collected $0.14 from pot
tutjak: doesn't show hand 
*** SUMMARY ***
Total pot $0.14 | Rake $0 
Board [7s As 6s]
Seat 2: abufirs (small blind) folded on the Flop
Seat 3: Dorex2007 (big blind) folded before Flop
Seat 4: big tenacity folded before Flop (didn't bet)
Seat 5: tutjak collected ($0.14)
Seat 6: ikanamist folded before Flop (didn't bet)
Seat 7: evertaittokalli folded before Flop (didn't bet)
Seat 8: cuzmich500 folded before Flop (didn't bet)
Seat 9: xandeskt (button) folded on the Flop



PokerStars Hand #227528220582:  Hold'em No Limit ($0.01/$0.02 USD) - 2021/06/12 10:36:39 PT [2021/06/12 13:36:39 ET]
Table 'Amanda' 9-max Seat #2 is the button
Seat 2: abufirs ($1.64 in chips) 
Seat 3: Dorex2007 ($4.40 in chips) 
Seat 4: big tenacity ($1.98 in chips) 
Seat 5: tutjak ($2.11 in chips) 
Seat 6: ikanamist ($1.97 in chips) 
Seat 7: evertaittokalli ($2.13 in chips) 
Seat 8: cuzmich500 ($1.37 in chips) 
Seat 9: xandeskt ($2.53 in chips) 
Dorex2007: posts small blind $0.01
big tenacity: posts big blind $0.02
facundo23: sits out 
*** HOLE CARDS ***
Dealt to Dorex2007 [9h 2s]
tutjak: folds 
ikanamist: folds 
evertaittokalli: folds 
cuzmich500: raises $0.04 to $0.06
xandeskt: folds 
abufirs: calls $0.06
Dorex2007: folds 
big tenacity: folds 
*** FLOP *** [6s Ks Qc]
cuzmich500: bets $0.08
abufirs: calls $0.08
*** TURN *** [6s Ks Qc] [7h]
cuzmich500: bets $0.19
abufirs: calls $0.19
*** RIVER *** [6s Ks Qc 7h] [Th]
cuzmich500: checks 
abufirs: bets $0.67
cuzmich500: folds 
Uncalled bet ($0.67) returned to abufirs
abufirs collected $0.67 from pot
*** SUMMARY ***
Total pot $0.69 | Rake $0.02 
Board [6s Ks Qc 7h Th]
Seat 2: abufirs (button) collected ($0.67)
Seat 3: Dorex2007 (small blind) folded before Flop
Seat 4: big tenacity (big blind) folded before Flop
Seat 5: tutjak folded before Flop (didn't bet)
Seat 6: ikanamist folded before Flop (didn't bet)
Seat 7: evertaittokalli folded before Flop (didn't bet)
Seat 8: cuzmich500 folded on the River
Seat 9: xandeskt folded before Flop (didn't bet)



PokerStars Hand #227528256570:  Hold'em No Limit ($0.01/$0.02 USD) - 2021/06/12 10:38:05 PT [2021/06/12 13:38:05 ET]
Table 'Amanda' 9-max Seat #3 is the button
Seat 2: abufirs ($1.98 in chips) 
Seat 3: Dorex2007 ($4.39 in chips) 
Seat 4: big tenacity ($1.96 in chips) 
Seat 5: tutjak ($2.11 in chips) 
Seat 6: ikanamist ($1.97 in chips) 
Seat 7: evertaittokalli ($2.13 in chips) 
Seat 8: cuzmich500 ($1.04 in chips) 
Seat 9: xandeskt ($2.53 in chips) 
big tenacity: posts small blind $0.01
tutjak: posts big blind $0.02
facundo23: sits out 
*** HOLE CARDS ***
Dealt to Dorex2007 [4h 3h]
ikanamist: folds 
evertaittokalli: raises $0.02 to $0.04
cuzmich500: folds 
xandeskt: folds 
abufirs: folds 
Dorex2007: folds 
big tenacity: raises $0.06 to $0.10
tutjak: folds 
evertaittokalli: calls $0.06
*** FLOP *** [5h 6c Jc]
big tenacity: bets $0.14
evertaittokalli: folds 
Uncalled bet ($0.14) returned to big tenacity
big tenacity collected $0.21 from pot
big tenacity: doesn't show hand 
*** SUMMARY ***
Total pot $0.22 | Rake $0.01 
Board [5h 6c Jc]
Seat 2: abufirs folded before Flop (didn't bet)
Seat 3: Dorex2007 (button) folded before Flop (didn't bet)
Seat 4: big tenacity (small blind) collected ($0.21)
Seat 5: tutjak (big blind) folded before Flop
Seat 6: ikanamist folded before Flop (didn't bet)
Seat 7: evertaittokalli folded on the Flop
Seat 8: cuzmich500 folded before Flop (didn't bet)
Seat 9: xandeskt folded before Flop (didn't bet)



PokerStars Hand #227528278466:  Hold'em No Limit ($0.01/$0.02 USD) - 2021/06/12 10:38:57 PT [2021/06/12 13:38:57 ET]
Table 'Amanda' 9-max Seat #4 is the button
Seat 2: abufirs ($1.98 in chips) 
Seat 3: Dorex2007 ($4.39 in chips) 
Seat 4: big tenacity ($2.07 in chips) 
Seat 5: tutjak ($2.09 in chips) 
Seat 6: ikanamist ($1.97 in chips) 
Seat 7: evertaittokalli ($2.03 in chips) 
Seat 8: cuzmich500 ($1.04 in chips) 
Seat 9: xandeskt ($2.53 in chips) 
tutjak: posts small blind $0.01
ikanamist: posts big blind $0.02
facundo23: sits out 
*** HOLE CARDS ***
Dealt to Dorex2007 [Tc 9c]
evertaittokalli has timed out
evertaittokalli: folds 
cuzmich500: folds 
xandeskt: calls $0.02
abufirs: calls $0.02
Dorex2007: calls $0.02
big tenacity: folds 
tutjak: folds 
ikanamist: checks 
*** FLOP *** [9s Qc 4h]
ikanamist: checks 
xandeskt: checks 
abufirs: bets $0.09
Dorex2007: folds 
ikanamist: folds 
xandeskt: calls $0.09
*** TURN *** [9s Qc 4h] [Ac]
xandeskt: checks 
abufirs: bets $0.13
xandeskt: folds 
Uncalled bet ($0.13) returned to abufirs
abufirs collected $0.26 from pot
*** SUMMARY ***
Total pot $0.27 | Rake $0.01 
Board [9s Qc 4h Ac]
Seat 2: abufirs collected ($0.26)
Seat 3: Dorex2007 folded on the Flop
Seat 4: big tenacity (button) folded before Flop (didn't bet)
Seat 5: tutjak (small blind) folded before Flop
Seat 6: ikanamist (big blind) folded on the Flop
Seat 7: evertaittokalli folded before Flop (didn't bet)
Seat 8: cuzmich500 folded before Flop (didn't bet)
Seat 9: xandeskt folded on the Turn



PokerStars Hand #227528302303:  Hold'em No Limit ($0.01/$0.02 USD) - 2021/06/12 10:39:53 PT [2021/06/12 13:39:53 ET]
Table 'Amanda' 9-max Seat #5 is the button
Seat 2: abufirs ($2.13 in chips) 
Seat 3: Dorex2007 ($4.37 in chips) 
Seat 4: big tenacity ($2.07 in chips) 
Seat 5: tutjak ($2.08 in chips) 
Seat 6: ikanamist ($1.95 in chips) 
Seat 7: evertaittokalli ($2.03 in chips) 
Seat 8: cuzmich500 ($1.04 in chips) 
Seat 9: xandeskt ($2.42 in chips) 
ikanamist: posts small blind $0.01
evertaittokalli: posts big blind $0.02
facundo23: sits out 
*** HOLE CARDS ***
Dealt to Dorex2007 [4h Ah]
cuzmich500: folds 
xandeskt: calls $0.02
abufirs: folds 
Dorex2007: calls $0.02
big tenacity: folds 
tutjak: folds 
ikanamist: raises $0.06 to $0.08
evertaittokalli: folds 
xandeskt: calls $0.06
Dorex2007: calls $0.06
*** FLOP *** [8c 3s Qs]
ikanamist: bets $0.08
xandeskt: folds 
Dorex2007: folds 
Uncalled bet ($0.08) returned to ikanamist
ikanamist collected $0.25 from pot
*** SUMMARY ***
Total pot $0.26 | Rake $0.01 
Board [8c 3s Qs]
Seat 2: abufirs folded before Flop (didn't bet)
Seat 3: Dorex2007 folded on the Flop
Seat 4: big tenacity folded before Flop (didn't bet)
Seat 5: tutjak (button) folded before Flop (didn't bet)
Seat 6: ikanamist (small blind) collected ($0.25)
Seat 7: evertaittokalli (big blind) folded before Flop
Seat 8: cuzmich500 folded before Flop (didn't bet)
Seat 9: xandeskt folded on the Flop



PokerStars Hand #227528323489:  Hold'em No Limit ($0.01/$0.02 USD) - 2021/06/12 10:40:43 PT [2021/06/12 13:40:43 ET]
Table 'Amanda' 9-max Seat #6 is the button
Seat 2: abufirs ($2.13 in chips) 
Seat 3: Dorex2007 ($4.29 in chips) 
Seat 4: big tenacity ($2.07 in chips) 
Seat 5: tutjak ($2.08 in chips) 
Seat 6: ikanamist ($2.12 in chips) 
Seat 7: evertaittokalli ($2.01 in chips) 
Seat 8: cuzmich500 ($1.04 in chips) 
Seat 9: xandeskt ($2.34 in chips) 
evertaittokalli: posts small blind $0.01
cuzmich500: posts big blind $0.02
facundo23: sits out 
*** HOLE CARDS ***
Dealt to Dorex2007 [8s Kh]
xandeskt: folds 
abufirs: folds 
Dorex2007: folds 
big tenacity: raises $0.04 to $0.06
tutjak: folds 
ikanamist: folds 
evertaittokalli: folds 
cuzmich500: folds 
Uncalled bet ($0.04) returned to big tenacity
big tenacity collected $0.05 from pot
big tenacity: doesn't show hand 
*** SUMMARY ***
Total pot $0.05 | Rake $0 
Seat 2: abufirs folded before Flop (didn't bet)
Seat 3: Dorex2007 folded before Flop (didn't bet)
Seat 4: big tenacity collected ($0.05)
Seat 5: tutjak folded before Flop (didn't bet)
Seat 6: ikanamist (button) folded before Flop (didn't bet)
Seat 7: evertaittokalli (small blind) folded before Flop
Seat 8: cuzmich500 (big blind) folded before Flop
Seat 9: xandeskt folded before Flop (didn't bet)



PokerStars Hand #227528332636:  Hold'em No Limit ($0.01/$0.02 USD) - 2021/06/12 10:41:04 PT [2021/06/12 13:41:04 ET]
Table 'Amanda' 9-max Seat #7 is the button
Seat 2: abufirs ($2.13 in chips) 
Seat 3: Dorex2007 ($4.29 in chips) 
Seat 4: big tenacity ($2.10 in chips) 
Seat 5: tutjak ($2.08 in chips) 
Seat 6: ikanamist ($2.12 in chips) 
Seat 7: evertaittokalli ($2 in chips) 
Seat 8: cuzmich500 ($1.02 in chips) 
Seat 9: xandeskt ($2.34 in chips) 
cuzmich500: posts small blind $0.01
xandeskt: posts big blind $0.02
facundo23: sits out 
*** HOLE CARDS ***
Dealt to Dorex2007 [6d 8s]
abufirs: raises $0.02 to $0.04
Dorex2007: folds 
big tenacity: folds 
tutjak: folds 
ikanamist: raises $0.08 to $0.12
evertaittokalli: calls $0.12
cuzmich500: calls $0.11
xandeskt: folds 
abufirs: calls $0.08
*** FLOP *** [4c 4s 2c]
cuzmich500: checks 
abufirs: checks 
ikanamist: bets $0.30
evertaittokalli: folds 
cuzmich500: calls $0.30
abufirs: folds 
*** TURN *** [4c 4s 2c] [Qh]
cuzmich500: checks 
ikanamist: checks 
*** RIVER *** [4c 4s 2c Qh] [Ac]
cuzmich500: checks 
ikanamist: bets $0.60
cuzmich500: folds 
Uncalled bet ($0.60) returned to ikanamist
ikanamist collected $1.06 from pot
*** SUMMARY ***
Total pot $1.10 | Rake $0.04 
Board [4c 4s 2c Qh Ac]
Seat 2: abufirs folded on the Flop
Seat 3: Dorex2007 folded before Flop (didn't bet)
Seat 4: big tenacity folded before Flop (didn't bet)
Seat 5: tutjak folded before Flop (didn't bet)
Seat 6: ikanamist collected ($1.06)
Seat 7: evertaittokalli (button) folded on the Flop
Seat 8: cuzmich500 (small blind) folded on the River
Seat 9: xandeskt (big blind) folded before Flop



PokerStars Hand #227528383461:  Hold'em No Limit ($0.01/$0.02 USD) - 2021/06/12 10:42:46 PT [2021/06/12 13:42:46 ET]
Table 'Amanda' 9-max Seat #8 is the button
Seat 1: facundo23 ($0.80 in chips) 
Seat 2: abufirs ($2.01 in chips) 
Seat 3: Dorex2007 ($4.29 in chips) 
Seat 4: big tenacity ($2.10 in chips) 
Seat 5: tutjak ($2.08 in chips) 
Seat 6: ikanamist ($2.76 in chips) 
Seat 7: evertaittokalli ($1.88 in chips) 
Seat 8: cuzmich500 ($0.80 in chips) 
Seat 9: xandeskt ($2.32 in chips) 
xandeskt: posts small blind $0.01
facundo23: posts big blind $0.02
*** HOLE CARDS ***
Dealt to Dorex2007 [7c Qc]
abufirs: calls $0.02
Dorex2007: folds 
big tenacity: folds 
tutjak: folds 
ikanamist: folds 
evertaittokalli has timed out
evertaittokalli: folds 
cuzmich500: folds 
xandeskt: folds 
facundo23: checks 
*** FLOP *** [8d 2d 7h]
facundo23: checks 
abufirs: bets $0.05
facundo23: raises $0.73 to $0.78 and is all-in
abufirs: calls $0.73
*** TURN *** [8d 2d 7h] [Ks]
*** RIVER *** [8d 2d 7h Ks] [Ts]
*** SHOW DOWN ***
facundo23: shows [2h 2s] (three of a kind, Deuces)
abufirs: shows [9d 9s] (a pair of Nines)
facundo23 collected $1.55 from pot
*** SUMMARY ***
Total pot $1.61 | Rake $0.06 
Board [8d 2d 7h Ks Ts]
Seat 1: facundo23 (big blind) showed [2h 2s] and won ($1.55) with three of a kind, Deuces
Seat 2: abufirs showed [9d 9s] and lost with a pair of Nines
Seat 3: Dorex2007 folded before Flop (didn't bet)
Seat 4: big tenacity folded before Flop (didn't bet)
Seat 5: tutjak folded before Flop (didn't bet)
Seat 6: ikanamist folded before Flop (didn't bet)
Seat 7: evertaittokalli folded before Flop (didn't bet)
Seat 8: cuzmich500 (button) folded before Flop (didn't bet)
Seat 9: xandeskt (small blind) folded before Flop



