PokerStars Hand #228082861009:  Hold'em No Limit ($0.01/$0.02 USD) - 2021/07/05 14:48:06 PT [2021/07/05 17:48:06 ET]
Table 'Horus IV' 9-max Seat #6 is the button
Seat 1: Pepono101 ($1.48 in chips) 
Seat 2: casmu7 ($1.21 in chips) 
Seat 3: RaphaRaff ($2.15 in chips) 
Seat 4: areo1219 ($1.05 in chips) 
Seat 5: Dorex2007 ($2 in chips) 
Seat 6: FACCHETADE$ ($2.85 in chips) 
Seat 7: Svetik.Gurbo ($0.68 in chips) 
Seat 8: dboulay1979 ($2.22 in chips) 
Seat 9: GianSantiago ($1.58 in chips) 
Svetik.Gurbo: posts small blind $0.01
dboulay1979: posts big blind $0.02
Dorex2007: posts big blind $0.02
*** HOLE CARDS ***
Dealt to Dorex2007 [6d 2h]
GianSantiago: folds 
Pepono101: folds 
casmu7: folds 
RaphaRaff: folds 
areo1219: folds 
Dorex2007: raises $0.04 to $0.06
FACCHETADE$: raises $2.79 to $2.85 and is all-in
Svetik.Gurbo: folds 
dboulay1979: folds 
Dorex2007: folds 
Uncalled bet ($2.79) returned to FACCHETADE$
FACCHETADE$ collected $0.15 from pot
FACCHETADE$: doesn't show hand 
*** SUMMARY ***
Total pot $0.15 | Rake $0 
Seat 1: Pepono101 folded before Flop (didn't bet)
Seat 2: casmu7 folded before Flop (didn't bet)
Seat 3: RaphaRaff folded before Flop (didn't bet)
Seat 4: areo1219 folded before Flop (didn't bet)
Seat 5: Dorex2007 folded before Flop
Seat 6: FACCHETADE$ (button) collected ($0.15)
Seat 7: Svetik.Gurbo (small blind) folded before Flop
Seat 8: dboulay1979 (big blind) folded before Flop
Seat 9: GianSantiago folded before Flop (didn't bet)



PokerStars Hand #228082874727:  Hold'em No Limit ($0.01/$0.02 USD) - 2021/07/05 14:48:39 PT [2021/07/05 17:48:39 ET]
Table 'Horus IV' 9-max Seat #7 is the button
Seat 1: Pepono101 ($1.48 in chips) 
Seat 2: casmu7 ($1.21 in chips) 
Seat 3: RaphaRaff ($2.15 in chips) 
Seat 4: areo1219 ($1.05 in chips) 
Seat 5: Dorex2007 ($1.94 in chips) 
Seat 6: FACCHETADE$ ($2.94 in chips) 
Seat 7: Svetik.Gurbo ($0.67 in chips) 
Seat 8: dboulay1979 ($2.20 in chips) 
Seat 9: GianSantiago ($1.58 in chips) 
dboulay1979: posts small blind $0.01
GianSantiago: posts big blind $0.02
*** HOLE CARDS ***
Dealt to Dorex2007 [Ad 2s]
Pepono101: folds 
casmu7: folds 
RaphaRaff: folds 
areo1219: calls $0.02
Dorex2007: folds 
FACCHETADE$: folds 
Svetik.Gurbo: folds 
dboulay1979: folds 
GianSantiago: checks 
*** FLOP *** [3s Qs 8s]
GianSantiago: checks 
areo1219: checks 
*** TURN *** [3s Qs 8s] [Jc]
GianSantiago: checks 
areo1219: checks 
*** RIVER *** [3s Qs 8s Jc] [5c]
GianSantiago: checks 
areo1219: checks 
*** SHOW DOWN ***
GianSantiago: shows [8d Kc] (a pair of Eights)
areo1219: mucks hand 
GianSantiago collected $0.05 from pot
*** SUMMARY ***
Total pot $0.05 | Rake $0 
Board [3s Qs 8s Jc 5c]
Seat 1: Pepono101 folded before Flop (didn't bet)
Seat 2: casmu7 folded before Flop (didn't bet)
Seat 3: RaphaRaff folded before Flop (didn't bet)
Seat 4: areo1219 mucked [6c 8h]
Seat 5: Dorex2007 folded before Flop (didn't bet)
Seat 6: FACCHETADE$ folded before Flop (didn't bet)
Seat 7: Svetik.Gurbo (button) folded before Flop (didn't bet)
Seat 8: dboulay1979 (small blind) folded before Flop
Seat 9: GianSantiago (big blind) showed [8d Kc] and won ($0.05) with a pair of Eights



PokerStars Hand #228082891949:  Hold'em No Limit ($0.01/$0.02 USD) - 2021/07/05 14:49:21 PT [2021/07/05 17:49:21 ET]
Table 'Horus IV' 9-max Seat #8 is the button
Seat 1: Pepono101 ($1.48 in chips) 
Seat 2: casmu7 ($1.21 in chips) 
Seat 3: RaphaRaff ($2.15 in chips) 
Seat 4: areo1219 ($1.03 in chips) 
Seat 5: Dorex2007 ($1.94 in chips) 
Seat 6: FACCHETADE$ ($2.94 in chips) 
Seat 7: Svetik.Gurbo ($0.67 in chips) 
Seat 8: dboulay1979 ($2.19 in chips) 
Seat 9: GianSantiago ($1.61 in chips) 
GianSantiago: posts small blind $0.01
Pepono101: posts big blind $0.02
*** HOLE CARDS ***
Dealt to Dorex2007 [Td Qd]
casmu7 has timed out
casmu7: folds 
RaphaRaff: folds 
areo1219: folds 
Dorex2007: folds 
FACCHETADE$: folds 
Svetik.Gurbo: folds 
dboulay1979: folds 
GianSantiago: folds 
Uncalled bet ($0.01) returned to Pepono101
Pepono101 collected $0.02 from pot
Pepono101: doesn't show hand 
*** SUMMARY ***
Total pot $0.02 | Rake $0 
Seat 1: Pepono101 (big blind) collected ($0.02)
Seat 2: casmu7 folded before Flop (didn't bet)
Seat 3: RaphaRaff folded before Flop (didn't bet)
Seat 4: areo1219 folded before Flop (didn't bet)
Seat 5: Dorex2007 folded before Flop (didn't bet)
Seat 6: FACCHETADE$ folded before Flop (didn't bet)
Seat 7: Svetik.Gurbo folded before Flop (didn't bet)
Seat 8: dboulay1979 (button) folded before Flop (didn't bet)
Seat 9: GianSantiago (small blind) folded before Flop



PokerStars Hand #228082903601:  Hold'em No Limit ($0.01/$0.02 USD) - 2021/07/05 14:49:50 PT [2021/07/05 17:49:50 ET]
Table 'Horus IV' 9-max Seat #9 is the button
Seat 1: Pepono101 ($1.49 in chips) 
Seat 2: casmu7 ($1.21 in chips) 
Seat 3: RaphaRaff ($2.15 in chips) 
Seat 4: areo1219 ($1.03 in chips) 
Seat 5: Dorex2007 ($1.94 in chips) 
Seat 6: FACCHETADE$ ($2.94 in chips) 
Seat 7: Svetik.Gurbo ($0.67 in chips) 
Seat 8: dboulay1979 ($2.19 in chips) 
Seat 9: GianSantiago ($1.60 in chips) 
Pepono101: posts small blind $0.01
casmu7: posts big blind $0.02
*** HOLE CARDS ***
Dealt to Dorex2007 [9c 3d]
RaphaRaff: folds 
areo1219: folds 
Dorex2007: folds 
FACCHETADE$: raises $0.02 to $0.04
Svetik.Gurbo: folds 
dboulay1979: calls $0.04
GianSantiago: folds 
Pepono101: folds 
casmu7: calls $0.02
*** FLOP *** [Td Ad 6h]
casmu7: checks 
FACCHETADE$: bets $0.13
dboulay1979: calls $0.13
casmu7: folds 
*** TURN *** [Td Ad 6h] [Qh]
FACCHETADE$: bets $0.19
dboulay1979: calls $0.19
*** RIVER *** [Td Ad 6h Qh] [4s]
FACCHETADE$: checks 
dboulay1979: checks 
*** SHOW DOWN ***
FACCHETADE$: shows [Ac 8s] (a pair of Aces)
dboulay1979: mucks hand 
FACCHETADE$ collected $0.74 from pot
*** SUMMARY ***
Total pot $0.77 | Rake $0.03 
Board [Td Ad 6h Qh 4s]
Seat 1: Pepono101 (small blind) folded before Flop
Seat 2: casmu7 (big blind) folded on the Flop
Seat 3: RaphaRaff folded before Flop (didn't bet)
Seat 4: areo1219 folded before Flop (didn't bet)
Seat 5: Dorex2007 folded before Flop (didn't bet)
Seat 6: FACCHETADE$ showed [Ac 8s] and won ($0.74) with a pair of Aces
Seat 7: Svetik.Gurbo folded before Flop (didn't bet)
Seat 8: dboulay1979 mucked [9d Jd]
Seat 9: GianSantiago (button) folded before Flop (didn't bet)



PokerStars Hand #228082930356:  Hold'em No Limit ($0.01/$0.02 USD) - 2021/07/05 14:50:55 PT [2021/07/05 17:50:55 ET]
Table 'Horus IV' 9-max Seat #1 is the button
Seat 1: Pepono101 ($1.48 in chips) 
Seat 2: casmu7 ($1.17 in chips) 
Seat 3: RaphaRaff ($2.15 in chips) 
Seat 4: areo1219 ($1.03 in chips) 
Seat 5: Dorex2007 ($1.94 in chips) 
Seat 6: FACCHETADE$ ($3.32 in chips) 
Seat 7: Svetik.Gurbo ($0.67 in chips) 
Seat 8: dboulay1979 ($2 in chips) 
Seat 9: GianSantiago ($1.60 in chips) 
casmu7: posts small blind $0.01
RaphaRaff: posts big blind $0.02
*** HOLE CARDS ***
Dealt to Dorex2007 [Th Js]
areo1219: folds 
Dorex2007: folds 
FACCHETADE$: folds 
Svetik.Gurbo: folds 
dboulay1979: calls $0.02
GianSantiago: folds 
Pepono101: folds 
casmu7: folds 
RaphaRaff: checks 
*** FLOP *** [9d 9c Jh]
RaphaRaff: bets $0.05
dboulay1979: folds 
Uncalled bet ($0.05) returned to RaphaRaff
RaphaRaff collected $0.05 from pot
RaphaRaff: doesn't show hand 
*** SUMMARY ***
Total pot $0.05 | Rake $0 
Board [9d 9c Jh]
Seat 1: Pepono101 (button) folded before Flop (didn't bet)
Seat 2: casmu7 (small blind) folded before Flop
Seat 3: RaphaRaff (big blind) collected ($0.05)
Seat 4: areo1219 folded before Flop (didn't bet)
Seat 5: Dorex2007 folded before Flop (didn't bet)
Seat 6: FACCHETADE$ folded before Flop (didn't bet)
Seat 7: Svetik.Gurbo folded before Flop (didn't bet)
Seat 8: dboulay1979 folded on the Flop
Seat 9: GianSantiago folded before Flop (didn't bet)



PokerStars Hand #228082943278:  Hold'em No Limit ($0.01/$0.02 USD) - 2021/07/05 14:51:26 PT [2021/07/05 17:51:26 ET]
Table 'Horus IV' 9-max Seat #2 is the button
Seat 1: Pepono101 ($1.48 in chips) 
Seat 2: casmu7 ($1.16 in chips) 
Seat 3: RaphaRaff ($2.18 in chips) 
Seat 4: areo1219 ($1.03 in chips) 
Seat 5: Dorex2007 ($1.94 in chips) 
Seat 6: FACCHETADE$ ($3.32 in chips) 
Seat 7: Svetik.Gurbo ($0.67 in chips) 
Seat 8: dboulay1979 ($2 in chips) 
Seat 9: GianSantiago ($1.60 in chips) 
RaphaRaff: posts small blind $0.01
areo1219: posts big blind $0.02
*** HOLE CARDS ***
Dealt to Dorex2007 [5d As]
Dorex2007: folds 
FACCHETADE$: raises $0.02 to $0.04
Svetik.Gurbo: folds 
dboulay1979: folds 
Svetik.Gurbo leaves the table
GianSantiago: calls $0.04
Pepono101: folds 
casmu7: folds 
RaphaRaff: calls $0.03
areo1219: folds 
*** FLOP *** [8s 2h Kc]
RaphaRaff: checks 
FACCHETADE$: checks 
GianSantiago: bets $0.11
RaphaRaff: folds 
FACCHETADE$: folds 
Uncalled bet ($0.11) returned to GianSantiago
GianSantiago collected $0.14 from pot
GianSantiago: doesn't show hand 
*** SUMMARY ***
Total pot $0.14 | Rake $0 
Board [8s 2h Kc]
Seat 1: Pepono101 folded before Flop (didn't bet)
Seat 2: casmu7 (button) folded before Flop (didn't bet)
Seat 3: RaphaRaff (small blind) folded on the Flop
Seat 4: areo1219 (big blind) folded before Flop
Seat 5: Dorex2007 folded before Flop (didn't bet)
Seat 6: FACCHETADE$ folded on the Flop
Seat 7: Svetik.Gurbo folded before Flop (didn't bet)
Seat 8: dboulay1979 folded before Flop (didn't bet)
Seat 9: GianSantiago collected ($0.14)



PokerStars Hand #228082965695:  Hold'em No Limit ($0.01/$0.02 USD) - 2021/07/05 14:52:21 PT [2021/07/05 17:52:21 ET]
Table 'Horus IV' 9-max Seat #3 is the button
Seat 1: Pepono101 ($1.48 in chips) 
Seat 2: casmu7 ($1.16 in chips) 
Seat 3: RaphaRaff ($2.14 in chips) 
Seat 4: areo1219 ($1.01 in chips) 
Seat 5: Dorex2007 ($1.94 in chips) 
Seat 6: FACCHETADE$ ($3.28 in chips) 
Seat 8: dboulay1979 ($2 in chips) 
Seat 9: GianSantiago ($1.70 in chips) 
areo1219: posts small blind $0.01
Dorex2007: posts big blind $0.02
*** HOLE CARDS ***
Dealt to Dorex2007 [5s Ad]
FACCHETADE$: folds 
dboulay1979: folds 
GianSantiago: folds 
Pepono101: folds 
casmu7: folds 
RaphaRaff: raises $0.03 to $0.05
areo1219: calls $0.04
mrcareen272 joins the table at seat #7 
Dorex2007: folds 
*** FLOP *** [9s 2c 4d]
areo1219: checks 
dboulay1979 leaves the table
RaphaRaff: bets $0.06
areo1219: calls $0.06
*** TURN *** [9s 2c 4d] [4h]
areo1219: checks 
tylerdurden21x joins the table at seat #8 
RaphaRaff: checks 
*** RIVER *** [9s 2c 4d 4h] [Qs]
areo1219: checks 
RaphaRaff: checks 
*** SHOW DOWN ***
areo1219: shows [Ac 5c] (a pair of Fours)
RaphaRaff: mucks hand 
areo1219 collected $0.23 from pot
*** SUMMARY ***
Total pot $0.24 | Rake $0.01 
Board [9s 2c 4d 4h Qs]
Seat 1: Pepono101 folded before Flop (didn't bet)
Seat 2: casmu7 folded before Flop (didn't bet)
Seat 3: RaphaRaff (button) mucked [7s 8s]
Seat 4: areo1219 (small blind) showed [Ac 5c] and won ($0.23) with a pair of Fours
Seat 5: Dorex2007 (big blind) folded before Flop
Seat 6: FACCHETADE$ folded before Flop (didn't bet)
Seat 8: dboulay1979 folded before Flop (didn't bet)
Seat 9: GianSantiago folded before Flop (didn't bet)



PokerStars Hand #228082994938:  Hold'em No Limit ($0.01/$0.02 USD) - 2021/07/05 14:53:22 PT [2021/07/05 17:53:22 ET]
Table 'Horus IV' 9-max Seat #4 is the button
Seat 1: Pepono101 ($1.48 in chips) 
Seat 2: casmu7 ($1.16 in chips) 
Seat 3: RaphaRaff ($2.03 in chips) 
Seat 4: areo1219 ($1.13 in chips) 
Seat 5: Dorex2007 ($1.92 in chips) 
Seat 6: FACCHETADE$ ($3.28 in chips) 
Seat 7: mrcareen272 ($2 in chips) 
Seat 9: GianSantiago ($1.70 in chips) 
Dorex2007: posts small blind $0.01
FACCHETADE$: posts big blind $0.02
mrcareen272: posts big blind $0.02
tylerdurden21x: sits out 
*** HOLE CARDS ***
Dealt to Dorex2007 [6d Jd]
mrcareen272: checks 
GianSantiago: folds 
Pepono101: folds 
casmu7: calls $0.02
RaphaRaff: folds 
areo1219: folds 
Dorex2007: folds 
FACCHETADE$: raises $0.24 to $0.26
mrcareen272: folds 
casmu7: folds 
Uncalled bet ($0.24) returned to FACCHETADE$
FACCHETADE$ collected $0.07 from pot
FACCHETADE$: doesn't show hand 
*** SUMMARY ***
Total pot $0.07 | Rake $0 
Seat 1: Pepono101 folded before Flop (didn't bet)
Seat 2: casmu7 folded before Flop
Seat 3: RaphaRaff folded before Flop (didn't bet)
Seat 4: areo1219 (button) folded before Flop (didn't bet)
Seat 5: Dorex2007 (small blind) folded before Flop
Seat 6: FACCHETADE$ (big blind) collected ($0.07)
Seat 7: mrcareen272 folded before Flop (didn't bet)
Seat 9: GianSantiago folded before Flop (didn't bet)



PokerStars Hand #228083015402:  Hold'em No Limit ($0.01/$0.02 USD) - 2021/07/05 14:54:13 PT [2021/07/05 17:54:13 ET]
Table 'Horus IV' 9-max Seat #5 is the button
Seat 1: Pepono101 ($1.48 in chips) 
Seat 2: casmu7 ($1.14 in chips) 
Seat 3: RaphaRaff ($2.03 in chips) 
Seat 4: areo1219 ($1.13 in chips) 
Seat 5: Dorex2007 ($1.91 in chips) 
Seat 6: FACCHETADE$ ($3.33 in chips) 
Seat 7: mrcareen272 ($1.98 in chips) 
Seat 9: GianSantiago ($1.70 in chips) 
FACCHETADE$: posts small blind $0.01
mrcareen272: posts big blind $0.02
tylerdurden21x: sits out 
*** HOLE CARDS ***
Dealt to Dorex2007 [Kh Th]
GianSantiago: calls $0.02
Pepono101: folds 
casmu7 has timed out
casmu7: folds 
RaphaRaff: folds 
areo1219: calls $0.02
Dorex2007: raises $0.04 to $0.06
FACCHETADE$: folds 
mrcareen272: calls $0.04
GianSantiago: folds 
areo1219: calls $0.04
*** FLOP *** [Kc 8c Js]
mrcareen272: checks 
areo1219: checks 
Dorex2007: bets $0.13
mrcareen272: folds 
areo1219: folds 
Uncalled bet ($0.13) returned to Dorex2007
Dorex2007 collected $0.20 from pot
Dorex2007: doesn't show hand 
*** SUMMARY ***
Total pot $0.21 | Rake $0.01 
Board [Kc 8c Js]
Seat 1: Pepono101 folded before Flop (didn't bet)
Seat 2: casmu7 folded before Flop (didn't bet)
Seat 3: RaphaRaff folded before Flop (didn't bet)
Seat 4: areo1219 folded on the Flop
Seat 5: Dorex2007 (button) collected ($0.20)
Seat 6: FACCHETADE$ (small blind) folded before Flop
Seat 7: mrcareen272 (big blind) folded on the Flop
Seat 9: GianSantiago folded before Flop



PokerStars Hand #228083033721:  Hold'em No Limit ($0.01/$0.02 USD) - 2021/07/05 14:54:59 PT [2021/07/05 17:54:59 ET]
Table 'Horus IV' 9-max Seat #6 is the button
Seat 1: Pepono101 ($1.48 in chips) 
Seat 2: casmu7 ($1.14 in chips) 
Seat 3: RaphaRaff ($2.03 in chips) 
Seat 4: areo1219 ($1.07 in chips) 
Seat 5: Dorex2007 ($2.05 in chips) 
Seat 6: FACCHETADE$ ($3.32 in chips) 
Seat 7: mrcareen272 ($1.92 in chips) 
Seat 8: tylerdurden21x ($2 in chips) 
Seat 9: GianSantiago ($1.68 in chips) 
mrcareen272: posts small blind $0.01
tylerdurden21x: posts big blind $0.02
*** HOLE CARDS ***
Dealt to Dorex2007 [9h 5d]
GianSantiago: folds 
Pepono101: folds 
casmu7: folds 
RaphaRaff: folds 
areo1219: calls $0.02
Dorex2007: folds 
FACCHETADE$: folds 
mrcareen272: raises $0.06 to $0.08
tylerdurden21x: folds 
areo1219: calls $0.06
*** FLOP *** [4d Kd 9s]
mrcareen272: bets $0.17
areo1219: calls $0.17
*** TURN *** [4d Kd 9s] [Ts]
mrcareen272: checks 
areo1219: checks 
*** RIVER *** [4d Kd 9s Ts] [2s]
mrcareen272: checks 
areo1219: checks 
*** SHOW DOWN ***
mrcareen272: shows [6d 6s] (a pair of Sixes)
areo1219: shows [Jd Kc] (a pair of Kings)
areo1219 collected $0.50 from pot
*** SUMMARY ***
Total pot $0.52 | Rake $0.02 
Board [4d Kd 9s Ts 2s]
Seat 1: Pepono101 folded before Flop (didn't bet)
Seat 2: casmu7 folded before Flop (didn't bet)
Seat 3: RaphaRaff folded before Flop (didn't bet)
Seat 4: areo1219 showed [Jd Kc] and won ($0.50) with a pair of Kings
Seat 5: Dorex2007 folded before Flop (didn't bet)
Seat 6: FACCHETADE$ (button) folded before Flop (didn't bet)
Seat 7: mrcareen272 (small blind) showed [6d 6s] and lost with a pair of Sixes
Seat 8: tylerdurden21x (big blind) folded before Flop
Seat 9: GianSantiago folded before Flop (didn't bet)



PokerStars Hand #228083047148:  Hold'em No Limit ($0.01/$0.02 USD) - 2021/07/05 14:55:40 PT [2021/07/05 17:55:40 ET]
Table 'Horus IV' 9-max Seat #7 is the button
Seat 1: Pepono101 ($1.48 in chips) 
Seat 2: casmu7 ($1.14 in chips) 
Seat 3: RaphaRaff ($2.03 in chips) 
Seat 4: areo1219 ($1.32 in chips) 
Seat 5: Dorex2007 ($2.05 in chips) 
Seat 6: FACCHETADE$ ($3.32 in chips) 
Seat 7: mrcareen272 ($1.67 in chips) 
Seat 8: tylerdurden21x ($1.98 in chips) 
Seat 9: GianSantiago ($1.68 in chips) 
tylerdurden21x: posts small blind $0.01
GianSantiago: posts big blind $0.02
*** HOLE CARDS ***
Dealt to Dorex2007 [5s Ad]
Pepono101: folds 
casmu7: calls $0.02
RaphaRaff: folds 
areo1219: folds 
Dorex2007: folds 
FACCHETADE$: folds 
mrcareen272: calls $0.02
tylerdurden21x: calls $0.01
GianSantiago: raises $0.08 to $0.10
casmu7: folds 
mrcareen272: calls $0.08
tylerdurden21x: folds 
*** FLOP *** [Qh 2c 6d]
GianSantiago: bets $0.10
mrcareen272: calls $0.10
*** TURN *** [Qh 2c 6d] [2h]
GianSantiago: checks 
mrcareen272: bets $0.42
GianSantiago: folds 
Uncalled bet ($0.42) returned to mrcareen272
mrcareen272 collected $0.42 from pot
mrcareen272: doesn't show hand 
*** SUMMARY ***
Total pot $0.44 | Rake $0.02 
Board [Qh 2c 6d 2h]
Seat 1: Pepono101 folded before Flop (didn't bet)
Seat 2: casmu7 folded before Flop
Seat 3: RaphaRaff folded before Flop (didn't bet)
Seat 4: areo1219 folded before Flop (didn't bet)
Seat 5: Dorex2007 folded before Flop (didn't bet)
Seat 6: FACCHETADE$ folded before Flop (didn't bet)
Seat 7: mrcareen272 (button) collected ($0.42)
Seat 8: tylerdurden21x (small blind) folded before Flop
Seat 9: GianSantiago (big blind) folded on the Turn



PokerStars Hand #228083064254:  Hold'em No Limit ($0.01/$0.02 USD) - 2021/07/05 14:56:35 PT [2021/07/05 17:56:35 ET]
Table 'Horus IV' 9-max Seat #8 is the button
Seat 1: Pepono101 ($1.48 in chips) 
Seat 2: casmu7 ($1.12 in chips) 
Seat 3: RaphaRaff ($2.03 in chips) 
Seat 4: areo1219 ($1.32 in chips) 
Seat 5: Dorex2007 ($2.05 in chips) 
Seat 6: FACCHETADE$ ($3.32 in chips) 
Seat 7: mrcareen272 ($1.89 in chips) 
Seat 8: tylerdurden21x ($1.96 in chips) 
Seat 9: GianSantiago ($1.48 in chips) 
GianSantiago: posts small blind $0.01
Pepono101: posts big blind $0.02
*** HOLE CARDS ***
Dealt to Dorex2007 [8d 4s]
casmu7: folds 
RaphaRaff: folds 
areo1219: calls $0.02
Dorex2007: folds 
FACCHETADE$: folds 
mrcareen272: calls $0.02
tylerdurden21x: folds 
GianSantiago: folds 
Pepono101: checks 
*** FLOP *** [6s Ad Qh]
Pepono101: checks 
areo1219: checks 
mrcareen272: checks 
*** TURN *** [6s Ad Qh] [7h]
Pepono101: checks 
areo1219: bets $0.02
mrcareen272: calls $0.02
Pepono101: calls $0.02
*** RIVER *** [6s Ad Qh 7h] [Jh]
Pepono101: bets $0.06
areo1219: calls $0.06
mrcareen272: folds 
*** SHOW DOWN ***
Pepono101: shows [8h Kh] (a flush, King high)
areo1219: mucks hand 
Pepono101 collected $0.24 from pot
*** SUMMARY ***
Total pot $0.25 | Rake $0.01 
Board [6s Ad Qh 7h Jh]
Seat 1: Pepono101 (big blind) showed [8h Kh] and won ($0.24) with a flush, King high
Seat 2: casmu7 folded before Flop (didn't bet)
Seat 3: RaphaRaff folded before Flop (didn't bet)
Seat 4: areo1219 mucked [9d Ah]
Seat 5: Dorex2007 folded before Flop (didn't bet)
Seat 6: FACCHETADE$ folded before Flop (didn't bet)
Seat 7: mrcareen272 folded on the River
Seat 8: tylerdurden21x (button) folded before Flop (didn't bet)
Seat 9: GianSantiago (small blind) folded before Flop



PokerStars Hand #228083083231:  Hold'em No Limit ($0.01/$0.02 USD) - 2021/07/05 14:57:36 PT [2021/07/05 17:57:36 ET]
Table 'Horus IV' 9-max Seat #9 is the button
Seat 1: Pepono101 ($1.62 in chips) 
Seat 2: casmu7 ($1.12 in chips) 
Seat 3: RaphaRaff ($2.03 in chips) 
Seat 5: Dorex2007 ($2.05 in chips) 
Seat 6: FACCHETADE$ ($3.32 in chips) 
Seat 7: mrcareen272 ($1.85 in chips) 
Seat 8: tylerdurden21x ($1.96 in chips) 
Seat 9: GianSantiago ($1.47 in chips) 
Pepono101: posts small blind $0.01
casmu7: posts big blind $0.02
*** HOLE CARDS ***
Dealt to Dorex2007 [9s Jd]
RaphaRaff: folds 
Dorex2007: folds 
FACCHETADE$: folds 
mrcareen272: calls $0.02
tylerdurden21x: folds 
GianSantiago: folds 
Pepono101: calls $0.01
casmu7: raises $0.02 to $0.04
mrcareen272: calls $0.02
Pepono101: calls $0.02
*** FLOP *** [Kh 6c 5s]
Pepono101: checks 
casmu7: checks 
mrcareen272: checks 
*** TURN *** [Kh 6c 5s] [3h]
Pepono101: checks 
casmu7: bets $0.02
mrcareen272: calls $0.02
Pepono101: folds 
*** RIVER *** [Kh 6c 5s 3h] [3d]
casmu7: checks 
mrcareen272: bets $0.15
casmu7: folds 
Uncalled bet ($0.15) returned to mrcareen272
mrcareen272 collected $0.15 from pot
mrcareen272: doesn't show hand 
*** SUMMARY ***
Total pot $0.16 | Rake $0.01 
Board [Kh 6c 5s 3h 3d]
Seat 1: Pepono101 (small blind) folded on the Turn
Seat 2: casmu7 (big blind) folded on the River
Seat 3: RaphaRaff folded before Flop (didn't bet)
Seat 5: Dorex2007 folded before Flop (didn't bet)
Seat 6: FACCHETADE$ folded before Flop (didn't bet)
Seat 7: mrcareen272 collected ($0.15)
Seat 8: tylerdurden21x folded before Flop (didn't bet)
Seat 9: GianSantiago (button) folded before Flop (didn't bet)



PokerStars Hand #228083106342:  Hold'em No Limit ($0.01/$0.02 USD) - 2021/07/05 14:58:49 PT [2021/07/05 17:58:49 ET]
Table 'Horus IV' 9-max Seat #1 is the button
Seat 1: Pepono101 ($1.58 in chips) 
Seat 2: casmu7 ($1.06 in chips) 
Seat 3: RaphaRaff ($2.03 in chips) 
Seat 5: Dorex2007 ($2.05 in chips) 
Seat 6: FACCHETADE$ ($3.32 in chips) 
Seat 7: mrcareen272 ($1.94 in chips) 
Seat 8: tylerdurden21x ($1.96 in chips) 
Seat 9: GianSantiago ($1.47 in chips) 
casmu7: posts small blind $0.01
RaphaRaff: posts big blind $0.02
*** HOLE CARDS ***
Dealt to Dorex2007 [Ts 5h]
Dorex2007: folds 
FACCHETADE$: folds 
mrcareen272: folds 
mrcareen272 leaves the table
tylerdurden21x: folds 
GianSantiago: folds 
ps123 joins the table at seat #7 
Pepono101: calls $0.02
casmu7: calls $0.01
RaphaRaff: checks 
*** FLOP *** [7h Qc Js]
casmu7: bets $0.06
RaphaRaff: folds 
Pepono101: folds 
Uncalled bet ($0.06) returned to casmu7
casmu7 collected $0.06 from pot
casmu7: doesn't show hand 
*** SUMMARY ***
Total pot $0.06 | Rake $0 
Board [7h Qc Js]
Seat 1: Pepono101 (button) folded on the Flop
Seat 2: casmu7 (small blind) collected ($0.06)
Seat 3: RaphaRaff (big blind) folded on the Flop
Seat 5: Dorex2007 folded before Flop (didn't bet)
Seat 6: FACCHETADE$ folded before Flop (didn't bet)
Seat 7: mrcareen272 folded before Flop (didn't bet)
Seat 8: tylerdurden21x folded before Flop (didn't bet)
Seat 9: GianSantiago folded before Flop (didn't bet)



PokerStars Hand #228083120049:  Hold'em No Limit ($0.01/$0.02 USD) - 2021/07/05 14:59:33 PT [2021/07/05 17:59:33 ET]
Table 'Horus IV' 9-max Seat #2 is the button
Seat 1: Pepono101 ($1.56 in chips) 
Seat 2: casmu7 ($1.10 in chips) 
Seat 3: RaphaRaff ($2.01 in chips) 
Seat 5: Dorex2007 ($2.05 in chips) 
Seat 6: FACCHETADE$ ($3.32 in chips) 
Seat 8: tylerdurden21x ($1.96 in chips) 
Seat 9: GianSantiago ($1.47 in chips) 
RaphaRaff: posts small blind $0.01
Dorex2007: posts big blind $0.02
ps123: sits out 
*** HOLE CARDS ***
Dealt to Dorex2007 [5s 3d]
FACCHETADE$: raises $0.02 to $0.04
tylerdurden21x: folds 
GianSantiago: folds 
Pepono101: folds 
casmu7: folds 
RaphaRaff: folds 
Dorex2007: folds 
Uncalled bet ($0.02) returned to FACCHETADE$
FACCHETADE$ collected $0.05 from pot
FACCHETADE$: doesn't show hand 
*** SUMMARY ***
Total pot $0.05 | Rake $0 
Seat 1: Pepono101 folded before Flop (didn't bet)
Seat 2: casmu7 (button) folded before Flop (didn't bet)
Seat 3: RaphaRaff (small blind) folded before Flop
Seat 5: Dorex2007 (big blind) folded before Flop
Seat 6: FACCHETADE$ collected ($0.05)
Seat 8: tylerdurden21x folded before Flop (didn't bet)
Seat 9: GianSantiago folded before Flop (didn't bet)



PokerStars Hand #228083124416:  Hold'em No Limit ($0.01/$0.02 USD) - 2021/07/05 14:59:47 PT [2021/07/05 17:59:47 ET]
Table 'Horus IV' 9-max Seat #3 is the button
Seat 1: Pepono101 ($1.56 in chips) 
Seat 2: casmu7 ($1.10 in chips) 
Seat 3: RaphaRaff ($2 in chips) 
Seat 5: Dorex2007 ($2.03 in chips) 
Seat 6: FACCHETADE$ ($3.35 in chips) 
Seat 7: ps123 ($1.60 in chips) 
Seat 8: tylerdurden21x ($1.96 in chips) 
Seat 9: GianSantiago ($1.47 in chips) 
Dorex2007: posts small blind $0.01
FACCHETADE$: posts big blind $0.02
ps123: posts big blind $0.02
*** HOLE CARDS ***
Dealt to Dorex2007 [3s Qh]
ps123: checks 
tylerdurden21x: calls $0.02
GianSantiago: folds 
Pepono101: folds 
casmu7: folds 
RaphaRaff: folds 
Dorex2007: folds 
FACCHETADE$: checks 
*** FLOP *** [Ac 5d Js]
FACCHETADE$: checks 
ps123: checks 
tylerdurden21x: bets $0.02
FACCHETADE$: folds 
ps123: folds 
Uncalled bet ($0.02) returned to tylerdurden21x
tylerdurden21x collected $0.07 from pot
tylerdurden21x: doesn't show hand 
*** SUMMARY ***
Total pot $0.07 | Rake $0 
Board [Ac 5d Js]
Seat 1: Pepono101 folded before Flop (didn't bet)
Seat 2: casmu7 folded before Flop (didn't bet)
Seat 3: RaphaRaff (button) folded before Flop (didn't bet)
Seat 5: Dorex2007 (small blind) folded before Flop
Seat 6: FACCHETADE$ (big blind) folded on the Flop
Seat 7: ps123 folded on the Flop (didn't bet)
Seat 8: tylerdurden21x collected ($0.07)
Seat 9: GianSantiago folded before Flop (didn't bet)



PokerStars Hand #228083146213:  Hold'em No Limit ($0.01/$0.02 USD) - 2021/07/05 15:00:53 PT [2021/07/05 18:00:53 ET]
Table 'Horus IV' 9-max Seat #5 is the button
Seat 1: Pepono101 ($1.56 in chips) 
Seat 2: casmu7 ($1.10 in chips) 
Seat 3: RaphaRaff ($2 in chips) 
Seat 5: Dorex2007 ($2.02 in chips) 
Seat 6: FACCHETADE$ ($3.33 in chips) 
Seat 7: ps123 ($1.58 in chips) 
Seat 8: tylerdurden21x ($2.01 in chips) 
Seat 9: GianSantiago ($1.47 in chips) 
FACCHETADE$: posts small blind $0.01
ps123: posts big blind $0.02
*** HOLE CARDS ***
Dealt to Dorex2007 [5d 6c]
tylerdurden21x: raises $0.02 to $0.04
GianSantiago: folds 
Pepono101: folds 
casmu7: folds 
RaphaRaff: raises $0.02 to $0.06
Dorex2007: folds 
FACCHETADE$: folds 
ps123: folds 
tylerdurden21x: calls $0.02
*** FLOP *** [5h Jc 8h]
tylerdurden21x: checks 
RaphaRaff: bets $0.07
tylerdurden21x: folds 
Uncalled bet ($0.07) returned to RaphaRaff
RaphaRaff collected $0.14 from pot
RaphaRaff: doesn't show hand 
*** SUMMARY ***
Total pot $0.15 | Rake $0.01 
Board [5h Jc 8h]
Seat 1: Pepono101 folded before Flop (didn't bet)
Seat 2: casmu7 folded before Flop (didn't bet)
Seat 3: RaphaRaff collected ($0.14)
Seat 5: Dorex2007 (button) folded before Flop (didn't bet)
Seat 6: FACCHETADE$ (small blind) folded before Flop
Seat 7: ps123 (big blind) folded before Flop
Seat 8: tylerdurden21x folded on the Flop
Seat 9: GianSantiago folded before Flop (didn't bet)



PokerStars Hand #228083167819:  Hold'em No Limit ($0.01/$0.02 USD) - 2021/07/05 15:01:50 PT [2021/07/05 18:01:50 ET]
Table 'Horus IV' 9-max Seat #6 is the button
Seat 1: Pepono101 ($1.56 in chips) 
Seat 2: casmu7 ($1.10 in chips) 
Seat 3: RaphaRaff ($2.08 in chips) 
Seat 5: Dorex2007 ($2.02 in chips) 
Seat 6: FACCHETADE$ ($3.32 in chips) 
Seat 7: ps123 ($1.56 in chips) 
Seat 8: tylerdurden21x ($1.95 in chips) 
Seat 9: GianSantiago ($1.47 in chips) 
ps123: posts small blind $0.01
tylerdurden21x: posts big blind $0.02
*** HOLE CARDS ***
Dealt to Dorex2007 [2h 7c]
GianSantiago: folds 
Pepono101: raises $0.04 to $0.06
casmu7: folds 
RaphaRaff: folds 
Dorex2007: folds 
FACCHETADE$: folds 
ps123: folds 
tylerdurden21x: folds 
Uncalled bet ($0.04) returned to Pepono101
Pepono101 collected $0.05 from pot
Pepono101: doesn't show hand 
*** SUMMARY ***
Total pot $0.05 | Rake $0 
Seat 1: Pepono101 collected ($0.05)
Seat 2: casmu7 folded before Flop (didn't bet)
Seat 3: RaphaRaff folded before Flop (didn't bet)
Seat 5: Dorex2007 folded before Flop (didn't bet)
Seat 6: FACCHETADE$ (button) folded before Flop (didn't bet)
Seat 7: ps123 (small blind) folded before Flop
Seat 8: tylerdurden21x (big blind) folded before Flop
Seat 9: GianSantiago folded before Flop (didn't bet)



PokerStars Hand #228083180845:  Hold'em No Limit ($0.01/$0.02 USD) - 2021/07/05 15:02:25 PT [2021/07/05 18:02:25 ET]
Table 'Horus IV' 9-max Seat #7 is the button
Seat 1: Pepono101 ($1.59 in chips) 
Seat 2: casmu7 ($1.10 in chips) 
Seat 3: RaphaRaff ($2.08 in chips) 
Seat 4: areo1219 ($1.22 in chips) 
Seat 5: Dorex2007 ($2.02 in chips) 
Seat 6: FACCHETADE$ ($3.32 in chips) 
Seat 7: ps123 ($1.55 in chips) 
Seat 8: tylerdurden21x ($1.93 in chips) 
Seat 9: GianSantiago ($1.47 in chips) 
tylerdurden21x: posts small blind $0.01
GianSantiago: posts big blind $0.02
areo1219: posts small & big blinds $0.03
*** HOLE CARDS ***
Dealt to Dorex2007 [5h Kh]
Pepono101: raises $0.08 to $0.10
casmu7: folds 
RaphaRaff: folds 
areo1219: calls $0.08
Dorex2007: folds 
FACCHETADE$: folds 
ps123: folds 
tylerdurden21x: folds 
GianSantiago: calls $0.08
*** FLOP *** [2s As 3c]
GianSantiago: checks 
Pepono101: checks 
areo1219: checks 
*** TURN *** [2s As 3c] [9d]
GianSantiago: checks 
Pepono101: bets $0.31
areo1219: folds 
GianSantiago: folds 
Uncalled bet ($0.31) returned to Pepono101
Pepono101 collected $0.31 from pot
Pepono101: doesn't show hand 
*** SUMMARY ***
Total pot $0.32 | Rake $0.01 
Board [2s As 3c 9d]
Seat 1: Pepono101 collected ($0.31)
Seat 2: casmu7 folded before Flop (didn't bet)
Seat 3: RaphaRaff folded before Flop (didn't bet)
Seat 4: areo1219 folded on the Turn
Seat 5: Dorex2007 folded before Flop (didn't bet)
Seat 6: FACCHETADE$ folded before Flop (didn't bet)
Seat 7: ps123 (button) folded before Flop (didn't bet)
Seat 8: tylerdurden21x (small blind) folded before Flop
Seat 9: GianSantiago (big blind) folded on the Turn



PokerStars Hand #228083210210:  Hold'em No Limit ($0.01/$0.02 USD) - 2021/07/05 15:03:41 PT [2021/07/05 18:03:41 ET]
Table 'Horus IV' 9-max Seat #8 is the button
Seat 1: Pepono101 ($1.80 in chips) 
Seat 2: casmu7 ($1.10 in chips) 
Seat 3: RaphaRaff ($2.08 in chips) 
Seat 4: areo1219 ($1.11 in chips) 
Seat 5: Dorex2007 ($2.02 in chips) 
Seat 6: FACCHETADE$ ($3.32 in chips) 
Seat 7: ps123 ($1.55 in chips) 
Seat 8: tylerdurden21x ($2 in chips) 
Seat 9: GianSantiago ($1.37 in chips) 
GianSantiago: posts small blind $0.01
Pepono101: posts big blind $0.02
*** HOLE CARDS ***
Dealt to Dorex2007 [2h 3d]
casmu7: calls $0.02
RaphaRaff: raises $0.08 to $0.10
areo1219: folds 
Dorex2007: folds 
FACCHETADE$: folds 
ps123: folds 
tylerdurden21x: folds 
GianSantiago: folds 
Pepono101: calls $0.08
casmu7: folds 
*** FLOP *** [8h 8d 6s]
Pepono101: checks 
RaphaRaff: bets $0.15
Pepono101: folds 
Uncalled bet ($0.15) returned to RaphaRaff
RaphaRaff collected $0.22 from pot
RaphaRaff: doesn't show hand 
*** SUMMARY ***
Total pot $0.23 | Rake $0.01 
Board [8h 8d 6s]
Seat 1: Pepono101 (big blind) folded on the Flop
Seat 2: casmu7 folded before Flop
Seat 3: RaphaRaff collected ($0.22)
Seat 4: areo1219 folded before Flop (didn't bet)
Seat 5: Dorex2007 folded before Flop (didn't bet)
Seat 6: FACCHETADE$ folded before Flop (didn't bet)
Seat 7: ps123 folded before Flop (didn't bet)
Seat 8: tylerdurden21x (button) folded before Flop (didn't bet)
Seat 9: GianSantiago (small blind) folded before Flop



PokerStars Hand #228083227008:  Hold'em No Limit ($0.01/$0.02 USD) - 2021/07/05 15:04:25 PT [2021/07/05 18:04:25 ET]
Table 'Horus IV' 9-max Seat #9 is the button
Seat 1: Pepono101 ($1.70 in chips) 
Seat 2: casmu7 ($1.08 in chips) 
Seat 3: RaphaRaff ($2.20 in chips) 
Seat 4: areo1219 ($1.11 in chips) 
Seat 5: Dorex2007 ($2.02 in chips) 
Seat 6: FACCHETADE$ ($3.32 in chips) 
Seat 7: ps123 ($1.55 in chips) 
Seat 8: tylerdurden21x ($2 in chips) 
Seat 9: GianSantiago ($1.36 in chips) 
Pepono101: posts small blind $0.01
casmu7: posts big blind $0.02
*** HOLE CARDS ***
Dealt to Dorex2007 [Jh 5c]
RaphaRaff: folds 
areo1219: folds 
Dorex2007: folds 
FACCHETADE$: raises $0.02 to $0.04
ps123: folds 
tylerdurden21x: folds 
GianSantiago: folds 
Pepono101: folds 
casmu7: folds 
Uncalled bet ($0.02) returned to FACCHETADE$
FACCHETADE$ collected $0.05 from pot
FACCHETADE$: doesn't show hand 
*** SUMMARY ***
Total pot $0.05 | Rake $0 
Seat 1: Pepono101 (small blind) folded before Flop
Seat 2: casmu7 (big blind) folded before Flop
Seat 3: RaphaRaff folded before Flop (didn't bet)
Seat 4: areo1219 folded before Flop (didn't bet)
Seat 5: Dorex2007 folded before Flop (didn't bet)
Seat 6: FACCHETADE$ collected ($0.05)
Seat 7: ps123 folded before Flop (didn't bet)
Seat 8: tylerdurden21x folded before Flop (didn't bet)
Seat 9: GianSantiago (button) folded before Flop (didn't bet)



PokerStars Hand #228083234565:  Hold'em No Limit ($0.01/$0.02 USD) - 2021/07/05 15:04:44 PT [2021/07/05 18:04:44 ET]
Table 'Horus IV' 9-max Seat #1 is the button
Seat 1: Pepono101 ($1.69 in chips) 
Seat 2: casmu7 ($1.06 in chips) 
Seat 3: RaphaRaff ($2.20 in chips) 
Seat 4: areo1219 ($1.11 in chips) 
Seat 5: Dorex2007 ($2.02 in chips) 
Seat 6: FACCHETADE$ ($3.35 in chips) 
Seat 7: ps123 ($1.55 in chips) 
Seat 8: tylerdurden21x ($2 in chips) 
Seat 9: GianSantiago ($1.36 in chips) 
casmu7: posts small blind $0.01
RaphaRaff: posts big blind $0.02
*** HOLE CARDS ***
Dealt to Dorex2007 [7h 6d]
areo1219: folds 
Dorex2007: folds 
FACCHETADE$: raises $0.02 to $0.04
ps123: folds 
tylerdurden21x: folds 
GianSantiago: folds 
Pepono101: calls $0.04
casmu7: calls $0.03
RaphaRaff: calls $0.02
*** FLOP *** [Jd 9h Qd]
casmu7: bets $0.06
GianSantiago leaves the table
RaphaRaff: raises $0.10 to $0.16
FACCHETADE$: folds 
Pepono101: folds 
casmu7: calls $0.10
*** TURN *** [Jd 9h Qd] [9c]
casmu7: bets $0.06
Apestonk joins the table at seat #9 
RaphaRaff: raises $0.19 to $0.25
casmu7: calls $0.19
*** RIVER *** [Jd 9h Qd 9c] [4h]
casmu7: checks 
RaphaRaff: bets $0.63
casmu7: folds 
Uncalled bet ($0.63) returned to RaphaRaff
RaphaRaff collected $0.95 from pot
RaphaRaff: doesn't show hand 
*** SUMMARY ***
Total pot $0.98 | Rake $0.03 
Board [Jd 9h Qd 9c 4h]
Seat 1: Pepono101 (button) folded on the Flop
Seat 2: casmu7 (small blind) folded on the River
Seat 3: RaphaRaff (big blind) collected ($0.95)
Seat 4: areo1219 folded before Flop (didn't bet)
Seat 5: Dorex2007 folded before Flop (didn't bet)
Seat 6: FACCHETADE$ folded on the Flop
Seat 7: ps123 folded before Flop (didn't bet)
Seat 8: tylerdurden21x folded before Flop (didn't bet)
Seat 9: GianSantiago folded before Flop (didn't bet)



PokerStars Hand #228083275426:  Hold'em No Limit ($0.01/$0.02 USD) - 2021/07/05 15:06:29 PT [2021/07/05 18:06:29 ET]
Table 'Horus IV' 9-max Seat #2 is the button
Seat 1: Pepono101 ($1.65 in chips) 
Seat 2: casmu7 ($0.61 in chips) 
Seat 3: RaphaRaff ($2.70 in chips) 
Seat 4: areo1219 ($1.11 in chips) 
Seat 5: Dorex2007 ($2.02 in chips) 
Seat 6: FACCHETADE$ ($3.31 in chips) 
Seat 7: ps123 ($1.55 in chips) 
Seat 8: tylerdurden21x ($2 in chips) 
RaphaRaff: posts small blind $0.01
areo1219: posts big blind $0.02
Apestonk: sits out 
*** HOLE CARDS ***
Dealt to Dorex2007 [5d 3d]
Dorex2007: folds 
FACCHETADE$: folds 
ps123: calls $0.02
tylerdurden21x: folds 
Pepono101: folds 
casmu7: calls $0.02
RaphaRaff: folds 
areo1219: checks 
*** FLOP *** [Ac 5c 4c]
areo1219: checks 
ps123: checks 
casmu7: checks 
*** TURN *** [Ac 5c 4c] [Kd]
areo1219: checks 
ps123: checks 
casmu7: checks 
*** RIVER *** [Ac 5c 4c Kd] [2c]
areo1219: checks 
ps123: checks 
casmu7: bets $0.02
Apestonk leaves the table
areo1219: calls $0.02
ps123: folds 
*** SHOW DOWN ***
casmu7: shows [Tc Qd] (a flush, Ace high)
areo1219: mucks hand 
casmu7 collected $0.11 from pot
*** SUMMARY ***
Total pot $0.11 | Rake $0 
Board [Ac 5c 4c Kd 2c]
Seat 1: Pepono101 folded before Flop (didn't bet)
Seat 2: casmu7 (button) showed [Tc Qd] and won ($0.11) with a flush, Ace high
Seat 3: RaphaRaff (small blind) folded before Flop
Seat 4: areo1219 (big blind) mucked [4h 7s]
Seat 5: Dorex2007 folded before Flop (didn't bet)
Seat 6: FACCHETADE$ folded before Flop (didn't bet)
Seat 7: ps123 folded on the River
Seat 8: tylerdurden21x folded before Flop (didn't bet)



PokerStars Hand #228083296034:  Hold'em No Limit ($0.01/$0.02 USD) - 2021/07/05 15:07:21 PT [2021/07/05 18:07:21 ET]
Table 'Horus IV' 9-max Seat #3 is the button
Seat 1: Pepono101 ($1.65 in chips) 
Seat 2: casmu7 ($0.68 in chips) 
Seat 3: RaphaRaff ($2.69 in chips) 
Seat 4: areo1219 ($1.07 in chips) 
Seat 5: Dorex2007 ($2.02 in chips) 
Seat 6: FACCHETADE$ ($3.31 in chips) 
Seat 7: ps123 ($1.53 in chips) 
Seat 8: tylerdurden21x ($2 in chips) 
areo1219: posts small blind $0.01
Dorex2007: posts big blind $0.02
*** HOLE CARDS ***
Dealt to Dorex2007 [Jd 5h]
PuppyD33 joins the table at seat #9 
FACCHETADE$: raises $0.02 to $0.04
ps123: folds 
tylerdurden21x: folds 
Pepono101: folds 
casmu7: raises $0.06 to $0.10
RaphaRaff: folds 
areo1219: calls $0.09
Dorex2007: folds 
FACCHETADE$: calls $0.06
*** FLOP *** [Ah 4d 8c]
areo1219: checks 
FACCHETADE$: checks 
casmu7: checks 
*** TURN *** [Ah 4d 8c] [5s]
areo1219: bets $0.02
FACCHETADE$: calls $0.02
casmu7: raises $0.06 to $0.08
areo1219: calls $0.06
FACCHETADE$: folds 
*** RIVER *** [Ah 4d 8c 5s] [2h]
areo1219: checks 
casmu7: bets $0.10
areo1219: calls $0.10
*** SHOW DOWN ***
casmu7: shows [Ac As] (three of a kind, Aces)
areo1219: mucks hand 
casmu7 collected $0.68 from pot
*** SUMMARY ***
Total pot $0.70 | Rake $0.02 
Board [Ah 4d 8c 5s 2h]
Seat 1: Pepono101 folded before Flop (didn't bet)
Seat 2: casmu7 showed [Ac As] and won ($0.68) with three of a kind, Aces
Seat 3: RaphaRaff (button) folded before Flop (didn't bet)
Seat 4: areo1219 (small blind) mucked [6h Ad]
Seat 5: Dorex2007 (big blind) folded before Flop
Seat 6: FACCHETADE$ folded on the Turn
Seat 7: ps123 folded before Flop (didn't bet)
Seat 8: tylerdurden21x folded before Flop (didn't bet)



PokerStars Hand #228083333642:  Hold'em No Limit ($0.01/$0.02 USD) - 2021/07/05 15:08:49 PT [2021/07/05 18:08:49 ET]
Table 'Horus IV' 9-max Seat #4 is the button
Seat 1: Pepono101 ($1.65 in chips) 
Seat 2: casmu7 ($1.08 in chips) 
Seat 3: RaphaRaff ($2.69 in chips) 
Seat 4: areo1219 ($0.79 in chips) 
Seat 5: Dorex2007 ($2 in chips) 
Seat 6: FACCHETADE$ ($3.19 in chips) 
Seat 7: ps123 ($1.53 in chips) 
Seat 8: tylerdurden21x ($2 in chips) 
Seat 9: PuppyD33 ($1.60 in chips) 
Dorex2007: posts small blind $0.01
FACCHETADE$: posts big blind $0.02
PuppyD33: posts big blind $0.02
*** HOLE CARDS ***
Dealt to Dorex2007 [7d 5d]
ps123: folds 
tylerdurden21x: folds 
PuppyD33: checks 
Pepono101: folds 
casmu7: calls $0.02
RaphaRaff: folds 
areo1219: folds 
Dorex2007: calls $0.01
FACCHETADE$: checks 
*** FLOP *** [Js 9c Ad]
Dorex2007: checks 
FACCHETADE$: bets $0.08
PuppyD33: calls $0.08
casmu7: calls $0.08
Dorex2007: folds 
*** TURN *** [Js 9c Ad] [6h]
FACCHETADE$: bets $0.31
PuppyD33: folds 
casmu7: folds 
Uncalled bet ($0.31) returned to FACCHETADE$
FACCHETADE$ collected $0.31 from pot
FACCHETADE$: doesn't show hand 
*** SUMMARY ***
Total pot $0.32 | Rake $0.01 
Board [Js 9c Ad 6h]
Seat 1: Pepono101 folded before Flop (didn't bet)
Seat 2: casmu7 folded on the Turn
Seat 3: RaphaRaff folded before Flop (didn't bet)
Seat 4: areo1219 (button) folded before Flop (didn't bet)
Seat 5: Dorex2007 (small blind) folded on the Flop
Seat 6: FACCHETADE$ (big blind) collected ($0.31)
Seat 7: ps123 folded before Flop (didn't bet)
Seat 8: tylerdurden21x folded before Flop (didn't bet)
Seat 9: PuppyD33 folded on the Turn



PokerStars Hand #228083354993:  Hold'em No Limit ($0.01/$0.02 USD) - 2021/07/05 15:09:45 PT [2021/07/05 18:09:45 ET]
Table 'Horus IV' 9-max Seat #5 is the button
Seat 1: Pepono101 ($1.65 in chips) 
Seat 2: casmu7 ($0.98 in chips) 
Seat 3: RaphaRaff ($2.69 in chips) 
Seat 4: areo1219 ($0.79 in chips) 
Seat 5: Dorex2007 ($1.98 in chips) 
Seat 6: FACCHETADE$ ($3.40 in chips) 
Seat 7: ps123 ($1.53 in chips) 
Seat 8: tylerdurden21x ($2 in chips) 
Seat 9: PuppyD33 ($1.50 in chips) 
FACCHETADE$: posts small blind $0.01
ps123: posts big blind $0.02
*** HOLE CARDS ***
Dealt to Dorex2007 [Qc 9c]
tylerdurden21x: folds 
PuppyD33: calls $0.02
Pepono101: folds 
casmu7: raises $0.02 to $0.04
RaphaRaff: folds 
areo1219: calls $0.04
Dorex2007: folds 
FACCHETADE$: calls $0.03
ps123: folds 
PuppyD33: calls $0.02
*** FLOP *** [5h 9d 5s]
FACCHETADE$: checks 
PuppyD33: checks 
casmu7: bets $0.06
areo1219: folds 
FACCHETADE$: folds 
PuppyD33: calls $0.06
*** TURN *** [5h 9d 5s] [Ac]
PuppyD33: checks 
casmu7: bets $0.06
PuppyD33: calls $0.06
*** RIVER *** [5h 9d 5s Ac] [3h]
PuppyD33: checks 
casmu7: checks 
*** SHOW DOWN ***
PuppyD33: shows [As 7s] (two pair, Aces and Fives)
casmu7: mucks hand 
PuppyD33 collected $0.41 from pot
*** SUMMARY ***
Total pot $0.42 | Rake $0.01 
Board [5h 9d 5s Ac 3h]
Seat 1: Pepono101 folded before Flop (didn't bet)
Seat 2: casmu7 mucked [Qh Qs]
Seat 3: RaphaRaff folded before Flop (didn't bet)
Seat 4: areo1219 folded on the Flop
Seat 5: Dorex2007 (button) folded before Flop (didn't bet)
Seat 6: FACCHETADE$ (small blind) folded on the Flop
Seat 7: ps123 (big blind) folded before Flop
Seat 8: tylerdurden21x folded before Flop (didn't bet)
Seat 9: PuppyD33 showed [As 7s] and won ($0.41) with two pair, Aces and Fives



PokerStars Hand #228083388647:  Hold'em No Limit ($0.01/$0.02 USD) - 2021/07/05 15:11:13 PT [2021/07/05 18:11:13 ET]
Table 'Horus IV' 9-max Seat #6 is the button
Seat 1: Pepono101 ($1.65 in chips) 
Seat 2: casmu7 ($0.82 in chips) 
Seat 3: RaphaRaff ($2.69 in chips) 
Seat 4: areo1219 ($0.75 in chips) 
Seat 5: Dorex2007 ($1.98 in chips) 
Seat 6: FACCHETADE$ ($3.36 in chips) 
Seat 7: ps123 ($1.51 in chips) 
Seat 8: tylerdurden21x ($2 in chips) 
Seat 9: PuppyD33 ($1.75 in chips) 
ps123: posts small blind $0.01
tylerdurden21x: posts big blind $0.02
*** HOLE CARDS ***
Dealt to Dorex2007 [Ad 8s]
PuppyD33: folds 
Pepono101: folds 
casmu7: folds 
RaphaRaff: folds 
areo1219: folds 
Dorex2007: folds 
FACCHETADE$: folds 
ps123: folds 
Uncalled bet ($0.01) returned to tylerdurden21x
tylerdurden21x collected $0.02 from pot
tylerdurden21x: doesn't show hand 
*** SUMMARY ***
Total pot $0.02 | Rake $0 
Seat 1: Pepono101 folded before Flop (didn't bet)
Seat 2: casmu7 folded before Flop (didn't bet)
Seat 3: RaphaRaff folded before Flop (didn't bet)
Seat 4: areo1219 folded before Flop (didn't bet)
Seat 5: Dorex2007 folded before Flop (didn't bet)
Seat 6: FACCHETADE$ (button) folded before Flop (didn't bet)
Seat 7: ps123 (small blind) folded before Flop
Seat 8: tylerdurden21x (big blind) collected ($0.02)
Seat 9: PuppyD33 folded before Flop (didn't bet)



PokerStars Hand #228083397349:  Hold'em No Limit ($0.01/$0.02 USD) - 2021/07/05 15:11:37 PT [2021/07/05 18:11:37 ET]
Table 'Horus IV' 9-max Seat #7 is the button
Seat 1: Pepono101 ($1.65 in chips) 
Seat 2: casmu7 ($0.82 in chips) 
Seat 3: RaphaRaff ($2.69 in chips) 
Seat 4: areo1219 ($0.75 in chips) 
Seat 5: Dorex2007 ($1.98 in chips) 
Seat 6: FACCHETADE$ ($3.36 in chips) 
Seat 7: ps123 ($1.50 in chips) 
Seat 8: tylerdurden21x ($2.01 in chips) 
Seat 9: PuppyD33 ($1.75 in chips) 
tylerdurden21x: posts small blind $0.01
PuppyD33: posts big blind $0.02
*** HOLE CARDS ***
Dealt to Dorex2007 [Qd 4d]
Pepono101: folds 
casmu7 has timed out
casmu7: folds 
RaphaRaff: raises $0.04 to $0.06
areo1219: folds 
Dorex2007: folds 
FACCHETADE$: folds 
ps123: folds 
tylerdurden21x: folds 
PuppyD33: folds 
Uncalled bet ($0.04) returned to RaphaRaff
RaphaRaff collected $0.05 from pot
RaphaRaff: doesn't show hand 
*** SUMMARY ***
Total pot $0.05 | Rake $0 
Seat 1: Pepono101 folded before Flop (didn't bet)
Seat 2: casmu7 folded before Flop (didn't bet)
Seat 3: RaphaRaff collected ($0.05)
Seat 4: areo1219 folded before Flop (didn't bet)
Seat 5: Dorex2007 folded before Flop (didn't bet)
Seat 6: FACCHETADE$ folded before Flop (didn't bet)
Seat 7: ps123 (button) folded before Flop (didn't bet)
Seat 8: tylerdurden21x (small blind) folded before Flop
Seat 9: PuppyD33 (big blind) folded before Flop



PokerStars Hand #228083412991:  Hold'em No Limit ($0.01/$0.02 USD) - 2021/07/05 15:12:17 PT [2021/07/05 18:12:17 ET]
Table 'Horus IV' 9-max Seat #8 is the button
Seat 1: Pepono101 ($1.65 in chips) 
Seat 2: casmu7 ($0.82 in chips) 
Seat 3: RaphaRaff ($2.72 in chips) 
Seat 4: areo1219 ($0.75 in chips) 
Seat 5: Dorex2007 ($1.98 in chips) 
Seat 6: FACCHETADE$ ($3.36 in chips) 
Seat 7: ps123 ($1.50 in chips) 
Seat 8: tylerdurden21x ($2 in chips) 
Seat 9: PuppyD33 ($1.73 in chips) 
PuppyD33: posts small blind $0.01
Pepono101: posts big blind $0.02
*** HOLE CARDS ***
Dealt to Dorex2007 [3d Qd]
casmu7: calls $0.02
RaphaRaff: folds 
areo1219: calls $0.02
Dorex2007: folds 
FACCHETADE$: calls $0.02
ps123: folds 
tylerdurden21x: folds 
PuppyD33: calls $0.01
Pepono101: checks 
*** FLOP *** [7h Ac As]
PuppyD33: checks 
Pepono101: checks 
casmu7: checks 
areo1219: checks 
FACCHETADE$: checks 
*** TURN *** [7h Ac As] [3h]
PuppyD33: bets $0.04
Pepono101: folds 
casmu7: calls $0.04
areo1219: calls $0.04
FACCHETADE$: folds 
*** RIVER *** [7h Ac As 3h] [3c]
PuppyD33: bets $0.06
casmu7: folds 
areo1219: calls $0.06
*** SHOW DOWN ***
PuppyD33: shows [9s 9d] (two pair, Aces and Nines)
areo1219: mucks hand 
PuppyD33 collected $0.33 from pot
*** SUMMARY ***
Total pot $0.34 | Rake $0.01 
Board [7h Ac As 3h 3c]
Seat 1: Pepono101 (big blind) folded on the Turn
Seat 2: casmu7 folded on the River
Seat 3: RaphaRaff folded before Flop (didn't bet)
Seat 4: areo1219 mucked [Jd 7d]
Seat 5: Dorex2007 folded before Flop (didn't bet)
Seat 6: FACCHETADE$ folded on the Turn
Seat 7: ps123 folded before Flop (didn't bet)
Seat 8: tylerdurden21x (button) folded before Flop (didn't bet)
Seat 9: PuppyD33 (small blind) showed [9s 9d] and won ($0.33) with two pair, Aces and Nines



PokerStars Hand #228083449931:  Hold'em No Limit ($0.01/$0.02 USD) - 2021/07/05 15:13:52 PT [2021/07/05 18:13:52 ET]
Table 'Horus IV' 9-max Seat #9 is the button
Seat 1: Pepono101 ($1.63 in chips) 
Seat 2: casmu7 ($0.76 in chips) 
Seat 3: RaphaRaff ($2.72 in chips) 
Seat 4: areo1219 ($0.63 in chips) 
Seat 5: Dorex2007 ($1.98 in chips) 
Seat 6: FACCHETADE$ ($3.34 in chips) 
Seat 7: ps123 ($1.50 in chips) 
Seat 8: tylerdurden21x ($2 in chips) 
Seat 9: PuppyD33 ($1.94 in chips) 
Pepono101: posts small blind $0.01
casmu7: posts big blind $0.02
*** HOLE CARDS ***
Dealt to Dorex2007 [Jc 7d]
RaphaRaff: folds 
areo1219: folds 
Dorex2007: folds 
FACCHETADE$: folds 
ps123: folds 
tylerdurden21x: folds 
PuppyD33: folds 
Pepono101: calls $0.01
casmu7: checks 
*** FLOP *** [2s Th 2h]
Pepono101: checks 
casmu7: checks 
*** TURN *** [2s Th 2h] [Jd]
Pepono101: checks 
casmu7: bets $0.02
Pepono101: calls $0.02
*** RIVER *** [2s Th 2h Jd] [9h]
Pepono101: bets $0.08
casmu7: folds 
Uncalled bet ($0.08) returned to Pepono101
Pepono101 collected $0.08 from pot
Pepono101: doesn't show hand 
*** SUMMARY ***
Total pot $0.08 | Rake $0 
Board [2s Th 2h Jd 9h]
Seat 1: Pepono101 (small blind) collected ($0.08)
Seat 2: casmu7 (big blind) folded on the River
Seat 3: RaphaRaff folded before Flop (didn't bet)
Seat 4: areo1219 folded before Flop (didn't bet)
Seat 5: Dorex2007 folded before Flop (didn't bet)
Seat 6: FACCHETADE$ folded before Flop (didn't bet)
Seat 7: ps123 folded before Flop (didn't bet)
Seat 8: tylerdurden21x folded before Flop (didn't bet)
Seat 9: PuppyD33 (button) folded before Flop (didn't bet)



PokerStars Hand #228083471301:  Hold'em No Limit ($0.01/$0.02 USD) - 2021/07/05 15:14:49 PT [2021/07/05 18:14:49 ET]
Table 'Horus IV' 9-max Seat #1 is the button
Seat 1: Pepono101 ($1.67 in chips) 
Seat 2: casmu7 ($0.72 in chips) 
Seat 3: RaphaRaff ($2.72 in chips) 
Seat 4: areo1219 ($0.63 in chips) 
Seat 5: Dorex2007 ($1.98 in chips) 
Seat 6: FACCHETADE$ ($3.34 in chips) 
Seat 7: ps123 ($1.50 in chips) 
Seat 8: tylerdurden21x ($2 in chips) 
Seat 9: PuppyD33 ($1.94 in chips) 
casmu7: posts small blind $0.01
RaphaRaff: posts big blind $0.02
*** HOLE CARDS ***
Dealt to Dorex2007 [5h 7c]
areo1219: calls $0.02
Dorex2007: folds 
FACCHETADE$: folds 
ps123: calls $0.02
tylerdurden21x: folds 
PuppyD33: raises $0.06 to $0.08
Pepono101: folds 
casmu7: folds 
RaphaRaff: folds 
areo1219: folds 
ps123: folds 
Uncalled bet ($0.06) returned to PuppyD33
PuppyD33 collected $0.09 from pot
PuppyD33: doesn't show hand 
*** SUMMARY ***
Total pot $0.09 | Rake $0 
Seat 1: Pepono101 (button) folded before Flop (didn't bet)
Seat 2: casmu7 (small blind) folded before Flop
Seat 3: RaphaRaff (big blind) folded before Flop
Seat 4: areo1219 folded before Flop
Seat 5: Dorex2007 folded before Flop (didn't bet)
Seat 6: FACCHETADE$ folded before Flop (didn't bet)
Seat 7: ps123 folded before Flop
Seat 8: tylerdurden21x folded before Flop (didn't bet)
Seat 9: PuppyD33 collected ($0.09)



PokerStars Hand #228083484224:  Hold'em No Limit ($0.01/$0.02 USD) - 2021/07/05 15:15:23 PT [2021/07/05 18:15:23 ET]
Table 'Horus IV' 9-max Seat #2 is the button
Seat 1: Pepono101 ($1.67 in chips) 
Seat 2: casmu7 ($0.71 in chips) 
Seat 3: RaphaRaff ($2.70 in chips) 
Seat 4: areo1219 ($0.61 in chips) 
Seat 5: Dorex2007 ($1.98 in chips) 
Seat 6: FACCHETADE$ ($3.34 in chips) 
Seat 7: ps123 ($1.48 in chips) 
Seat 8: tylerdurden21x ($2 in chips) 
Seat 9: PuppyD33 ($2.01 in chips) 
RaphaRaff: posts small blind $0.01
areo1219: posts big blind $0.02
*** HOLE CARDS ***
Dealt to Dorex2007 [7d Js]
Dorex2007: folds 
FACCHETADE$: raises $0.02 to $0.04
ps123: folds 
tylerdurden21x: folds 
PuppyD33: calls $0.04
Pepono101: folds 
casmu7: calls $0.04
RaphaRaff: calls $0.03
areo1219: calls $0.02
*** FLOP *** [Ah 4c 9h]
RaphaRaff: bets $0.13
areo1219: folds 
FACCHETADE$: folds 
PuppyD33: folds 
casmu7: folds 
Uncalled bet ($0.13) returned to RaphaRaff
RaphaRaff collected $0.19 from pot
RaphaRaff: doesn't show hand 
*** SUMMARY ***
Total pot $0.20 | Rake $0.01 
Board [Ah 4c 9h]
Seat 1: Pepono101 folded before Flop (didn't bet)
Seat 2: casmu7 (button) folded on the Flop
Seat 3: RaphaRaff (small blind) collected ($0.19)
Seat 4: areo1219 (big blind) folded on the Flop
Seat 5: Dorex2007 folded before Flop (didn't bet)
Seat 6: FACCHETADE$ folded on the Flop
Seat 7: ps123 folded before Flop (didn't bet)
Seat 8: tylerdurden21x folded before Flop (didn't bet)
Seat 9: PuppyD33 folded on the Flop



PokerStars Hand #228083502323:  Hold'em No Limit ($0.01/$0.02 USD) - 2021/07/05 15:16:11 PT [2021/07/05 18:16:11 ET]
Table 'Horus IV' 9-max Seat #3 is the button
Seat 1: Pepono101 ($1.67 in chips) 
Seat 2: casmu7 ($0.67 in chips) 
Seat 3: RaphaRaff ($2.85 in chips) 
Seat 4: areo1219 ($0.57 in chips) 
Seat 5: Dorex2007 ($1.98 in chips) 
Seat 6: FACCHETADE$ ($3.30 in chips) 
Seat 7: ps123 ($1.48 in chips) 
Seat 8: tylerdurden21x ($2 in chips) 
Seat 9: PuppyD33 ($1.97 in chips) 
areo1219: posts small blind $0.01
Dorex2007: posts big blind $0.02
*** HOLE CARDS ***
Dealt to Dorex2007 [Ah 8c]
FACCHETADE$: folds 
ps123: folds 
tylerdurden21x: raises $0.04 to $0.06
PuppyD33: calls $0.06
Pepono101: folds 
casmu7: folds 
RaphaRaff: folds 
areo1219: folds 
Dorex2007: folds 
*** FLOP *** [6c 2h 5h]
tylerdurden21x: checks 
PuppyD33: bets $0.06
tylerdurden21x: calls $0.06
*** TURN *** [6c 2h 5h] [Jh]
tylerdurden21x: checks 
PuppyD33: checks 
*** RIVER *** [6c 2h 5h Jh] [Ks]
tylerdurden21x: checks 
PuppyD33: checks 
*** SHOW DOWN ***
tylerdurden21x: shows [As Ac] (a pair of Aces)
PuppyD33: mucks hand 
tylerdurden21x collected $0.26 from pot
*** SUMMARY ***
Total pot $0.27 | Rake $0.01 
Board [6c 2h 5h Jh Ks]
Seat 1: Pepono101 folded before Flop (didn't bet)
Seat 2: casmu7 folded before Flop (didn't bet)
Seat 3: RaphaRaff (button) folded before Flop (didn't bet)
Seat 4: areo1219 (small blind) folded before Flop
Seat 5: Dorex2007 (big blind) folded before Flop
Seat 6: FACCHETADE$ folded before Flop (didn't bet)
Seat 7: ps123 folded before Flop (didn't bet)
Seat 8: tylerdurden21x showed [As Ac] and won ($0.26) with a pair of Aces
Seat 9: PuppyD33 mucked [Ad 2d]



PokerStars Hand #228083524070:  Hold'em No Limit ($0.01/$0.02 USD) - 2021/07/05 15:17:09 PT [2021/07/05 18:17:09 ET]
Table 'Horus IV' 9-max Seat #4 is the button
Seat 1: Pepono101 ($1.67 in chips) 
Seat 2: casmu7 ($0.67 in chips) 
Seat 3: RaphaRaff ($2.85 in chips) 
Seat 4: areo1219 ($0.56 in chips) 
Seat 5: Dorex2007 ($1.96 in chips) 
Seat 6: FACCHETADE$ ($3.30 in chips) 
Seat 7: ps123 ($1.48 in chips) 
Seat 8: tylerdurden21x ($2.14 in chips) 
Seat 9: PuppyD33 ($1.85 in chips) 
Dorex2007: posts small blind $0.01
FACCHETADE$: posts big blind $0.02
*** HOLE CARDS ***
Dealt to Dorex2007 [3s 2s]
ps123: folds 
tylerdurden21x: folds 
PuppyD33: folds 
Pepono101: folds 
casmu7: raises $0.02 to $0.04
RaphaRaff: folds 
areo1219: calls $0.04
Dorex2007: folds 
FACCHETADE$: calls $0.02
*** FLOP *** [Js 5c Th]
FACCHETADE$: checks 
casmu7: checks 
PuppyD33 is disconnected 
areo1219: checks 
*** TURN *** [Js 5c Th] [4d]
FACCHETADE$: bets $0.07
casmu7: folds 
areo1219: calls $0.07
*** RIVER *** [Js 5c Th 4d] [6c]
FACCHETADE$: bets $0.13
areo1219: folds 
Uncalled bet ($0.13) returned to FACCHETADE$
FACCHETADE$ collected $0.26 from pot
FACCHETADE$: doesn't show hand 
*** SUMMARY ***
Total pot $0.27 | Rake $0.01 
Board [Js 5c Th 4d 6c]
Seat 1: Pepono101 folded before Flop (didn't bet)
Seat 2: casmu7 folded on the Turn
Seat 3: RaphaRaff folded before Flop (didn't bet)
Seat 4: areo1219 (button) folded on the River
Seat 5: Dorex2007 (small blind) folded before Flop
Seat 6: FACCHETADE$ (big blind) collected ($0.26)
Seat 7: ps123 folded before Flop (didn't bet)
Seat 8: tylerdurden21x folded before Flop (didn't bet)
Seat 9: PuppyD33 folded before Flop (didn't bet)



PokerStars Hand #228083555772:  Hold'em No Limit ($0.01/$0.02 USD) - 2021/07/05 15:18:09 PT [2021/07/05 18:18:09 ET]
Table 'Horus IV' 9-max Seat #5 is the button
Seat 1: Pepono101 ($1.67 in chips) 
Seat 2: casmu7 ($0.63 in chips) 
Seat 3: RaphaRaff ($2.85 in chips) 
Seat 4: areo1219 ($0.45 in chips) 
Seat 5: Dorex2007 ($1.95 in chips) 
Seat 6: FACCHETADE$ ($3.45 in chips) 
Seat 7: ps123 ($1.48 in chips) 
Seat 8: tylerdurden21x ($2.14 in chips) 
Seat 9: PuppyD33 ($1.85 in chips) 
FACCHETADE$: posts small blind $0.01
ps123: posts big blind $0.02
*** HOLE CARDS ***
Dealt to Dorex2007 [Ah 2h]
tylerdurden21x: folds 
PuppyD33: folds 
Pepono101: folds 
casmu7: calls $0.02
RaphaRaff: folds 
areo1219: folds 
Dorex2007: calls $0.02
FACCHETADE$: calls $0.01
ps123: checks 
*** FLOP *** [4c 5c 5s]
FACCHETADE$: checks 
ps123: checks 
casmu7: checks 
Dorex2007: checks 
*** TURN *** [4c 5c 5s] [Kd]
FACCHETADE$: bets $0.08
ps123: folds 
casmu7: folds 
Dorex2007: folds 
Uncalled bet ($0.08) returned to FACCHETADE$
FACCHETADE$ collected $0.08 from pot
FACCHETADE$: doesn't show hand 
*** SUMMARY ***
Total pot $0.08 | Rake $0 
Board [4c 5c 5s Kd]
Seat 1: Pepono101 folded before Flop (didn't bet)
Seat 2: casmu7 folded on the Turn
Seat 3: RaphaRaff folded before Flop (didn't bet)
Seat 4: areo1219 folded before Flop (didn't bet)
Seat 5: Dorex2007 (button) folded on the Turn
Seat 6: FACCHETADE$ (small blind) collected ($0.08)
Seat 7: ps123 (big blind) folded on the Turn
Seat 8: tylerdurden21x folded before Flop (didn't bet)
Seat 9: PuppyD33 folded before Flop (didn't bet)



PokerStars Hand #228083581667:  Hold'em No Limit ($0.01/$0.02 USD) - 2021/07/05 15:19:02 PT [2021/07/05 18:19:02 ET]
Table 'Horus IV' 9-max Seat #6 is the button
Seat 1: Pepono101 ($1.67 in chips) 
Seat 2: casmu7 ($0.61 in chips) 
Seat 3: RaphaRaff ($2.85 in chips) 
Seat 4: areo1219 ($0.45 in chips) 
Seat 5: Dorex2007 ($1.93 in chips) 
Seat 6: FACCHETADE$ ($3.51 in chips) 
Seat 7: ps123 ($1.46 in chips) 
Seat 8: tylerdurden21x ($2.14 in chips) 
Seat 9: PuppyD33 ($1.85 in chips) 
ps123: posts small blind $0.01
tylerdurden21x: posts big blind $0.02
*** HOLE CARDS ***
Dealt to Dorex2007 [6h 8h]
PuppyD33: calls $0.02
Pepono101: folds 
casmu7: calls $0.02
RaphaRaff: folds 
areo1219: folds 
Dorex2007: folds 
FACCHETADE$: folds 
ps123: folds 
tylerdurden21x: checks 
*** FLOP *** [5s 4d 3d]
tylerdurden21x: checks 
PuppyD33: checks 
casmu7: checks 
*** TURN *** [5s 4d 3d] [2d]
tylerdurden21x: checks 
PuppyD33: bets $0.04
casmu7: folds 
tylerdurden21x: folds 
Uncalled bet ($0.04) returned to PuppyD33
PuppyD33 collected $0.07 from pot
PuppyD33: doesn't show hand 
*** SUMMARY ***
Total pot $0.07 | Rake $0 
Board [5s 4d 3d 2d]
Seat 1: Pepono101 folded before Flop (didn't bet)
Seat 2: casmu7 folded on the Turn
Seat 3: RaphaRaff folded before Flop (didn't bet)
Seat 4: areo1219 folded before Flop (didn't bet)
Seat 5: Dorex2007 folded before Flop (didn't bet)
Seat 6: FACCHETADE$ (button) folded before Flop (didn't bet)
Seat 7: ps123 (small blind) folded before Flop
Seat 8: tylerdurden21x (big blind) folded on the Turn
Seat 9: PuppyD33 collected ($0.07)



PokerStars Hand #228083603083:  Hold'em No Limit ($0.01/$0.02 USD) - 2021/07/05 15:20:00 PT [2021/07/05 18:20:00 ET]
Table 'Horus IV' 9-max Seat #7 is the button
Seat 1: Pepono101 ($1.67 in chips) 
Seat 2: casmu7 ($0.59 in chips) 
Seat 3: RaphaRaff ($2.85 in chips) 
Seat 4: areo1219 ($0.45 in chips) 
Seat 5: Dorex2007 ($1.93 in chips) 
Seat 6: FACCHETADE$ ($3.51 in chips) 
Seat 7: ps123 ($1.45 in chips) 
Seat 8: tylerdurden21x ($2.12 in chips) 
Seat 9: PuppyD33 ($1.90 in chips) 
tylerdurden21x: posts small blind $0.01
PuppyD33: posts big blind $0.02
*** HOLE CARDS ***
Dealt to Dorex2007 [8c 8s]
Pepono101: folds 
casmu7: folds 
RaphaRaff: folds 
areo1219: folds 
Dorex2007: raises $0.02 to $0.04
casmu7 leaves the table
FACCHETADE$: folds 
ps123: folds 
tylerdurden21x: folds 
PuppyD33: calls $0.02
*** FLOP *** [7c Qh 6c]
PuppyD33: checks 
Dorex2007: bets $0.06
PuppyD33: calls $0.06
*** TURN *** [7c Qh 6c] [5c]
PuppyD33: bets $0.10
Dorex2007: calls $0.10
*** RIVER *** [7c Qh 6c 5c] [9s]
PuppyD33: checks 
Dorex2007: bets $0.40
PuppyD33: calls $0.40
*** SHOW DOWN ***
Dorex2007: shows [8c 8s] (a straight, Five to Nine)
PuppyD33: mucks hand 
Dorex2007 collected $1.17 from pot
clt1949 joins the table at seat #2 
*** SUMMARY ***
Total pot $1.21 | Rake $0.04 
Board [7c Qh 6c 5c 9s]
Seat 1: Pepono101 folded before Flop (didn't bet)
Seat 2: casmu7 folded before Flop (didn't bet)
Seat 3: RaphaRaff folded before Flop (didn't bet)
Seat 4: areo1219 folded before Flop (didn't bet)
Seat 5: Dorex2007 showed [8c 8s] and won ($1.17) with a straight, Five to Nine
Seat 6: FACCHETADE$ folded before Flop (didn't bet)
Seat 7: ps123 (button) folded before Flop (didn't bet)
Seat 8: tylerdurden21x (small blind) folded before Flop
Seat 9: PuppyD33 (big blind) mucked [7s 9h]



PokerStars Hand #228083629413:  Hold'em No Limit ($0.01/$0.02 USD) - 2021/07/05 15:21:13 PT [2021/07/05 18:21:13 ET]
Table 'Horus IV' 9-max Seat #8 is the button
Seat 1: Pepono101 ($1.67 in chips) 
Seat 3: RaphaRaff ($2.85 in chips) 
Seat 4: areo1219 ($0.45 in chips) 
Seat 5: Dorex2007 ($2.50 in chips) 
Seat 6: FACCHETADE$ ($3.51 in chips) 
Seat 7: ps123 ($1.45 in chips) 
Seat 8: tylerdurden21x ($2.11 in chips) 
Seat 9: PuppyD33 ($1.30 in chips) 
PuppyD33: posts small blind $0.01
Pepono101: posts big blind $0.02
clt1949: sits out 
*** HOLE CARDS ***
Dealt to Dorex2007 [7h Ah]
RaphaRaff: folds 
areo1219: calls $0.02
Dorex2007: calls $0.02
FACCHETADE$: folds 
ps123: folds 
tylerdurden21x: folds 
PuppyD33: folds 
Pepono101: checks 
*** FLOP *** [Th 6s 2s]
Pepono101: bets $0.07
areo1219: folds 
Dorex2007: folds 
Uncalled bet ($0.07) returned to Pepono101
Pepono101 collected $0.07 from pot
Pepono101: doesn't show hand 
*** SUMMARY ***
Total pot $0.07 | Rake $0 
Board [Th 6s 2s]
Seat 1: Pepono101 (big blind) collected ($0.07)
Seat 3: RaphaRaff folded before Flop (didn't bet)
Seat 4: areo1219 folded on the Flop
Seat 5: Dorex2007 folded on the Flop
Seat 6: FACCHETADE$ folded before Flop (didn't bet)
Seat 7: ps123 folded before Flop (didn't bet)
Seat 8: tylerdurden21x (button) folded before Flop (didn't bet)
Seat 9: PuppyD33 (small blind) folded before Flop



PokerStars Hand #228083640013:  Hold'em No Limit ($0.01/$0.02 USD) - 2021/07/05 15:21:43 PT [2021/07/05 18:21:43 ET]
Table 'Horus IV' 9-max Seat #9 is the button
Seat 1: Pepono101 ($1.72 in chips) 
Seat 2: clt1949 ($0.80 in chips) 
Seat 3: RaphaRaff ($2.85 in chips) 
Seat 5: Dorex2007 ($2.48 in chips) 
Seat 6: FACCHETADE$ ($3.51 in chips) 
Seat 7: ps123 ($1.45 in chips) 
Seat 8: tylerdurden21x ($2.11 in chips) 
Seat 9: PuppyD33 ($1.29 in chips) 
Pepono101: posts small blind $0.01
clt1949: posts big blind $0.02
*** HOLE CARDS ***
Dealt to Dorex2007 [2c 3h]
RaphaRaff: folds 
Dorex2007: folds 
FACCHETADE$: folds 
ps123: calls $0.02
tylerdurden21x: calls $0.02
PuppyD33: folds 
Pepono101: calls $0.01
clt1949: checks 
*** FLOP *** [9c 5d 4d]
Pepono101: checks 
clt1949: bets $0.08
ps123: folds 
tylerdurden21x: folds 
Pepono101: folds 
Uncalled bet ($0.08) returned to clt1949
clt1949 collected $0.08 from pot
*** SUMMARY ***
Total pot $0.08 | Rake $0 
Board [9c 5d 4d]
Seat 1: Pepono101 (small blind) folded on the Flop
Seat 2: clt1949 (big blind) collected ($0.08)
Seat 3: RaphaRaff folded before Flop (didn't bet)
Seat 5: Dorex2007 folded before Flop (didn't bet)
Seat 6: FACCHETADE$ folded before Flop (didn't bet)
Seat 7: ps123 folded on the Flop
Seat 8: tylerdurden21x folded on the Flop
Seat 9: PuppyD33 (button) folded before Flop (didn't bet)



PokerStars Hand #228083654706:  Hold'em No Limit ($0.01/$0.02 USD) - 2021/07/05 15:22:20 PT [2021/07/05 18:22:20 ET]
Table 'Horus IV' 9-max Seat #1 is the button
Seat 1: Pepono101 ($1.70 in chips) 
Seat 2: clt1949 ($0.86 in chips) 
Seat 3: RaphaRaff ($2.85 in chips) 
Seat 5: Dorex2007 ($2.48 in chips) 
Seat 6: FACCHETADE$ ($3.51 in chips) 
Seat 7: ps123 ($1.43 in chips) 
Seat 8: tylerdurden21x ($2.09 in chips) 
Seat 9: PuppyD33 ($1.29 in chips) 
clt1949: posts small blind $0.01
RaphaRaff: posts big blind $0.02
*** HOLE CARDS ***
Dealt to Dorex2007 [4s 9s]
Dorex2007: folds 
FACCHETADE$: folds 
ps123: calls $0.02
tylerdurden21x: folds 
PuppyD33: folds 
Pepono101: folds 
clt1949: calls $0.01
RaphaRaff: checks 
*** FLOP *** [8s Kc Js]
clt1949: bets $0.06
RaphaRaff: raises $0.12 to $0.18
ps123: folds 
clt1949: calls $0.12
*** TURN *** [8s Kc Js] [2c]
clt1949: checks 
RaphaRaff: bets $0.27
clt1949: calls $0.27
*** RIVER *** [8s Kc Js 2c] [Qh]
clt1949: checks 
RaphaRaff: bets $0.47
clt1949: folds 
Uncalled bet ($0.47) returned to RaphaRaff
RaphaRaff collected $0.93 from pot
RaphaRaff: doesn't show hand 
*** SUMMARY ***
Total pot $0.96 | Rake $0.03 
Board [8s Kc Js 2c Qh]
Seat 1: Pepono101 (button) folded before Flop (didn't bet)
Seat 2: clt1949 (small blind) folded on the River
Seat 3: RaphaRaff (big blind) collected ($0.93)
Seat 5: Dorex2007 folded before Flop (didn't bet)
Seat 6: FACCHETADE$ folded before Flop (didn't bet)
Seat 7: ps123 folded on the Flop
Seat 8: tylerdurden21x folded before Flop (didn't bet)
Seat 9: PuppyD33 folded before Flop (didn't bet)



PokerStars Hand #228083682180:  Hold'em No Limit ($0.01/$0.02 USD) - 2021/07/05 15:23:35 PT [2021/07/05 18:23:35 ET]
Table 'Horus IV' 9-max Seat #2 is the button
Seat 1: Pepono101 ($1.70 in chips) 
Seat 2: clt1949 ($0.39 in chips) 
Seat 3: RaphaRaff ($3.31 in chips) 
Seat 5: Dorex2007 ($2.48 in chips) 
Seat 6: FACCHETADE$ ($3.51 in chips) 
Seat 7: ps123 ($1.41 in chips) 
Seat 8: tylerdurden21x ($2.09 in chips) 
Seat 9: PuppyD33 ($1.29 in chips) 
RaphaRaff: posts small blind $0.01
Dorex2007: posts big blind $0.02
*** HOLE CARDS ***
Dealt to Dorex2007 [2c Ac]
FACCHETADE$: folds 
ps123: folds 
tylerdurden21x: folds 
PuppyD33: folds 
Pepono101: raises $0.04 to $0.06
clt1949: calls $0.06
RaphaRaff: calls $0.05
Dorex2007: calls $0.04
*** FLOP *** [6s 8h Jd]
RaphaRaff: checks 
Dorex2007: checks 
Pepono101: bets $0.23
clt1949: folds 
RaphaRaff: folds 
Dorex2007: folds 
Uncalled bet ($0.23) returned to Pepono101
Pepono101 collected $0.23 from pot
Pepono101: doesn't show hand 
*** SUMMARY ***
Total pot $0.24 | Rake $0.01 
Board [6s 8h Jd]
Seat 1: Pepono101 collected ($0.23)
Seat 2: clt1949 (button) folded on the Flop
Seat 3: RaphaRaff (small blind) folded on the Flop
Seat 5: Dorex2007 (big blind) folded on the Flop
Seat 6: FACCHETADE$ folded before Flop (didn't bet)
Seat 7: ps123 folded before Flop (didn't bet)
Seat 8: tylerdurden21x folded before Flop (didn't bet)
Seat 9: PuppyD33 folded before Flop (didn't bet)



PokerStars Hand #228083703418:  Hold'em No Limit ($0.01/$0.02 USD) - 2021/07/05 15:24:35 PT [2021/07/05 18:24:35 ET]
Table 'Horus IV' 9-max Seat #3 is the button
Seat 1: Pepono101 ($1.87 in chips) 
Seat 2: clt1949 ($0.33 in chips) 
Seat 3: RaphaRaff ($3.25 in chips) 
Seat 5: Dorex2007 ($2.42 in chips) 
Seat 6: FACCHETADE$ ($3.51 in chips) 
Seat 7: ps123 ($1.41 in chips) 
Seat 8: tylerdurden21x ($2.09 in chips) 
Seat 9: PuppyD33 ($1.29 in chips) 
Dorex2007: posts small blind $0.01
FACCHETADE$: posts big blind $0.02
*** HOLE CARDS ***
Dealt to Dorex2007 [8s 7h]
ps123: folds 
tylerdurden21x: folds 
PuppyD33: calls $0.02
Pepono101: folds 
clt1949: folds 
RaphaRaff: folds 
Dorex2007: calls $0.01
FACCHETADE$: checks 
*** FLOP *** [8d 3s Ac]
Dorex2007: checks 
FACCHETADE$: checks 
PuppyD33: checks 
*** TURN *** [8d 3s Ac] [Ks]
Dorex2007: checks 
FACCHETADE$: bets $0.03
PuppyD33: calls $0.03
Dorex2007: folds 
*** RIVER *** [8d 3s Ac Ks] [As]
FACCHETADE$: checks 
PuppyD33: bets $0.12
FACCHETADE$: calls $0.12
*** SHOW DOWN ***
PuppyD33: shows [Ad 8c] (a full house, Aces full of Eights)
FACCHETADE$: mucks hand 
PuppyD33 collected $0.35 from pot
*** SUMMARY ***
Total pot $0.36 | Rake $0.01 
Board [8d 3s Ac Ks As]
Seat 1: Pepono101 folded before Flop (didn't bet)
Seat 2: clt1949 folded before Flop (didn't bet)
Seat 3: RaphaRaff (button) folded before Flop (didn't bet)
Seat 5: Dorex2007 (small blind) folded on the Turn
Seat 6: FACCHETADE$ (big blind) mucked [Js Kh]
Seat 7: ps123 folded before Flop (didn't bet)
Seat 8: tylerdurden21x folded before Flop (didn't bet)
Seat 9: PuppyD33 showed [Ad 8c] and won ($0.35) with a full house, Aces full of Eights



PokerStars Hand #228083728788:  Hold'em No Limit ($0.01/$0.02 USD) - 2021/07/05 15:25:45 PT [2021/07/05 18:25:45 ET]
Table 'Horus IV' 9-max Seat #5 is the button
Seat 1: Pepono101 ($1.87 in chips) 
Seat 3: RaphaRaff ($3.25 in chips) 
Seat 5: Dorex2007 ($2.40 in chips) 
Seat 6: FACCHETADE$ ($3.34 in chips) 
Seat 7: ps123 ($1.41 in chips) 
Seat 8: tylerdurden21x ($2.09 in chips) 
Seat 9: PuppyD33 ($1.47 in chips) 
FACCHETADE$: posts small blind $0.01
ps123: posts big blind $0.02
*** HOLE CARDS ***
Dealt to Dorex2007 [7h 4c]
tylerdurden21x: folds 
PuppyD33: calls $0.02
Pepono101: folds 
RaphaRaff: calls $0.02
Dorex2007: folds 
FACCHETADE$: calls $0.01
ps123: checks 
*** FLOP *** [6c 2s Kd]
FACCHETADE$: checks 
ps123: checks 
PuppyD33: checks 
RaphaRaff: checks 
*** TURN *** [6c 2s Kd] [Js]
FACCHETADE$: checks 
ps123: checks 
PuppyD33: checks 
RaphaRaff: bets $0.06
FACCHETADE$: folds 
ps123: folds 
PuppyD33: folds 
Uncalled bet ($0.06) returned to RaphaRaff
RaphaRaff collected $0.08 from pot
RaphaRaff: doesn't show hand 
*** SUMMARY ***
Total pot $0.08 | Rake $0 
Board [6c 2s Kd Js]
Seat 1: Pepono101 folded before Flop (didn't bet)
Seat 3: RaphaRaff collected ($0.08)
Seat 5: Dorex2007 (button) folded before Flop (didn't bet)
Seat 6: FACCHETADE$ (small blind) folded on the Turn
Seat 7: ps123 (big blind) folded on the Turn
Seat 8: tylerdurden21x folded before Flop (didn't bet)
Seat 9: PuppyD33 folded on the Turn



PokerStars Hand #228083749077:  Hold'em No Limit ($0.01/$0.02 USD) - 2021/07/05 15:26:41 PT [2021/07/05 18:26:41 ET]
Table 'Horus IV' 9-max Seat #6 is the button
Seat 1: Pepono101 ($1.87 in chips) 
Seat 2: clt1949 ($0.80 in chips) 
Seat 3: RaphaRaff ($3.31 in chips) 
Seat 5: Dorex2007 ($2.40 in chips) 
Seat 6: FACCHETADE$ ($3.32 in chips) 
Seat 7: ps123 ($1.39 in chips) 
Seat 8: tylerdurden21x ($2.09 in chips) 
Seat 9: PuppyD33 ($1.45 in chips) 
ps123: posts small blind $0.01
tylerdurden21x: posts big blind $0.02
*** HOLE CARDS ***
Dealt to Dorex2007 [Qs 4c]
PuppyD33: folds 
Pepono101: raises $0.02 to $0.04
PuppyD33 leaves the table
clt1949: calls $0.04
RaphaRaff: raises $0.06 to $0.10
Dorex2007: folds 
FACCHETADE$: folds 
ps123: folds 
tylerdurden21x: folds 
Pepono101: calls $0.06
clt1949: calls $0.06
*** FLOP *** [9d Qh 7c]
Pepono101: checks 
clt1949: checks 
RaphaRaff: bets $0.12
Pepono101: calls $0.12
clt1949: calls $0.12
*** TURN *** [9d Qh 7c] [Ac]
1_MaNTeR_1 joins the table at seat #9 
Pepono101: checks 
clt1949: checks 
RaphaRaff: bets $0.22
Pepono101: calls $0.22
clt1949: calls $0.22
*** RIVER *** [9d Qh 7c Ac] [2s]
Pepono101: checks 
clt1949: checks 
RaphaRaff: bets $0.65
Pepono101: folds 
clt1949: calls $0.36 and is all-in
Uncalled bet ($0.29) returned to RaphaRaff
*** SHOW DOWN ***
RaphaRaff: shows [9s 9h] (three of a kind, Nines)
clt1949: shows [8c Ah] (a pair of Aces)
RaphaRaff collected $2 from pot
*** SUMMARY ***
Total pot $2.07 | Rake $0.07 
Board [9d Qh 7c Ac 2s]
Seat 1: Pepono101 folded on the River
Seat 2: clt1949 showed [8c Ah] and lost with a pair of Aces
Seat 3: RaphaRaff showed [9s 9h] and won ($2) with three of a kind, Nines
Seat 5: Dorex2007 folded before Flop (didn't bet)
Seat 6: FACCHETADE$ (button) folded before Flop (didn't bet)
Seat 7: ps123 (small blind) folded before Flop
Seat 8: tylerdurden21x (big blind) folded before Flop
Seat 9: PuppyD33 folded before Flop (didn't bet)



PokerStars Hand #228083778570:  Hold'em No Limit ($0.01/$0.02 USD) - 2021/07/05 15:28:04 PT [2021/07/05 18:28:04 ET]
Table 'Horus IV' 9-max Seat #7 is the button
Seat 1: Pepono101 ($1.43 in chips) 
Seat 3: RaphaRaff ($4.51 in chips) 
Seat 5: Dorex2007 ($2.40 in chips) 
Seat 6: FACCHETADE$ ($3.32 in chips) 
Seat 7: ps123 ($1.38 in chips) 
Seat 8: tylerdurden21x ($2.07 in chips) 
Seat 9: 1_MaNTeR_1 ($2 in chips) 
tylerdurden21x: posts small blind $0.01
1_MaNTeR_1: posts big blind $0.02
*** HOLE CARDS ***
Dealt to Dorex2007 [5d 6h]
Pepono101: folds 
RaphaRaff: folds 
Dorex2007: folds 
FACCHETADE$: folds 
ps123: folds 
tylerdurden21x: calls $0.01
1_MaNTeR_1: checks 
*** FLOP *** [Ah 3s 8s]
tylerdurden21x: checks 
1_MaNTeR_1: checks 
*** TURN *** [Ah 3s 8s] [Tc]
tylerdurden21x: checks 
1_MaNTeR_1: checks 
*** RIVER *** [Ah 3s 8s Tc] [2h]
tylerdurden21x: checks 
1_MaNTeR_1: checks 
*** SHOW DOWN ***
tylerdurden21x: shows [5s 3c] (a pair of Threes)
1_MaNTeR_1: mucks hand 
tylerdurden21x collected $0.04 from pot
*** SUMMARY ***
Total pot $0.04 | Rake $0 
Board [Ah 3s 8s Tc 2h]
Seat 1: Pepono101 folded before Flop (didn't bet)
Seat 3: RaphaRaff folded before Flop (didn't bet)
Seat 5: Dorex2007 folded before Flop (didn't bet)
Seat 6: FACCHETADE$ folded before Flop (didn't bet)
Seat 7: ps123 (button) folded before Flop (didn't bet)
Seat 8: tylerdurden21x (small blind) showed [5s 3c] and won ($0.04) with a pair of Threes
Seat 9: 1_MaNTeR_1 (big blind) mucked [9d 5c]



PokerStars Hand #228083791787:  Hold'em No Limit ($0.01/$0.02 USD) - 2021/07/05 15:28:41 PT [2021/07/05 18:28:41 ET]
Table 'Horus IV' 9-max Seat #8 is the button
Seat 1: Pepono101 ($1.43 in chips) 
Seat 2: clt1949 ($0.80 in chips) 
Seat 3: RaphaRaff ($4.51 in chips) 
Seat 5: Dorex2007 ($2.40 in chips) 
Seat 6: FACCHETADE$ ($3.32 in chips) 
Seat 7: ps123 ($1.38 in chips) 
Seat 8: tylerdurden21x ($2.09 in chips) 
Seat 9: 1_MaNTeR_1 ($1.98 in chips) 
1_MaNTeR_1: posts small blind $0.01
Pepono101: posts big blind $0.02
*** HOLE CARDS ***
Dealt to Dorex2007 [9h Js]
clt1949: folds 
RaphaRaff: folds 
Dorex2007: folds 
FACCHETADE$: raises $0.02 to $0.04
ps123: folds 
tylerdurden21x: folds 
1_MaNTeR_1: calls $0.03
Pepono101: calls $0.02
*** FLOP *** [Th 2c 7s]
1_MaNTeR_1: bets $0.04
Pepono101: calls $0.04
FACCHETADE$: folds 
*** TURN *** [Th 2c 7s] [8c]
1_MaNTeR_1: checks 
Pepono101: checks 
*** RIVER *** [Th 2c 7s 8c] [Ts]
1_MaNTeR_1: checks 
Pepono101: checks 
*** SHOW DOWN ***
1_MaNTeR_1: shows [Qd Ks] (a pair of Tens)
Pepono101: shows [4h 7c] (two pair, Tens and Sevens)
Pepono101 collected $0.19 from pot
*** SUMMARY ***
Total pot $0.20 | Rake $0.01 
Board [Th 2c 7s 8c Ts]
Seat 1: Pepono101 (big blind) showed [4h 7c] and won ($0.19) with two pair, Tens and Sevens
Seat 2: clt1949 folded before Flop (didn't bet)
Seat 3: RaphaRaff folded before Flop (didn't bet)
Seat 5: Dorex2007 folded before Flop (didn't bet)
Seat 6: FACCHETADE$ folded on the Flop
Seat 7: ps123 folded before Flop (didn't bet)
Seat 8: tylerdurden21x (button) folded before Flop (didn't bet)
Seat 9: 1_MaNTeR_1 (small blind) showed [Qd Ks] and lost with a pair of Tens



PokerStars Hand #228083808798:  Hold'em No Limit ($0.01/$0.02 USD) - 2021/07/05 15:29:29 PT [2021/07/05 18:29:29 ET]
Table 'Horus IV' 9-max Seat #9 is the button
Seat 1: Pepono101 ($1.54 in chips) 
Seat 2: clt1949 ($0.80 in chips) 
Seat 3: RaphaRaff ($4.51 in chips) 
Seat 5: Dorex2007 ($2.40 in chips) 
Seat 6: FACCHETADE$ ($3.28 in chips) 
Seat 7: ps123 ($1.38 in chips) 
Seat 8: tylerdurden21x ($2.09 in chips) 
Seat 9: 1_MaNTeR_1 ($1.90 in chips) 
Pepono101: posts small blind $0.01
clt1949: posts big blind $0.02
*** HOLE CARDS ***
Dealt to Dorex2007 [9c 3d]
RaphaRaff: folds 
Dorex2007: folds 
FACCHETADE$: raises $0.02 to $0.04
ps123: folds 
tylerdurden21x: folds 
1_MaNTeR_1: folds 
Pepono101: calls $0.03
clt1949: calls $0.02
*** FLOP *** [9d Ks 3h]
Pepono101: checks 
clt1949: checks 
FACCHETADE$: bets $0.12
Pepono101: folds 
clt1949: folds 
Uncalled bet ($0.12) returned to FACCHETADE$
FACCHETADE$ collected $0.12 from pot
FACCHETADE$: doesn't show hand 
*** SUMMARY ***
Total pot $0.12 | Rake $0 
Board [9d Ks 3h]
Seat 1: Pepono101 (small blind) folded on the Flop
Seat 2: clt1949 (big blind) folded on the Flop
Seat 3: RaphaRaff folded before Flop (didn't bet)
Seat 5: Dorex2007 folded before Flop (didn't bet)
Seat 6: FACCHETADE$ collected ($0.12)
Seat 7: ps123 folded before Flop (didn't bet)
Seat 8: tylerdurden21x folded before Flop (didn't bet)
Seat 9: 1_MaNTeR_1 (button) folded before Flop (didn't bet)



PokerStars Hand #228083825012:  Hold'em No Limit ($0.01/$0.02 USD) - 2021/07/05 15:30:15 PT [2021/07/05 18:30:15 ET]
Table 'Horus IV' 9-max Seat #1 is the button
Seat 1: Pepono101 ($1.50 in chips) 
Seat 2: clt1949 ($0.76 in chips) 
Seat 5: Dorex2007 ($2.40 in chips) 
Seat 6: FACCHETADE$ ($3.36 in chips) 
Seat 7: ps123 ($1.38 in chips) 
Seat 8: tylerdurden21x ($2.09 in chips) 
Seat 9: 1_MaNTeR_1 ($1.90 in chips) 
clt1949: posts small blind $0.01
RaphaRaff: is sitting out 
Dorex2007: posts big blind $0.02
*** HOLE CARDS ***
Dealt to Dorex2007 [4s 8d]
FACCHETADE$ has timed out
FACCHETADE$: folds 
ps123: folds 
tylerdurden21x: folds 
RaphaRaff leaves the table
1_MaNTeR_1: calls $0.02
Pepono101: calls $0.02
clt1949: calls $0.01
Dorex2007: checks 
*** FLOP *** [Kd Qc 9d]
FACCHETADE$ leaves the table
clt1949: checks 
Dorex2007: checks 
1_MaNTeR_1: bets $0.02
Pepono101: folds 
clt1949: folds 
Dorex2007: folds 
Uncalled bet ($0.02) returned to 1_MaNTeR_1
1_MaNTeR_1 collected $0.08 from pot
*** SUMMARY ***
Total pot $0.08 | Rake $0 
Board [Kd Qc 9d]
Seat 1: Pepono101 (button) folded on the Flop
Seat 2: clt1949 (small blind) folded on the Flop
Seat 5: Dorex2007 (big blind) folded on the Flop
Seat 6: FACCHETADE$ folded before Flop (didn't bet)
Seat 7: ps123 folded before Flop (didn't bet)
Seat 8: tylerdurden21x folded before Flop (didn't bet)
Seat 9: 1_MaNTeR_1 collected ($0.08)



PokerStars Hand #228083840242:  Hold'em No Limit ($0.01/$0.02 USD) - 2021/07/05 15:30:56 PT [2021/07/05 18:30:56 ET]
Table 'Horus IV' 9-max Seat #2 is the button
Seat 1: Pepono101 ($1.48 in chips) 
Seat 2: clt1949 ($0.74 in chips) 
Seat 5: Dorex2007 ($2.38 in chips) 
Seat 7: ps123 ($1.38 in chips) 
Seat 8: tylerdurden21x ($2.09 in chips) 
Seat 9: 1_MaNTeR_1 ($1.96 in chips) 
Dorex2007: posts small blind $0.01
ps123: posts big blind $0.02
*** HOLE CARDS ***
Dealt to Dorex2007 [Ks 4d]
tylerdurden21x: folds 
1_MaNTeR_1: calls $0.02
Pepono101: raises $0.02 to $0.04
clt1949: calls $0.04
Dorex2007: folds 
ps123: calls $0.02
1_MaNTeR_1: folds 
*** FLOP *** [Jd 5h 9s]
ps123: bets $1.34 and is all-in
Pepono101: folds 
clt1949: folds 
Uncalled bet ($1.34) returned to ps123
ps123 collected $0.14 from pot
ps123: doesn't show hand 
*** SUMMARY ***
Total pot $0.15 | Rake $0.01 
Board [Jd 5h 9s]
Seat 1: Pepono101 folded on the Flop
Seat 2: clt1949 (button) folded on the Flop
Seat 5: Dorex2007 (small blind) folded before Flop
Seat 7: ps123 (big blind) collected ($0.14)
Seat 8: tylerdurden21x folded before Flop (didn't bet)
Seat 9: 1_MaNTeR_1 folded before Flop



PokerStars Hand #228083851681:  Hold'em No Limit ($0.01/$0.02 USD) - 2021/07/05 15:31:28 PT [2021/07/05 18:31:28 ET]
Table 'Horus IV' 9-max Seat #5 is the button
Seat 1: Pepono101 ($1.44 in chips) 
Seat 2: clt1949 ($0.70 in chips) 
Seat 5: Dorex2007 ($2.37 in chips) 
Seat 7: ps123 ($1.48 in chips) 
Seat 8: tylerdurden21x ($2.09 in chips) 
Seat 9: 1_MaNTeR_1 ($1.94 in chips) 
ps123: posts small blind $0.01
tylerdurden21x: posts big blind $0.02
*** HOLE CARDS ***
Dealt to Dorex2007 [Qh Jh]
1_MaNTeR_1: folds 
Pepono101: folds 
clt1949: calls $0.02
Dorex2007: raises $0.04 to $0.06
ps123: folds 
tylerdurden21x: calls $0.04
clt1949: calls $0.04
*** FLOP *** [8s Ts 3h]
tylerdurden21x: checks 
clt1949: checks 
Dorex2007: bets $0.06
tylerdurden21x: folds 
clt1949: folds 
Uncalled bet ($0.06) returned to Dorex2007
Dorex2007 collected $0.18 from pot
Dorex2007: doesn't show hand 
*** SUMMARY ***
Total pot $0.19 | Rake $0.01 
Board [8s Ts 3h]
Seat 1: Pepono101 folded before Flop (didn't bet)
Seat 2: clt1949 folded on the Flop
Seat 5: Dorex2007 (button) collected ($0.18)
Seat 7: ps123 (small blind) folded before Flop
Seat 8: tylerdurden21x (big blind) folded on the Flop
Seat 9: 1_MaNTeR_1 folded before Flop (didn't bet)



PokerStars Hand #228083872903:  Hold'em No Limit ($0.01/$0.02 USD) - 2021/07/05 15:32:04 PT [2021/07/05 18:32:04 ET]
Table 'Horus IV' 9-max Seat #7 is the button
Seat 1: Pepono101 ($1.44 in chips) 
Seat 2: clt1949 ($0.64 in chips) 
Seat 5: Dorex2007 ($2.49 in chips) 
Seat 7: ps123 ($1.47 in chips) 
Seat 8: tylerdurden21x ($2.03 in chips) 
Seat 9: 1_MaNTeR_1 ($1.94 in chips) 
tylerdurden21x: posts small blind $0.01
1_MaNTeR_1: posts big blind $0.02
*** HOLE CARDS ***
Dealt to Dorex2007 [Qh As]
Pepono101: raises $0.02 to $0.04
clt1949: folds 
Dorex2007: calls $0.04
ps123: folds 
tylerdurden21x: folds 
1_MaNTeR_1: calls $0.02
*** FLOP *** [Qc 9h Ac]
davegoa joins the table at seat #3 
1_MaNTeR_1: bets $0.02
Pepono101: calls $0.02
Dorex2007: raises $0.08 to $0.10
1_MaNTeR_1: calls $0.08
Pepono101: calls $0.08
*** TURN *** [Qc 9h Ac] [6h]
1_MaNTeR_1: checks 
Pepono101: bets $0.05
Dorex2007: raises $0.51 to $0.56
1_MaNTeR_1: folds 
Pepono101: calls $0.51
*** RIVER *** [Qc 9h Ac 6h] [8h]
Pepono101: bets $0.67
Dorex2007: raises $1.12 to $1.79 and is all-in
Pepono101: calls $0.07 and is all-in
Uncalled bet ($1.05) returned to Dorex2007
*** SHOW DOWN ***
Dorex2007: shows [Qh As] (two pair, Aces and Queens)
Pepono101: shows [Ah 7h] (a flush, Ace high)
Pepono101 collected $2.92 from pot
*** SUMMARY ***
Total pot $3.03 | Rake $0.11 
Board [Qc 9h Ac 6h 8h]
Seat 1: Pepono101 showed [Ah 7h] and won ($2.92) with a flush, Ace high
Seat 2: clt1949 folded before Flop (didn't bet)
Seat 5: Dorex2007 showed [Qh As] and lost with two pair, Aces and Queens
Seat 7: ps123 (button) folded before Flop (didn't bet)
Seat 8: tylerdurden21x (small blind) folded before Flop
Seat 9: 1_MaNTeR_1 (big blind) folded on the Turn



PokerStars Hand #228083901792:  Hold'em No Limit ($0.01/$0.02 USD) - 2021/07/05 15:33:24 PT [2021/07/05 18:33:24 ET]
Table 'Horus IV' 9-max Seat #8 is the button
Seat 1: Pepono101 ($2.92 in chips) 
Seat 2: clt1949 ($0.64 in chips) 
Seat 5: Dorex2007 ($1.05 in chips) 
Seat 8: tylerdurden21x ($2.02 in chips) 
Seat 9: 1_MaNTeR_1 ($1.80 in chips) 
1_MaNTeR_1: posts small blind $0.01
Pepono101: posts big blind $0.02
davegoa: sits out 
*** HOLE CARDS ***
Dealt to Dorex2007 [Ts Jd]
clt1949: folds 
Dorex2007: folds 
tylerdurden21x: folds 
1_MaNTeR_1: folds 
Uncalled bet ($0.01) returned to Pepono101
Pepono101 collected $0.02 from pot
Pepono101: doesn't show hand 
*** SUMMARY ***
Total pot $0.02 | Rake $0 
Seat 1: Pepono101 (big blind) collected ($0.02)
Seat 2: clt1949 folded before Flop (didn't bet)
Seat 5: Dorex2007 folded before Flop (didn't bet)
Seat 8: tylerdurden21x (button) folded before Flop (didn't bet)
Seat 9: 1_MaNTeR_1 (small blind) folded before Flop



PokerStars Hand #228083906955:  Hold'em No Limit ($0.01/$0.02 USD) - 2021/07/05 15:33:38 PT [2021/07/05 18:33:38 ET]
Table 'Horus IV' 9-max Seat #9 is the button
Seat 1: Pepono101 ($2.93 in chips) 
Seat 2: clt1949 ($0.64 in chips) 
Seat 5: Dorex2007 ($1.05 in chips) 
Seat 8: tylerdurden21x ($2.02 in chips) 
Seat 9: 1_MaNTeR_1 ($1.79 in chips) 
Pepono101: posts small blind $0.01
clt1949: posts big blind $0.02
davegoa: sits out 
*** HOLE CARDS ***
Dealt to Dorex2007 [6s Ah]
Dorex2007: folds 
tylerdurden21x: folds 
1_MaNTeR_1: calls $0.02
Pepono101: calls $0.01
clt1949: checks 
*** FLOP *** [7s 9d Jd]
Pepono101: bets $0.06
clt1949: calls $0.06
1_MaNTeR_1: calls $0.06
*** TURN *** [7s 9d Jd] [Kc]
Pepono101: checks 
clt1949: checks 
1_MaNTeR_1: bets $0.08
Pepono101: calls $0.08
clt1949: calls $0.08
*** RIVER *** [7s 9d Jd Kc] [Jc]
Pepono101: checks 
clt1949: bets $0.48 and is all-in
1_MaNTeR_1: calls $0.48
Pepono101: calls $0.48
*** SHOW DOWN ***
clt1949: shows [Js 4s] (three of a kind, Jacks)
1_MaNTeR_1: mucks hand 
Pepono101: shows [Jh Qh] (three of a kind, Jacks - King+Queen kicker)
Pepono101 collected $1.85 from pot
*** SUMMARY ***
Total pot $1.92 | Rake $0.07 
Board [7s 9d Jd Kc Jc]
Seat 1: Pepono101 (small blind) showed [Jh Qh] and won ($1.85) with three of a kind, Jacks
Seat 2: clt1949 (big blind) showed [Js 4s] and lost with three of a kind, Jacks
Seat 5: Dorex2007 folded before Flop (didn't bet)
Seat 8: tylerdurden21x folded before Flop (didn't bet)
Seat 9: 1_MaNTeR_1 (button) mucked [7h Kd]



PokerStars Hand #228083937212:  Hold'em No Limit ($0.01/$0.02 USD) - 2021/07/05 15:35:03 PT [2021/07/05 18:35:03 ET]
Table 'Horus IV' 9-max Seat #1 is the button
Seat 1: Pepono101 ($4.14 in chips) 
Seat 5: Dorex2007 ($2 in chips) 
Seat 9: 1_MaNTeR_1 ($1.15 in chips) 
Dorex2007: posts small blind $0.01
tylerdurden21x: is sitting out 
1_MaNTeR_1: posts big blind $0.02
*** HOLE CARDS ***
Dealt to Dorex2007 [4c 4d]
Pepono101: folds 
tylerdurden21x leaves the table
Dorex2007: calls $0.01
1_MaNTeR_1: raises $0.06 to $0.08
Dorex2007: calls $0.06
*** FLOP *** [Kc 5h 8h]
Dorex2007: checks 
1_MaNTeR_1: bets $0.06
Dorex2007: folds 
Uncalled bet ($0.06) returned to 1_MaNTeR_1
1_MaNTeR_1 collected $0.15 from pot
*** SUMMARY ***
Total pot $0.16 | Rake $0.01 
Board [Kc 5h 8h]
Seat 1: Pepono101 (button) folded before Flop (didn't bet)
Seat 5: Dorex2007 (small blind) folded on the Flop
Seat 9: 1_MaNTeR_1 (big blind) collected ($0.15)



PokerStars Hand #228083949165:  Hold'em No Limit ($0.01/$0.02 USD) - 2021/07/05 15:35:36 PT [2021/07/05 18:35:36 ET]
Table 'Horus IV' 9-max Seat #5 is the button
Seat 1: Pepono101 ($4.14 in chips) 
Seat 5: Dorex2007 ($1.92 in chips) 
Seat 9: 1_MaNTeR_1 ($1.22 in chips) 
1_MaNTeR_1: posts small blind $0.01
Pepono101: posts big blind $0.02
davegoa: sits out 
*** HOLE CARDS ***
Dealt to Dorex2007 [5d 2s]
Dorex2007: folds 
1_MaNTeR_1: folds 
Uncalled bet ($0.01) returned to Pepono101
Pepono101 collected $0.02 from pot
Pepono101: doesn't show hand 
*** SUMMARY ***
Total pot $0.02 | Rake $0 
Seat 1: Pepono101 (big blind) collected ($0.02)
Seat 5: Dorex2007 (button) folded before Flop (didn't bet)
Seat 9: 1_MaNTeR_1 (small blind) folded before Flop



PokerStars Hand #228083951783:  Hold'em No Limit ($0.01/$0.02 USD) - 2021/07/05 15:35:43 PT [2021/07/05 18:35:43 ET]
Table 'Horus IV' 9-max Seat #9 is the button
Seat 1: Pepono101 ($4.15 in chips) 
Seat 3: davegoa ($2 in chips) 
Seat 5: Dorex2007 ($1.92 in chips) 
Seat 9: 1_MaNTeR_1 ($1.21 in chips) 
Pepono101: posts small blind $0.01
davegoa: posts big blind $0.02
*** HOLE CARDS ***
Dealt to Dorex2007 [Jc 3c]
Dorex2007: folds 
1_MaNTeR_1: folds 
Pepono101: folds 
Uncalled bet ($0.01) returned to davegoa
davegoa collected $0.02 from pot
davegoa: doesn't show hand 
*** SUMMARY ***
Total pot $0.02 | Rake $0 
Seat 1: Pepono101 (small blind) folded before Flop
Seat 3: davegoa (big blind) collected ($0.02)
Seat 5: Dorex2007 folded before Flop (didn't bet)
Seat 9: 1_MaNTeR_1 (button) folded before Flop (didn't bet)



PokerStars Hand #228083958369:  Hold'em No Limit ($0.01/$0.02 USD) - 2021/07/05 15:36:02 PT [2021/07/05 18:36:02 ET]
Table 'Horus IV' 9-max Seat #1 is the button
Seat 1: Pepono101 ($4.14 in chips) 
Seat 3: davegoa ($2.01 in chips) 
Seat 5: Dorex2007 ($1.92 in chips) 
Seat 9: 1_MaNTeR_1 ($1.21 in chips) 
davegoa: posts small blind $0.01
Dorex2007: posts big blind $0.02
*** HOLE CARDS ***
Dealt to Dorex2007 [Kh 4d]
1_MaNTeR_1: calls $0.02
Pepono101 has timed out
Pepono101: folds 
Pepono101 leaves the table
alexbiz752 joins the table at seat #6 
davegoa: folds 
Dorex2007: checks 
*** FLOP *** [5h Ks Qs]
clt1949 leaves the table
Dorex2007: checks 
1_MaNTeR_1: bets $0.02
Dorex2007: calls $0.02
*** TURN *** [5h Ks Qs] [5d]
Dorex2007: checks 
1_MaNTeR_1: bets $0.02
Dorex2007: calls $0.02
*** RIVER *** [5h Ks Qs 5d] [3h]
Dorex2007: bets $0.09
1_MaNTeR_1: calls $0.09
*** SHOW DOWN ***
Dorex2007: shows [Kh 4d] (two pair, Kings and Fives)
1_MaNTeR_1: mucks hand 
Dorex2007 collected $0.30 from pot
areo1219 leaves the table
*** SUMMARY ***
Total pot $0.31 | Rake $0.01 
Board [5h Ks Qs 5d 3h]
Seat 1: Pepono101 (button) folded before Flop (didn't bet)
Seat 3: davegoa (small blind) folded before Flop
Seat 5: Dorex2007 (big blind) showed [Kh 4d] and won ($0.30) with two pair, Kings and Fives
Seat 9: 1_MaNTeR_1 mucked [4h Qh]



