PokerStars Hand #227902077972:  Hold'em No Limit ($0.01/$0.02 USD) - 2021/06/27 22:31:59 PT [2021/06/28 1:31:59 ET]
Table 'Gadolin II' 9-max Seat #4 is the button
Seat 1: soultee88 ($3.77 in chips) 
Seat 2: ShivaShango ($1.59 in chips) 
Seat 3: Lstrm2 ($1.86 in chips) 
Seat 4: Nastysha184 ($1.22 in chips) 
Seat 7: SlavikPuha ($2.25 in chips) 
Seat 8: Dorex2007 ($2 in chips) 
Seat 9: westhamas ($1.78 in chips) 
SlavikPuha: posts small blind $0.01
Dorex2007: posts big blind $0.02
*** HOLE CARDS ***
Dealt to Dorex2007 [Kd 6c]
westhamas: folds 
soultee88: folds 
ShivaShango: raises $0.03 to $0.05
Lstrm2: calls $0.05
Nastysha184: folds 
SlavikPuha: folds 
Dorex2007: folds 
*** FLOP *** [4s 7c Kc]
ShivaShango: checks 
Lstrm2: checks 
*** TURN *** [4s 7c Kc] [7d]
ShivaShango: checks 
Lstrm2: checks 
*** RIVER *** [4s 7c Kc 7d] [As]
ShivaShango: bets $0.10
Lstrm2: raises $0.10 to $0.20
ShivaShango: calls $0.10
*** SHOW DOWN ***
Lstrm2: shows [Ks Jd] (two pair, Kings and Sevens)
ShivaShango: mucks hand 
Lstrm2 collected $0.51 from pot
*** SUMMARY ***
Total pot $0.53 | Rake $0.02 
Board [4s 7c Kc 7d As]
Seat 1: soultee88 folded before Flop (didn't bet)
Seat 2: ShivaShango mucked [Jc Jh]
Seat 3: Lstrm2 showed [Ks Jd] and won ($0.51) with two pair, Kings and Sevens
Seat 4: Nastysha184 (button) folded before Flop (didn't bet)
Seat 7: SlavikPuha (small blind) folded before Flop
Seat 8: Dorex2007 (big blind) folded before Flop
Seat 9: westhamas folded before Flop (didn't bet)



PokerStars Hand #227902084675:  Hold'em No Limit ($0.01/$0.02 USD) - 2021/06/27 22:32:56 PT [2021/06/28 1:32:56 ET]
Table 'Gadolin II' 9-max Seat #7 is the button
Seat 1: soultee88 ($3.77 in chips) 
Seat 2: ShivaShango ($1.34 in chips) 
Seat 3: Lstrm2 ($2.12 in chips) 
Seat 4: Nastysha184 ($1.22 in chips) 
Seat 5: Santei198282 ($0.57 in chips) 
Seat 7: SlavikPuha ($2.24 in chips) 
Seat 8: Dorex2007 ($1.98 in chips) 
Seat 9: westhamas ($1.78 in chips) 
Dorex2007: posts small blind $0.01
westhamas: posts big blind $0.02
Santei198282: posts small & big blinds $0.03
jokeripari: sits out 
*** HOLE CARDS ***
Dealt to Dorex2007 [Kh 4c]
soultee88: folds 
ShivaShango: folds 
Lstrm2: calls $0.02
Nastysha184: calls $0.02
Santei198282 has timed out
Santei198282: checks 
SlavikPuha: raises $0.14 to $0.16
Dorex2007: folds 
westhamas: folds 
Lstrm2: calls $0.14
Nastysha184: folds 
Santei198282 has timed out
Santei198282: folds 
*** FLOP *** [2c 5c 6d]
Lstrm2: checks 
SlavikPuha: bets $0.20
Lstrm2: calls $0.20
*** TURN *** [2c 5c 6d] [2d]
Lstrm2: bets $0.02
SlavikPuha: calls $0.02
*** RIVER *** [2c 5c 6d 2d] [9d]
Lstrm2: checks 
SlavikPuha: checks 
*** SHOW DOWN ***
Lstrm2: shows [4s 5s] (two pair, Fives and Deuces)
SlavikPuha: mucks hand 
Lstrm2 collected $0.81 from pot
*** SUMMARY ***
Total pot $0.84 | Rake $0.03 
Board [2c 5c 6d 2d 9d]
Seat 1: soultee88 folded before Flop (didn't bet)
Seat 2: ShivaShango folded before Flop (didn't bet)
Seat 3: Lstrm2 showed [4s 5s] and won ($0.81) with two pair, Fives and Deuces
Seat 4: Nastysha184 folded before Flop
Seat 5: Santei198282 folded before Flop (didn't bet)
Seat 7: SlavikPuha (button) mucked [Qd Jh]
Seat 8: Dorex2007 (small blind) folded before Flop
Seat 9: westhamas (big blind) folded before Flop



PokerStars Hand #227902104918:  Hold'em No Limit ($0.01/$0.02 USD) - 2021/06/27 22:34:48 PT [2021/06/28 1:34:48 ET]
Table 'Gadolin II' 9-max Seat #8 is the button
Seat 1: soultee88 ($3.77 in chips) 
Seat 2: ShivaShango ($1.34 in chips) 
Seat 3: Lstrm2 ($2.55 in chips) 
Seat 4: Nastysha184 ($1.20 in chips) 
Seat 7: SlavikPuha ($2 in chips) 
Seat 8: Dorex2007 ($1.97 in chips) 
Seat 9: westhamas ($1.76 in chips) 
westhamas: posts small blind $0.01
soultee88: posts big blind $0.02
jokeripari: sits out 
*** HOLE CARDS ***
Dealt to Dorex2007 [Qc 6s]
ShivaShango: folds 
Lstrm2: calls $0.02
Nastysha184: folds 
SlavikPuha: folds 
Dorex2007: folds 
westhamas: raises $0.10 to $0.12
soultee88: folds 
Lstrm2: calls $0.10
*** FLOP *** [8h Kd 5s]
westhamas: checks 
Lstrm2: checks 
*** TURN *** [8h Kd 5s] [Ah]
westhamas: checks 
Lstrm2: bets $0.13
westhamas: raises $0.26 to $0.39
Lstrm2: calls $0.26
*** RIVER *** [8h Kd 5s Ah] [Td]
westhamas: bets $1
Lstrm2: calls $1
*** SHOW DOWN ***
westhamas: shows [Ks Kh] (three of a kind, Kings)
Lstrm2: mucks hand 
westhamas collected $2.93 from pot
*** SUMMARY ***
Total pot $3.04 | Rake $0.11 
Board [8h Kd 5s Ah Td]
Seat 1: soultee88 (big blind) folded before Flop
Seat 2: ShivaShango folded before Flop (didn't bet)
Seat 3: Lstrm2 mucked [9c 5h]
Seat 4: Nastysha184 folded before Flop (didn't bet)
Seat 7: SlavikPuha folded before Flop (didn't bet)
Seat 8: Dorex2007 (button) folded before Flop (didn't bet)
Seat 9: westhamas (small blind) showed [Ks Kh] and won ($2.93) with three of a kind, Kings



PokerStars Hand #227902112228:  Hold'em No Limit ($0.01/$0.02 USD) - 2021/06/27 22:35:50 PT [2021/06/28 1:35:50 ET]
Table 'Gadolin II' 9-max Seat #9 is the button
Seat 1: soultee88 ($3.75 in chips) 
Seat 2: ShivaShango ($1.34 in chips) 
Seat 3: Lstrm2 ($1.04 in chips) 
Seat 4: Nastysha184 ($1.20 in chips) 
Seat 5: Santei198282 ($0.54 in chips) 
Seat 7: SlavikPuha ($2 in chips) 
Seat 8: Dorex2007 ($1.97 in chips) 
Seat 9: westhamas ($3.18 in chips) 
soultee88: posts small blind $0.01
ShivaShango: posts big blind $0.02
jokeripari: sits out 
*** HOLE CARDS ***
Dealt to Dorex2007 [7c 2c]
Lstrm2: calls $0.02
Nastysha184: folds 
Santei198282: folds 
SlavikPuha: folds 
Dorex2007 has timed out
Dorex2007: folds 
Santei198282 is disconnected 
westhamas: calls $0.02
soultee88: folds 
ShivaShango: checks 
*** FLOP *** [Kc Js 4s]
ShivaShango: checks 
Lstrm2: checks 
westhamas: bets $0.07
ShivaShango: folds 
Lstrm2: calls $0.07
*** TURN *** [Kc Js 4s] [9c]
Lstrm2: bets $0.10
westhamas: calls $0.10
*** RIVER *** [Kc Js 4s 9c] [Jd]
Lstrm2: checks 
westhamas: bets $0.40
Lstrm2: folds 
Uncalled bet ($0.40) returned to westhamas
westhamas collected $0.40 from pot
*** SUMMARY ***
Total pot $0.41 | Rake $0.01 
Board [Kc Js 4s 9c Jd]
Seat 1: soultee88 (small blind) folded before Flop
Seat 2: ShivaShango (big blind) folded on the Flop
Seat 3: Lstrm2 folded on the River
Seat 4: Nastysha184 folded before Flop (didn't bet)
Seat 5: Santei198282 folded before Flop (didn't bet)
Seat 7: SlavikPuha folded before Flop (didn't bet)
Seat 8: Dorex2007 folded before Flop (didn't bet)
Seat 9: westhamas (button) collected ($0.40)



PokerStars Hand #227902118349:  Hold'em No Limit ($0.01/$0.02 USD) - 2021/06/27 22:36:42 PT [2021/06/28 1:36:42 ET]
Table 'Gadolin II' 9-max Seat #1 is the button
Seat 1: soultee88 ($3.74 in chips) 
Seat 2: ShivaShango ($1.32 in chips) 
Seat 3: Lstrm2 ($0.85 in chips) 
Seat 4: Nastysha184 ($1.20 in chips) 
Seat 5: Santei198282 ($0.54 in chips) 
Seat 7: SlavikPuha ($2 in chips) 
Seat 8: Dorex2007 ($1.97 in chips) 
Seat 9: westhamas ($3.39 in chips) 
ShivaShango: posts small blind $0.01
Lstrm2: posts big blind $0.02
jokeripari: sits out 
*** HOLE CARDS ***
Dealt to Dorex2007 [4h 9s]
Nastysha184: folds 
Santei198282 has timed out while disconnected
Santei198282: folds 
SlavikPuha: folds 
Dorex2007: folds 
westhamas: folds 
soultee88: folds 
ShivaShango: folds 
Uncalled bet ($0.01) returned to Lstrm2
Lstrm2 collected $0.02 from pot
Lstrm2: doesn't show hand 
*** SUMMARY ***
Total pot $0.02 | Rake $0 
Seat 1: soultee88 (button) folded before Flop (didn't bet)
Seat 2: ShivaShango (small blind) folded before Flop
Seat 3: Lstrm2 (big blind) collected ($0.02)
Seat 4: Nastysha184 folded before Flop (didn't bet)
Seat 5: Santei198282 folded before Flop (didn't bet)
Seat 7: SlavikPuha folded before Flop (didn't bet)
Seat 8: Dorex2007 folded before Flop (didn't bet)
Seat 9: westhamas folded before Flop (didn't bet)



PokerStars Hand #227902121928:  Hold'em No Limit ($0.01/$0.02 USD) - 2021/06/27 22:37:13 PT [2021/06/28 1:37:13 ET]
Table 'Gadolin II' 9-max Seat #2 is the button
Seat 1: soultee88 ($3.74 in chips) 
Seat 2: ShivaShango ($1.31 in chips) 
Seat 3: Lstrm2 ($0.86 in chips) 
Seat 4: Nastysha184 ($1.20 in chips) 
Seat 7: SlavikPuha ($2 in chips) 
Seat 8: Dorex2007 ($1.97 in chips) 
Seat 9: westhamas ($3.39 in chips) 
Lstrm2: posts small blind $0.01
Nastysha184: posts big blind $0.02
jokeripari: sits out 
*** HOLE CARDS ***
Dealt to Dorex2007 [9d 6d]
SlavikPuha: folds 
Dorex2007: folds 
westhamas: folds 
soultee88: folds 
ShivaShango: folds 
Lstrm2: calls $0.01
Nastysha184: checks 
*** FLOP *** [As 2c Tc]
Lstrm2: checks 
Nastysha184: bets $0.02
Lstrm2: calls $0.02
*** TURN *** [As 2c Tc] [4c]
Lstrm2: checks 
Nastysha184: bets $0.04
Lstrm2: calls $0.04
*** RIVER *** [As 2c Tc 4c] [2s]
Lstrm2: checks 
Nastysha184: bets $0.08
Lstrm2: calls $0.08
*** SHOW DOWN ***
Nastysha184: shows [3d Ad] (two pair, Aces and Deuces)
Lstrm2: shows [9h Ah] (two pair, Aces and Deuces)
Lstrm2 collected $0.16 from pot
Nastysha184 collected $0.15 from pot
*** SUMMARY ***
Total pot $0.32 | Rake $0.01 
Board [As 2c Tc 4c 2s]
Seat 1: soultee88 folded before Flop (didn't bet)
Seat 2: ShivaShango (button) folded before Flop (didn't bet)
Seat 3: Lstrm2 (small blind) showed [9h Ah] and won ($0.16) with two pair, Aces and Deuces
Seat 4: Nastysha184 (big blind) showed [3d Ad] and won ($0.15) with two pair, Aces and Deuces
Seat 7: SlavikPuha folded before Flop (didn't bet)
Seat 8: Dorex2007 folded before Flop (didn't bet)
Seat 9: westhamas folded before Flop (didn't bet)



PokerStars Hand #227902127068:  Hold'em No Limit ($0.01/$0.02 USD) - 2021/06/27 22:37:58 PT [2021/06/28 1:37:58 ET]
Table 'Gadolin II' 9-max Seat #3 is the button
Seat 1: soultee88 ($3.74 in chips) 
Seat 2: ShivaShango ($1.31 in chips) 
Seat 3: Lstrm2 ($0.86 in chips) 
Seat 4: Nastysha184 ($1.19 in chips) 
Seat 5: Santei198282 ($0.54 in chips) 
Seat 7: SlavikPuha ($2 in chips) 
Seat 8: Dorex2007 ($1.97 in chips) 
Seat 9: westhamas ($3.39 in chips) 
Nastysha184: posts small blind $0.01
Santei198282: posts big blind $0.02
jokeripari: sits out 
*** HOLE CARDS ***
Dealt to Dorex2007 [3s 3d]
SlavikPuha: folds 
Dorex2007: folds 
westhamas: folds 
soultee88: folds 
ShivaShango: raises $0.03 to $0.05
Lstrm2: calls $0.05
Nastysha184: calls $0.04
Santei198282: calls $0.03
*** FLOP *** [Qd 5h 7s]
Nastysha184: checks 
Santei198282: checks 
ShivaShango: checks 
Lstrm2: checks 
*** TURN *** [Qd 5h 7s] [4c]
Nastysha184: checks 
Santei198282: checks 
ShivaShango: bets $0.06
Lstrm2: calls $0.06
Nastysha184: calls $0.06
Santei198282: calls $0.06
*** RIVER *** [Qd 5h 7s 4c] [Js]
Nastysha184: checks 
Santei198282: checks 
ShivaShango: checks 
Lstrm2: bets $0.10
Nastysha184: folds 
Santei198282: calls $0.10
ShivaShango: folds 
*** SHOW DOWN ***
Lstrm2: shows [Th Jh] (a pair of Jacks)
Santei198282: shows [Qs As] (a pair of Queens)
Santei198282 collected $0.62 from pot
*** SUMMARY ***
Total pot $0.64 | Rake $0.02 
Board [Qd 5h 7s 4c Js]
Seat 1: soultee88 folded before Flop (didn't bet)
Seat 2: ShivaShango folded on the River
Seat 3: Lstrm2 (button) showed [Th Jh] and lost with a pair of Jacks
Seat 4: Nastysha184 (small blind) folded on the River
Seat 5: Santei198282 (big blind) showed [Qs As] and won ($0.62) with a pair of Queens
Seat 7: SlavikPuha folded before Flop (didn't bet)
Seat 8: Dorex2007 folded before Flop (didn't bet)
Seat 9: westhamas folded before Flop (didn't bet)



PokerStars Hand #227902135804:  Hold'em No Limit ($0.01/$0.02 USD) - 2021/06/27 22:39:13 PT [2021/06/28 1:39:13 ET]
Table 'Gadolin II' 9-max Seat #4 is the button
Seat 1: soultee88 ($3.74 in chips) 
Seat 2: ShivaShango ($1.20 in chips) 
Seat 3: Lstrm2 ($0.65 in chips) 
Seat 4: Nastysha184 ($1.08 in chips) 
Seat 5: Santei198282 ($0.95 in chips) 
Seat 6: jokeripari ($2.02 in chips) 
Seat 7: SlavikPuha ($2 in chips) 
Seat 8: Dorex2007 ($1.97 in chips) 
Seat 9: westhamas ($3.39 in chips) 
Santei198282: posts small blind $0.01
jokeripari: posts big blind $0.02
*** HOLE CARDS ***
Dealt to Dorex2007 [8h Ks]
SlavikPuha: folds 
Dorex2007: folds 
westhamas: folds 
soultee88: folds 
ShivaShango: folds 
Lstrm2: calls $0.02
Nastysha184: folds 
Santei198282: folds 
jokeripari: checks 
*** FLOP *** [Ac 2s Kd]
Santei198282 is disconnected 
jokeripari: checks 
Lstrm2: bets $0.05
jokeripari: folds 
Uncalled bet ($0.05) returned to Lstrm2
Lstrm2 collected $0.05 from pot
Lstrm2: doesn't show hand 
*** SUMMARY ***
Total pot $0.05 | Rake $0 
Board [Ac 2s Kd]
Seat 1: soultee88 folded before Flop (didn't bet)
Seat 2: ShivaShango folded before Flop (didn't bet)
Seat 3: Lstrm2 collected ($0.05)
Seat 4: Nastysha184 (button) folded before Flop (didn't bet)
Seat 5: Santei198282 (small blind) folded before Flop
Seat 6: jokeripari (big blind) folded on the Flop
Seat 7: SlavikPuha folded before Flop (didn't bet)
Seat 8: Dorex2007 folded before Flop (didn't bet)
Seat 9: westhamas folded before Flop (didn't bet)



PokerStars Hand #227902143042:  Hold'em No Limit ($0.01/$0.02 USD) - 2021/06/27 22:40:16 PT [2021/06/28 1:40:16 ET]
Table 'Gadolin II' 9-max Seat #5 is the button
Seat 1: soultee88 ($3.74 in chips) 
Seat 2: ShivaShango ($1.20 in chips) 
Seat 3: Lstrm2 ($0.68 in chips) 
Seat 4: Nastysha184 ($1.08 in chips) 
Seat 5: Santei198282 ($0.94 in chips) 
Seat 6: jokeripari ($2 in chips) 
Seat 7: SlavikPuha ($2 in chips) 
Seat 8: Dorex2007 ($1.97 in chips) 
Seat 9: westhamas ($3.39 in chips) 
jokeripari: posts small blind $0.01
SlavikPuha: posts big blind $0.02
*** HOLE CARDS ***
Dealt to Dorex2007 [Jh Js]
Dorex2007 has timed out
Dorex2007: folds 
westhamas: folds 
soultee88: folds 
ShivaShango: folds 
Lstrm2: calls $0.02
Nastysha184: folds 
Santei198282 has timed out while disconnected
Santei198282: folds 
jokeripari: calls $0.01
SlavikPuha: checks 
*** FLOP *** [Qh 2h 7d]
jokeripari: checks 
SlavikPuha: checks 
Lstrm2: checks 
*** TURN *** [Qh 2h 7d] [9d]
jokeripari: checks 
SlavikPuha: checks 
Lstrm2: bets $0.06
jokeripari: folds 
SlavikPuha: folds 
Uncalled bet ($0.06) returned to Lstrm2
Lstrm2 collected $0.06 from pot
Lstrm2: doesn't show hand 
*** SUMMARY ***
Total pot $0.06 | Rake $0 
Board [Qh 2h 7d 9d]
Seat 1: soultee88 folded before Flop (didn't bet)
Seat 2: ShivaShango folded before Flop (didn't bet)
Seat 3: Lstrm2 collected ($0.06)
Seat 4: Nastysha184 folded before Flop (didn't bet)
Seat 5: Santei198282 (button) folded before Flop (didn't bet)
Seat 6: jokeripari (small blind) folded on the Turn
Seat 7: SlavikPuha (big blind) folded on the Turn
Seat 8: Dorex2007 folded before Flop (didn't bet)
Seat 9: westhamas folded before Flop (didn't bet)



PokerStars Hand #227902151907:  Hold'em No Limit ($0.01/$0.02 USD) - 2021/06/27 22:41:33 PT [2021/06/28 1:41:33 ET]
Table 'Gadolin II' 9-max Seat #6 is the button
Seat 1: soultee88 ($3.74 in chips) 
Seat 2: ShivaShango ($1.20 in chips) 
Seat 3: Lstrm2 ($0.72 in chips) 
Seat 4: Nastysha184 ($1.08 in chips) 
Seat 6: jokeripari ($2 in chips) 
Seat 7: SlavikPuha ($2 in chips) 
Seat 8: Dorex2007 ($1.97 in chips) 
Seat 9: westhamas ($3.39 in chips) 
SlavikPuha: posts small blind $0.01
Dorex2007: posts big blind $0.02
*** HOLE CARDS ***
Dealt to Dorex2007 [Jc 4h]
westhamas: folds 
soultee88: folds 
ShivaShango: raises $0.03 to $0.05
Lstrm2: calls $0.05
Nastysha184: raises $0.13 to $0.18
jokeripari: folds 
SlavikPuha: folds 
Dorex2007: folds 
ShivaShango: folds 
Lstrm2: calls $0.13
*** FLOP *** [8d Qh 7c]
Lstrm2: bets $0.21
Nastysha184: calls $0.21
*** TURN *** [8d Qh 7c] [3s]
Lstrm2: checks 
Nastysha184: bets $0.42
Lstrm2: calls $0.33 and is all-in
Uncalled bet ($0.09) returned to Nastysha184
*** RIVER *** [8d Qh 7c 3s] [Js]
*** SHOW DOWN ***
Lstrm2: shows [8s 4s] (a pair of Eights)
Nastysha184: shows [Kh Ah] (high card Ace)
Lstrm2 collected $1.47 from pot
*** SUMMARY ***
Total pot $1.52 | Rake $0.05 
Board [8d Qh 7c 3s Js]
Seat 1: soultee88 folded before Flop (didn't bet)
Seat 2: ShivaShango folded before Flop
Seat 3: Lstrm2 showed [8s 4s] and won ($1.47) with a pair of Eights
Seat 4: Nastysha184 showed [Kh Ah] and lost with high card Ace
Seat 6: jokeripari (button) folded before Flop (didn't bet)
Seat 7: SlavikPuha (small blind) folded before Flop
Seat 8: Dorex2007 (big blind) folded before Flop
Seat 9: westhamas folded before Flop (didn't bet)



PokerStars Hand #227902159355:  Hold'em No Limit ($0.01/$0.02 USD) - 2021/06/27 22:42:38 PT [2021/06/28 1:42:38 ET]
Table 'Gadolin II' 9-max Seat #7 is the button
Seat 1: soultee88 ($3.74 in chips) 
Seat 2: ShivaShango ($1.15 in chips) 
Seat 3: Lstrm2 ($1.47 in chips) 
Seat 4: Nastysha184 ($0.36 in chips) 
Seat 6: jokeripari ($2 in chips) 
Seat 7: SlavikPuha ($2 in chips) 
Seat 8: Dorex2007 ($1.95 in chips) 
Seat 9: westhamas ($3.39 in chips) 
Dorex2007: posts small blind $0.01
westhamas: posts big blind $0.02
*** HOLE CARDS ***
Dealt to Dorex2007 [As 2c]
soultee88: folds 
ShivaShango: folds 
Lstrm2: calls $0.02
Nastysha184: raises $0.34 to $0.36 and is all-in
jokeripari: folds 
SlavikPuha: folds 
Dorex2007: folds 
westhamas: folds 
Lstrm2: calls $0.34
*** FLOP *** [4h Ac 4s]
*** TURN *** [4h Ac 4s] [9c]
*** RIVER *** [4h Ac 4s 9c] [9s]
*** SHOW DOWN ***
Lstrm2: shows [Qh 2s] (two pair, Nines and Fours)
Nastysha184: shows [Jh Jc] (two pair, Jacks and Nines)
Nastysha184 cashed out the hand for $0.51 | Cash Out Fee $0.01
*** SUMMARY ***
Total pot $0.75 | Rake $0.03 
Board [4h Ac 4s 9c 9s]
Seat 1: soultee88 folded before Flop (didn't bet)
Seat 2: ShivaShango folded before Flop (didn't bet)
Seat 3: Lstrm2 showed [Qh 2s] and lost with two pair, Nines and Fours
Seat 4: Nastysha184 showed [Jh Jc] and won ($0.72) with two pair, Jacks and Nines (pot not awarded as player cashed out)
Seat 6: jokeripari folded before Flop (didn't bet)
Seat 7: SlavikPuha (button) folded before Flop (didn't bet)
Seat 8: Dorex2007 (small blind) folded before Flop
Seat 9: westhamas (big blind) folded before Flop



PokerStars Hand #227902164047:  Hold'em No Limit ($0.01/$0.02 USD) - 2021/06/27 22:43:18 PT [2021/06/28 1:43:18 ET]
Table 'Gadolin II' 9-max Seat #8 is the button
Seat 1: soultee88 ($3.74 in chips) 
Seat 2: ShivaShango ($1.15 in chips) 
Seat 3: Lstrm2 ($1.11 in chips) 
Seat 4: Nastysha184 ($0.51 in chips) 
Seat 6: jokeripari ($2 in chips) 
Seat 7: SlavikPuha ($2 in chips) 
Seat 8: Dorex2007 ($1.94 in chips) 
Seat 9: westhamas ($3.37 in chips) 
westhamas: posts small blind $0.01
soultee88: posts big blind $0.02
*** HOLE CARDS ***
Dealt to Dorex2007 [Kc 2s]
ShivaShango: folds 
Lstrm2: folds 
Nastysha184: raises $0.04 to $0.06
jokeripari: raises $0.14 to $0.20
SlavikPuha: folds 
Dorex2007: folds 
westhamas: folds 
soultee88: folds 
Nastysha184: folds 
Uncalled bet ($0.14) returned to jokeripari
jokeripari collected $0.15 from pot
jokeripari: doesn't show hand 
*** SUMMARY ***
Total pot $0.15 | Rake $0 
Seat 1: soultee88 (big blind) folded before Flop
Seat 2: ShivaShango folded before Flop (didn't bet)
Seat 3: Lstrm2 folded before Flop (didn't bet)
Seat 4: Nastysha184 folded before Flop
Seat 6: jokeripari collected ($0.15)
Seat 7: SlavikPuha folded before Flop (didn't bet)
Seat 8: Dorex2007 (button) folded before Flop (didn't bet)
Seat 9: westhamas (small blind) folded before Flop



PokerStars Hand #227902166489:  Hold'em No Limit ($0.01/$0.02 USD) - 2021/06/27 22:43:39 PT [2021/06/28 1:43:39 ET]
Table 'Gadolin II' 9-max Seat #9 is the button
Seat 1: soultee88 ($3.72 in chips) 
Seat 2: ShivaShango ($1.15 in chips) 
Seat 3: Lstrm2 ($1.11 in chips) 
Seat 4: Nastysha184 ($0.45 in chips) 
Seat 6: jokeripari ($2.09 in chips) 
Seat 7: SlavikPuha ($2 in chips) 
Seat 8: Dorex2007 ($1.94 in chips) 
Seat 9: westhamas ($3.36 in chips) 
soultee88: posts small blind $0.01
ShivaShango: posts big blind $0.02
*** HOLE CARDS ***
Dealt to Dorex2007 [Tc 9c]
Lstrm2: calls $0.02
Nastysha184: folds 
jokeripari: folds 
SlavikPuha: folds 
Dorex2007: folds 
westhamas: folds 
soultee88: folds 
ShivaShango: checks 
*** FLOP *** [8s 7c 5h]
ShivaShango: checks 
Lstrm2: checks 
*** TURN *** [8s 7c 5h] [Td]
ShivaShango: checks 
Lstrm2: bets $0.05
ShivaShango: calls $0.05
*** RIVER *** [8s 7c 5h Td] [Ac]
ShivaShango: bets $0.18
Lstrm2: raises $0.18 to $0.36
ShivaShango: folds 
Uncalled bet ($0.18) returned to Lstrm2
Lstrm2 collected $0.49 from pot
Lstrm2: doesn't show hand 
*** SUMMARY ***
Total pot $0.51 | Rake $0.02 
Board [8s 7c 5h Td Ac]
Seat 1: soultee88 (small blind) folded before Flop
Seat 2: ShivaShango (big blind) folded on the River
Seat 3: Lstrm2 collected ($0.49)
Seat 4: Nastysha184 folded before Flop (didn't bet)
Seat 6: jokeripari folded before Flop (didn't bet)
Seat 7: SlavikPuha folded before Flop (didn't bet)
Seat 8: Dorex2007 folded before Flop (didn't bet)
Seat 9: westhamas (button) folded before Flop (didn't bet)



PokerStars Hand #227902171735:  Hold'em No Limit ($0.01/$0.02 USD) - 2021/06/27 22:44:24 PT [2021/06/28 1:44:24 ET]
Table 'Gadolin II' 9-max Seat #1 is the button
Seat 1: soultee88 ($3.71 in chips) 
Seat 2: ShivaShango ($0.90 in chips) 
Seat 3: Lstrm2 ($1.35 in chips) 
Seat 4: Nastysha184 ($0.45 in chips) 
Seat 6: jokeripari ($2.09 in chips) 
Seat 7: SlavikPuha ($2 in chips) 
Seat 8: Dorex2007 ($1.94 in chips) 
Seat 9: westhamas ($3.36 in chips) 
ShivaShango: posts small blind $0.01
Lstrm2: posts big blind $0.02
*** HOLE CARDS ***
Dealt to Dorex2007 [7d 7c]
Nastysha184: raises $0.02 to $0.04
jokeripari: folds 
SlavikPuha: folds 
Dorex2007: calls $0.04
westhamas: folds 
soultee88: folds 
ShivaShango: folds 
Lstrm2: calls $0.02
*** FLOP *** [3c 3h 5d]
Lstrm2: checks 
Nastysha184: checks 
Dorex2007: bets $0.13
Lstrm2: calls $0.13
Nastysha184: folds 
*** TURN *** [3c 3h 5d] [8s]
Lstrm2: checks 
Dorex2007: checks 
*** RIVER *** [3c 3h 5d 8s] [Ad]
Lstrm2: bets $0.19
Dorex2007: calls $0.19
*** SHOW DOWN ***
Lstrm2: shows [7h Jc] (a pair of Threes)
Dorex2007: shows [7d 7c] (two pair, Sevens and Threes)
Dorex2007 collected $0.74 from pot
*** SUMMARY ***
Total pot $0.77 | Rake $0.03 
Board [3c 3h 5d 8s Ad]
Seat 1: soultee88 (button) folded before Flop (didn't bet)
Seat 2: ShivaShango (small blind) folded before Flop
Seat 3: Lstrm2 (big blind) showed [7h Jc] and lost with a pair of Threes
Seat 4: Nastysha184 folded on the Flop
Seat 6: jokeripari folded before Flop (didn't bet)
Seat 7: SlavikPuha folded before Flop (didn't bet)
Seat 8: Dorex2007 showed [7d 7c] and won ($0.74) with two pair, Sevens and Threes
Seat 9: westhamas folded before Flop (didn't bet)



PokerStars Hand #227902176535:  Hold'em No Limit ($0.01/$0.02 USD) - 2021/06/27 22:45:06 PT [2021/06/28 1:45:06 ET]
Table 'Gadolin II' 9-max Seat #2 is the button
Seat 1: soultee88 ($3.71 in chips) 
Seat 2: ShivaShango ($0.89 in chips) 
Seat 3: Lstrm2 ($0.99 in chips) 
Seat 4: Nastysha184 ($0.41 in chips) 
Seat 6: jokeripari ($2.09 in chips) 
Seat 7: SlavikPuha ($2 in chips) 
Seat 8: Dorex2007 ($2.32 in chips) 
Seat 9: westhamas ($3.36 in chips) 
Lstrm2: posts small blind $0.01
Nastysha184: posts big blind $0.02
*** HOLE CARDS ***
Dealt to Dorex2007 [Ac 7d]
jokeripari: folds 
SlavikPuha: folds 
Dorex2007: folds 
westhamas: folds 
soultee88: folds 
ShivaShango: folds 
Lstrm2: calls $0.01
Nastysha184: checks 
*** FLOP *** [Kc 4d 2s]
Lstrm2: checks 
Nastysha184: checks 
*** TURN *** [Kc 4d 2s] [5s]
Lstrm2: checks 
Nastysha184: bets $0.03
Lstrm2: calls $0.03
*** RIVER *** [Kc 4d 2s 5s] [3c]
Lstrm2: bets $0.10
Nastysha184: raises $0.26 to $0.36 and is all-in
Lstrm2: calls $0.26
*** SHOW DOWN ***
Nastysha184: shows [Js 6s] (a straight, Deuce to Six)
Lstrm2: shows [9d Jc] (high card King)
Nastysha184 collected $0.79 from pot
*** SUMMARY ***
Total pot $0.82 | Rake $0.03 
Board [Kc 4d 2s 5s 3c]
Seat 1: soultee88 folded before Flop (didn't bet)
Seat 2: ShivaShango (button) folded before Flop (didn't bet)
Seat 3: Lstrm2 (small blind) showed [9d Jc] and lost with high card King
Seat 4: Nastysha184 (big blind) showed [Js 6s] and won ($0.79) with a straight, Deuce to Six
Seat 6: jokeripari folded before Flop (didn't bet)
Seat 7: SlavikPuha folded before Flop (didn't bet)
Seat 8: Dorex2007 folded before Flop (didn't bet)
Seat 9: westhamas folded before Flop (didn't bet)



PokerStars Hand #227902182223:  Hold'em No Limit ($0.01/$0.02 USD) - 2021/06/27 22:45:54 PT [2021/06/28 1:45:54 ET]
Table 'Gadolin II' 9-max Seat #3 is the button
Seat 1: soultee88 ($3.71 in chips) 
Seat 2: ShivaShango ($0.89 in chips) 
Seat 3: Lstrm2 ($0.58 in chips) 
Seat 4: Nastysha184 ($0.79 in chips) 
Seat 6: jokeripari ($2.09 in chips) 
Seat 7: SlavikPuha ($2 in chips) 
Seat 8: Dorex2007 ($2.32 in chips) 
Seat 9: westhamas ($3.36 in chips) 
Nastysha184: posts small blind $0.01
jokeripari: posts big blind $0.02
*** HOLE CARDS ***
Dealt to Dorex2007 [2s 5d]
SlavikPuha: folds 
Dorex2007: folds 
westhamas: folds 
soultee88: raises $0.03 to $0.05
ShivaShango: folds 
Lstrm2: folds 
Nastysha184: folds 
jokeripari: folds 
Uncalled bet ($0.03) returned to soultee88
soultee88 collected $0.05 from pot
soultee88: doesn't show hand 
*** SUMMARY ***
Total pot $0.05 | Rake $0 
Seat 1: soultee88 collected ($0.05)
Seat 2: ShivaShango folded before Flop (didn't bet)
Seat 3: Lstrm2 (button) folded before Flop (didn't bet)
Seat 4: Nastysha184 (small blind) folded before Flop
Seat 6: jokeripari (big blind) folded before Flop
Seat 7: SlavikPuha folded before Flop (didn't bet)
Seat 8: Dorex2007 folded before Flop (didn't bet)
Seat 9: westhamas folded before Flop (didn't bet)



PokerStars Hand #227902184388:  Hold'em No Limit ($0.01/$0.02 USD) - 2021/06/27 22:46:13 PT [2021/06/28 1:46:13 ET]
Table 'Gadolin II' 9-max Seat #4 is the button
Seat 1: soultee88 ($3.74 in chips) 
Seat 2: ShivaShango ($0.89 in chips) 
Seat 3: Lstrm2 ($0.58 in chips) 
Seat 4: Nastysha184 ($0.78 in chips) 
Seat 6: jokeripari ($2.07 in chips) 
Seat 7: SlavikPuha ($2 in chips) 
Seat 8: Dorex2007 ($2.32 in chips) 
Seat 9: westhamas ($3.36 in chips) 
jokeripari: posts small blind $0.01
SlavikPuha: posts big blind $0.02
*** HOLE CARDS ***
Dealt to Dorex2007 [Jc 8h]
Dorex2007: folds 
westhamas: folds 
soultee88: folds 
ShivaShango: folds 
Lstrm2: calls $0.02
Nastysha184: folds 
jokeripari: calls $0.01
SlavikPuha: checks 
*** FLOP *** [4c Qd 2h]
jokeripari: checks 
SlavikPuha: checks 
Lstrm2: checks 
*** TURN *** [4c Qd 2h] [Jh]
jokeripari: checks 
SlavikPuha: checks 
Lstrm2: bets $0.06
jokeripari: folds 
SlavikPuha: folds 
Uncalled bet ($0.06) returned to Lstrm2
Lstrm2 collected $0.06 from pot
Lstrm2: doesn't show hand 
*** SUMMARY ***
Total pot $0.06 | Rake $0 
Board [4c Qd 2h Jh]
Seat 1: soultee88 folded before Flop (didn't bet)
Seat 2: ShivaShango folded before Flop (didn't bet)
Seat 3: Lstrm2 collected ($0.06)
Seat 4: Nastysha184 (button) folded before Flop (didn't bet)
Seat 6: jokeripari (small blind) folded on the Turn
Seat 7: SlavikPuha (big blind) folded on the Turn
Seat 8: Dorex2007 folded before Flop (didn't bet)
Seat 9: westhamas folded before Flop (didn't bet)



PokerStars Hand #227902193537:  Hold'em No Limit ($0.01/$0.02 USD) - 2021/06/27 22:47:30 PT [2021/06/28 1:47:30 ET]
Table 'Gadolin II' 9-max Seat #6 is the button
Seat 1: soultee88 ($3.74 in chips) 
Seat 2: ShivaShango ($0.89 in chips) 
Seat 3: Lstrm2 ($0.62 in chips) 
Seat 4: Nastysha184 ($0.78 in chips) 
Seat 6: jokeripari ($2.05 in chips) 
Seat 7: SlavikPuha ($2 in chips) 
Seat 8: Dorex2007 ($2.32 in chips) 
Seat 9: westhamas ($3.36 in chips) 
SlavikPuha: posts small blind $0.01
Dorex2007: posts big blind $0.02
*** HOLE CARDS ***
Dealt to Dorex2007 [4c 9h]
westhamas: folds 
soultee88: folds 
ShivaShango: raises $0.03 to $0.05
Lstrm2: calls $0.05
Nastysha184: folds 
jokeripari: calls $0.05
SlavikPuha: folds 
Dorex2007: folds 
*** FLOP *** [2s 6h 2h]
ShivaShango: checks 
Lstrm2: bets $0.17
jokeripari: folds 
ShivaShango: folds 
Uncalled bet ($0.17) returned to Lstrm2
Lstrm2 collected $0.17 from pot
Lstrm2: doesn't show hand 
*** SUMMARY ***
Total pot $0.18 | Rake $0.01 
Board [2s 6h 2h]
Seat 1: soultee88 folded before Flop (didn't bet)
Seat 2: ShivaShango folded on the Flop
Seat 3: Lstrm2 collected ($0.17)
Seat 4: Nastysha184 folded before Flop (didn't bet)
Seat 6: jokeripari (button) folded on the Flop
Seat 7: SlavikPuha (small blind) folded before Flop
Seat 8: Dorex2007 (big blind) folded before Flop
Seat 9: westhamas folded before Flop (didn't bet)



PokerStars Hand #227902198188:  Hold'em No Limit ($0.01/$0.02 USD) - 2021/06/27 22:48:10 PT [2021/06/28 1:48:10 ET]
Table 'Gadolin II' 9-max Seat #7 is the button
Seat 1: soultee88 ($3.74 in chips) 
Seat 2: ShivaShango ($0.84 in chips) 
Seat 3: Lstrm2 ($0.74 in chips) 
Seat 4: Nastysha184 ($0.78 in chips) 
Seat 6: jokeripari ($2 in chips) 
Seat 7: SlavikPuha ($2 in chips) 
Seat 8: Dorex2007 ($2.30 in chips) 
Seat 9: westhamas ($3.36 in chips) 
Dorex2007: posts small blind $0.01
westhamas: posts big blind $0.02
*** HOLE CARDS ***
Dealt to Dorex2007 [4s Tc]
soultee88: folds 
ShivaShango: folds 
Lstrm2: calls $0.02
Nastysha184: folds 
jokeripari: folds 
SlavikPuha: folds 
Dorex2007: folds 
westhamas: raises $0.08 to $0.10
Lstrm2: calls $0.08
*** FLOP *** [Js 3h Jh]
westhamas: bets $0.13
Lstrm2: raises $0.13 to $0.26
westhamas: raises $0.36 to $0.62
Lstrm2: raises $0.02 to $0.64 and is all-in
westhamas: calls $0.02
*** TURN *** [Js 3h Jh] [2d]
*** RIVER *** [Js 3h Jh 2d] [5d]
*** SHOW DOWN ***
westhamas: shows [Ks Kc] (two pair, Kings and Jacks)
Lstrm2: shows [7c 5c] (two pair, Jacks and Fives)
westhamas collected $1.44 from pot
*** SUMMARY ***
Total pot $1.49 | Rake $0.05 
Board [Js 3h Jh 2d 5d]
Seat 1: soultee88 folded before Flop (didn't bet)
Seat 2: ShivaShango folded before Flop (didn't bet)
Seat 3: Lstrm2 showed [7c 5c] and lost with two pair, Jacks and Fives
Seat 4: Nastysha184 folded before Flop (didn't bet)
Seat 6: jokeripari folded before Flop (didn't bet)
Seat 7: SlavikPuha (button) folded before Flop (didn't bet)
Seat 8: Dorex2007 (small blind) folded before Flop
Seat 9: westhamas (big blind) showed [Ks Kc] and won ($1.44) with two pair, Kings and Jacks



PokerStars Hand #227902203842:  Hold'em No Limit ($0.01/$0.02 USD) - 2021/06/27 22:48:59 PT [2021/06/28 1:48:59 ET]
Table 'Gadolin II' 9-max Seat #8 is the button
Seat 1: soultee88 ($3.74 in chips) 
Seat 2: ShivaShango ($0.84 in chips) 
Seat 4: Nastysha184 ($0.78 in chips) 
Seat 6: jokeripari ($2 in chips) 
Seat 7: SlavikPuha ($2 in chips) 
Seat 8: Dorex2007 ($2.29 in chips) 
Seat 9: westhamas ($4.06 in chips) 
westhamas: posts small blind $0.01
soultee88: posts big blind $0.02
*** HOLE CARDS ***
Dealt to Dorex2007 [2c Kd]
ShivaShango: folds 
Lstrm2 leaves the table
Nastysha184: folds 
jokeripari: folds 
SlavikPuha: raises $0.04 to $0.06
Dorex2007: folds 
westhamas: folds 
soultee88: folds 
Uncalled bet ($0.04) returned to SlavikPuha
SlavikPuha collected $0.05 from pot
SlavikPuha: doesn't show hand 
*** SUMMARY ***
Total pot $0.05 | Rake $0 
Seat 1: soultee88 (big blind) folded before Flop
Seat 2: ShivaShango folded before Flop (didn't bet)
Seat 4: Nastysha184 folded before Flop (didn't bet)
Seat 6: jokeripari folded before Flop (didn't bet)
Seat 7: SlavikPuha collected ($0.05)
Seat 8: Dorex2007 (button) folded before Flop (didn't bet)
Seat 9: westhamas (small blind) folded before Flop



PokerStars Hand #227902205548:  Hold'em No Limit ($0.01/$0.02 USD) - 2021/06/27 22:49:14 PT [2021/06/28 1:49:14 ET]
Table 'Gadolin II' 9-max Seat #9 is the button
Seat 1: soultee88 ($3.72 in chips) 
Seat 2: ShivaShango ($0.84 in chips) 
Seat 4: Nastysha184 ($0.78 in chips) 
Seat 6: jokeripari ($2 in chips) 
Seat 7: SlavikPuha ($2.03 in chips) 
Seat 8: Dorex2007 ($2.29 in chips) 
Seat 9: westhamas ($4.05 in chips) 
soultee88: posts small blind $0.01
ShivaShango: posts big blind $0.02
*** HOLE CARDS ***
Dealt to Dorex2007 [Qc 4s]
Nastysha184: folds 
jokeripari: folds 
SlavikPuha: folds 
Dorex2007: folds 
westhamas: folds 
soultee88: raises $0.03 to $0.05
ShivaShango: calls $0.03
*** FLOP *** [8s 9d 4h]
soultee88: checks 
ShivaShango: bets $0.03
soultee88: calls $0.03
*** TURN *** [8s 9d 4h] [4c]
Aristarh0 joins the table at seat #3 
Santei198282 leaves the table
soultee88: checks 
ShivaShango: bets $0.05
soultee88: calls $0.05
*** RIVER *** [8s 9d 4h 4c] [8h]
soultee88: bets $0.18
ShivaShango: folds 
Uncalled bet ($0.18) returned to soultee88
soultee88 collected $0.25 from pot
soultee88: doesn't show hand 
*** SUMMARY ***
Total pot $0.26 | Rake $0.01 
Board [8s 9d 4h 4c 8h]
Seat 1: soultee88 (small blind) collected ($0.25)
Seat 2: ShivaShango (big blind) folded on the River
Seat 4: Nastysha184 folded before Flop (didn't bet)
Seat 6: jokeripari folded before Flop (didn't bet)
Seat 7: SlavikPuha folded before Flop (didn't bet)
Seat 8: Dorex2007 folded before Flop (didn't bet)
Seat 9: westhamas (button) folded before Flop (didn't bet)



PokerStars Hand #227902213217:  Hold'em No Limit ($0.01/$0.02 USD) - 2021/06/27 22:50:19 PT [2021/06/28 1:50:19 ET]
Table 'Gadolin II' 9-max Seat #1 is the button
Seat 1: soultee88 ($3.84 in chips) 
Seat 2: ShivaShango ($0.71 in chips) 
Seat 3: Aristarh0 ($0.80 in chips) 
Seat 4: Nastysha184 ($0.78 in chips) 
Seat 6: jokeripari ($2 in chips) 
Seat 7: SlavikPuha ($2.03 in chips) 
Seat 8: Dorex2007 ($2.29 in chips) 
Seat 9: westhamas ($4.05 in chips) 
ShivaShango: posts small blind $0.01
Aristarh0: posts big blind $0.02
*** HOLE CARDS ***
Dealt to Dorex2007 [3c 6c]
Nastysha184: folds 
jokeripari: raises $0.04 to $0.06
SlavikPuha: folds 
Dorex2007: folds 
westhamas: folds 
soultee88: raises $0.10 to $0.16
ShivaShango: folds 
Aristarh0: folds 
jokeripari: folds 
Uncalled bet ($0.10) returned to soultee88
soultee88 collected $0.15 from pot
soultee88: doesn't show hand 
*** SUMMARY ***
Total pot $0.15 | Rake $0 
Seat 1: soultee88 (button) collected ($0.15)
Seat 2: ShivaShango (small blind) folded before Flop
Seat 3: Aristarh0 (big blind) folded before Flop
Seat 4: Nastysha184 folded before Flop (didn't bet)
Seat 6: jokeripari folded before Flop
Seat 7: SlavikPuha folded before Flop (didn't bet)
Seat 8: Dorex2007 folded before Flop (didn't bet)
Seat 9: westhamas folded before Flop (didn't bet)



PokerStars Hand #227902217343:  Hold'em No Limit ($0.01/$0.02 USD) - 2021/06/27 22:50:55 PT [2021/06/28 1:50:55 ET]
Table 'Gadolin II' 9-max Seat #2 is the button
Seat 1: soultee88 ($3.93 in chips) 
Seat 2: ShivaShango ($0.70 in chips) 
Seat 3: Aristarh0 ($0.78 in chips) 
Seat 4: Nastysha184 ($0.78 in chips) 
Seat 6: jokeripari ($2 in chips) 
Seat 7: SlavikPuha ($2.03 in chips) 
Seat 8: Dorex2007 ($2.29 in chips) 
Seat 9: westhamas ($4.05 in chips) 
Aristarh0: posts small blind $0.01
Nastysha184: posts big blind $0.02
*** HOLE CARDS ***
Dealt to Dorex2007 [Js 6h]
jokeripari: folds 
SlavikPuha: raises $0.04 to $0.06
Dorex2007: folds 
westhamas: folds 
soultee88: folds 
ShivaShango: folds 
Aristarh0: folds 
Nastysha184: folds 
Uncalled bet ($0.04) returned to SlavikPuha
SlavikPuha collected $0.05 from pot
SlavikPuha: doesn't show hand 
*** SUMMARY ***
Total pot $0.05 | Rake $0 
Seat 1: soultee88 folded before Flop (didn't bet)
Seat 2: ShivaShango (button) folded before Flop (didn't bet)
Seat 3: Aristarh0 (small blind) folded before Flop
Seat 4: Nastysha184 (big blind) folded before Flop
Seat 6: jokeripari folded before Flop (didn't bet)
Seat 7: SlavikPuha collected ($0.05)
Seat 8: Dorex2007 folded before Flop (didn't bet)
Seat 9: westhamas folded before Flop (didn't bet)



PokerStars Hand #227902219040:  Hold'em No Limit ($0.01/$0.02 USD) - 2021/06/27 22:51:10 PT [2021/06/28 1:51:10 ET]
Table 'Gadolin II' 9-max Seat #3 is the button
Seat 1: soultee88 ($3.93 in chips) 
Seat 2: ShivaShango ($0.70 in chips) 
Seat 3: Aristarh0 ($0.77 in chips) 
Seat 4: Nastysha184 ($0.76 in chips) 
Seat 6: jokeripari ($2 in chips) 
Seat 7: SlavikPuha ($2.06 in chips) 
Seat 8: Dorex2007 ($2.29 in chips) 
Seat 9: westhamas ($4.05 in chips) 
deileon joins the table at seat #5 
Nastysha184: posts small blind $0.01
jokeripari: posts big blind $0.02
*** HOLE CARDS ***
Dealt to Dorex2007 [5c 7d]
SlavikPuha: folds 
Dorex2007: folds 
westhamas: folds 
soultee88: folds 
ShivaShango: calls $0.02
Aristarh0: folds 
Nastysha184: folds 
jokeripari: checks 
*** FLOP *** [6h Jc Jd]
jokeripari: checks 
ShivaShango: checks 
*** TURN *** [6h Jc Jd] [Kd]
jokeripari: checks 
ShivaShango: bets $0.03
jokeripari: raises $0.15 to $0.18
ShivaShango: folds 
Uncalled bet ($0.15) returned to jokeripari
jokeripari collected $0.11 from pot
jokeripari: doesn't show hand 
*** SUMMARY ***
Total pot $0.11 | Rake $0 
Board [6h Jc Jd Kd]
Seat 1: soultee88 folded before Flop (didn't bet)
Seat 2: ShivaShango folded on the Turn
Seat 3: Aristarh0 (button) folded before Flop (didn't bet)
Seat 4: Nastysha184 (small blind) folded before Flop
Seat 6: jokeripari (big blind) collected ($0.11)
Seat 7: SlavikPuha folded before Flop (didn't bet)
Seat 8: Dorex2007 folded before Flop (didn't bet)
Seat 9: westhamas folded before Flop (didn't bet)



PokerStars Hand #227902225702:  Hold'em No Limit ($0.01/$0.02 USD) - 2021/06/27 22:52:07 PT [2021/06/28 1:52:07 ET]
Table 'Gadolin II' 9-max Seat #4 is the button
Seat 1: soultee88 ($3.93 in chips) 
Seat 2: ShivaShango ($0.65 in chips) 
Seat 3: Aristarh0 ($0.77 in chips) 
Seat 4: Nastysha184 ($0.75 in chips) 
Seat 6: jokeripari ($2.06 in chips) 
Seat 7: SlavikPuha ($2.06 in chips) 
Seat 8: Dorex2007 ($2.29 in chips) 
Seat 9: westhamas ($4.05 in chips) 
jokeripari: posts small blind $0.01
SlavikPuha: posts big blind $0.02
*** HOLE CARDS ***
Dealt to Dorex2007 [Qd Jh]
Dorex2007: folds 
westhamas: folds 
soultee88: folds 
ShivaShango: calls $0.02
Aristarh0: folds 
Nastysha184: calls $0.02
jokeripari: folds 
SlavikPuha: checks 
*** FLOP *** [Kc 4d Qc]
SlavikPuha: checks 
ShivaShango: checks 
Nastysha184: bets $0.05
SlavikPuha: folds 
ShivaShango: folds 
Uncalled bet ($0.05) returned to Nastysha184
Nastysha184 collected $0.07 from pot
*** SUMMARY ***
Total pot $0.07 | Rake $0 
Board [Kc 4d Qc]
Seat 1: soultee88 folded before Flop (didn't bet)
Seat 2: ShivaShango folded on the Flop
Seat 3: Aristarh0 folded before Flop (didn't bet)
Seat 4: Nastysha184 (button) collected ($0.07)
Seat 6: jokeripari (small blind) folded before Flop
Seat 7: SlavikPuha (big blind) folded on the Flop
Seat 8: Dorex2007 folded before Flop (didn't bet)
Seat 9: westhamas folded before Flop (didn't bet)



PokerStars Hand #227902230024:  Hold'em No Limit ($0.01/$0.02 USD) - 2021/06/27 22:52:45 PT [2021/06/28 1:52:45 ET]
Table 'Gadolin II' 9-max Seat #6 is the button
Seat 1: soultee88 ($3.93 in chips) 
Seat 2: ShivaShango ($0.63 in chips) 
Seat 3: Aristarh0 ($0.77 in chips) 
Seat 4: Nastysha184 ($0.80 in chips) 
Seat 5: deileon ($1.60 in chips) 
Seat 6: jokeripari ($2.05 in chips) 
Seat 7: SlavikPuha ($2.04 in chips) 
Seat 8: Dorex2007 ($2.29 in chips) 
Seat 9: westhamas ($4.05 in chips) 
SlavikPuha: posts small blind $0.01
Dorex2007: posts big blind $0.02
deileon: posts big blind $0.02
*** HOLE CARDS ***
Dealt to Dorex2007 [5c 2c]
westhamas: folds 
soultee88: folds 
ShivaShango has timed out
ShivaShango: folds 
Aristarh0: folds 
Nastysha184: folds 
deileon: checks 
jokeripari: folds 
SlavikPuha: raises $0.04 to $0.06
Dorex2007: folds 
deileon: calls $0.04
*** FLOP *** [9s Ad 8c]
SlavikPuha: bets $0.07
deileon: calls $0.07
*** TURN *** [9s Ad 8c] [8h]
SlavikPuha: bets $0.08
deileon: folds 
Uncalled bet ($0.08) returned to SlavikPuha
SlavikPuha collected $0.27 from pot
SlavikPuha: doesn't show hand 
*** SUMMARY ***
Total pot $0.28 | Rake $0.01 
Board [9s Ad 8c 8h]
Seat 1: soultee88 folded before Flop (didn't bet)
Seat 2: ShivaShango folded before Flop (didn't bet)
Seat 3: Aristarh0 folded before Flop (didn't bet)
Seat 4: Nastysha184 folded before Flop (didn't bet)
Seat 5: deileon folded on the Turn
Seat 6: jokeripari (button) folded before Flop (didn't bet)
Seat 7: SlavikPuha (small blind) collected ($0.27)
Seat 8: Dorex2007 (big blind) folded before Flop
Seat 9: westhamas folded before Flop (didn't bet)



PokerStars Hand #227902237892:  Hold'em No Limit ($0.01/$0.02 USD) - 2021/06/27 22:53:54 PT [2021/06/28 1:53:54 ET]
Table 'Gadolin II' 9-max Seat #7 is the button
Seat 1: soultee88 ($3.93 in chips) 
Seat 2: ShivaShango ($0.63 in chips) 
Seat 3: Aristarh0 ($0.77 in chips) 
Seat 4: Nastysha184 ($0.80 in chips) 
Seat 5: deileon ($1.47 in chips) 
Seat 6: jokeripari ($2.05 in chips) 
Seat 7: SlavikPuha ($2.18 in chips) 
Seat 8: Dorex2007 ($2.27 in chips) 
Seat 9: westhamas ($4.05 in chips) 
Dorex2007: posts small blind $0.01
westhamas: posts big blind $0.02
*** HOLE CARDS ***
Dealt to Dorex2007 [Ks Jd]
soultee88: folds 
ShivaShango: folds 
Aristarh0: folds 
Nastysha184: folds 
deileon: folds 
jokeripari: folds 
SlavikPuha: folds 
Dorex2007: raises $0.04 to $0.06
westhamas: calls $0.04
*** FLOP *** [9s Qh 4s]
Dorex2007: checks 
westhamas: checks 
*** TURN *** [9s Qh 4s] [7s]
Dorex2007: bets $0.08
westhamas: folds 
Uncalled bet ($0.08) returned to Dorex2007
Dorex2007 collected $0.12 from pot
Dorex2007: doesn't show hand 
*** SUMMARY ***
Total pot $0.12 | Rake $0 
Board [9s Qh 4s 7s]
Seat 1: soultee88 folded before Flop (didn't bet)
Seat 2: ShivaShango folded before Flop (didn't bet)
Seat 3: Aristarh0 folded before Flop (didn't bet)
Seat 4: Nastysha184 folded before Flop (didn't bet)
Seat 5: deileon folded before Flop (didn't bet)
Seat 6: jokeripari folded before Flop (didn't bet)
Seat 7: SlavikPuha (button) folded before Flop (didn't bet)
Seat 8: Dorex2007 (small blind) collected ($0.12)
Seat 9: westhamas (big blind) folded on the Turn



PokerStars Hand #227902243509:  Hold'em No Limit ($0.01/$0.02 USD) - 2021/06/27 22:54:42 PT [2021/06/28 1:54:42 ET]
Table 'Gadolin II' 9-max Seat #8 is the button
Seat 1: soultee88 ($3.93 in chips) 
Seat 2: ShivaShango ($0.63 in chips) 
Seat 3: Aristarh0 ($0.77 in chips) 
Seat 4: Nastysha184 ($0.80 in chips) 
Seat 5: deileon ($1.47 in chips) 
Seat 6: jokeripari ($2.05 in chips) 
Seat 7: SlavikPuha ($2.18 in chips) 
Seat 8: Dorex2007 ($2.33 in chips) 
Seat 9: westhamas ($3.99 in chips) 
westhamas: posts small blind $0.01
soultee88: posts big blind $0.02
*** HOLE CARDS ***
Dealt to Dorex2007 [4s 2s]
ShivaShango: folds 
Aristarh0 has timed out
Aristarh0: folds 
Nastysha184: folds 
deileon: calls $0.02
jokeripari: folds 
SlavikPuha: folds 
Dorex2007: folds 
westhamas: folds 
soultee88: raises $0.14 to $0.16
deileon: folds 
Uncalled bet ($0.14) returned to soultee88
soultee88 collected $0.05 from pot
soultee88: doesn't show hand 
*** SUMMARY ***
Total pot $0.05 | Rake $0 
Seat 1: soultee88 (big blind) collected ($0.05)
Seat 2: ShivaShango folded before Flop (didn't bet)
Seat 3: Aristarh0 folded before Flop (didn't bet)
Seat 4: Nastysha184 folded before Flop (didn't bet)
Seat 5: deileon folded before Flop
Seat 6: jokeripari folded before Flop (didn't bet)
Seat 7: SlavikPuha folded before Flop (didn't bet)
Seat 8: Dorex2007 (button) folded before Flop (didn't bet)
Seat 9: westhamas (small blind) folded before Flop



PokerStars Hand #227902248489:  Hold'em No Limit ($0.01/$0.02 USD) - 2021/06/27 22:55:27 PT [2021/06/28 1:55:27 ET]
Table 'Gadolin II' 9-max Seat #9 is the button
Seat 1: soultee88 ($3.96 in chips) 
Seat 2: ShivaShango ($0.63 in chips) 
Seat 3: Aristarh0 ($0.77 in chips) 
Seat 4: Nastysha184 ($0.80 in chips) 
Seat 5: deileon ($1.45 in chips) 
Seat 6: jokeripari ($2.05 in chips) 
Seat 7: SlavikPuha ($2.18 in chips) 
Seat 8: Dorex2007 ($2.33 in chips) 
Seat 9: westhamas ($3.98 in chips) 
soultee88: posts small blind $0.01
ShivaShango: posts big blind $0.02
*** HOLE CARDS ***
Dealt to Dorex2007 [Kd 9c]
Aristarh0: folds 
Nastysha184: folds 
deileon: folds 
jokeripari: folds 
SlavikPuha: folds 
Dorex2007: folds 
westhamas: folds 
soultee88: folds 
Uncalled bet ($0.01) returned to ShivaShango
ShivaShango collected $0.02 from pot
ShivaShango: doesn't show hand 
*** SUMMARY ***
Total pot $0.02 | Rake $0 
Seat 1: soultee88 (small blind) folded before Flop
Seat 2: ShivaShango (big blind) collected ($0.02)
Seat 3: Aristarh0 folded before Flop (didn't bet)
Seat 4: Nastysha184 folded before Flop (didn't bet)
Seat 5: deileon folded before Flop (didn't bet)
Seat 6: jokeripari folded before Flop (didn't bet)
Seat 7: SlavikPuha folded before Flop (didn't bet)
Seat 8: Dorex2007 folded before Flop (didn't bet)
Seat 9: westhamas (button) folded before Flop (didn't bet)



PokerStars Hand #227902250976:  Hold'em No Limit ($0.01/$0.02 USD) - 2021/06/27 22:55:52 PT [2021/06/28 1:55:52 ET]
Table 'Gadolin II' 9-max Seat #1 is the button
Seat 1: soultee88 ($3.95 in chips) 
Seat 2: ShivaShango ($0.64 in chips) 
Seat 3: Aristarh0 ($0.77 in chips) 
Seat 4: Nastysha184 ($0.80 in chips) 
Seat 5: deileon ($1.45 in chips) 
Seat 6: jokeripari ($2.05 in chips) 
Seat 7: SlavikPuha ($2.18 in chips) 
Seat 8: Dorex2007 ($2.33 in chips) 
Seat 9: westhamas ($3.98 in chips) 
ShivaShango: posts small blind $0.01
Aristarh0: posts big blind $0.02
*** HOLE CARDS ***
Dealt to Dorex2007 [6s Qd]
Nastysha184: folds 
deileon: calls $0.02
jokeripari: folds 
SlavikPuha: folds 
Dorex2007: folds 
westhamas: folds 
soultee88: raises $0.05 to $0.07
ShivaShango: folds 
Aristarh0: folds 
deileon: calls $0.05
*** FLOP *** [7s Ac 2d]
deileon: checks 
soultee88: bets $0.10
deileon: calls $0.10
*** TURN *** [7s Ac 2d] [5h]
deileon: checks 
soultee88: bets $0.21
deileon: calls $0.21
*** RIVER *** [7s Ac 2d 5h] [2c]
deileon: checks 
soultee88: checks 
*** SHOW DOWN ***
deileon: shows [Ah Qh] (two pair, Aces and Deuces)
soultee88: mucks hand 
deileon collected $0.76 from pot
*** SUMMARY ***
Total pot $0.79 | Rake $0.03 
Board [7s Ac 2d 5h 2c]
Seat 1: soultee88 (button) mucked [Jh Kc]
Seat 2: ShivaShango (small blind) folded before Flop
Seat 3: Aristarh0 (big blind) folded before Flop
Seat 4: Nastysha184 folded before Flop (didn't bet)
Seat 5: deileon showed [Ah Qh] and won ($0.76) with two pair, Aces and Deuces
Seat 6: jokeripari folded before Flop (didn't bet)
Seat 7: SlavikPuha folded before Flop (didn't bet)
Seat 8: Dorex2007 folded before Flop (didn't bet)
Seat 9: westhamas folded before Flop (didn't bet)



PokerStars Hand #227902258229:  Hold'em No Limit ($0.01/$0.02 USD) - 2021/06/27 22:57:02 PT [2021/06/28 1:57:02 ET]
Table 'Gadolin II' 9-max Seat #2 is the button
Seat 1: soultee88 ($3.57 in chips) 
Seat 2: ShivaShango ($0.63 in chips) 
Seat 3: Aristarh0 ($0.75 in chips) 
Seat 4: Nastysha184 ($0.80 in chips) 
Seat 5: deileon ($1.83 in chips) 
Seat 6: jokeripari ($2.05 in chips) 
Seat 7: SlavikPuha ($2.18 in chips) 
Seat 8: Dorex2007 ($2.33 in chips) 
Seat 9: westhamas ($3.98 in chips) 
Aristarh0: posts small blind $0.01
Nastysha184: posts big blind $0.02
*** HOLE CARDS ***
Dealt to Dorex2007 [2h Jc]
deileon: folds 
jokeripari: folds 
SlavikPuha: folds 
Dorex2007: folds 
westhamas: raises $0.05 to $0.07
soultee88: folds 
ShivaShango: calls $0.07
Aristarh0: folds 
Nastysha184: folds 
*** FLOP *** [Ks 4h 3s]
westhamas: bets $0.11
ShivaShango: folds 
Uncalled bet ($0.11) returned to westhamas
westhamas collected $0.16 from pot
*** SUMMARY ***
Total pot $0.17 | Rake $0.01 
Board [Ks 4h 3s]
Seat 1: soultee88 folded before Flop (didn't bet)
Seat 2: ShivaShango (button) folded on the Flop
Seat 3: Aristarh0 (small blind) folded before Flop
Seat 4: Nastysha184 (big blind) folded before Flop
Seat 5: deileon folded before Flop (didn't bet)
Seat 6: jokeripari folded before Flop (didn't bet)
Seat 7: SlavikPuha folded before Flop (didn't bet)
Seat 8: Dorex2007 folded before Flop (didn't bet)
Seat 9: westhamas collected ($0.16)



PokerStars Hand #227902262136:  Hold'em No Limit ($0.01/$0.02 USD) - 2021/06/27 22:57:41 PT [2021/06/28 1:57:41 ET]
Table 'Gadolin II' 9-max Seat #3 is the button
Seat 1: soultee88 ($3.57 in chips) 
Seat 2: ShivaShango ($0.56 in chips) 
Seat 3: Aristarh0 ($0.74 in chips) 
Seat 4: Nastysha184 ($0.78 in chips) 
Seat 5: deileon ($1.83 in chips) 
Seat 6: jokeripari ($2.05 in chips) 
Seat 7: SlavikPuha ($2.18 in chips) 
Seat 8: Dorex2007 ($2.33 in chips) 
Seat 9: westhamas ($4.07 in chips) 
Nastysha184: posts small blind $0.01
deileon: posts big blind $0.02
*** HOLE CARDS ***
Dealt to Dorex2007 [4c Ad]
jokeripari: folds 
SlavikPuha: raises $0.04 to $0.06
Dorex2007: folds 
westhamas: folds 
soultee88: folds 
ShivaShango: folds 
Aristarh0: folds 
Nastysha184: calls $0.05
deileon: calls $0.04
*** FLOP *** [3c 7c Qc]
Nastysha184: checks 
deileon: checks 
SlavikPuha: checks 
*** TURN *** [3c 7c Qc] [Js]
Nastysha184: bets $0.09
deileon: calls $0.09
SlavikPuha: folds 
*** RIVER *** [3c 7c Qc Js] [6s]
Nastysha184: checks 
deileon: checks 
*** SHOW DOWN ***
Nastysha184: shows [9s Qs] (a pair of Queens)
deileon: shows [Qd Qh] (three of a kind, Queens)
deileon collected $0.35 from pot
*** SUMMARY ***
Total pot $0.36 | Rake $0.01 
Board [3c 7c Qc Js 6s]
Seat 1: soultee88 folded before Flop (didn't bet)
Seat 2: ShivaShango folded before Flop (didn't bet)
Seat 3: Aristarh0 (button) folded before Flop (didn't bet)
Seat 4: Nastysha184 (small blind) showed [9s Qs] and lost with a pair of Queens
Seat 5: deileon (big blind) showed [Qd Qh] and won ($0.35) with three of a kind, Queens
Seat 6: jokeripari folded before Flop (didn't bet)
Seat 7: SlavikPuha folded on the Turn
Seat 8: Dorex2007 folded before Flop (didn't bet)
Seat 9: westhamas folded before Flop (didn't bet)



PokerStars Hand #227902267932:  Hold'em No Limit ($0.01/$0.02 USD) - 2021/06/27 22:58:37 PT [2021/06/28 1:58:37 ET]
Table 'Gadolin II' 9-max Seat #4 is the button
Seat 1: soultee88 ($3.57 in chips) 
Seat 2: ShivaShango ($0.56 in chips) 
Seat 3: Aristarh0 ($0.74 in chips) 
Seat 4: Nastysha184 ($0.63 in chips) 
Seat 5: deileon ($2.03 in chips) 
Seat 6: jokeripari ($2.05 in chips) 
Seat 7: SlavikPuha ($2.12 in chips) 
Seat 8: Dorex2007 ($2.33 in chips) 
Seat 9: westhamas ($4.07 in chips) 
deileon: posts small blind $0.01
jokeripari: posts big blind $0.02
*** HOLE CARDS ***
Dealt to Dorex2007 [8c 9c]
SlavikPuha: folds 
Dorex2007: raises $0.04 to $0.06
westhamas: folds 
soultee88: folds 
ShivaShango: folds 
Aristarh0: folds 
Nastysha184: folds 
deileon: folds 
jokeripari: folds 
Uncalled bet ($0.04) returned to Dorex2007
Dorex2007 collected $0.05 from pot
Dorex2007: doesn't show hand 
*** SUMMARY ***
Total pot $0.05 | Rake $0 
Seat 1: soultee88 folded before Flop (didn't bet)
Seat 2: ShivaShango folded before Flop (didn't bet)
Seat 3: Aristarh0 folded before Flop (didn't bet)
Seat 4: Nastysha184 (button) folded before Flop (didn't bet)
Seat 5: deileon (small blind) folded before Flop
Seat 6: jokeripari (big blind) folded before Flop
Seat 7: SlavikPuha folded before Flop (didn't bet)
Seat 8: Dorex2007 collected ($0.05)
Seat 9: westhamas folded before Flop (didn't bet)



PokerStars Hand #227902271039:  Hold'em No Limit ($0.01/$0.02 USD) - 2021/06/27 22:59:03 PT [2021/06/28 1:59:03 ET]
Table 'Gadolin II' 9-max Seat #5 is the button
Seat 1: soultee88 ($3.57 in chips) 
Seat 2: ShivaShango ($0.56 in chips) 
Seat 3: Aristarh0 ($0.74 in chips) 
Seat 4: Nastysha184 ($0.63 in chips) 
Seat 5: deileon ($2.02 in chips) 
Seat 6: jokeripari ($2.03 in chips) 
Seat 7: SlavikPuha ($2.12 in chips) 
Seat 8: Dorex2007 ($2.36 in chips) 
Seat 9: westhamas ($4.07 in chips) 
jokeripari: posts small blind $0.01
SlavikPuha: posts big blind $0.02
*** HOLE CARDS ***
Dealt to Dorex2007 [Qd Qs]
Dorex2007: raises $0.04 to $0.06
westhamas: folds 
soultee88: folds 
ShivaShango: folds 
Aristarh0: folds 
Nastysha184: folds 
deileon: folds 
jokeripari: folds 
SlavikPuha: folds 
Uncalled bet ($0.04) returned to Dorex2007
Dorex2007 collected $0.05 from pot
Dorex2007: doesn't show hand 
*** SUMMARY ***
Total pot $0.05 | Rake $0 
Seat 1: soultee88 folded before Flop (didn't bet)
Seat 2: ShivaShango folded before Flop (didn't bet)
Seat 3: Aristarh0 folded before Flop (didn't bet)
Seat 4: Nastysha184 folded before Flop (didn't bet)
Seat 5: deileon (button) folded before Flop (didn't bet)
Seat 6: jokeripari (small blind) folded before Flop
Seat 7: SlavikPuha (big blind) folded before Flop
Seat 8: Dorex2007 collected ($0.05)
Seat 9: westhamas folded before Flop (didn't bet)



PokerStars Hand #227902274460:  Hold'em No Limit ($0.01/$0.02 USD) - 2021/06/27 22:59:36 PT [2021/06/28 1:59:36 ET]
Table 'Gadolin II' 9-max Seat #6 is the button
Seat 1: soultee88 ($3.57 in chips) 
Seat 2: ShivaShango ($0.56 in chips) 
Seat 3: Aristarh0 ($0.74 in chips) 
Seat 4: Nastysha184 ($0.63 in chips) 
Seat 5: deileon ($2.02 in chips) 
Seat 6: jokeripari ($2.02 in chips) 
Seat 7: SlavikPuha ($2.10 in chips) 
Seat 8: Dorex2007 ($2.39 in chips) 
Seat 9: westhamas ($4.07 in chips) 
SlavikPuha: posts small blind $0.01
Dorex2007: posts big blind $0.02
*** HOLE CARDS ***
Dealt to Dorex2007 [3c 3d]
westhamas: folds 
soultee88: folds 
ShivaShango: raises $0.03 to $0.05
Aristarh0: folds 
Nastysha184: folds 
deileon: folds 
jokeripari: folds 
SlavikPuha: folds 
Dorex2007: calls $0.03
*** FLOP *** [4d 8d 5c]
Dorex2007: bets $0.11
ShivaShango: folds 
Uncalled bet ($0.11) returned to Dorex2007
Dorex2007 collected $0.11 from pot
Dorex2007: doesn't show hand 
*** SUMMARY ***
Total pot $0.11 | Rake $0 
Board [4d 8d 5c]
Seat 1: soultee88 folded before Flop (didn't bet)
Seat 2: ShivaShango folded on the Flop
Seat 3: Aristarh0 folded before Flop (didn't bet)
Seat 4: Nastysha184 folded before Flop (didn't bet)
Seat 5: deileon folded before Flop (didn't bet)
Seat 6: jokeripari (button) folded before Flop (didn't bet)
Seat 7: SlavikPuha (small blind) folded before Flop
Seat 8: Dorex2007 (big blind) collected ($0.11)
Seat 9: westhamas folded before Flop (didn't bet)



PokerStars Hand #227902278594:  Hold'em No Limit ($0.01/$0.02 USD) - 2021/06/27 23:00:16 PT [2021/06/28 2:00:16 ET]
Table 'Gadolin II' 9-max Seat #7 is the button
Seat 1: soultee88 ($3.57 in chips) 
Seat 2: ShivaShango ($0.51 in chips) 
Seat 3: Aristarh0 ($0.74 in chips) 
Seat 4: Nastysha184 ($0.63 in chips) 
Seat 5: deileon ($2.02 in chips) 
Seat 6: jokeripari ($2.02 in chips) 
Seat 7: SlavikPuha ($2.09 in chips) 
Seat 8: Dorex2007 ($2.45 in chips) 
Seat 9: westhamas ($4.07 in chips) 
Dorex2007: posts small blind $0.01
westhamas: posts big blind $0.02
*** HOLE CARDS ***
Dealt to Dorex2007 [7s 4c]
soultee88: folds 
ShivaShango: folds 
Aristarh0: folds 
Nastysha184: folds 
deileon: folds 
jokeripari: raises $0.04 to $0.06
SlavikPuha: folds 
Dorex2007: folds 
westhamas: folds 
Uncalled bet ($0.04) returned to jokeripari
jokeripari collected $0.05 from pot
jokeripari: doesn't show hand 
*** SUMMARY ***
Total pot $0.05 | Rake $0 
Seat 1: soultee88 folded before Flop (didn't bet)
Seat 2: ShivaShango folded before Flop (didn't bet)
Seat 3: Aristarh0 folded before Flop (didn't bet)
Seat 4: Nastysha184 folded before Flop (didn't bet)
Seat 5: deileon folded before Flop (didn't bet)
Seat 6: jokeripari collected ($0.05)
Seat 7: SlavikPuha (button) folded before Flop (didn't bet)
Seat 8: Dorex2007 (small blind) folded before Flop
Seat 9: westhamas (big blind) folded before Flop



PokerStars Hand #227902281392:  Hold'em No Limit ($0.01/$0.02 USD) - 2021/06/27 23:00:42 PT [2021/06/28 2:00:42 ET]
Table 'Gadolin II' 9-max Seat #8 is the button
Seat 1: soultee88 ($3.57 in chips) 
Seat 2: ShivaShango ($0.51 in chips) 
Seat 3: Aristarh0 ($0.74 in chips) 
Seat 4: Nastysha184 ($0.63 in chips) 
Seat 5: deileon ($2.02 in chips) 
Seat 6: jokeripari ($2.05 in chips) 
Seat 7: SlavikPuha ($2.09 in chips) 
Seat 8: Dorex2007 ($2.44 in chips) 
Seat 9: westhamas ($4.05 in chips) 
westhamas: posts small blind $0.01
soultee88: posts big blind $0.02
*** HOLE CARDS ***
Dealt to Dorex2007 [Ks 9s]
ShivaShango: raises $0.03 to $0.05
Aristarh0: folds 
Nastysha184: folds 
deileon: folds 
jokeripari: folds 
SlavikPuha: folds 
Dorex2007: folds 
westhamas: folds 
soultee88: folds 
Uncalled bet ($0.03) returned to ShivaShango
ShivaShango collected $0.05 from pot
ShivaShango: doesn't show hand 
*** SUMMARY ***
Total pot $0.05 | Rake $0 
Seat 1: soultee88 (big blind) folded before Flop
Seat 2: ShivaShango collected ($0.05)
Seat 3: Aristarh0 folded before Flop (didn't bet)
Seat 4: Nastysha184 folded before Flop (didn't bet)
Seat 5: deileon folded before Flop (didn't bet)
Seat 6: jokeripari folded before Flop (didn't bet)
Seat 7: SlavikPuha folded before Flop (didn't bet)
Seat 8: Dorex2007 (button) folded before Flop (didn't bet)
Seat 9: westhamas (small blind) folded before Flop



PokerStars Hand #227902284476:  Hold'em No Limit ($0.01/$0.02 USD) - 2021/06/27 23:01:09 PT [2021/06/28 2:01:09 ET]
Table 'Gadolin II' 9-max Seat #9 is the button
Seat 1: soultee88 ($3.55 in chips) 
Seat 2: ShivaShango ($0.54 in chips) 
Seat 3: Aristarh0 ($0.74 in chips) 
Seat 4: Nastysha184 ($0.63 in chips) 
Seat 5: deileon ($2.02 in chips) 
Seat 6: jokeripari ($2.05 in chips) 
Seat 7: SlavikPuha ($2.09 in chips) 
Seat 8: Dorex2007 ($2.44 in chips) 
Seat 9: westhamas ($4.04 in chips) 
soultee88: posts small blind $0.01
ShivaShango: posts big blind $0.02
*** HOLE CARDS ***
Dealt to Dorex2007 [Js 2c]
Aristarh0: folds 
Nastysha184: folds 
deileon: folds 
jokeripari: raises $0.04 to $0.06
SlavikPuha: folds 
Dorex2007: folds 
westhamas: calls $0.06
soultee88: folds 
ShivaShango: folds 
*** FLOP *** [Ks 8d Kh]
jokeripari: bets $0.05
westhamas: folds 
Uncalled bet ($0.05) returned to jokeripari
jokeripari collected $0.14 from pot
jokeripari: doesn't show hand 
*** SUMMARY ***
Total pot $0.15 | Rake $0.01 
Board [Ks 8d Kh]
Seat 1: soultee88 (small blind) folded before Flop
Seat 2: ShivaShango (big blind) folded before Flop
Seat 3: Aristarh0 folded before Flop (didn't bet)
Seat 4: Nastysha184 folded before Flop (didn't bet)
Seat 5: deileon folded before Flop (didn't bet)
Seat 6: jokeripari collected ($0.14)
Seat 7: SlavikPuha folded before Flop (didn't bet)
Seat 8: Dorex2007 folded before Flop (didn't bet)
Seat 9: westhamas (button) folded on the Flop



PokerStars Hand #227902291462:  Hold'em No Limit ($0.01/$0.02 USD) - 2021/06/27 23:02:09 PT [2021/06/28 2:02:09 ET]
Table 'Gadolin II' 9-max Seat #1 is the button
Seat 1: soultee88 ($3.54 in chips) 
Seat 2: ShivaShango ($0.52 in chips) 
Seat 3: Aristarh0 ($0.74 in chips) 
Seat 4: Nastysha184 ($0.63 in chips) 
Seat 5: deileon ($2.02 in chips) 
Seat 7: SlavikPuha ($2.09 in chips) 
Seat 8: Dorex2007 ($2.44 in chips) 
Seat 9: westhamas ($3.98 in chips) 
ShivaShango: posts small blind $0.01
Aristarh0: posts big blind $0.02
*** HOLE CARDS ***
Dealt to Dorex2007 [7h Th]
Nastysha184: folds 
deileon: calls $0.02
SlavikPuha: folds 
Dorex2007: folds 
westhamas: folds 
soultee88: folds 
ShivaShango: calls $0.01
Aristarh0: checks 
*** FLOP *** [6h Kh 5h]
ShivaShango: checks 
Aristarh0: checks 
deileon: bets $0.06
ShivaShango: folds 
Aristarh0: calls $0.06
*** TURN *** [6h Kh 5h] [6s]
Aristarh0: bets $0.17
deileon: calls $0.17
*** RIVER *** [6h Kh 5h 6s] [4s]
Aristarh0: checks 
deileon: checks 
*** SHOW DOWN ***
Aristarh0: shows [Ks Jc] (two pair, Kings and Sixes)
deileon: shows [Ah Ac] (two pair, Aces and Sixes)
deileon collected $0.50 from pot
*** SUMMARY ***
Total pot $0.52 | Rake $0.02 
Board [6h Kh 5h 6s 4s]
Seat 1: soultee88 (button) folded before Flop (didn't bet)
Seat 2: ShivaShango (small blind) folded on the Flop
Seat 3: Aristarh0 (big blind) showed [Ks Jc] and lost with two pair, Kings and Sixes
Seat 4: Nastysha184 folded before Flop (didn't bet)
Seat 5: deileon showed [Ah Ac] and won ($0.50) with two pair, Aces and Sixes
Seat 7: SlavikPuha folded before Flop (didn't bet)
Seat 8: Dorex2007 folded before Flop (didn't bet)
Seat 9: westhamas folded before Flop (didn't bet)



PokerStars Hand #227902298181:  Hold'em No Limit ($0.01/$0.02 USD) - 2021/06/27 23:03:07 PT [2021/06/28 2:03:07 ET]
Table 'Gadolin II' 9-max Seat #2 is the button
Seat 1: soultee88 ($3.54 in chips) 
Seat 2: ShivaShango ($0.50 in chips) 
Seat 3: Aristarh0 ($0.49 in chips) 
Seat 4: Nastysha184 ($0.63 in chips) 
Seat 5: deileon ($2.27 in chips) 
Seat 7: SlavikPuha ($2.09 in chips) 
Seat 8: Dorex2007 ($2.44 in chips) 
Seat 9: westhamas ($3.98 in chips) 
Aristarh0: posts small blind $0.01
Nastysha184: posts big blind $0.02
*** HOLE CARDS ***
Dealt to Dorex2007 [Jc 8h]
deileon: folds 
SlavikPuha: folds 
Dorex2007: folds 
westhamas: folds 
soultee88: raises $0.03 to $0.05
ShivaShango: calls $0.05
Aristarh0: raises $0.44 to $0.49 and is all-in
Nastysha184: folds 
soultee88: raises $0.84 to $1.33
ShivaShango: folds 
Uncalled bet ($0.84) returned to soultee88
*** FLOP *** [5s 9h 4c]
*** TURN *** [5s 9h 4c] [Ks]
*** RIVER *** [5s 9h 4c Ks] [5c]
*** SHOW DOWN ***
Aristarh0: shows [Jd Ad] (a pair of Fives)
soultee88: shows [Qc Qd] (two pair, Queens and Fives)
soultee88 collected $1.01 from pot
*** SUMMARY ***
Total pot $1.05 | Rake $0.04 
Board [5s 9h 4c Ks 5c]
Seat 1: soultee88 showed [Qc Qd] and won ($1.01) with two pair, Queens and Fives
Seat 2: ShivaShango (button) folded before Flop
Seat 3: Aristarh0 (small blind) showed [Jd Ad] and lost with a pair of Fives
Seat 4: Nastysha184 (big blind) folded before Flop
Seat 5: deileon folded before Flop (didn't bet)
Seat 7: SlavikPuha folded before Flop (didn't bet)
Seat 8: Dorex2007 folded before Flop (didn't bet)
Seat 9: westhamas folded before Flop (didn't bet)



PokerStars Hand #227902304637:  Hold'em No Limit ($0.01/$0.02 USD) - 2021/06/27 23:04:01 PT [2021/06/28 2:04:01 ET]
Table 'Gadolin II' 9-max Seat #4 is the button
Seat 1: soultee88 ($4.06 in chips) 
Seat 2: ShivaShango ($0.45 in chips) 
Seat 4: Nastysha184 ($0.61 in chips) 
Seat 5: deileon ($2.27 in chips) 
Seat 7: SlavikPuha ($2.09 in chips) 
Seat 8: Dorex2007 ($2.44 in chips) 
Seat 9: westhamas ($3.98 in chips) 
deileon: posts small blind $0.01
SlavikPuha: posts big blind $0.02
*** HOLE CARDS ***
Dealt to Dorex2007 [As 8d]
Dorex2007: folds 
westhamas: folds 
soultee88: raises $0.03 to $0.05
ShivaShango: calls $0.05
Nastysha184: calls $0.05
deileon: calls $0.04
SlavikPuha: folds 
*** FLOP *** [9c Qs Ts]
deileon: checks 
soultee88: checks 
ShivaShango: checks 
Nastysha184: bets $0.06
deileon: folds 
soultee88: folds 
ShivaShango: folds 
Uncalled bet ($0.06) returned to Nastysha184
Nastysha184 collected $0.21 from pot
*** SUMMARY ***
Total pot $0.22 | Rake $0.01 
Board [9c Qs Ts]
Seat 1: soultee88 folded on the Flop
Seat 2: ShivaShango folded on the Flop
Seat 4: Nastysha184 (button) collected ($0.21)
Seat 5: deileon (small blind) folded on the Flop
Seat 7: SlavikPuha (big blind) folded before Flop
Seat 8: Dorex2007 folded before Flop (didn't bet)
Seat 9: westhamas folded before Flop (didn't bet)



PokerStars Hand #227902310083:  Hold'em No Limit ($0.01/$0.02 USD) - 2021/06/27 23:04:47 PT [2021/06/28 2:04:47 ET]
Table 'Gadolin II' 9-max Seat #5 is the button
Seat 1: soultee88 ($4.01 in chips) 
Seat 2: ShivaShango ($0.40 in chips) 
Seat 3: Aristarh0 ($0.80 in chips) 
Seat 4: Nastysha184 ($0.77 in chips) 
Seat 5: deileon ($2.22 in chips) 
Seat 7: SlavikPuha ($2.07 in chips) 
Seat 8: Dorex2007 ($2.44 in chips) 
Seat 9: westhamas ($3.98 in chips) 
SlavikPuha: posts small blind $0.01
Dorex2007: posts big blind $0.02
*** HOLE CARDS ***
Dealt to Dorex2007 [3c Qd]
westhamas: folds 
soultee88: folds 
ShivaShango: folds 
Aristarh0: folds 
Nastysha184: folds 
deileon: folds 
SlavikPuha: raises $0.04 to $0.06
Dorex2007: folds 
Uncalled bet ($0.04) returned to SlavikPuha
SlavikPuha collected $0.04 from pot
SlavikPuha: doesn't show hand 
*** SUMMARY ***
Total pot $0.04 | Rake $0 
Seat 1: soultee88 folded before Flop (didn't bet)
Seat 2: ShivaShango folded before Flop (didn't bet)
Seat 3: Aristarh0 folded before Flop (didn't bet)
Seat 4: Nastysha184 folded before Flop (didn't bet)
Seat 5: deileon (button) folded before Flop (didn't bet)
Seat 7: SlavikPuha (small blind) collected ($0.04)
Seat 8: Dorex2007 (big blind) folded before Flop
Seat 9: westhamas folded before Flop (didn't bet)



PokerStars Hand #227902311727:  Hold'em No Limit ($0.01/$0.02 USD) - 2021/06/27 23:05:01 PT [2021/06/28 2:05:01 ET]
Table 'Gadolin II' 9-max Seat #7 is the button
Seat 1: soultee88 ($4.01 in chips) 
Seat 2: ShivaShango ($0.40 in chips) 
Seat 3: Aristarh0 ($0.80 in chips) 
Seat 4: Nastysha184 ($0.77 in chips) 
Seat 5: deileon ($2.22 in chips) 
Seat 7: SlavikPuha ($2.09 in chips) 
Seat 8: Dorex2007 ($2.42 in chips) 
Seat 9: westhamas ($3.98 in chips) 
Dorex2007: posts small blind $0.01
westhamas: posts big blind $0.02
*** HOLE CARDS ***
Dealt to Dorex2007 [As 7h]
soultee88: folds 
ShivaShango: folds 
Aristarh0: folds 
Nastysha184: folds 
deileon: folds 
SlavikPuha: folds 
Dorex2007: calls $0.01
westhamas: checks 
*** FLOP *** [Kc 7d 5c]
Dorex2007: bets $0.04
westhamas: calls $0.04
*** TURN *** [Kc 7d 5c] [Th]
Dorex2007: checks 
westhamas: checks 
*** RIVER *** [Kc 7d 5c Th] [Ks]
Dorex2007: bets $0.06
westhamas: calls $0.06
*** SHOW DOWN ***
Dorex2007: shows [As 7h] (two pair, Kings and Sevens)
westhamas: shows [Kh 9s] (three of a kind, Kings)
westhamas collected $0.23 from pot
*** SUMMARY ***
Total pot $0.24 | Rake $0.01 
Board [Kc 7d 5c Th Ks]
Seat 1: soultee88 folded before Flop (didn't bet)
Seat 2: ShivaShango folded before Flop (didn't bet)
Seat 3: Aristarh0 folded before Flop (didn't bet)
Seat 4: Nastysha184 folded before Flop (didn't bet)
Seat 5: deileon folded before Flop (didn't bet)
Seat 7: SlavikPuha (button) folded before Flop (didn't bet)
Seat 8: Dorex2007 (small blind) showed [As 7h] and lost with two pair, Kings and Sevens
Seat 9: westhamas (big blind) showed [Kh 9s] and won ($0.23) with three of a kind, Kings



PokerStars Hand #227902320072:  Hold'em No Limit ($0.01/$0.02 USD) - 2021/06/27 23:06:11 PT [2021/06/28 2:06:11 ET]
Table 'Gadolin II' 9-max Seat #8 is the button
Seat 1: soultee88 ($4.01 in chips) 
Seat 2: ShivaShango ($0.40 in chips) 
Seat 3: Aristarh0 ($0.80 in chips) 
Seat 4: Nastysha184 ($0.77 in chips) 
Seat 5: deileon ($2.22 in chips) 
Seat 7: SlavikPuha ($2.09 in chips) 
Seat 8: Dorex2007 ($2.30 in chips) 
Seat 9: westhamas ($4.09 in chips) 
westhamas: posts small blind $0.01
soultee88: posts big blind $0.02
*** HOLE CARDS ***
Dealt to Dorex2007 [As 5d]
ShivaShango: raises $0.03 to $0.05
Aristarh0: folds 
Nastysha184: folds 
deileon: folds 
SlavikPuha: folds 
Dorex2007: folds 
westhamas: folds 
soultee88: folds 
Uncalled bet ($0.03) returned to ShivaShango
ShivaShango collected $0.05 from pot
ShivaShango: doesn't show hand 
*** SUMMARY ***
Total pot $0.05 | Rake $0 
Seat 1: soultee88 (big blind) folded before Flop
Seat 2: ShivaShango collected ($0.05)
Seat 3: Aristarh0 folded before Flop (didn't bet)
Seat 4: Nastysha184 folded before Flop (didn't bet)
Seat 5: deileon folded before Flop (didn't bet)
Seat 7: SlavikPuha folded before Flop (didn't bet)
Seat 8: Dorex2007 (button) folded before Flop (didn't bet)
Seat 9: westhamas (small blind) folded before Flop



PokerStars Hand #227902321480:  Hold'em No Limit ($0.01/$0.02 USD) - 2021/06/27 23:06:23 PT [2021/06/28 2:06:23 ET]
Table 'Gadolin II' 9-max Seat #9 is the button
Seat 1: soultee88 ($3.99 in chips) 
Seat 2: ShivaShango ($0.43 in chips) 
Seat 3: Aristarh0 ($0.80 in chips) 
Seat 4: Nastysha184 ($0.77 in chips) 
Seat 5: deileon ($2.22 in chips) 
Seat 7: SlavikPuha ($2.09 in chips) 
Seat 8: Dorex2007 ($2.30 in chips) 
Seat 9: westhamas ($4.08 in chips) 
soultee88: posts small blind $0.01
ShivaShango: posts big blind $0.02
*** HOLE CARDS ***
Dealt to Dorex2007 [6c 9d]
Aristarh0: folds 
Nastysha184: raises $0.03 to $0.05
deileon: folds 
SlavikPuha: raises $0.15 to $0.20
Dorex2007: folds 
westhamas: folds 
soultee88: folds 
ShivaShango: folds 
Nastysha184: folds 
Uncalled bet ($0.15) returned to SlavikPuha
SlavikPuha collected $0.13 from pot
SlavikPuha: doesn't show hand 
*** SUMMARY ***
Total pot $0.13 | Rake $0 
Seat 1: soultee88 (small blind) folded before Flop
Seat 2: ShivaShango (big blind) folded before Flop
Seat 3: Aristarh0 folded before Flop (didn't bet)
Seat 4: Nastysha184 folded before Flop
Seat 5: deileon folded before Flop (didn't bet)
Seat 7: SlavikPuha collected ($0.13)
Seat 8: Dorex2007 folded before Flop (didn't bet)
Seat 9: westhamas (button) folded before Flop (didn't bet)



PokerStars Hand #227902324745:  Hold'em No Limit ($0.01/$0.02 USD) - 2021/06/27 23:06:50 PT [2021/06/28 2:06:50 ET]
Table 'Gadolin II' 9-max Seat #1 is the button
Seat 1: soultee88 ($3.98 in chips) 
Seat 2: ShivaShango ($0.41 in chips) 
Seat 3: Aristarh0 ($0.80 in chips) 
Seat 4: Nastysha184 ($0.72 in chips) 
Seat 5: deileon ($2.22 in chips) 
Seat 7: SlavikPuha ($2.17 in chips) 
Seat 8: Dorex2007 ($2.30 in chips) 
Seat 9: westhamas ($4.08 in chips) 
ShivaShango: posts small blind $0.01
Aristarh0: posts big blind $0.02
*** HOLE CARDS ***
Dealt to Dorex2007 [5s 2d]
Nastysha184: folds 
deileon: calls $0.02
SlavikPuha: raises $0.04 to $0.06
Dorex2007: folds 
westhamas: calls $0.06
soultee88: folds 
ShivaShango: folds 
Aristarh0: folds 
deileon: calls $0.04
*** FLOP *** [8c 4h 9h]
deileon: checks 
SlavikPuha: checks 
westhamas: checks 
*** TURN *** [8c 4h 9h] [Qs]
deileon: checks 
SlavikPuha: checks 
westhamas: checks 
*** RIVER *** [8c 4h 9h Qs] [9d]
deileon: checks 
SlavikPuha: checks 
westhamas: checks 
*** SHOW DOWN ***
deileon: shows [Qc Kc] (two pair, Queens and Nines)
SlavikPuha: mucks hand 
westhamas: mucks hand 
deileon collected $0.20 from pot
*** SUMMARY ***
Total pot $0.21 | Rake $0.01 
Board [8c 4h 9h Qs 9d]
Seat 1: soultee88 (button) folded before Flop (didn't bet)
Seat 2: ShivaShango (small blind) folded before Flop
Seat 3: Aristarh0 (big blind) folded before Flop
Seat 4: Nastysha184 folded before Flop (didn't bet)
Seat 5: deileon showed [Qc Kc] and won ($0.20) with two pair, Queens and Nines
Seat 7: SlavikPuha mucked [Tc Ac]
Seat 8: Dorex2007 folded before Flop (didn't bet)
Seat 9: westhamas mucked [7h 7d]



PokerStars Hand #227902333129:  Hold'em No Limit ($0.01/$0.02 USD) - 2021/06/27 23:08:01 PT [2021/06/28 2:08:01 ET]
Table 'Gadolin II' 9-max Seat #2 is the button
Seat 1: soultee88 ($3.98 in chips) 
Seat 2: ShivaShango ($0.40 in chips) 
Seat 3: Aristarh0 ($0.78 in chips) 
Seat 4: Nastysha184 ($0.72 in chips) 
Seat 5: deileon ($2.36 in chips) 
Seat 7: SlavikPuha ($2.11 in chips) 
Seat 8: Dorex2007 ($2.30 in chips) 
Seat 9: westhamas ($4.02 in chips) 
Aristarh0: posts small blind $0.01
Nastysha184: posts big blind $0.02
*** HOLE CARDS ***
Dealt to Dorex2007 [4h 4c]
deileon: folds 
SlavikPuha: folds 
Dorex2007: raises $0.02 to $0.04
westhamas: folds 
soultee88: folds 
ShivaShango: folds 
Aristarh0: folds 
Nastysha184: calls $0.02
*** FLOP *** [Kd 4d 6s]
Nastysha184: checks 
Dorex2007: bets $0.05
Nastysha184: calls $0.05
*** TURN *** [Kd 4d 6s] [Qc]
Nastysha184: checks 
Dorex2007: bets $0.12
Nastysha184: folds 
Uncalled bet ($0.12) returned to Dorex2007
Dorex2007 collected $0.18 from pot
Dorex2007: doesn't show hand 
*** SUMMARY ***
Total pot $0.19 | Rake $0.01 
Board [Kd 4d 6s Qc]
Seat 1: soultee88 folded before Flop (didn't bet)
Seat 2: ShivaShango (button) folded before Flop (didn't bet)
Seat 3: Aristarh0 (small blind) folded before Flop
Seat 4: Nastysha184 (big blind) folded on the Turn
Seat 5: deileon folded before Flop (didn't bet)
Seat 7: SlavikPuha folded before Flop (didn't bet)
Seat 8: Dorex2007 collected ($0.18)
Seat 9: westhamas folded before Flop (didn't bet)



PokerStars Hand #227902338062:  Hold'em No Limit ($0.01/$0.02 USD) - 2021/06/27 23:08:42 PT [2021/06/28 2:08:42 ET]
Table 'Gadolin II' 9-max Seat #3 is the button
Seat 1: soultee88 ($3.98 in chips) 
Seat 2: ShivaShango ($0.40 in chips) 
Seat 3: Aristarh0 ($0.77 in chips) 
Seat 4: Nastysha184 ($0.63 in chips) 
Seat 5: deileon ($2.36 in chips) 
Seat 7: SlavikPuha ($2.11 in chips) 
Seat 8: Dorex2007 ($2.39 in chips) 
Seat 9: westhamas ($4.02 in chips) 
Nastysha184: posts small blind $0.01
deileon: posts big blind $0.02
jokeripari: sits out 
*** HOLE CARDS ***
Dealt to Dorex2007 [6d Qc]
SlavikPuha: folds 
Dorex2007 has timed out
Dorex2007: folds 
westhamas: folds 
soultee88: folds 
ShivaShango: folds 
Aristarh0: folds 
Nastysha184: folds 
Uncalled bet ($0.01) returned to deileon
deileon collected $0.02 from pot
deileon: doesn't show hand 
*** SUMMARY ***
Total pot $0.02 | Rake $0 
Seat 1: soultee88 folded before Flop (didn't bet)
Seat 2: ShivaShango folded before Flop (didn't bet)
Seat 3: Aristarh0 (button) folded before Flop (didn't bet)
Seat 4: Nastysha184 (small blind) folded before Flop
Seat 5: deileon (big blind) collected ($0.02)
Seat 7: SlavikPuha folded before Flop (didn't bet)
Seat 8: Dorex2007 folded before Flop (didn't bet)
Seat 9: westhamas folded before Flop (didn't bet)



PokerStars Hand #227902340531:  Hold'em No Limit ($0.01/$0.02 USD) - 2021/06/27 23:09:03 PT [2021/06/28 2:09:03 ET]
Table 'Gadolin II' 9-max Seat #4 is the button
Seat 1: soultee88 ($3.98 in chips) 
Seat 2: ShivaShango ($0.40 in chips) 
Seat 3: Aristarh0 ($0.77 in chips) 
Seat 4: Nastysha184 ($0.62 in chips) 
Seat 5: deileon ($2.37 in chips) 
Seat 6: jokeripari ($2.13 in chips) 
Seat 7: SlavikPuha ($2.11 in chips) 
Seat 8: Dorex2007 ($2.39 in chips) 
Seat 9: westhamas ($4.02 in chips) 
deileon: posts small blind $0.01
jokeripari: posts big blind $0.02
*** HOLE CARDS ***
Dealt to Dorex2007 [5h Ah]
SlavikPuha: calls $0.02
Dorex2007: folds 
westhamas: folds 
soultee88: raises $0.08 to $0.10
ShivaShango: folds 
Aristarh0: folds 
Nastysha184: folds 
deileon: folds 
jokeripari: folds 
SlavikPuha: calls $0.08
*** FLOP *** [Tc 2s 9c]
SlavikPuha: checks 
soultee88: checks 
*** TURN *** [Tc 2s 9c] [Ts]
SlavikPuha: checks 
soultee88: bets $0.14
SlavikPuha: folds 
Uncalled bet ($0.14) returned to soultee88
soultee88 collected $0.22 from pot
soultee88: doesn't show hand 
*** SUMMARY ***
Total pot $0.23 | Rake $0.01 
Board [Tc 2s 9c Ts]
Seat 1: soultee88 collected ($0.22)
Seat 2: ShivaShango folded before Flop (didn't bet)
Seat 3: Aristarh0 folded before Flop (didn't bet)
Seat 4: Nastysha184 (button) folded before Flop (didn't bet)
Seat 5: deileon (small blind) folded before Flop
Seat 6: jokeripari (big blind) folded before Flop
Seat 7: SlavikPuha folded on the Turn
Seat 8: Dorex2007 folded before Flop (didn't bet)
Seat 9: westhamas folded before Flop (didn't bet)



PokerStars Hand #227902351647:  Hold'em No Limit ($0.01/$0.02 USD) - 2021/06/27 23:10:07 PT [2021/06/28 2:10:07 ET]
Table 'Gadolin II' 9-max Seat #5 is the button
Seat 1: soultee88 ($4.10 in chips) 
Seat 2: ShivaShango ($0.40 in chips) 
Seat 3: Aristarh0 ($0.77 in chips) 
Seat 4: Nastysha184 ($0.62 in chips) 
Seat 5: deileon ($2.36 in chips) 
Seat 6: jokeripari ($2.11 in chips) 
Seat 7: SlavikPuha ($2.01 in chips) 
Seat 8: Dorex2007 ($2.39 in chips) 
Seat 9: westhamas ($4.02 in chips) 
jokeripari: posts small blind $0.01
SlavikPuha: posts big blind $0.02
*** HOLE CARDS ***
Dealt to Dorex2007 [3c 8s]
Dorex2007: folds 
westhamas: folds 
soultee88: folds 
ShivaShango: folds 
Aristarh0: folds 
Nastysha184: raises $0.02 to $0.04
deileon: folds 
jokeripari: raises $0.16 to $0.20
SlavikPuha: folds 
Nastysha184: folds 
Uncalled bet ($0.16) returned to jokeripari
jokeripari collected $0.10 from pot
jokeripari: doesn't show hand 
*** SUMMARY ***
Total pot $0.10 | Rake $0 
Seat 1: soultee88 folded before Flop (didn't bet)
Seat 2: ShivaShango folded before Flop (didn't bet)
Seat 3: Aristarh0 folded before Flop (didn't bet)
Seat 4: Nastysha184 folded before Flop
Seat 5: deileon (button) folded before Flop (didn't bet)
Seat 6: jokeripari (small blind) collected ($0.10)
Seat 7: SlavikPuha (big blind) folded before Flop
Seat 8: Dorex2007 folded before Flop (didn't bet)
Seat 9: westhamas folded before Flop (didn't bet)



PokerStars Hand #227902356581:  Hold'em No Limit ($0.01/$0.02 USD) - 2021/06/27 23:10:48 PT [2021/06/28 2:10:48 ET]
Table 'Gadolin II' 9-max Seat #6 is the button
Seat 1: soultee88 ($4.10 in chips) 
Seat 2: ShivaShango ($0.40 in chips) 
Seat 3: Aristarh0 ($0.77 in chips) 
Seat 4: Nastysha184 ($0.58 in chips) 
Seat 5: deileon ($2.36 in chips) 
Seat 6: jokeripari ($2.17 in chips) 
Seat 7: SlavikPuha ($2 in chips) 
Seat 8: Dorex2007 ($2.39 in chips) 
Seat 9: westhamas ($4.02 in chips) 
SlavikPuha: posts small blind $0.01
Dorex2007: posts big blind $0.02
*** HOLE CARDS ***
Dealt to Dorex2007 [4d 4h]
westhamas: folds 
soultee88: folds 
ShivaShango: raises $0.03 to $0.05
Aristarh0: folds 
Nastysha184: folds 
deileon: folds 
jokeripari: folds 
SlavikPuha: folds 
Dorex2007: calls $0.03
*** FLOP *** [Qc Kh Th]
Dorex2007: checks 
ShivaShango: bets $0.04
Dorex2007: folds 
Uncalled bet ($0.04) returned to ShivaShango
ShivaShango collected $0.11 from pot
ShivaShango: doesn't show hand 
*** SUMMARY ***
Total pot $0.11 | Rake $0 
Board [Qc Kh Th]
Seat 1: soultee88 folded before Flop (didn't bet)
Seat 2: ShivaShango collected ($0.11)
Seat 3: Aristarh0 folded before Flop (didn't bet)
Seat 4: Nastysha184 folded before Flop (didn't bet)
Seat 5: deileon folded before Flop (didn't bet)
Seat 6: jokeripari (button) folded before Flop (didn't bet)
Seat 7: SlavikPuha (small blind) folded before Flop
Seat 8: Dorex2007 (big blind) folded on the Flop
Seat 9: westhamas folded before Flop (didn't bet)



PokerStars Hand #227902360682:  Hold'em No Limit ($0.01/$0.02 USD) - 2021/06/27 23:11:22 PT [2021/06/28 2:11:22 ET]
Table 'Gadolin II' 9-max Seat #7 is the button
Seat 1: soultee88 ($4.10 in chips) 
Seat 2: ShivaShango ($0.46 in chips) 
Seat 3: Aristarh0 ($0.77 in chips) 
Seat 4: Nastysha184 ($0.58 in chips) 
Seat 5: deileon ($2.36 in chips) 
Seat 6: jokeripari ($2.17 in chips) 
Seat 7: SlavikPuha ($2 in chips) 
Seat 8: Dorex2007 ($2.34 in chips) 
Seat 9: westhamas ($4.02 in chips) 
Dorex2007: posts small blind $0.01
westhamas: posts big blind $0.02
*** HOLE CARDS ***
Dealt to Dorex2007 [9d Qd]
soultee88: folds 
ShivaShango: folds 
Aristarh0: folds 
Nastysha184: folds 
deileon: folds 
jokeripari has timed out
jokeripari: folds 
SlavikPuha: folds 
Dorex2007: calls $0.01
westhamas: checks 
*** FLOP *** [3d 3h 7c]
Dorex2007: checks 
Nastysha184 is disconnected 
westhamas: checks 
*** TURN *** [3d 3h 7c] [Ah]
Dorex2007: checks 
westhamas: checks 
*** RIVER *** [3d 3h 7c Ah] [Td]
Dorex2007: checks 
westhamas: checks 
*** SHOW DOWN ***
Dorex2007: shows [9d Qd] (a pair of Threes)
westhamas: shows [7s 5h] (two pair, Sevens and Threes)
westhamas collected $0.04 from pot
*** SUMMARY ***
Total pot $0.04 | Rake $0 
Board [3d 3h 7c Ah Td]
Seat 1: soultee88 folded before Flop (didn't bet)
Seat 2: ShivaShango folded before Flop (didn't bet)
Seat 3: Aristarh0 folded before Flop (didn't bet)
Seat 4: Nastysha184 folded before Flop (didn't bet)
Seat 5: deileon folded before Flop (didn't bet)
Seat 6: jokeripari folded before Flop (didn't bet)
Seat 7: SlavikPuha (button) folded before Flop (didn't bet)
Seat 8: Dorex2007 (small blind) showed [9d Qd] and lost with a pair of Threes
Seat 9: westhamas (big blind) showed [7s 5h] and won ($0.04) with two pair, Sevens and Threes



PokerStars Hand #227902370883:  Hold'em No Limit ($0.01/$0.02 USD) - 2021/06/27 23:12:37 PT [2021/06/28 2:12:37 ET]
Table 'Gadolin II' 9-max Seat #8 is the button
Seat 1: soultee88 ($4.10 in chips) 
Seat 2: ShivaShango ($0.46 in chips) 
Seat 3: Aristarh0 ($0.77 in chips) 
Seat 4: Nastysha184 ($0.58 in chips) 
Seat 5: deileon ($2.36 in chips) 
Seat 7: SlavikPuha ($2 in chips) 
Seat 8: Dorex2007 ($2.32 in chips) 
Seat 9: westhamas ($4.04 in chips) 
westhamas: posts small blind $0.01
soultee88: posts big blind $0.02
*** HOLE CARDS ***
Dealt to Dorex2007 [7s Qs]
ShivaShango: folds 
Aristarh0: folds 
Nastysha184 is connected 
Nastysha184: folds 
deileon: folds 
SlavikPuha: folds 
Dorex2007: folds 
westhamas: folds 
Uncalled bet ($0.01) returned to soultee88
soultee88 collected $0.02 from pot
soultee88: doesn't show hand 
*** SUMMARY ***
Total pot $0.02 | Rake $0 
Seat 1: soultee88 (big blind) collected ($0.02)
Seat 2: ShivaShango folded before Flop (didn't bet)
Seat 3: Aristarh0 folded before Flop (didn't bet)
Seat 4: Nastysha184 folded before Flop (didn't bet)
Seat 5: deileon folded before Flop (didn't bet)
Seat 7: SlavikPuha folded before Flop (didn't bet)
Seat 8: Dorex2007 (button) folded before Flop (didn't bet)
Seat 9: westhamas (small blind) folded before Flop



PokerStars Hand #227902374116:  Hold'em No Limit ($0.01/$0.02 USD) - 2021/06/27 23:13:04 PT [2021/06/28 2:13:04 ET]
Table 'Gadolin II' 9-max Seat #9 is the button
Seat 1: soultee88 ($4.11 in chips) 
Seat 2: ShivaShango ($0.46 in chips) 
Seat 3: Aristarh0 ($0.77 in chips) 
Seat 4: Nastysha184 ($0.58 in chips) 
Seat 5: deileon ($2.36 in chips) 
Seat 7: SlavikPuha ($2 in chips) 
Seat 8: Dorex2007 ($2.32 in chips) 
Seat 9: westhamas ($4.03 in chips) 
soultee88: posts small blind $0.01
ShivaShango: posts big blind $0.02
*** HOLE CARDS ***
Dealt to Dorex2007 [Qs 6d]
Aristarh0: folds 
Nastysha184: folds 
deileon: folds 
SlavikPuha: folds 
Dorex2007: folds 
westhamas: folds 
soultee88: folds 
Uncalled bet ($0.01) returned to ShivaShango
ShivaShango collected $0.02 from pot
ShivaShango: doesn't show hand 
*** SUMMARY ***
Total pot $0.02 | Rake $0 
Seat 1: soultee88 (small blind) folded before Flop
Seat 2: ShivaShango (big blind) collected ($0.02)
Seat 3: Aristarh0 folded before Flop (didn't bet)
Seat 4: Nastysha184 folded before Flop (didn't bet)
Seat 5: deileon folded before Flop (didn't bet)
Seat 7: SlavikPuha folded before Flop (didn't bet)
Seat 8: Dorex2007 folded before Flop (didn't bet)
Seat 9: westhamas (button) folded before Flop (didn't bet)



PokerStars Hand #227902375773:  Hold'em No Limit ($0.01/$0.02 USD) - 2021/06/27 23:13:18 PT [2021/06/28 2:13:18 ET]
Table 'Gadolin II' 9-max Seat #1 is the button
Seat 1: soultee88 ($4.10 in chips) 
Seat 2: ShivaShango ($0.47 in chips) 
Seat 3: Aristarh0 ($0.77 in chips) 
Seat 4: Nastysha184 ($0.58 in chips) 
Seat 5: deileon ($2.36 in chips) 
Seat 7: SlavikPuha ($2 in chips) 
Seat 8: Dorex2007 ($2.32 in chips) 
Seat 9: westhamas ($4.03 in chips) 
ShivaShango: posts small blind $0.01
Aristarh0: posts big blind $0.02
*** HOLE CARDS ***
Dealt to Dorex2007 [6h Jc]
Nastysha184: folds 
deileon: folds 
SlavikPuha: folds 
Dorex2007: folds 
westhamas: folds 
soultee88: raises $0.03 to $0.05
ShivaShango: calls $0.04
Aristarh0: folds 
*** FLOP *** [Ks 5c 8c]
ShivaShango: checks 
soultee88: checks 
*** TURN *** [Ks 5c 8c] [3s]
ShivaShango: bets $0.05
soultee88: folds 
Uncalled bet ($0.05) returned to ShivaShango
ShivaShango collected $0.12 from pot
ShivaShango: doesn't show hand 
*** SUMMARY ***
Total pot $0.12 | Rake $0 
Board [Ks 5c 8c 3s]
Seat 1: soultee88 (button) folded on the Turn
Seat 2: ShivaShango (small blind) collected ($0.12)
Seat 3: Aristarh0 (big blind) folded before Flop
Seat 4: Nastysha184 folded before Flop (didn't bet)
Seat 5: deileon folded before Flop (didn't bet)
Seat 7: SlavikPuha folded before Flop (didn't bet)
Seat 8: Dorex2007 folded before Flop (didn't bet)
Seat 9: westhamas folded before Flop (didn't bet)



PokerStars Hand #227902381134:  Hold'em No Limit ($0.01/$0.02 USD) - 2021/06/27 23:14:02 PT [2021/06/28 2:14:02 ET]
Table 'Gadolin II' 9-max Seat #2 is the button
Seat 1: soultee88 ($4.05 in chips) 
Seat 2: ShivaShango ($0.54 in chips) 
Seat 3: Aristarh0 ($0.75 in chips) 
Seat 4: Nastysha184 ($0.58 in chips) 
Seat 5: deileon ($2.36 in chips) 
Seat 7: SlavikPuha ($2 in chips) 
Seat 8: Dorex2007 ($2.32 in chips) 
Seat 9: westhamas ($4.03 in chips) 
Aristarh0: posts small blind $0.01
Nastysha184: posts big blind $0.02
*** HOLE CARDS ***
Dealt to Dorex2007 [5h 4h]
deileon: folds 
SlavikPuha: raises $0.04 to $0.06
Dorex2007: folds 
westhamas: folds 
westhamas leaves the table
soultee88: folds 
ShivaShango: calls $0.06
Aristarh0: folds 
Nastysha184: calls $0.04
*** FLOP *** [2s 7c 3h]
Nastysha184: checks 
SlavikPuha: bets $0.09
ShivaShango: calls $0.09
Nastysha184: folds 
*** TURN *** [2s 7c 3h] [8h]
SlavikPuha: bets $0.08
ShivaShango: calls $0.08
*** RIVER *** [2s 7c 3h 8h] [5s]
SlavikPuha: checks 
ShivaShango: bets $0.31 and is all-in
SlavikPuha: folds 
Uncalled bet ($0.31) returned to ShivaShango
ShivaShango collected $0.51 from pot
ShivaShango: doesn't show hand 
*** SUMMARY ***
Total pot $0.53 | Rake $0.02 
Board [2s 7c 3h 8h 5s]
Seat 1: soultee88 folded before Flop (didn't bet)
Seat 2: ShivaShango (button) collected ($0.51)
Seat 3: Aristarh0 (small blind) folded before Flop
Seat 4: Nastysha184 (big blind) folded on the Flop
Seat 5: deileon folded before Flop (didn't bet)
Seat 7: SlavikPuha folded on the River
Seat 8: Dorex2007 folded before Flop (didn't bet)
Seat 9: westhamas folded before Flop (didn't bet)



PokerStars Hand #227902387717:  Hold'em No Limit ($0.01/$0.02 USD) - 2021/06/27 23:14:56 PT [2021/06/28 2:14:56 ET]
Table 'Gadolin II' 9-max Seat #3 is the button
Seat 1: soultee88 ($4.05 in chips) 
Seat 2: ShivaShango ($0.82 in chips) 
Seat 3: Aristarh0 ($0.74 in chips) 
Seat 4: Nastysha184 ($0.52 in chips) 
Seat 5: deileon ($2.36 in chips) 
Seat 7: SlavikPuha ($2 in chips) 
Seat 8: Dorex2007 ($2.32 in chips) 
Nastysha184: posts small blind $0.01
deileon: posts big blind $0.02
*** HOLE CARDS ***
Dealt to Dorex2007 [Qh Td]
SlavikPuha: folds 
Dorex2007: calls $0.02
soultee88: folds 
ShivaShango: folds 
Aristarh0: folds 
Nastysha184: folds 
deileon: checks 
*** FLOP *** [9c 8s Qs]
deileon: checks 
Dorex2007: bets $0.05
deileon: folds 
Uncalled bet ($0.05) returned to Dorex2007
Dorex2007 collected $0.05 from pot
Dorex2007: doesn't show hand 
*** SUMMARY ***
Total pot $0.05 | Rake $0 
Board [9c 8s Qs]
Seat 1: soultee88 folded before Flop (didn't bet)
Seat 2: ShivaShango folded before Flop (didn't bet)
Seat 3: Aristarh0 (button) folded before Flop (didn't bet)
Seat 4: Nastysha184 (small blind) folded before Flop
Seat 5: deileon (big blind) folded on the Flop
Seat 7: SlavikPuha folded before Flop (didn't bet)
Seat 8: Dorex2007 collected ($0.05)



PokerStars Hand #227902391982:  Hold'em No Limit ($0.01/$0.02 USD) - 2021/06/27 23:15:30 PT [2021/06/28 2:15:30 ET]
Table 'Gadolin II' 9-max Seat #4 is the button
Seat 1: soultee88 ($4.05 in chips) 
Seat 2: ShivaShango ($0.82 in chips) 
Seat 3: Aristarh0 ($0.74 in chips) 
Seat 4: Nastysha184 ($0.51 in chips) 
Seat 5: deileon ($2.34 in chips) 
Seat 7: SlavikPuha ($2 in chips) 
Seat 8: Dorex2007 ($2.35 in chips) 
deileon: posts small blind $0.01
SlavikPuha: posts big blind $0.02
*** HOLE CARDS ***
Dealt to Dorex2007 [Jd Qd]
Dorex2007: calls $0.02
soultee88: folds 
ShivaShango: folds 
Aristarh0: folds 
Nastysha184 has timed out
Nastysha184: folds 
geert-david joins the table at seat #9 
deileon: folds 
SlavikPuha: checks 
*** FLOP *** [2d Qs 8h]
SlavikPuha: bets $0.03
Dorex2007: calls $0.03
*** TURN *** [2d Qs 8h] [4d]
SlavikPuha: bets $0.06
Dorex2007: calls $0.06
*** RIVER *** [2d Qs 8h 4d] [2h]
SlavikPuha: bets $0.08
Dorex2007: calls $0.08
*** SHOW DOWN ***
SlavikPuha: shows [Qc 3h] (two pair, Queens and Deuces)
Dorex2007: shows [Jd Qd] (two pair, Queens and Deuces - Jack kicker)
Dorex2007 collected $0.38 from pot
*** SUMMARY ***
Total pot $0.39 | Rake $0.01 
Board [2d Qs 8h 4d 2h]
Seat 1: soultee88 folded before Flop (didn't bet)
Seat 2: ShivaShango folded before Flop (didn't bet)
Seat 3: Aristarh0 folded before Flop (didn't bet)
Seat 4: Nastysha184 (button) folded before Flop (didn't bet)
Seat 5: deileon (small blind) folded before Flop
Seat 7: SlavikPuha (big blind) showed [Qc 3h] and lost with two pair, Queens and Deuces
Seat 8: Dorex2007 showed [Jd Qd] and won ($0.38) with two pair, Queens and Deuces



PokerStars Hand #227902398061:  Hold'em No Limit ($0.01/$0.02 USD) - 2021/06/27 23:16:20 PT [2021/06/28 2:16:20 ET]
Table 'Gadolin II' 9-max Seat #5 is the button
Seat 1: soultee88 ($4.05 in chips) 
Seat 2: ShivaShango ($0.82 in chips) 
Seat 3: Aristarh0 ($0.74 in chips) 
Seat 4: Nastysha184 ($0.51 in chips) 
Seat 5: deileon ($2.33 in chips) 
Seat 7: SlavikPuha ($2 in chips) 
Seat 8: Dorex2007 ($2.54 in chips) 
Seat 9: geert-david ($1.60 in chips) 
SlavikPuha: posts small blind $0.01
Dorex2007: posts big blind $0.02
geert-david: posts big blind $0.02
*** HOLE CARDS ***
Dealt to Dorex2007 [Qs 7h]
geert-david: checks 
soultee88: folds 
ShivaShango: folds 
Aristarh0: raises $0.72 to $0.74 and is all-in
Nastysha184: folds 
deileon: folds 
SlavikPuha: folds 
Dorex2007: folds 
geert-david: folds 
Uncalled bet ($0.72) returned to Aristarh0
Aristarh0 collected $0.07 from pot
*** SUMMARY ***
Total pot $0.07 | Rake $0 
Seat 1: soultee88 folded before Flop (didn't bet)
Seat 2: ShivaShango folded before Flop (didn't bet)
Seat 3: Aristarh0 collected ($0.07)
Seat 4: Nastysha184 folded before Flop (didn't bet)
Seat 5: deileon (button) folded before Flop (didn't bet)
Seat 7: SlavikPuha (small blind) folded before Flop
Seat 8: Dorex2007 (big blind) folded before Flop
Seat 9: geert-david folded before Flop (didn't bet)



PokerStars Hand #227902401648:  Hold'em No Limit ($0.01/$0.02 USD) - 2021/06/27 23:16:51 PT [2021/06/28 2:16:51 ET]
Table 'Gadolin II' 9-max Seat #7 is the button
Seat 1: soultee88 ($4.05 in chips) 
Seat 2: ShivaShango ($0.82 in chips) 
Seat 3: Aristarh0 ($0.79 in chips) 
Seat 4: Nastysha184 ($0.51 in chips) 
Seat 5: deileon ($2.33 in chips) 
Seat 7: SlavikPuha ($2 in chips) 
Seat 8: Dorex2007 ($2.52 in chips) 
Seat 9: geert-david ($1.58 in chips) 
Dorex2007: posts small blind $0.01
geert-david: posts big blind $0.02
*** HOLE CARDS ***
Dealt to Dorex2007 [3s 2d]
soultee88 has timed out
soultee88: folds 
ShivaShango: folds 
Aristarh0: folds 
Nastysha184: folds 
deileon: folds 
SlavikPuha: folds 
Dorex2007: folds 
Uncalled bet ($0.01) returned to geert-david
geert-david collected $0.02 from pot
geert-david: doesn't show hand 
*** SUMMARY ***
Total pot $0.02 | Rake $0 
Seat 1: soultee88 folded before Flop (didn't bet)
Seat 2: ShivaShango folded before Flop (didn't bet)
Seat 3: Aristarh0 folded before Flop (didn't bet)
Seat 4: Nastysha184 folded before Flop (didn't bet)
Seat 5: deileon folded before Flop (didn't bet)
Seat 7: SlavikPuha (button) folded before Flop (didn't bet)
Seat 8: Dorex2007 (small blind) folded before Flop
Seat 9: geert-david (big blind) collected ($0.02)



PokerStars Hand #227902405767:  Hold'em No Limit ($0.01/$0.02 USD) - 2021/06/27 23:17:24 PT [2021/06/28 2:17:24 ET]
Table 'Gadolin II' 9-max Seat #8 is the button
Seat 1: soultee88 ($4.05 in chips) 
Seat 2: ShivaShango ($0.82 in chips) 
Seat 3: Aristarh0 ($0.79 in chips) 
Seat 4: Nastysha184 ($0.51 in chips) 
Seat 5: deileon ($2.33 in chips) 
Seat 7: SlavikPuha ($2 in chips) 
Seat 8: Dorex2007 ($2.51 in chips) 
Seat 9: geert-david ($1.59 in chips) 
geert-david: posts small blind $0.01
soultee88: posts big blind $0.02
*** HOLE CARDS ***
Dealt to Dorex2007 [6c Qc]
ShivaShango: folds 
ShivaShango leaves the table
Aristarh0: folds 
Nastysha184: raises $0.04 to $0.06
deileon: folds 
SlavikPuha: folds 
Dorex2007: folds 
geert-david: folds 
soultee88: folds 
Uncalled bet ($0.04) returned to Nastysha184
Nastysha184 collected $0.05 from pot
*** SUMMARY ***
Total pot $0.05 | Rake $0 
Seat 1: soultee88 (big blind) folded before Flop
Seat 2: ShivaShango folded before Flop (didn't bet)
Seat 3: Aristarh0 folded before Flop (didn't bet)
Seat 4: Nastysha184 collected ($0.05)
Seat 5: deileon folded before Flop (didn't bet)
Seat 7: SlavikPuha folded before Flop (didn't bet)
Seat 8: Dorex2007 (button) folded before Flop (didn't bet)
Seat 9: geert-david (small blind) folded before Flop



PokerStars Hand #227902408328:  Hold'em No Limit ($0.01/$0.02 USD) - 2021/06/27 23:17:46 PT [2021/06/28 2:17:46 ET]
Table 'Gadolin II' 9-max Seat #9 is the button
Seat 1: soultee88 ($4.03 in chips) 
Seat 3: Aristarh0 ($0.79 in chips) 
Seat 4: Nastysha184 ($0.54 in chips) 
Seat 5: deileon ($2.33 in chips) 
Seat 7: SlavikPuha ($2 in chips) 
Seat 8: Dorex2007 ($2.51 in chips) 
Seat 9: geert-david ($1.58 in chips) 
soultee88: posts small blind $0.01
Aristarh0: posts big blind $0.02
*** HOLE CARDS ***
Dealt to Dorex2007 [Th Ah]
Nastysha184: folds 
deileon: folds 
SlavikPuha: folds 
Dorex2007: calls $0.02
geert-david: raises $0.04 to $0.06
soultee88: calls $0.05
Aristarh0: folds 
Dorex2007: calls $0.04
*** FLOP *** [7d Qs 4d]
soultee88: checks 
Dorex2007: checks 
geert-david: checks 
*** TURN *** [7d Qs 4d] [3h]
soultee88: bets $0.25
Dorex2007: folds 
geert-david: folds 
Uncalled bet ($0.25) returned to soultee88
soultee88 collected $0.19 from pot
soultee88: doesn't show hand 
*** SUMMARY ***
Total pot $0.20 | Rake $0.01 
Board [7d Qs 4d 3h]
Seat 1: soultee88 (small blind) collected ($0.19)
Seat 3: Aristarh0 (big blind) folded before Flop
Seat 4: Nastysha184 folded before Flop (didn't bet)
Seat 5: deileon folded before Flop (didn't bet)
Seat 7: SlavikPuha folded before Flop (didn't bet)
Seat 8: Dorex2007 folded on the Turn
Seat 9: geert-david (button) folded on the Turn



PokerStars Hand #227902424999:  Hold'em No Limit ($0.01/$0.02 USD) - 2021/06/27 23:19:11 PT [2021/06/28 2:19:11 ET]
Table 'Gadolin II' 9-max Seat #1 is the button
Seat 1: soultee88 ($4.16 in chips) 
Seat 3: Aristarh0 ($0.77 in chips) 
Seat 4: Nastysha184 ($0.54 in chips) 
Seat 5: deileon ($2.33 in chips) 
Seat 7: SlavikPuha ($2 in chips) 
Seat 8: Dorex2007 ($2.45 in chips) 
Seat 9: geert-david ($1.52 in chips) 
Aristarh0: posts small blind $0.01
Nastysha184: posts big blind $0.02
*** HOLE CARDS ***
Dealt to Dorex2007 [6d As]
deileon: folds 
SlavikPuha: folds 
KpaBa2406 joins the table at seat #2 
Dorex2007: folds 
geert-david: folds 
soultee88: folds 
Aristarh0: folds 
Uncalled bet ($0.01) returned to Nastysha184
Nastysha184 collected $0.02 from pot
*** SUMMARY ***
Total pot $0.02 | Rake $0 
Seat 1: soultee88 (button) folded before Flop (didn't bet)
Seat 3: Aristarh0 (small blind) folded before Flop
Seat 4: Nastysha184 (big blind) collected ($0.02)
Seat 5: deileon folded before Flop (didn't bet)
Seat 7: SlavikPuha folded before Flop (didn't bet)
Seat 8: Dorex2007 folded before Flop (didn't bet)
Seat 9: geert-david folded before Flop (didn't bet)



PokerStars Hand #227902427717:  Hold'em No Limit ($0.01/$0.02 USD) - 2021/06/27 23:19:34 PT [2021/06/28 2:19:34 ET]
Table 'Gadolin II' 9-max Seat #3 is the button
Seat 1: soultee88 ($4.16 in chips) 
Seat 3: Aristarh0 ($0.76 in chips) 
Seat 4: Nastysha184 ($0.55 in chips) 
Seat 5: deileon ($2.33 in chips) 
Seat 7: SlavikPuha ($2 in chips) 
Seat 8: Dorex2007 ($2.45 in chips) 
Seat 9: geert-david ($1.52 in chips) 
Nastysha184: posts small blind $0.01
deileon: posts big blind $0.02
KpaBa2406: sits out 
*** HOLE CARDS ***
Dealt to Dorex2007 [7c 8d]
SlavikPuha: folds 
Dorex2007: folds 
geert-david: calls $0.02
soultee88: raises $0.03 to $0.05
Aristarh0: folds 
Nastysha184: calls $0.04
deileon: folds 
geert-david: calls $0.03
*** FLOP *** [Ts 5h 7d]
Nastysha184: checks 
geert-david: checks 
soultee88: bets $0.10
Nastysha184: raises $0.40 to $0.50 and is all-in
geert-david: folds 
soultee88: folds 
Uncalled bet ($0.40) returned to Nastysha184
Nastysha184 collected $0.36 from pot
Nastysha184: doesn't show hand 
*** SUMMARY ***
Total pot $0.37 | Rake $0.01 
Board [Ts 5h 7d]
Seat 1: soultee88 folded on the Flop
Seat 3: Aristarh0 (button) folded before Flop (didn't bet)
Seat 4: Nastysha184 (small blind) collected ($0.36)
Seat 5: deileon (big blind) folded before Flop
Seat 7: SlavikPuha folded before Flop (didn't bet)
Seat 8: Dorex2007 folded before Flop (didn't bet)
Seat 9: geert-david folded on the Flop



PokerStars Hand #227902435587:  Hold'em No Limit ($0.01/$0.02 USD) - 2021/06/27 23:20:39 PT [2021/06/28 2:20:39 ET]
Table 'Gadolin II' 9-max Seat #4 is the button
Seat 1: soultee88 ($4.01 in chips) 
Seat 3: Aristarh0 ($0.76 in chips) 
Seat 4: Nastysha184 ($0.76 in chips) 
Seat 5: deileon ($2.31 in chips) 
Seat 7: SlavikPuha ($2 in chips) 
Seat 8: Dorex2007 ($2.45 in chips) 
Seat 9: geert-david ($1.47 in chips) 
deileon: posts small blind $0.01
SlavikPuha: posts big blind $0.02
KpaBa2406: sits out 
*** HOLE CARDS ***
Dealt to Dorex2007 [Kd 5s]
Dorex2007: folds 
geert-david: folds 
soultee88: raises $0.03 to $0.05
Aristarh0: folds 
Nastysha184: folds 
deileon: folds 
SlavikPuha: folds 
Uncalled bet ($0.03) returned to soultee88
soultee88 collected $0.05 from pot
soultee88: doesn't show hand 
*** SUMMARY ***
Total pot $0.05 | Rake $0 
Seat 1: soultee88 collected ($0.05)
Seat 3: Aristarh0 folded before Flop (didn't bet)
Seat 4: Nastysha184 (button) folded before Flop (didn't bet)
Seat 5: deileon (small blind) folded before Flop
Seat 7: SlavikPuha (big blind) folded before Flop
Seat 8: Dorex2007 folded before Flop (didn't bet)
Seat 9: geert-david folded before Flop (didn't bet)



PokerStars Hand #227902437437:  Hold'em No Limit ($0.01/$0.02 USD) - 2021/06/27 23:20:54 PT [2021/06/28 2:20:54 ET]
Table 'Gadolin II' 9-max Seat #5 is the button
Seat 1: soultee88 ($4.04 in chips) 
Seat 3: Aristarh0 ($0.76 in chips) 
Seat 4: Nastysha184 ($0.76 in chips) 
Seat 5: deileon ($2.30 in chips) 
Seat 7: SlavikPuha ($2 in chips) 
Seat 8: Dorex2007 ($2.45 in chips) 
Seat 9: geert-david ($1.47 in chips) 
SlavikPuha: posts small blind $0.01
Dorex2007: posts big blind $0.02
KpaBa2406: sits out 
*** HOLE CARDS ***
Dealt to Dorex2007 [7s Ts]
geert-david: folds 
soultee88: folds 
Aristarh0: folds 
Nastysha184: folds 
deileon: folds 
SlavikPuha: folds 
Uncalled bet ($0.01) returned to Dorex2007
Dorex2007 collected $0.02 from pot
Dorex2007: doesn't show hand 
*** SUMMARY ***
Total pot $0.02 | Rake $0 
Seat 1: soultee88 folded before Flop (didn't bet)
Seat 3: Aristarh0 folded before Flop (didn't bet)
Seat 4: Nastysha184 folded before Flop (didn't bet)
Seat 5: deileon (button) folded before Flop (didn't bet)
Seat 7: SlavikPuha (small blind) folded before Flop
Seat 8: Dorex2007 (big blind) collected ($0.02)
Seat 9: geert-david folded before Flop (didn't bet)



PokerStars Hand #227902439189:  Hold'em No Limit ($0.01/$0.02 USD) - 2021/06/27 23:21:09 PT [2021/06/28 2:21:09 ET]
Table 'Gadolin II' 9-max Seat #7 is the button
Seat 1: soultee88 ($4.04 in chips) 
Seat 3: Aristarh0 ($0.76 in chips) 
Seat 4: Nastysha184 ($0.76 in chips) 
Seat 5: deileon ($2.30 in chips) 
Seat 7: SlavikPuha ($2 in chips) 
Seat 8: Dorex2007 ($2.46 in chips) 
Seat 9: geert-david ($1.47 in chips) 
Dorex2007: posts small blind $0.01
geert-david: posts big blind $0.02
KpaBa2406: sits out 
*** HOLE CARDS ***
Dealt to Dorex2007 [8c 3d]
soultee88: folds 
Aristarh0: folds 
Nastysha184: folds 
deileon: folds 
SlavikPuha: folds 
Dorex2007: folds 
Uncalled bet ($0.01) returned to geert-david
geert-david collected $0.02 from pot
geert-david: doesn't show hand 
*** SUMMARY ***
Total pot $0.02 | Rake $0 
Seat 1: soultee88 folded before Flop (didn't bet)
Seat 3: Aristarh0 folded before Flop (didn't bet)
Seat 4: Nastysha184 folded before Flop (didn't bet)
Seat 5: deileon folded before Flop (didn't bet)
Seat 7: SlavikPuha (button) folded before Flop (didn't bet)
Seat 8: Dorex2007 (small blind) folded before Flop
Seat 9: geert-david (big blind) collected ($0.02)



PokerStars Hand #227902441140:  Hold'em No Limit ($0.01/$0.02 USD) - 2021/06/27 23:21:25 PT [2021/06/28 2:21:25 ET]
Table 'Gadolin II' 9-max Seat #8 is the button
Seat 1: soultee88 ($4.04 in chips) 
Seat 3: Aristarh0 ($0.76 in chips) 
Seat 4: Nastysha184 ($0.76 in chips) 
Seat 5: deileon ($2.30 in chips) 
Seat 7: SlavikPuha ($2 in chips) 
Seat 8: Dorex2007 ($2.45 in chips) 
Seat 9: geert-david ($1.48 in chips) 
geert-david: posts small blind $0.01
soultee88: posts big blind $0.02
KpaBa2406: sits out 
*** HOLE CARDS ***
Dealt to Dorex2007 [Qd Jh]
Aristarh0: folds 
Nastysha184: raises $0.02 to $0.04
deileon: folds 
SlavikPuha: calls $0.04
Dorex2007: calls $0.04
geert-david: calls $0.03
soultee88: folds 
*** FLOP *** [Tc 6d 7s]
geert-david: checks 
Nastysha184: bets $0.09
SlavikPuha: folds 
Dorex2007: folds 
geert-david: folds 
Uncalled bet ($0.09) returned to Nastysha184
Nastysha184 collected $0.17 from pot
*** SUMMARY ***
Total pot $0.18 | Rake $0.01 
Board [Tc 6d 7s]
Seat 1: soultee88 (big blind) folded before Flop
Seat 3: Aristarh0 folded before Flop (didn't bet)
Seat 4: Nastysha184 collected ($0.17)
Seat 5: deileon folded before Flop (didn't bet)
Seat 7: SlavikPuha folded on the Flop
Seat 8: Dorex2007 (button) folded on the Flop
Seat 9: geert-david (small blind) folded on the Flop



PokerStars Hand #227902446231:  Hold'em No Limit ($0.01/$0.02 USD) - 2021/06/27 23:22:07 PT [2021/06/28 2:22:07 ET]
Table 'Gadolin II' 9-max Seat #9 is the button
Seat 1: soultee88 ($4.02 in chips) 
Seat 2: KpaBa2406 ($2 in chips) 
Seat 3: Aristarh0 ($0.76 in chips) 
Seat 4: Nastysha184 ($0.89 in chips) 
Seat 5: deileon ($2.30 in chips) 
Seat 7: SlavikPuha ($2 in chips) 
Seat 8: Dorex2007 ($2.41 in chips) 
Seat 9: geert-david ($1.44 in chips) 
soultee88: posts small blind $0.01
KpaBa2406: posts big blind $0.02
*** HOLE CARDS ***
Dealt to Dorex2007 [3d 7c]
Aristarh0: folds 
Nastysha184: folds 
deileon: folds 
SlavikPuha: raises $0.04 to $0.06
Dorex2007: folds 
geert-david: folds 
soultee88: folds 
KpaBa2406: folds 
Uncalled bet ($0.04) returned to SlavikPuha
SlavikPuha collected $0.05 from pot
SlavikPuha: doesn't show hand 
*** SUMMARY ***
Total pot $0.05 | Rake $0 
Seat 1: soultee88 (small blind) folded before Flop
Seat 2: KpaBa2406 (big blind) folded before Flop
Seat 3: Aristarh0 folded before Flop (didn't bet)
Seat 4: Nastysha184 folded before Flop (didn't bet)
Seat 5: deileon folded before Flop (didn't bet)
Seat 7: SlavikPuha collected ($0.05)
Seat 8: Dorex2007 folded before Flop (didn't bet)
Seat 9: geert-david (button) folded before Flop (didn't bet)



PokerStars Hand #227902449331:  Hold'em No Limit ($0.01/$0.02 USD) - 2021/06/27 23:22:33 PT [2021/06/28 2:22:33 ET]
Table 'Gadolin II' 9-max Seat #1 is the button
Seat 1: soultee88 ($4.01 in chips) 
Seat 2: KpaBa2406 ($2 in chips) 
Seat 3: Aristarh0 ($0.76 in chips) 
Seat 4: Nastysha184 ($0.89 in chips) 
Seat 5: deileon ($2.30 in chips) 
Seat 7: SlavikPuha ($2.03 in chips) 
Seat 8: Dorex2007 ($2.41 in chips) 
Seat 9: geert-david ($1.44 in chips) 
KpaBa2406: posts small blind $0.01
Aristarh0: posts big blind $0.02
*** HOLE CARDS ***
Dealt to Dorex2007 [6c 5c]
Nastysha184: folds 
deileon: folds 
SlavikPuha: folds 
Dorex2007: folds 
geert-david: calls $0.02
soultee88: raises $0.08 to $0.10
KpaBa2406: raises $0.22 to $0.32
Aristarh0: folds 
geert-david: folds 
soultee88: folds 
Uncalled bet ($0.22) returned to KpaBa2406
jokeripari is disconnected 
KpaBa2406 collected $0.24 from pot
KpaBa2406: doesn't show hand 
*** SUMMARY ***
Total pot $0.24 | Rake $0 
Seat 1: soultee88 (button) folded before Flop
Seat 2: KpaBa2406 (small blind) collected ($0.24)
Seat 3: Aristarh0 (big blind) folded before Flop
Seat 4: Nastysha184 folded before Flop (didn't bet)
Seat 5: deileon folded before Flop (didn't bet)
Seat 7: SlavikPuha folded before Flop (didn't bet)
Seat 8: Dorex2007 folded before Flop (didn't bet)
Seat 9: geert-david folded before Flop



PokerStars Hand #227902454263:  Hold'em No Limit ($0.01/$0.02 USD) - 2021/06/27 23:23:14 PT [2021/06/28 2:23:14 ET]
Table 'Gadolin II' 9-max Seat #2 is the button
Seat 1: soultee88 ($3.91 in chips) 
Seat 2: KpaBa2406 ($2.14 in chips) 
Seat 3: Aristarh0 ($0.74 in chips) 
Seat 4: Nastysha184 ($0.89 in chips) 
Seat 5: deileon ($2.30 in chips) 
Seat 7: SlavikPuha ($2.03 in chips) 
Seat 8: Dorex2007 ($2.41 in chips) 
Seat 9: geert-david ($1.42 in chips) 
Aristarh0: posts small blind $0.01
Nastysha184: posts big blind $0.02
*** HOLE CARDS ***
Dealt to Dorex2007 [3d Ad]
deileon: folds 
SlavikPuha: folds 
Dorex2007: calls $0.02
geert-david: folds 
soultee88: raises $0.08 to $0.10
KpaBa2406: folds 
Aristarh0: folds 
Nastysha184: folds 
Dorex2007: folds 
Uncalled bet ($0.08) returned to soultee88
soultee88 collected $0.07 from pot
soultee88: doesn't show hand 
*** SUMMARY ***
Total pot $0.07 | Rake $0 
Seat 1: soultee88 collected ($0.07)
Seat 2: KpaBa2406 (button) folded before Flop (didn't bet)
Seat 3: Aristarh0 (small blind) folded before Flop
Seat 4: Nastysha184 (big blind) folded before Flop
Seat 5: deileon folded before Flop (didn't bet)
Seat 7: SlavikPuha folded before Flop (didn't bet)
Seat 8: Dorex2007 folded before Flop
Seat 9: geert-david folded before Flop (didn't bet)



PokerStars Hand #227902457277:  Hold'em No Limit ($0.01/$0.02 USD) - 2021/06/27 23:23:38 PT [2021/06/28 2:23:38 ET]
Table 'Gadolin II' 9-max Seat #3 is the button
Seat 1: soultee88 ($3.96 in chips) 
Seat 2: KpaBa2406 ($2.14 in chips) 
Seat 3: Aristarh0 ($0.73 in chips) 
Seat 4: Nastysha184 ($0.87 in chips) 
Seat 5: deileon ($2.30 in chips) 
Seat 7: SlavikPuha ($2.03 in chips) 
Seat 8: Dorex2007 ($2.39 in chips) 
Seat 9: geert-david ($1.42 in chips) 
Nastysha184: posts small blind $0.01
deileon: posts big blind $0.02
*** HOLE CARDS ***
Dealt to Dorex2007 [5d 7h]
SlavikPuha: folds 
Dorex2007: folds 
geert-david: folds 
soultee88: folds 
KpaBa2406: folds 
Aristarh0: folds 
Nastysha184: folds 
Uncalled bet ($0.01) returned to deileon
deileon collected $0.02 from pot
deileon: doesn't show hand 
*** SUMMARY ***
Total pot $0.02 | Rake $0 
Seat 1: soultee88 folded before Flop (didn't bet)
Seat 2: KpaBa2406 folded before Flop (didn't bet)
Seat 3: Aristarh0 (button) folded before Flop (didn't bet)
Seat 4: Nastysha184 (small blind) folded before Flop
Seat 5: deileon (big blind) collected ($0.02)
Seat 7: SlavikPuha folded before Flop (didn't bet)
Seat 8: Dorex2007 folded before Flop (didn't bet)
Seat 9: geert-david folded before Flop (didn't bet)



PokerStars Hand #227902459394:  Hold'em No Limit ($0.01/$0.02 USD) - 2021/06/27 23:23:55 PT [2021/06/28 2:23:55 ET]
Table 'Gadolin II' 9-max Seat #4 is the button
Seat 1: soultee88 ($3.96 in chips) 
Seat 2: KpaBa2406 ($2.14 in chips) 
Seat 3: Aristarh0 ($0.73 in chips) 
Seat 4: Nastysha184 ($0.86 in chips) 
Seat 5: deileon ($2.31 in chips) 
Seat 7: SlavikPuha ($2.03 in chips) 
Seat 8: Dorex2007 ($2.39 in chips) 
Seat 9: geert-david ($1.42 in chips) 
deileon: posts small blind $0.01
SlavikPuha: posts big blind $0.02
*** HOLE CARDS ***
Dealt to Dorex2007 [8c Kh]
Dorex2007: folds 
geert-david: calls $0.02
soultee88: folds 
KpaBa2406: raises $0.04 to $0.06
Aristarh0: folds 
Nastysha184: folds 
deileon: folds 
SlavikPuha: folds 
geert-david: calls $0.04
*** FLOP *** [2s 5d 3d]
geert-david: checks 
KpaBa2406: bets $0.09
geert-david: folds 
Uncalled bet ($0.09) returned to KpaBa2406
KpaBa2406 collected $0.14 from pot
KpaBa2406: doesn't show hand 
*** SUMMARY ***
Total pot $0.15 | Rake $0.01 
Board [2s 5d 3d]
Seat 1: soultee88 folded before Flop (didn't bet)
Seat 2: KpaBa2406 collected ($0.14)
Seat 3: Aristarh0 folded before Flop (didn't bet)
Seat 4: Nastysha184 (button) folded before Flop (didn't bet)
Seat 5: deileon (small blind) folded before Flop
Seat 7: SlavikPuha (big blind) folded before Flop
Seat 8: Dorex2007 folded before Flop (didn't bet)
Seat 9: geert-david folded on the Flop



PokerStars Hand #227902465806:  Hold'em No Limit ($0.01/$0.02 USD) - 2021/06/27 23:24:47 PT [2021/06/28 2:24:47 ET]
Table 'Gadolin II' 9-max Seat #5 is the button
Seat 1: soultee88 ($3.96 in chips) 
Seat 2: KpaBa2406 ($2.22 in chips) 
Seat 3: Aristarh0 ($0.73 in chips) 
Seat 4: Nastysha184 ($0.86 in chips) 
Seat 5: deileon ($2.30 in chips) 
Seat 7: SlavikPuha ($2.01 in chips) 
Seat 8: Dorex2007 ($2.39 in chips) 
Seat 9: geert-david ($1.36 in chips) 
SlavikPuha: posts small blind $0.01
Dorex2007: posts big blind $0.02
*** HOLE CARDS ***
Dealt to Dorex2007 [Ad Ah]
geert-david: folds 
soultee88: folds 
KpaBa2406: folds 
Aristarh0: folds 
Nastysha184: raises $0.03 to $0.05
deileon: folds 
SlavikPuha: folds 
Dorex2007: calls $0.03
*** FLOP *** [6h 2d 8c]
Dorex2007: checks 
Nastysha184: checks 
*** TURN *** [6h 2d 8c] [7s]
Dorex2007: bets $0.11
Nastysha184: folds 
Uncalled bet ($0.11) returned to Dorex2007
Dorex2007 collected $0.11 from pot
Dorex2007: doesn't show hand 
*** SUMMARY ***
Total pot $0.11 | Rake $0 
Board [6h 2d 8c 7s]
Seat 1: soultee88 folded before Flop (didn't bet)
Seat 2: KpaBa2406 folded before Flop (didn't bet)
Seat 3: Aristarh0 folded before Flop (didn't bet)
Seat 4: Nastysha184 folded on the Turn
Seat 5: deileon (button) folded before Flop (didn't bet)
Seat 7: SlavikPuha (small blind) folded before Flop
Seat 8: Dorex2007 (big blind) collected ($0.11)
Seat 9: geert-david folded before Flop (didn't bet)



PokerStars Hand #227902470095:  Hold'em No Limit ($0.01/$0.02 USD) - 2021/06/27 23:25:22 PT [2021/06/28 2:25:22 ET]
Table 'Gadolin II' 9-max Seat #7 is the button
Seat 1: soultee88 ($3.96 in chips) 
Seat 2: KpaBa2406 ($2.22 in chips) 
Seat 3: Aristarh0 ($0.73 in chips) 
Seat 4: Nastysha184 ($0.81 in chips) 
Seat 5: deileon ($2.30 in chips) 
Seat 6: jokeripari ($2.17 in chips) 
Seat 7: SlavikPuha ($2 in chips) 
Seat 8: Dorex2007 ($2.45 in chips) 
Seat 9: geert-david ($1.36 in chips) 
Dorex2007: posts small blind $0.01
geert-david: posts big blind $0.02
jokeripari: posts small & big blinds $0.03
*** HOLE CARDS ***
Dealt to Dorex2007 [3h Ks]
soultee88: folds 
KpaBa2406: folds 
Aristarh0: folds 
Nastysha184: folds 
deileon: folds 
jokeripari: checks 
SlavikPuha: folds 
Dorex2007: folds 
geert-david: checks 
*** FLOP *** [Jc 8c 3d]
geert-david: bets $0.06
jokeripari: folds 
Uncalled bet ($0.06) returned to geert-david
geert-david collected $0.06 from pot
geert-david: doesn't show hand 
*** SUMMARY ***
Total pot $0.06 | Rake $0 
Board [Jc 8c 3d]
Seat 1: soultee88 folded before Flop (didn't bet)
Seat 2: KpaBa2406 folded before Flop (didn't bet)
Seat 3: Aristarh0 folded before Flop (didn't bet)
Seat 4: Nastysha184 folded before Flop (didn't bet)
Seat 5: deileon folded before Flop (didn't bet)
Seat 6: jokeripari folded on the Flop (didn't bet)
Seat 7: SlavikPuha (button) folded before Flop (didn't bet)
Seat 8: Dorex2007 (small blind) folded before Flop
Seat 9: geert-david (big blind) collected ($0.06)



PokerStars Hand #227902476596:  Hold'em No Limit ($0.01/$0.02 USD) - 2021/06/27 23:26:14 PT [2021/06/28 2:26:14 ET]
Table 'Gadolin II' 9-max Seat #8 is the button
Seat 1: soultee88 ($3.96 in chips) 
Seat 2: KpaBa2406 ($2.22 in chips) 
Seat 3: Aristarh0 ($0.73 in chips) 
Seat 4: Nastysha184 ($0.81 in chips) 
Seat 5: deileon ($2.30 in chips) 
Seat 6: jokeripari ($2.14 in chips) 
Seat 7: SlavikPuha ($2 in chips) 
Seat 8: Dorex2007 ($2.44 in chips) 
Seat 9: geert-david ($1.40 in chips) 
geert-david: posts small blind $0.01
soultee88: posts big blind $0.02
*** HOLE CARDS ***
Dealt to Dorex2007 [Ad Kd]
KpaBa2406: folds 
Aristarh0: folds 
Nastysha184: folds 
deileon: folds 
jokeripari: folds 
SlavikPuha: raises $0.04 to $0.06
Dorex2007: calls $0.06
geert-david: calls $0.05
soultee88: folds 
*** FLOP *** [Jh 3c Jc]
geert-david: checks 
SlavikPuha: bets $0.10
Dorex2007: folds 
geert-david: folds 
Uncalled bet ($0.10) returned to SlavikPuha
SlavikPuha collected $0.19 from pot
SlavikPuha: doesn't show hand 
*** SUMMARY ***
Total pot $0.20 | Rake $0.01 
Board [Jh 3c Jc]
Seat 1: soultee88 (big blind) folded before Flop
Seat 2: KpaBa2406 folded before Flop (didn't bet)
Seat 3: Aristarh0 folded before Flop (didn't bet)
Seat 4: Nastysha184 folded before Flop (didn't bet)
Seat 5: deileon folded before Flop (didn't bet)
Seat 6: jokeripari folded before Flop (didn't bet)
Seat 7: SlavikPuha collected ($0.19)
Seat 8: Dorex2007 (button) folded on the Flop
Seat 9: geert-david (small blind) folded on the Flop



PokerStars Hand #227902481371:  Hold'em No Limit ($0.01/$0.02 USD) - 2021/06/27 23:26:52 PT [2021/06/28 2:26:52 ET]
Table 'Gadolin II' 9-max Seat #9 is the button
Seat 1: soultee88 ($3.94 in chips) 
Seat 2: KpaBa2406 ($2.22 in chips) 
Seat 3: Aristarh0 ($0.73 in chips) 
Seat 4: Nastysha184 ($0.81 in chips) 
Seat 5: deileon ($2.30 in chips) 
Seat 6: jokeripari ($2.14 in chips) 
Seat 7: SlavikPuha ($2.13 in chips) 
Seat 8: Dorex2007 ($2.38 in chips) 
Seat 9: geert-david ($1.34 in chips) 
soultee88: posts small blind $0.01
KpaBa2406: posts big blind $0.02
*** HOLE CARDS ***
Dealt to Dorex2007 [2c 7s]
Aristarh0: folds 
Nastysha184: raises $0.03 to $0.05
deileon: folds 
jokeripari: folds 
SlavikPuha: folds 
Dorex2007: folds 
geert-david: calls $0.05
soultee88: folds 
KpaBa2406: folds 
*** FLOP *** [9h 6h 6s]
Nastysha184: bets $0.09
geert-david: folds 
Uncalled bet ($0.09) returned to Nastysha184
Nastysha184 collected $0.13 from pot
Nastysha184: doesn't show hand 
*** SUMMARY ***
Total pot $0.13 | Rake $0 
Board [9h 6h 6s]
Seat 1: soultee88 (small blind) folded before Flop
Seat 2: KpaBa2406 (big blind) folded before Flop
Seat 3: Aristarh0 folded before Flop (didn't bet)
Seat 4: Nastysha184 collected ($0.13)
Seat 5: deileon folded before Flop (didn't bet)
Seat 6: jokeripari folded before Flop (didn't bet)
Seat 7: SlavikPuha folded before Flop (didn't bet)
Seat 8: Dorex2007 folded before Flop (didn't bet)
Seat 9: geert-david (button) folded on the Flop



PokerStars Hand #227902486502:  Hold'em No Limit ($0.01/$0.02 USD) - 2021/06/27 23:27:33 PT [2021/06/28 2:27:33 ET]
Table 'Gadolin II' 9-max Seat #1 is the button
Seat 1: soultee88 ($3.93 in chips) 
Seat 2: KpaBa2406 ($2.20 in chips) 
Seat 3: Aristarh0 ($0.73 in chips) 
Seat 4: Nastysha184 ($0.89 in chips) 
Seat 5: deileon ($2.30 in chips) 
Seat 6: jokeripari ($2.14 in chips) 
Seat 7: SlavikPuha ($2.13 in chips) 
Seat 8: Dorex2007 ($2.38 in chips) 
Seat 9: geert-david ($1.29 in chips) 
KpaBa2406: posts small blind $0.01
Aristarh0: posts big blind $0.02
*** HOLE CARDS ***
Dealt to Dorex2007 [Jc 2d]
Nastysha184: folds 
deileon: folds 
jokeripari: raises $0.04 to $0.06
SlavikPuha: folds 
Dorex2007: folds 
geert-david: folds 
soultee88: folds 
KpaBa2406: raises $0.12 to $0.18
Aristarh0: folds 
jokeripari: folds 
Uncalled bet ($0.12) returned to KpaBa2406
KpaBa2406 collected $0.14 from pot
KpaBa2406: doesn't show hand 
*** SUMMARY ***
Total pot $0.14 | Rake $0 
Seat 1: soultee88 (button) folded before Flop (didn't bet)
Seat 2: KpaBa2406 (small blind) collected ($0.14)
Seat 3: Aristarh0 (big blind) folded before Flop
Seat 4: Nastysha184 folded before Flop (didn't bet)
Seat 5: deileon folded before Flop (didn't bet)
Seat 6: jokeripari folded before Flop
Seat 7: SlavikPuha folded before Flop (didn't bet)
Seat 8: Dorex2007 folded before Flop (didn't bet)
Seat 9: geert-david folded before Flop (didn't bet)



PokerStars Hand #227902494802:  Hold'em No Limit ($0.01/$0.02 USD) - 2021/06/27 23:28:41 PT [2021/06/28 2:28:41 ET]
Table 'Gadolin II' 9-max Seat #2 is the button
Seat 1: soultee88 ($3.93 in chips) 
Seat 2: KpaBa2406 ($2.28 in chips) 
Seat 3: Aristarh0 ($0.71 in chips) 
Seat 4: Nastysha184 ($0.89 in chips) 
Seat 5: deileon ($2.30 in chips) 
Seat 6: jokeripari ($2.08 in chips) 
Seat 7: SlavikPuha ($2.13 in chips) 
Seat 8: Dorex2007 ($2.38 in chips) 
Seat 9: geert-david ($1.29 in chips) 
Aristarh0: posts small blind $0.01
Nastysha184: posts big blind $0.02
*** HOLE CARDS ***
Dealt to Dorex2007 [Th Qd]
deileon: folds 
jokeripari: folds 
SlavikPuha: raises $0.04 to $0.06
Dorex2007: folds 
geert-david: folds 
soultee88: folds 
KpaBa2406: calls $0.06
Aristarh0: folds 
Nastysha184: folds 
*** FLOP *** [Td 4s 3h]
SlavikPuha: checks 
KpaBa2406: bets $0.05
SlavikPuha: calls $0.05
*** TURN *** [Td 4s 3h] [Ts]
SlavikPuha: checks 
KpaBa2406: bets $0.08
SlavikPuha: calls $0.08
*** RIVER *** [Td 4s 3h Ts] [3c]
SlavikPuha: checks 
KpaBa2406: checks 
*** SHOW DOWN ***
SlavikPuha: shows [Ah Ks] (two pair, Tens and Threes)
KpaBa2406: mucks hand 
SlavikPuha collected $0.40 from pot
*** SUMMARY ***
Total pot $0.41 | Rake $0.01 
Board [Td 4s 3h Ts 3c]
Seat 1: soultee88 folded before Flop (didn't bet)
Seat 2: KpaBa2406 (button) mucked [7c 6c]
Seat 3: Aristarh0 (small blind) folded before Flop
Seat 4: Nastysha184 (big blind) folded before Flop
Seat 5: deileon folded before Flop (didn't bet)
Seat 6: jokeripari folded before Flop (didn't bet)
Seat 7: SlavikPuha showed [Ah Ks] and won ($0.40) with two pair, Tens and Threes
Seat 8: Dorex2007 folded before Flop (didn't bet)
Seat 9: geert-david folded before Flop (didn't bet)



PokerStars Hand #227902501059:  Hold'em No Limit ($0.01/$0.02 USD) - 2021/06/27 23:29:32 PT [2021/06/28 2:29:32 ET]
Table 'Gadolin II' 9-max Seat #3 is the button
Seat 1: soultee88 ($3.93 in chips) 
Seat 2: KpaBa2406 ($2.09 in chips) 
Seat 3: Aristarh0 ($0.70 in chips) 
Seat 4: Nastysha184 ($0.87 in chips) 
Seat 5: deileon ($2.30 in chips) 
Seat 6: jokeripari ($2.08 in chips) 
Seat 7: SlavikPuha ($2.34 in chips) 
Seat 8: Dorex2007 ($2.38 in chips) 
Seat 9: geert-david ($1.29 in chips) 
Nastysha184: posts small blind $0.01
deileon: posts big blind $0.02
*** HOLE CARDS ***
Dealt to Dorex2007 [9h 4s]
jokeripari: folds 
SlavikPuha: folds 
Dorex2007: folds 
geert-david: calls $0.02
soultee88: folds 
KpaBa2406: folds 
Aristarh0: folds 
Nastysha184: folds 
deileon: checks 
*** FLOP *** [Kd 6c 2c]
deileon: checks 
geert-david: bets $0.05
deileon: folds 
Uncalled bet ($0.05) returned to geert-david
geert-david collected $0.05 from pot
geert-david: doesn't show hand 
*** SUMMARY ***
Total pot $0.05 | Rake $0 
Board [Kd 6c 2c]
Seat 1: soultee88 folded before Flop (didn't bet)
Seat 2: KpaBa2406 folded before Flop (didn't bet)
Seat 3: Aristarh0 (button) folded before Flop (didn't bet)
Seat 4: Nastysha184 (small blind) folded before Flop
Seat 5: deileon (big blind) folded on the Flop
Seat 6: jokeripari folded before Flop (didn't bet)
Seat 7: SlavikPuha folded before Flop (didn't bet)
Seat 8: Dorex2007 folded before Flop (didn't bet)
Seat 9: geert-david collected ($0.05)



PokerStars Hand #227902505289:  Hold'em No Limit ($0.01/$0.02 USD) - 2021/06/27 23:30:07 PT [2021/06/28 2:30:07 ET]
Table 'Gadolin II' 9-max Seat #4 is the button
Seat 1: soultee88 ($3.93 in chips) 
Seat 2: KpaBa2406 ($2.09 in chips) 
Seat 3: Aristarh0 ($0.70 in chips) 
Seat 4: Nastysha184 ($0.86 in chips) 
Seat 5: deileon ($2.28 in chips) 
Seat 6: jokeripari ($2.08 in chips) 
Seat 7: SlavikPuha ($2.34 in chips) 
Seat 8: Dorex2007 ($2.38 in chips) 
Seat 9: geert-david ($1.32 in chips) 
deileon: posts small blind $0.01
jokeripari: posts big blind $0.02
*** HOLE CARDS ***
Dealt to Dorex2007 [Jh 6h]
SlavikPuha: folds 
Dorex2007: folds 
geert-david: folds 
soultee88: folds 
KpaBa2406: folds 
Aristarh0: folds 
Nastysha184: raises $0.03 to $0.05
deileon: folds 
jokeripari: folds 
Uncalled bet ($0.03) returned to Nastysha184
Nastysha184 collected $0.05 from pot
*** SUMMARY ***
Total pot $0.05 | Rake $0 
Seat 1: soultee88 folded before Flop (didn't bet)
Seat 2: KpaBa2406 folded before Flop (didn't bet)
Seat 3: Aristarh0 folded before Flop (didn't bet)
Seat 4: Nastysha184 (button) collected ($0.05)
Seat 5: deileon (small blind) folded before Flop
Seat 6: jokeripari (big blind) folded before Flop
Seat 7: SlavikPuha folded before Flop (didn't bet)
Seat 8: Dorex2007 folded before Flop (didn't bet)
Seat 9: geert-david folded before Flop (didn't bet)



PokerStars Hand #227902508240:  Hold'em No Limit ($0.01/$0.02 USD) - 2021/06/27 23:30:32 PT [2021/06/28 2:30:32 ET]
Table 'Gadolin II' 9-max Seat #5 is the button
Seat 1: soultee88 ($3.93 in chips) 
Seat 2: KpaBa2406 ($2.09 in chips) 
Seat 3: Aristarh0 ($0.70 in chips) 
Seat 4: Nastysha184 ($0.89 in chips) 
Seat 5: deileon ($2.27 in chips) 
Seat 6: jokeripari ($2.06 in chips) 
Seat 7: SlavikPuha ($2.34 in chips) 
Seat 8: Dorex2007 ($2.38 in chips) 
Seat 9: geert-david ($1.32 in chips) 
jokeripari: posts small blind $0.01
SlavikPuha: posts big blind $0.02
*** HOLE CARDS ***
Dealt to Dorex2007 [Ks Qc]
Dorex2007: folds 
geert-david: folds 
soultee88: folds 
KpaBa2406: raises $0.04 to $0.06
Aristarh0: folds 
Nastysha184: folds 
deileon: folds 
jokeripari: calls $0.05
SlavikPuha: raises $0.24 to $0.30
KpaBa2406: folds 
jokeripari: folds 
Uncalled bet ($0.24) returned to SlavikPuha
SlavikPuha collected $0.18 from pot
SlavikPuha: doesn't show hand 
*** SUMMARY ***
Total pot $0.18 | Rake $0 
Seat 1: soultee88 folded before Flop (didn't bet)
Seat 2: KpaBa2406 folded before Flop
Seat 3: Aristarh0 folded before Flop (didn't bet)
Seat 4: Nastysha184 folded before Flop (didn't bet)
Seat 5: deileon (button) folded before Flop (didn't bet)
Seat 6: jokeripari (small blind) folded before Flop
Seat 7: SlavikPuha (big blind) collected ($0.18)
Seat 8: Dorex2007 folded before Flop (didn't bet)
Seat 9: geert-david folded before Flop (didn't bet)



PokerStars Hand #227902516733:  Hold'em No Limit ($0.01/$0.02 USD) - 2021/06/27 23:31:42 PT [2021/06/28 2:31:42 ET]
Table 'Gadolin II' 9-max Seat #6 is the button
Seat 1: soultee88 ($3.93 in chips) 
Seat 2: KpaBa2406 ($2.03 in chips) 
Seat 3: Aristarh0 ($0.70 in chips) 
Seat 4: Nastysha184 ($0.89 in chips) 
Seat 5: deileon ($2.27 in chips) 
Seat 6: jokeripari ($2 in chips) 
Seat 7: SlavikPuha ($2.46 in chips) 
Seat 8: Dorex2007 ($2.38 in chips) 
Seat 9: geert-david ($1.32 in chips) 
SlavikPuha: posts small blind $0.01
Dorex2007: posts big blind $0.02
*** HOLE CARDS ***
Dealt to Dorex2007 [2c As]
geert-david: calls $0.02
soultee88: raises $0.05 to $0.07
KpaBa2406: folds 
Aristarh0: folds 
Nastysha184: folds 
deileon: folds 
jokeripari: folds 
SlavikPuha: folds 
Dorex2007: folds 
geert-david: calls $0.05
*** FLOP *** [4d 4c Qd]
geert-david: checks 
soultee88: checks 
*** TURN *** [4d 4c Qd] [9d]
geert-david: checks 
soultee88: bets $0.10
geert-david: folds 
Uncalled bet ($0.10) returned to soultee88
soultee88 collected $0.16 from pot
soultee88: doesn't show hand 
*** SUMMARY ***
Total pot $0.17 | Rake $0.01 
Board [4d 4c Qd 9d]
Seat 1: soultee88 collected ($0.16)
Seat 2: KpaBa2406 folded before Flop (didn't bet)
Seat 3: Aristarh0 folded before Flop (didn't bet)
Seat 4: Nastysha184 folded before Flop (didn't bet)
Seat 5: deileon folded before Flop (didn't bet)
Seat 6: jokeripari (button) folded before Flop (didn't bet)
Seat 7: SlavikPuha (small blind) folded before Flop
Seat 8: Dorex2007 (big blind) folded before Flop
Seat 9: geert-david folded on the Turn



PokerStars Hand #227902523124:  Hold'em No Limit ($0.01/$0.02 USD) - 2021/06/27 23:32:33 PT [2021/06/28 2:32:33 ET]
Table 'Gadolin II' 9-max Seat #7 is the button
Seat 1: soultee88 ($4.02 in chips) 
Seat 2: KpaBa2406 ($2.03 in chips) 
Seat 3: Aristarh0 ($0.70 in chips) 
Seat 4: Nastysha184 ($0.89 in chips) 
Seat 5: deileon ($2.27 in chips) 
Seat 6: jokeripari ($2 in chips) 
Seat 7: SlavikPuha ($2.45 in chips) 
Seat 8: Dorex2007 ($2.36 in chips) 
Seat 9: geert-david ($1.25 in chips) 
Dorex2007: posts small blind $0.01
geert-david: posts big blind $0.02
*** HOLE CARDS ***
Dealt to Dorex2007 [5s 6c]
soultee88: folds 
KpaBa2406: folds 
Aristarh0: folds 
Nastysha184: folds 
deileon: folds 
jokeripari: raises $0.04 to $0.06
SlavikPuha: calls $0.06
Dorex2007: folds 
geert-david: calls $0.04
*** FLOP *** [Ac 7d Ad]
geert-david: checks 
jokeripari: bets $0.11
SlavikPuha: folds 
geert-david: calls $0.11
*** TURN *** [Ac 7d Ad] [Jd]
geert-david: bets $0.20
jokeripari: calls $0.20
*** RIVER *** [Ac 7d Ad Jd] [7h]
geert-david: bets $0.88 and is all-in
jokeripari: folds 
Uncalled bet ($0.88) returned to geert-david
geert-david collected $0.78 from pot
geert-david: doesn't show hand 
*** SUMMARY ***
Total pot $0.81 | Rake $0.03 
Board [Ac 7d Ad Jd 7h]
Seat 1: soultee88 folded before Flop (didn't bet)
Seat 2: KpaBa2406 folded before Flop (didn't bet)
Seat 3: Aristarh0 folded before Flop (didn't bet)
Seat 4: Nastysha184 folded before Flop (didn't bet)
Seat 5: deileon folded before Flop (didn't bet)
Seat 6: jokeripari folded on the River
Seat 7: SlavikPuha (button) folded on the Flop
Seat 8: Dorex2007 (small blind) folded before Flop
Seat 9: geert-david (big blind) collected ($0.78)



PokerStars Hand #227902534215:  Hold'em No Limit ($0.01/$0.02 USD) - 2021/06/27 23:34:03 PT [2021/06/28 2:34:03 ET]
Table 'Gadolin II' 9-max Seat #8 is the button
Seat 1: soultee88 ($4.02 in chips) 
Seat 2: KpaBa2406 ($2.03 in chips) 
Seat 3: Aristarh0 ($0.70 in chips) 
Seat 4: Nastysha184 ($0.89 in chips) 
Seat 5: deileon ($2.27 in chips) 
Seat 6: jokeripari ($2 in chips) 
Seat 7: SlavikPuha ($2.39 in chips) 
Seat 8: Dorex2007 ($2.35 in chips) 
Seat 9: geert-david ($1.66 in chips) 
geert-david: posts small blind $0.01
soultee88: posts big blind $0.02
*** HOLE CARDS ***
Dealt to Dorex2007 [9c Kd]
KpaBa2406: folds 
Aristarh0: folds 
Nastysha184: folds 
deileon: folds 
jokeripari: folds 
SlavikPuha: folds 
Dorex2007: folds 
geert-david: folds 
Uncalled bet ($0.01) returned to soultee88
soultee88 collected $0.02 from pot
soultee88: doesn't show hand 
*** SUMMARY ***
Total pot $0.02 | Rake $0 
Seat 1: soultee88 (big blind) collected ($0.02)
Seat 2: KpaBa2406 folded before Flop (didn't bet)
Seat 3: Aristarh0 folded before Flop (didn't bet)
Seat 4: Nastysha184 folded before Flop (didn't bet)
Seat 5: deileon folded before Flop (didn't bet)
Seat 6: jokeripari folded before Flop (didn't bet)
Seat 7: SlavikPuha folded before Flop (didn't bet)
Seat 8: Dorex2007 (button) folded before Flop (didn't bet)
Seat 9: geert-david (small blind) folded before Flop



PokerStars Hand #227902536195:  Hold'em No Limit ($0.01/$0.02 USD) - 2021/06/27 23:34:19 PT [2021/06/28 2:34:19 ET]
Table 'Gadolin II' 9-max Seat #9 is the button
Seat 1: soultee88 ($4.03 in chips) 
Seat 2: KpaBa2406 ($2.03 in chips) 
Seat 3: Aristarh0 ($0.70 in chips) 
Seat 4: Nastysha184 ($0.89 in chips) 
Seat 5: deileon ($2.27 in chips) 
Seat 6: jokeripari ($2 in chips) 
Seat 7: SlavikPuha ($2.39 in chips) 
Seat 8: Dorex2007 ($2.35 in chips) 
Seat 9: geert-david ($1.65 in chips) 
soultee88: posts small blind $0.01
KpaBa2406: posts big blind $0.02
*** HOLE CARDS ***
Dealt to Dorex2007 [5s 4h]
Aristarh0: folds 
Nastysha184: folds 
deileon: folds 
jokeripari: folds 
SlavikPuha: folds 
Dorex2007: folds 
geert-david: calls $0.02
soultee88: folds 
KpaBa2406: checks 
*** FLOP *** [8d Kh Qd]
KpaBa2406: checks 
geert-david: bets $0.05
KpaBa2406: folds 
Uncalled bet ($0.05) returned to geert-david
geert-david collected $0.05 from pot
geert-david: doesn't show hand 
*** SUMMARY ***
Total pot $0.05 | Rake $0 
Board [8d Kh Qd]
Seat 1: soultee88 (small blind) folded before Flop
Seat 2: KpaBa2406 (big blind) folded on the Flop
Seat 3: Aristarh0 folded before Flop (didn't bet)
Seat 4: Nastysha184 folded before Flop (didn't bet)
Seat 5: deileon folded before Flop (didn't bet)
Seat 6: jokeripari folded before Flop (didn't bet)
Seat 7: SlavikPuha folded before Flop (didn't bet)
Seat 8: Dorex2007 folded before Flop (didn't bet)
Seat 9: geert-david (button) collected ($0.05)



PokerStars Hand #227902542635:  Hold'em No Limit ($0.01/$0.02 USD) - 2021/06/27 23:35:13 PT [2021/06/28 2:35:13 ET]
Table 'Gadolin II' 9-max Seat #1 is the button
Seat 1: soultee88 ($4.02 in chips) 
Seat 2: KpaBa2406 ($2.01 in chips) 
Seat 3: Aristarh0 ($0.70 in chips) 
Seat 4: Nastysha184 ($0.89 in chips) 
Seat 5: deileon ($2.27 in chips) 
Seat 6: jokeripari ($2 in chips) 
Seat 7: SlavikPuha ($2.39 in chips) 
Seat 8: Dorex2007 ($2.35 in chips) 
Seat 9: geert-david ($1.68 in chips) 
KpaBa2406: posts small blind $0.01
Aristarh0: posts big blind $0.02
*** HOLE CARDS ***
Dealt to Dorex2007 [Jh 8c]
Nastysha184: folds 
deileon: folds 
jokeripari: folds 
SlavikPuha: folds 
Dorex2007: folds 
geert-david: calls $0.02
soultee88: folds 
KpaBa2406: raises $0.04 to $0.06
Aristarh0: folds 
geert-david: calls $0.04
*** FLOP *** [5s 7c Ks]
KpaBa2406: checks 
geert-david: checks 
*** TURN *** [5s 7c Ks] [6h]
KpaBa2406: checks 
geert-david: checks 
*** RIVER *** [5s 7c Ks 6h] [Ac]
KpaBa2406: bets $0.11
geert-david: calls $0.11
*** SHOW DOWN ***
KpaBa2406: shows [9s 8d] (a straight, Five to Nine)
geert-david: mucks hand 
KpaBa2406 collected $0.35 from pot
*** SUMMARY ***
Total pot $0.36 | Rake $0.01 
Board [5s 7c Ks 6h Ac]
Seat 1: soultee88 (button) folded before Flop (didn't bet)
Seat 2: KpaBa2406 (small blind) showed [9s 8d] and won ($0.35) with a straight, Five to Nine
Seat 3: Aristarh0 (big blind) folded before Flop
Seat 4: Nastysha184 folded before Flop (didn't bet)
Seat 5: deileon folded before Flop (didn't bet)
Seat 6: jokeripari folded before Flop (didn't bet)
Seat 7: SlavikPuha folded before Flop (didn't bet)
Seat 8: Dorex2007 folded before Flop (didn't bet)
Seat 9: geert-david mucked [Tc Ah]



PokerStars Hand #227902549635:  Hold'em No Limit ($0.01/$0.02 USD) - 2021/06/27 23:36:09 PT [2021/06/28 2:36:09 ET]
Table 'Gadolin II' 9-max Seat #2 is the button
Seat 1: soultee88 ($4.02 in chips) 
Seat 2: KpaBa2406 ($2.19 in chips) 
Seat 3: Aristarh0 ($0.68 in chips) 
Seat 4: Nastysha184 ($0.89 in chips) 
Seat 5: deileon ($2.27 in chips) 
Seat 6: jokeripari ($2 in chips) 
Seat 7: SlavikPuha ($2.39 in chips) 
Seat 8: Dorex2007 ($2.35 in chips) 
Seat 9: geert-david ($1.51 in chips) 
Aristarh0: posts small blind $0.01
Nastysha184: posts big blind $0.02
*** HOLE CARDS ***
Dealt to Dorex2007 [Kh 5h]
deileon: folds 
jokeripari: folds 
SlavikPuha: folds 
Dorex2007: folds 
geert-david: calls $0.02
soultee88: folds 
KpaBa2406: raises $0.03 to $0.05
Aristarh0: folds 
Nastysha184: folds 
geert-david: calls $0.03
*** FLOP *** [As 7d Tc]
geert-david: bets $0.02
KpaBa2406: calls $0.02
*** TURN *** [As 7d Tc] [8s]
geert-david: bets $0.02
KpaBa2406: calls $0.02
*** RIVER *** [As 7d Tc 8s] [Td]
geert-david: bets $0.10
KpaBa2406: folds 
Uncalled bet ($0.10) returned to geert-david
geert-david collected $0.20 from pot
geert-david: doesn't show hand 
*** SUMMARY ***
Total pot $0.21 | Rake $0.01 
Board [As 7d Tc 8s Td]
Seat 1: soultee88 folded before Flop (didn't bet)
Seat 2: KpaBa2406 (button) folded on the River
Seat 3: Aristarh0 (small blind) folded before Flop
Seat 4: Nastysha184 (big blind) folded before Flop
Seat 5: deileon folded before Flop (didn't bet)
Seat 6: jokeripari folded before Flop (didn't bet)
Seat 7: SlavikPuha folded before Flop (didn't bet)
Seat 8: Dorex2007 folded before Flop (didn't bet)
Seat 9: geert-david collected ($0.20)



PokerStars Hand #227902566834:  Hold'em No Limit ($0.01/$0.02 USD) - 2021/06/27 23:37:08 PT [2021/06/28 2:37:08 ET]
Table 'Gadolin II' 9-max Seat #3 is the button
Seat 1: soultee88 ($4.02 in chips) 
Seat 2: KpaBa2406 ($2.10 in chips) 
Seat 3: Aristarh0 ($0.67 in chips) 
Seat 4: Nastysha184 ($0.87 in chips) 
Seat 5: deileon ($2.27 in chips) 
Seat 6: jokeripari ($2 in chips) 
Seat 7: SlavikPuha ($2.39 in chips) 
Seat 8: Dorex2007 ($2.35 in chips) 
Seat 9: geert-david ($1.62 in chips) 
Nastysha184: posts small blind $0.01
deileon: posts big blind $0.02
*** HOLE CARDS ***
Dealt to Dorex2007 [Jh 5d]
jokeripari: folds 
SlavikPuha: folds 
Dorex2007: folds 
geert-david: calls $0.02
soultee88: folds 
KpaBa2406: raises $0.03 to $0.05
Aristarh0: folds 
Nastysha184: folds 
deileon: folds 
geert-david is connected 
geert-david: calls $0.03
*** FLOP *** [9c 5s 7c]
geert-david: checks 
KpaBa2406: bets $0.09
geert-david: folds 
Uncalled bet ($0.09) returned to KpaBa2406
KpaBa2406 collected $0.13 from pot
KpaBa2406: doesn't show hand 
*** SUMMARY ***
Total pot $0.13 | Rake $0 
Board [9c 5s 7c]
Seat 1: soultee88 folded before Flop (didn't bet)
Seat 2: KpaBa2406 collected ($0.13)
Seat 3: Aristarh0 (button) folded before Flop (didn't bet)
Seat 4: Nastysha184 (small blind) folded before Flop
Seat 5: deileon (big blind) folded before Flop
Seat 6: jokeripari folded before Flop (didn't bet)
Seat 7: SlavikPuha folded before Flop (didn't bet)
Seat 8: Dorex2007 folded before Flop (didn't bet)
Seat 9: geert-david folded on the Flop



PokerStars Hand #227902571904:  Hold'em No Limit ($0.01/$0.02 USD) - 2021/06/27 23:37:49 PT [2021/06/28 2:37:49 ET]
Table 'Gadolin II' 9-max Seat #4 is the button
Seat 1: soultee88 ($4.02 in chips) 
Seat 2: KpaBa2406 ($2.18 in chips) 
Seat 3: Aristarh0 ($0.67 in chips) 
Seat 4: Nastysha184 ($0.86 in chips) 
Seat 5: deileon ($2.25 in chips) 
Seat 6: jokeripari ($2 in chips) 
Seat 7: SlavikPuha ($2.39 in chips) 
Seat 8: Dorex2007 ($2.35 in chips) 
Seat 9: geert-david ($1.57 in chips) 
deileon: posts small blind $0.01
jokeripari: posts big blind $0.02
*** HOLE CARDS ***
Dealt to Dorex2007 [4s 7d]
SlavikPuha: folds 
Dorex2007: folds 
geert-david: folds 
soultee88: folds 
KpaBa2406: folds 
Aristarh0: folds 
Nastysha184: folds 
deileon: calls $0.01
jokeripari: checks 
*** FLOP *** [Tc Kd 8c]
deileon: checks 
jokeripari: checks 
*** TURN *** [Tc Kd 8c] [3h]
deileon: checks 
jokeripari: checks 
*** RIVER *** [Tc Kd 8c 3h] [Qd]
deileon: checks 
jokeripari: checks 
*** SHOW DOWN ***
deileon: shows [9d Ad] (high card Ace)
jokeripari: shows [As 8h] (a pair of Eights)
jokeripari collected $0.04 from pot
*** SUMMARY ***
Total pot $0.04 | Rake $0 
Board [Tc Kd 8c 3h Qd]
Seat 1: soultee88 folded before Flop (didn't bet)
Seat 2: KpaBa2406 folded before Flop (didn't bet)
Seat 3: Aristarh0 folded before Flop (didn't bet)
Seat 4: Nastysha184 (button) folded before Flop (didn't bet)
Seat 5: deileon (small blind) showed [9d Ad] and lost with high card Ace
Seat 6: jokeripari (big blind) showed [As 8h] and won ($0.04) with a pair of Eights
Seat 7: SlavikPuha folded before Flop (didn't bet)
Seat 8: Dorex2007 folded before Flop (didn't bet)
Seat 9: geert-david folded before Flop (didn't bet)



PokerStars Hand #227902582013:  Hold'em No Limit ($0.01/$0.02 USD) - 2021/06/27 23:39:11 PT [2021/06/28 2:39:11 ET]
Table 'Gadolin II' 9-max Seat #5 is the button
Seat 1: soultee88 ($4.02 in chips) 
Seat 2: KpaBa2406 ($2.18 in chips) 
Seat 3: Aristarh0 ($0.67 in chips) 
Seat 4: Nastysha184 ($0.86 in chips) 
Seat 5: deileon ($2.23 in chips) 
Seat 7: SlavikPuha ($2.39 in chips) 
Seat 8: Dorex2007 ($2.35 in chips) 
Seat 9: geert-david ($1.57 in chips) 
SlavikPuha: posts small blind $0.01
Dorex2007: posts big blind $0.02
*** HOLE CARDS ***
Dealt to Dorex2007 [Qd 2s]
geert-david: calls $0.02
soultee88: folds 
KpaBa2406: folds 
Aristarh0: folds 
Nastysha184: folds 
deileon: folds 
SlavikPuha: calls $0.01
Dorex2007: checks 
*** FLOP *** [Jc 7d Ts]
SlavikPuha: checks 
Dorex2007: checks 
geert-david: bets $0.06
SlavikPuha: folds 
Dorex2007: folds 
Uncalled bet ($0.06) returned to geert-david
geert-david collected $0.06 from pot
geert-david: doesn't show hand 
*** SUMMARY ***
Total pot $0.06 | Rake $0 
Board [Jc 7d Ts]
Seat 1: soultee88 folded before Flop (didn't bet)
Seat 2: KpaBa2406 folded before Flop (didn't bet)
Seat 3: Aristarh0 folded before Flop (didn't bet)
Seat 4: Nastysha184 folded before Flop (didn't bet)
Seat 5: deileon (button) folded before Flop (didn't bet)
Seat 7: SlavikPuha (small blind) folded on the Flop
Seat 8: Dorex2007 (big blind) folded on the Flop
Seat 9: geert-david collected ($0.06)



PokerStars Hand #227902589440:  Hold'em No Limit ($0.01/$0.02 USD) - 2021/06/27 23:40:11 PT [2021/06/28 2:40:11 ET]
Table 'Gadolin II' 9-max Seat #7 is the button
Seat 1: soultee88 ($4.02 in chips) 
Seat 2: KpaBa2406 ($2.18 in chips) 
Seat 3: Aristarh0 ($0.67 in chips) 
Seat 4: Nastysha184 ($0.86 in chips) 
Seat 5: deileon ($2.23 in chips) 
Seat 7: SlavikPuha ($2.37 in chips) 
Seat 8: Dorex2007 ($2.33 in chips) 
Seat 9: geert-david ($1.61 in chips) 
Dorex2007: posts small blind $0.01
geert-david: posts big blind $0.02
*** HOLE CARDS ***
Dealt to Dorex2007 [Tc Qd]
soultee88: folds 
KpaBa2406: folds 
Aristarh0: folds 
Nastysha184: folds 
deileon: folds 
SlavikPuha: raises $0.04 to $0.06
Dorex2007: folds 
geert-david: calls $0.04
*** FLOP *** [As 3d 7h]
geert-david: checks 
SlavikPuha: checks 
*** TURN *** [As 3d 7h] [4s]
geert-david: checks 
SlavikPuha: checks 
*** RIVER *** [As 3d 7h 4s] [5s]
geert-david: bets $0.13
SlavikPuha: folds 
Uncalled bet ($0.13) returned to geert-david
geert-david collected $0.13 from pot
geert-david: doesn't show hand 
*** SUMMARY ***
Total pot $0.13 | Rake $0 
Board [As 3d 7h 4s 5s]
Seat 1: soultee88 folded before Flop (didn't bet)
Seat 2: KpaBa2406 folded before Flop (didn't bet)
Seat 3: Aristarh0 folded before Flop (didn't bet)
Seat 4: Nastysha184 folded before Flop (didn't bet)
Seat 5: deileon folded before Flop (didn't bet)
Seat 7: SlavikPuha (button) folded on the River
Seat 8: Dorex2007 (small blind) folded before Flop
Seat 9: geert-david (big blind) collected ($0.13)



PokerStars Hand #227902596470:  Hold'em No Limit ($0.01/$0.02 USD) - 2021/06/27 23:41:07 PT [2021/06/28 2:41:07 ET]
Table 'Gadolin II' 9-max Seat #8 is the button
Seat 1: soultee88 ($4.02 in chips) 
Seat 2: KpaBa2406 ($2.18 in chips) 
Seat 3: Aristarh0 ($0.67 in chips) 
Seat 4: Nastysha184 ($0.86 in chips) 
Seat 5: deileon ($2.23 in chips) 
Seat 7: SlavikPuha ($2.31 in chips) 
Seat 8: Dorex2007 ($2.32 in chips) 
Seat 9: geert-david ($1.68 in chips) 
geert-david: posts small blind $0.01
soultee88: posts big blind $0.02
*** HOLE CARDS ***
Dealt to Dorex2007 [5s Qh]
KpaBa2406: folds 
Aristarh0: folds 
Nastysha184: raises $0.03 to $0.05
deileon: folds 
SlavikPuha: folds 
Dorex2007: folds 
geert-david: calls $0.04
soultee88: raises $0.19 to $0.24
Nastysha184: folds 
geert-david: folds 
Uncalled bet ($0.19) returned to soultee88
soultee88 collected $0.15 from pot
soultee88: doesn't show hand 
*** SUMMARY ***
Total pot $0.15 | Rake $0 
Seat 1: soultee88 (big blind) collected ($0.15)
Seat 2: KpaBa2406 folded before Flop (didn't bet)
Seat 3: Aristarh0 folded before Flop (didn't bet)
Seat 4: Nastysha184 folded before Flop
Seat 5: deileon folded before Flop (didn't bet)
Seat 7: SlavikPuha folded before Flop (didn't bet)
Seat 8: Dorex2007 (button) folded before Flop (didn't bet)
Seat 9: geert-david (small blind) folded before Flop



PokerStars Hand #227902601497:  Hold'em No Limit ($0.01/$0.02 USD) - 2021/06/27 23:41:47 PT [2021/06/28 2:41:47 ET]
Table 'Gadolin II' 9-max Seat #9 is the button
Seat 1: soultee88 ($4.12 in chips) 
Seat 3: Aristarh0 ($0.67 in chips) 
Seat 4: Nastysha184 ($0.81 in chips) 
Seat 5: deileon ($2.23 in chips) 
Seat 7: SlavikPuha ($2.31 in chips) 
Seat 8: Dorex2007 ($2.32 in chips) 
Seat 9: geert-david ($1.63 in chips) 
soultee88: posts small blind $0.01
KpaBa2406: is sitting out 
Aristarh0: posts big blind $0.02
*** HOLE CARDS ***
Dealt to Dorex2007 [5c 4h]
Nastysha184: folds 
deileon: folds 
KpaBa2406 leaves the table
SlavikPuha: raises $0.04 to $0.06
Dorex2007: folds 
geert-david: folds 
soultee88: folds 
Aristarh0: folds 
Uncalled bet ($0.04) returned to SlavikPuha
ROMARIO908 joins the table at seat #2 
SlavikPuha collected $0.05 from pot
SlavikPuha: doesn't show hand 
*** SUMMARY ***
Total pot $0.05 | Rake $0 
Seat 1: soultee88 (small blind) folded before Flop
Seat 3: Aristarh0 (big blind) folded before Flop
Seat 4: Nastysha184 folded before Flop (didn't bet)
Seat 5: deileon folded before Flop (didn't bet)
Seat 7: SlavikPuha collected ($0.05)
Seat 8: Dorex2007 folded before Flop (didn't bet)
Seat 9: geert-david (button) folded before Flop (didn't bet)



PokerStars Hand #227902603002:  Hold'em No Limit ($0.01/$0.02 USD) - 2021/06/27 23:41:59 PT [2021/06/28 2:41:59 ET]
Table 'Gadolin II' 9-max Seat #1 is the button
Seat 1: soultee88 ($4.11 in chips) 
Seat 3: Aristarh0 ($0.65 in chips) 
Seat 4: Nastysha184 ($0.81 in chips) 
Seat 5: deileon ($2.23 in chips) 
Seat 7: SlavikPuha ($2.34 in chips) 
Seat 8: Dorex2007 ($2.32 in chips) 
Seat 9: geert-david ($1.63 in chips) 
Aristarh0: posts small blind $0.01
Nastysha184: posts big blind $0.02
*** HOLE CARDS ***
Dealt to Dorex2007 [6d 5c]
deileon: raises $0.02 to $0.04
SlavikPuha: folds 
Dorex2007: folds 
geert-david: folds 
soultee88: folds 
Aristarh0: folds 
Nastysha184: calls $0.02
*** FLOP *** [Ad Ks Jc]
Nastysha184: checks 
deileon: bets $0.05
Nastysha184: calls $0.05
*** TURN *** [Ad Ks Jc] [Js]
Nastysha184: checks 
deileon: checks 
*** RIVER *** [Ad Ks Jc Js] [Jd]
Nastysha184: bets $0.04
deileon: calls $0.04
*** SHOW DOWN ***
Nastysha184: shows [3h Ah] (a full house, Jacks full of Aces)
deileon: mucks hand 
Nastysha184 collected $0.26 from pot
*** SUMMARY ***
Total pot $0.27 | Rake $0.01 
Board [Ad Ks Jc Js Jd]
Seat 1: soultee88 (button) folded before Flop (didn't bet)
Seat 3: Aristarh0 (small blind) folded before Flop
Seat 4: Nastysha184 (big blind) showed [3h Ah] and won ($0.26) with a full house, Jacks full of Aces
Seat 5: deileon mucked [Qd Qc]
Seat 7: SlavikPuha folded before Flop (didn't bet)
Seat 8: Dorex2007 folded before Flop (didn't bet)
Seat 9: geert-david folded before Flop (didn't bet)



PokerStars Hand #227902608071:  Hold'em No Limit ($0.01/$0.02 USD) - 2021/06/27 23:42:40 PT [2021/06/28 2:42:40 ET]
Table 'Gadolin II' 9-max Seat #3 is the button
Seat 1: soultee88 ($4.11 in chips) 
Seat 3: Aristarh0 ($0.64 in chips) 
Seat 4: Nastysha184 ($0.94 in chips) 
Seat 5: deileon ($2.10 in chips) 
Seat 7: SlavikPuha ($2.34 in chips) 
Seat 8: Dorex2007 ($2.32 in chips) 
Seat 9: geert-david ($1.63 in chips) 
Nastysha184: posts small blind $0.01
deileon: posts big blind $0.02
ROMARIO908: sits out 
*** HOLE CARDS ***
Dealt to Dorex2007 [Qc 3h]
SlavikPuha: folds 
Dorex2007: folds 
geert-david: raises $0.04 to $0.06
soultee88: folds 
Aristarh0: folds 
Nastysha184: folds 
deileon: calls $0.04
*** FLOP *** [5d Js 8d]
deileon: checks 
geert-david: bets $0.06
deileon: folds 
Uncalled bet ($0.06) returned to geert-david
geert-david collected $0.13 from pot
geert-david: doesn't show hand 
*** SUMMARY ***
Total pot $0.13 | Rake $0 
Board [5d Js 8d]
Seat 1: soultee88 folded before Flop (didn't bet)
Seat 3: Aristarh0 (button) folded before Flop (didn't bet)
Seat 4: Nastysha184 (small blind) folded before Flop
Seat 5: deileon (big blind) folded on the Flop
Seat 7: SlavikPuha folded before Flop (didn't bet)
Seat 8: Dorex2007 folded before Flop (didn't bet)
Seat 9: geert-david collected ($0.13)



PokerStars Hand #227902611168:  Hold'em No Limit ($0.01/$0.02 USD) - 2021/06/27 23:43:05 PT [2021/06/28 2:43:05 ET]
Table 'Gadolin II' 9-max Seat #4 is the button
Seat 1: soultee88 ($4.11 in chips) 
Seat 3: Aristarh0 ($0.64 in chips) 
Seat 4: Nastysha184 ($0.93 in chips) 
Seat 5: deileon ($2.04 in chips) 
Seat 7: SlavikPuha ($2.34 in chips) 
Seat 8: Dorex2007 ($2.32 in chips) 
Seat 9: geert-david ($1.70 in chips) 
deileon: posts small blind $0.01
SlavikPuha: posts big blind $0.02
ROMARIO908: sits out 
*** HOLE CARDS ***
Dealt to Dorex2007 [Th 7h]
Dorex2007: folds 
geert-david: folds 
soultee88: folds 
Aristarh0: folds 
Nastysha184: folds 
deileon: folds 
Uncalled bet ($0.01) returned to SlavikPuha
SlavikPuha collected $0.02 from pot
SlavikPuha: doesn't show hand 
*** SUMMARY ***
Total pot $0.02 | Rake $0 
Seat 1: soultee88 folded before Flop (didn't bet)
Seat 3: Aristarh0 folded before Flop (didn't bet)
Seat 4: Nastysha184 (button) folded before Flop (didn't bet)
Seat 5: deileon (small blind) folded before Flop
Seat 7: SlavikPuha (big blind) collected ($0.02)
Seat 8: Dorex2007 folded before Flop (didn't bet)
Seat 9: geert-david folded before Flop (didn't bet)



PokerStars Hand #227902613664:  Hold'em No Limit ($0.01/$0.02 USD) - 2021/06/27 23:43:26 PT [2021/06/28 2:43:26 ET]
Table 'Gadolin II' 9-max Seat #5 is the button
Seat 1: soultee88 ($4.11 in chips) 
Seat 3: Aristarh0 ($0.64 in chips) 
Seat 4: Nastysha184 ($0.93 in chips) 
Seat 5: deileon ($2.03 in chips) 
Seat 7: SlavikPuha ($2.35 in chips) 
Seat 8: Dorex2007 ($2.32 in chips) 
Seat 9: geert-david ($1.70 in chips) 
SlavikPuha: posts small blind $0.01
Dorex2007: posts big blind $0.02
ROMARIO908: sits out 
*** HOLE CARDS ***
Dealt to Dorex2007 [3s 9h]
geert-david: calls $0.02
soultee88: folds 
Aristarh0: folds 
Nastysha184: folds 
deileon: folds 
SlavikPuha: calls $0.01
Dorex2007: checks 
*** FLOP *** [7d 9d Qc]
SlavikPuha: bets $0.03
Dorex2007: calls $0.03
geert-david: calls $0.03
*** TURN *** [7d 9d Qc] [2h]
SlavikPuha: checks 
Dorex2007: bets $0.09
geert-david: calls $0.09
SlavikPuha: folds 
*** RIVER *** [7d 9d Qc 2h] [Ac]
Dorex2007: checks 
geert-david: checks 
*** SHOW DOWN ***
Dorex2007: shows [3s 9h] (a pair of Nines)
geert-david: shows [6h Qh] (a pair of Queens)
geert-david collected $0.32 from pot
*** SUMMARY ***
Total pot $0.33 | Rake $0.01 
Board [7d 9d Qc 2h Ac]
Seat 1: soultee88 folded before Flop (didn't bet)
Seat 3: Aristarh0 folded before Flop (didn't bet)
Seat 4: Nastysha184 folded before Flop (didn't bet)
Seat 5: deileon (button) folded before Flop (didn't bet)
Seat 7: SlavikPuha (small blind) folded on the Turn
Seat 8: Dorex2007 (big blind) showed [3s 9h] and lost with a pair of Nines
Seat 9: geert-david showed [6h Qh] and won ($0.32) with a pair of Queens



PokerStars Hand #227902623380:  Hold'em No Limit ($0.01/$0.02 USD) - 2021/06/27 23:44:45 PT [2021/06/28 2:44:45 ET]
Table 'Gadolin II' 9-max Seat #7 is the button
Seat 1: soultee88 ($4.11 in chips) 
Seat 3: Aristarh0 ($0.64 in chips) 
Seat 4: Nastysha184 ($0.93 in chips) 
Seat 5: deileon ($2.03 in chips) 
Seat 7: SlavikPuha ($2.30 in chips) 
Seat 8: Dorex2007 ($2.18 in chips) 
Seat 9: geert-david ($1.88 in chips) 
Dorex2007: posts small blind $0.01
geert-david: posts big blind $0.02
ROMARIO908: sits out 
*** HOLE CARDS ***
Dealt to Dorex2007 [5s 8c]
soultee88: folds 
Aristarh0: folds 
Nastysha184: folds 
deileon: folds 
SlavikPuha: folds 
Dorex2007: folds 
Uncalled bet ($0.01) returned to geert-david
geert-david collected $0.02 from pot
geert-david: doesn't show hand 
*** SUMMARY ***
Total pot $0.02 | Rake $0 
Seat 1: soultee88 folded before Flop (didn't bet)
Seat 3: Aristarh0 folded before Flop (didn't bet)
Seat 4: Nastysha184 folded before Flop (didn't bet)
Seat 5: deileon folded before Flop (didn't bet)
Seat 7: SlavikPuha (button) folded before Flop (didn't bet)
Seat 8: Dorex2007 (small blind) folded before Flop
Seat 9: geert-david (big blind) collected ($0.02)



PokerStars Hand #227902625301:  Hold'em No Limit ($0.01/$0.02 USD) - 2021/06/27 23:45:01 PT [2021/06/28 2:45:01 ET]
Table 'Gadolin II' 9-max Seat #8 is the button
Seat 1: soultee88 ($4.11 in chips) 
Seat 3: Aristarh0 ($0.64 in chips) 
Seat 4: Nastysha184 ($0.93 in chips) 
Seat 5: deileon ($2.03 in chips) 
Seat 7: SlavikPuha ($2.30 in chips) 
Seat 8: Dorex2007 ($2.17 in chips) 
Seat 9: geert-david ($1.89 in chips) 
geert-david: posts small blind $0.01
soultee88: posts big blind $0.02
ROMARIO908: sits out 
*** HOLE CARDS ***
Dealt to Dorex2007 [Jc 7h]
Aristarh0: folds 
Nastysha184: folds 
deileon: folds 
SlavikPuha: raises $0.04 to $0.06
Dorex2007: folds 
geert-david: folds 
soultee88: calls $0.04
*** FLOP *** [Tc As 4h]
soultee88: checks 
SlavikPuha: checks 
*** TURN *** [Tc As 4h] [9s]
soultee88: bets $0.10
SlavikPuha: calls $0.10
*** RIVER *** [Tc As 4h 9s] [7d]
soultee88: bets $0.22
SlavikPuha: folds 
Uncalled bet ($0.22) returned to soultee88
soultee88 collected $0.32 from pot
soultee88: doesn't show hand 
*** SUMMARY ***
Total pot $0.33 | Rake $0.01 
Board [Tc As 4h 9s 7d]
Seat 1: soultee88 (big blind) collected ($0.32)
Seat 3: Aristarh0 folded before Flop (didn't bet)
Seat 4: Nastysha184 folded before Flop (didn't bet)
Seat 5: deileon folded before Flop (didn't bet)
Seat 7: SlavikPuha folded on the River
Seat 8: Dorex2007 (button) folded before Flop (didn't bet)
Seat 9: geert-david (small blind) folded before Flop



PokerStars Hand #227902632648:  Hold'em No Limit ($0.01/$0.02 USD) - 2021/06/27 23:45:59 PT [2021/06/28 2:45:59 ET]
Table 'Gadolin II' 9-max Seat #9 is the button
Seat 3: Aristarh0 ($0.64 in chips) 
Seat 4: Nastysha184 ($0.93 in chips) 
Seat 5: deileon ($2.03 in chips) 
Seat 7: SlavikPuha ($2.14 in chips) 
Seat 8: Dorex2007 ($2.17 in chips) 
Seat 9: geert-david ($1.88 in chips) 
Aristarh0: posts small blind $0.01
Nastysha184: posts big blind $0.02
*** HOLE CARDS ***
Dealt to Dorex2007 [9s Ac]
deileon: folds 
SlavikPuha: folds 
Dorex2007: folds 
geert-david: folds 
Aristarh0: folds 
Uncalled bet ($0.01) returned to Nastysha184
Nastysha184 collected $0.02 from pot
*** SUMMARY ***
Total pot $0.02 | Rake $0 
Seat 3: Aristarh0 (small blind) folded before Flop
Seat 4: Nastysha184 (big blind) collected ($0.02)
Seat 5: deileon folded before Flop (didn't bet)
Seat 7: SlavikPuha folded before Flop (didn't bet)
Seat 8: Dorex2007 folded before Flop (didn't bet)
Seat 9: geert-david (button) folded before Flop (didn't bet)



PokerStars Hand #227902634199:  Hold'em No Limit ($0.01/$0.02 USD) - 2021/06/27 23:46:12 PT [2021/06/28 2:46:12 ET]
Table 'Gadolin II' 9-max Seat #3 is the button
Seat 3: Aristarh0 ($0.63 in chips) 
Seat 4: Nastysha184 ($0.94 in chips) 
Seat 5: deileon ($2.03 in chips) 
Seat 7: SlavikPuha ($2.14 in chips) 
Seat 8: Dorex2007 ($2.17 in chips) 
Seat 9: geert-david ($1.88 in chips) 
Nastysha184: posts small blind $0.01
deileon: posts big blind $0.02
ROMARIO908: sits out 
*** HOLE CARDS ***
Dealt to Dorex2007 [4d 4c]
SlavikPuha: folds 
Dorex2007: calls $0.02
geert-david: folds 
Aristarh0: folds 
Nastysha184: calls $0.01
deileon: checks 
*** FLOP *** [4h 9s 9h]
Nastysha184: checks 
deileon: checks 
Dorex2007: bets $0.06
Nastysha184: folds 
deileon: folds 
Uncalled bet ($0.06) returned to Dorex2007
Dorex2007 collected $0.06 from pot
Dorex2007: doesn't show hand 
*** SUMMARY ***
Total pot $0.06 | Rake $0 
Board [4h 9s 9h]
Seat 3: Aristarh0 (button) folded before Flop (didn't bet)
Seat 4: Nastysha184 (small blind) folded on the Flop
Seat 5: deileon (big blind) folded on the Flop
Seat 7: SlavikPuha folded before Flop (didn't bet)
Seat 8: Dorex2007 collected ($0.06)
Seat 9: geert-david folded before Flop (didn't bet)



PokerStars Hand #227902639117:  Hold'em No Limit ($0.01/$0.02 USD) - 2021/06/27 23:46:52 PT [2021/06/28 2:46:52 ET]
Table 'Gadolin II' 9-max Seat #4 is the button
Seat 3: Aristarh0 ($0.63 in chips) 
Seat 4: Nastysha184 ($0.92 in chips) 
Seat 5: deileon ($2.01 in chips) 
Seat 7: SlavikPuha ($2.14 in chips) 
Seat 8: Dorex2007 ($2.21 in chips) 
Seat 9: geert-david ($1.88 in chips) 
deileon: posts small blind $0.01
SlavikPuha: posts big blind $0.02
ROMARIO908: sits out 
*** HOLE CARDS ***
Dealt to Dorex2007 [Js Jh]
Dorex2007: raises $0.04 to $0.06
geert-david: folds 
Aristarh0: folds 
Nastysha184: folds 
deileon: folds 
SlavikPuha: folds 
Uncalled bet ($0.04) returned to Dorex2007
Dorex2007 collected $0.05 from pot
Dorex2007: doesn't show hand 
*** SUMMARY ***
Total pot $0.05 | Rake $0 
Seat 3: Aristarh0 folded before Flop (didn't bet)
Seat 4: Nastysha184 (button) folded before Flop (didn't bet)
Seat 5: deileon (small blind) folded before Flop
Seat 7: SlavikPuha (big blind) folded before Flop
Seat 8: Dorex2007 collected ($0.05)
Seat 9: geert-david folded before Flop (didn't bet)



PokerStars Hand #227902641637:  Hold'em No Limit ($0.01/$0.02 USD) - 2021/06/27 23:47:13 PT [2021/06/28 2:47:13 ET]
Table 'Gadolin II' 9-max Seat #5 is the button
Seat 3: Aristarh0 ($0.63 in chips) 
Seat 4: Nastysha184 ($0.92 in chips) 
Seat 5: deileon ($2 in chips) 
Seat 7: SlavikPuha ($2.12 in chips) 
Seat 8: Dorex2007 ($2.24 in chips) 
Seat 9: geert-david ($1.88 in chips) 
SlavikPuha: posts small blind $0.01
Dorex2007: posts big blind $0.02
ROMARIO908: sits out 
*** HOLE CARDS ***
Dealt to Dorex2007 [8d 2h]
geert-david: folds 
Aristarh0: folds 
Nastysha184: folds 
deileon: folds 
SlavikPuha: folds 
Uncalled bet ($0.01) returned to Dorex2007
Dorex2007 collected $0.02 from pot
Dorex2007: doesn't show hand 
*** SUMMARY ***
Total pot $0.02 | Rake $0 
Seat 3: Aristarh0 folded before Flop (didn't bet)
Seat 4: Nastysha184 folded before Flop (didn't bet)
Seat 5: deileon (button) folded before Flop (didn't bet)
Seat 7: SlavikPuha (small blind) folded before Flop
Seat 8: Dorex2007 (big blind) collected ($0.02)
Seat 9: geert-david folded before Flop (didn't bet)



PokerStars Hand #227902644303:  Hold'em No Limit ($0.01/$0.02 USD) - 2021/06/27 23:47:35 PT [2021/06/28 2:47:35 ET]
Table 'Gadolin II' 9-max Seat #7 is the button
Seat 3: Aristarh0 ($0.63 in chips) 
Seat 4: Nastysha184 ($0.92 in chips) 
Seat 5: deileon ($2 in chips) 
Seat 7: SlavikPuha ($2.11 in chips) 
Seat 8: Dorex2007 ($2.25 in chips) 
Seat 9: geert-david ($1.88 in chips) 
Dorex2007: posts small blind $0.01
geert-david: posts big blind $0.02
ROMARIO908: sits out 
*** HOLE CARDS ***
Dealt to Dorex2007 [3s Js]
Aristarh0: folds 
Nastysha184: raises $0.02 to $0.04
deileon: folds 
SlavikPuha: calls $0.04
Dorex2007: folds 
geert-david: folds 
*** FLOP *** [8d 5h 2h]
Nastysha184: checks 
SlavikPuha: bets $0.06
Nastysha184: calls $0.06
*** TURN *** [8d 5h 2h] [Kd]
Nastysha184: checks 
SlavikPuha: bets $0.08
Nastysha184: calls $0.08
*** RIVER *** [8d 5h 2h Kd] [Qd]
Nastysha184: checks 
SlavikPuha: checks 
*** SHOW DOWN ***
Nastysha184: shows [4c 4d] (a pair of Fours)
SlavikPuha: shows [6c 6s] (a pair of Sixes)
SlavikPuha collected $0.38 from pot
*** SUMMARY ***
Total pot $0.39 | Rake $0.01 
Board [8d 5h 2h Kd Qd]
Seat 3: Aristarh0 folded before Flop (didn't bet)
Seat 4: Nastysha184 showed [4c 4d] and lost with a pair of Fours
Seat 5: deileon folded before Flop (didn't bet)
Seat 7: SlavikPuha (button) showed [6c 6s] and won ($0.38) with a pair of Sixes
Seat 8: Dorex2007 (small blind) folded before Flop
Seat 9: geert-david (big blind) folded before Flop



PokerStars Hand #227902651630:  Hold'em No Limit ($0.01/$0.02 USD) - 2021/06/27 23:48:34 PT [2021/06/28 2:48:34 ET]
Table 'Gadolin II' 9-max Seat #8 is the button
Seat 2: ROMARIO908 ($2 in chips) 
Seat 3: Aristarh0 ($0.63 in chips) 
Seat 4: Nastysha184 ($0.74 in chips) 
Seat 5: deileon ($2 in chips) 
Seat 7: SlavikPuha ($2.31 in chips) 
Seat 8: Dorex2007 ($2.24 in chips) 
Seat 9: geert-david ($1.86 in chips) 
geert-david: posts small blind $0.01
ROMARIO908: posts big blind $0.02
*** HOLE CARDS ***
Dealt to Dorex2007 [8c 2s]
Aristarh0 has timed out
Aristarh0: folds 
Nastysha184: folds 
deileon: folds 
SlavikPuha: folds 
Dorex2007: folds 
geert-david: folds 
Uncalled bet ($0.01) returned to ROMARIO908
ROMARIO908 collected $0.02 from pot
ROMARIO908: doesn't show hand 
*** SUMMARY ***
Total pot $0.02 | Rake $0 
Seat 2: ROMARIO908 (big blind) collected ($0.02)
Seat 3: Aristarh0 folded before Flop (didn't bet)
Seat 4: Nastysha184 folded before Flop (didn't bet)
Seat 5: deileon folded before Flop (didn't bet)
Seat 7: SlavikPuha folded before Flop (didn't bet)
Seat 8: Dorex2007 (button) folded before Flop (didn't bet)
Seat 9: geert-david (small blind) folded before Flop



PokerStars Hand #227902654107:  Hold'em No Limit ($0.01/$0.02 USD) - 2021/06/27 23:48:54 PT [2021/06/28 2:48:54 ET]
Table 'Gadolin II' 9-max Seat #9 is the button
Seat 2: ROMARIO908 ($2.01 in chips) 
Seat 3: Aristarh0 ($0.63 in chips) 
Seat 4: Nastysha184 ($0.74 in chips) 
Seat 5: deileon ($2 in chips) 
Seat 7: SlavikPuha ($2.31 in chips) 
Seat 8: Dorex2007 ($2.24 in chips) 
Seat 9: geert-david ($1.85 in chips) 
ROMARIO908: posts small blind $0.01
Aristarh0: posts big blind $0.02
*** HOLE CARDS ***
Dealt to Dorex2007 [9s 9h]
Nastysha184: raises $0.04 to $0.06
deileon: folds 
SlavikPuha: folds 
Dorex2007: calls $0.06
geert-david: folds 
ROMARIO908: folds 
Aristarh0: folds 
*** FLOP *** [3d 5s 8s]
Nastysha184: bets $0.09
Dorex2007: raises $0.11 to $0.20
Nastysha184: raises $0.48 to $0.68 and is all-in
Dorex2007: calls $0.48
*** TURN *** [3d 5s 8s] [2s]
*** RIVER *** [3d 5s 8s 2s] [9c]
*** SHOW DOWN ***
Nastysha184: shows [Ah Ac] (a pair of Aces)
Dorex2007: shows [9s 9h] (three of a kind, Nines)
Dorex2007 collected $1.46 from pot
Nastysha184 cashed out the hand for $1.25 | Cash Out Fee $0.01
*** SUMMARY ***
Total pot $1.51 | Rake $0.05 
Board [3d 5s 8s 2s 9c]
Seat 2: ROMARIO908 (small blind) folded before Flop
Seat 3: Aristarh0 (big blind) folded before Flop
Seat 4: Nastysha184 showed [Ah Ac] and lost with a pair of Aces (cashed out).
Seat 5: deileon folded before Flop (didn't bet)
Seat 7: SlavikPuha folded before Flop (didn't bet)
Seat 8: Dorex2007 showed [9s 9h] and won ($1.46) with three of a kind, Nines
Seat 9: geert-david (button) folded before Flop (didn't bet)



PokerStars Hand #227902660021:  Hold'em No Limit ($0.01/$0.02 USD) - 2021/06/27 23:49:42 PT [2021/06/28 2:49:42 ET]
Table 'Gadolin II' 9-max Seat #2 is the button
Seat 2: ROMARIO908 ($2 in chips) 
Seat 3: Aristarh0 ($0.61 in chips) 
Seat 4: Nastysha184 ($1.25 in chips) 
Seat 5: deileon ($2 in chips) 
Seat 7: SlavikPuha ($2.31 in chips) 
Seat 8: Dorex2007 ($2.96 in chips) 
Seat 9: geert-david ($1.85 in chips) 
Aristarh0: posts small blind $0.01
Nastysha184: posts big blind $0.02
*** HOLE CARDS ***
Dealt to Dorex2007 [Jd 2s]
deileon: folds 
SlavikPuha: raises $0.04 to $0.06
Dorex2007: folds 
geert-david: calls $0.06
ROMARIO908: folds 
Aristarh0: folds 
Nastysha184: calls $0.04
*** FLOP *** [2h Jh 9s]
Nastysha184: checks 
SlavikPuha: checks 
geert-david: checks 
*** TURN *** [2h Jh 9s] [2d]
Nastysha184: checks 
SlavikPuha: checks 
jokeripari is disconnected 
geert-david: checks 
*** RIVER *** [2h Jh 9s 2d] [5c]
Nastysha184: checks 
SlavikPuha: checks 
geert-david: checks 
*** SHOW DOWN ***
Nastysha184: shows [Tc Qc] (a pair of Deuces)
SlavikPuha: shows [Ks Qd] (a pair of Deuces - King kicker)
geert-david: mucks hand 
SlavikPuha collected $0.18 from pot
*** SUMMARY ***
Total pot $0.19 | Rake $0.01 
Board [2h Jh 9s 2d 5c]
Seat 2: ROMARIO908 (button) folded before Flop (didn't bet)
Seat 3: Aristarh0 (small blind) folded before Flop
Seat 4: Nastysha184 (big blind) showed [Tc Qc] and lost with a pair of Deuces
Seat 5: deileon folded before Flop (didn't bet)
Seat 7: SlavikPuha showed [Ks Qd] and won ($0.18) with a pair of Deuces
Seat 8: Dorex2007 folded before Flop (didn't bet)
Seat 9: geert-david mucked [7s Qs]



PokerStars Hand #227902665229:  Hold'em No Limit ($0.01/$0.02 USD) - 2021/06/27 23:50:24 PT [2021/06/28 2:50:24 ET]
Table 'Gadolin II' 9-max Seat #3 is the button
Seat 2: ROMARIO908 ($2 in chips) 
Seat 3: Aristarh0 ($0.60 in chips) 
Seat 4: Nastysha184 ($1.19 in chips) 
Seat 7: SlavikPuha ($2.43 in chips) 
Seat 8: Dorex2007 ($2.96 in chips) 
Seat 9: geert-david ($1.79 in chips) 
Nastysha184: posts small blind $0.01
deileon: is sitting out 
SlavikPuha: posts big blind $0.02
*** HOLE CARDS ***
Dealt to Dorex2007 [7h 2h]
Dorex2007: folds 
geert-david: folds 
ROMARIO908: folds 
Aristarh0: folds 
Nastysha184: raises $0.04 to $0.06
SlavikPuha: folds 
Uncalled bet ($0.04) returned to Nastysha184
Nastysha184 collected $0.04 from pot
jokeripari leaves the table
*** SUMMARY ***
Total pot $0.04 | Rake $0 
Seat 2: ROMARIO908 folded before Flop (didn't bet)
Seat 3: Aristarh0 (button) folded before Flop (didn't bet)
Seat 4: Nastysha184 (small blind) collected ($0.04)
Seat 7: SlavikPuha (big blind) folded before Flop
Seat 8: Dorex2007 folded before Flop (didn't bet)
Seat 9: geert-david folded before Flop (didn't bet)



PokerStars Hand #227902667938:  Hold'em No Limit ($0.01/$0.02 USD) - 2021/06/27 23:50:45 PT [2021/06/28 2:50:45 ET]
Table 'Gadolin II' 9-max Seat #4 is the button
Seat 2: ROMARIO908 ($2 in chips) 
Seat 3: Aristarh0 ($0.60 in chips) 
Seat 4: Nastysha184 ($1.21 in chips) 
Seat 7: SlavikPuha ($2.41 in chips) 
Seat 8: Dorex2007 ($2.96 in chips) 
Seat 9: geert-david ($1.79 in chips) 
SlavikPuha: posts small blind $0.01
Dorex2007: posts big blind $0.02
*** HOLE CARDS ***
Dealt to Dorex2007 [Qs 8s]
geert-david: calls $0.02
ROMARIO908: raises $0.03 to $0.05
Aristarh0: folds 
Nastysha184: folds 
SlavikPuha: folds 
Dorex2007: folds 
geert-david: calls $0.03
*** FLOP *** [4s 6c Ad]
geert-david: checks 
ROMARIO908: bets $0.04
geert-david: folds 
Uncalled bet ($0.04) returned to ROMARIO908
ROMARIO908 collected $0.13 from pot
ROMARIO908: doesn't show hand 
*** SUMMARY ***
Total pot $0.13 | Rake $0 
Board [4s 6c Ad]
Seat 2: ROMARIO908 collected ($0.13)
Seat 3: Aristarh0 folded before Flop (didn't bet)
Seat 4: Nastysha184 (button) folded before Flop (didn't bet)
Seat 7: SlavikPuha (small blind) folded before Flop
Seat 8: Dorex2007 (big blind) folded before Flop
Seat 9: geert-david folded on the Flop



PokerStars Hand #227902672307:  Hold'em No Limit ($0.01/$0.02 USD) - 2021/06/27 23:51:20 PT [2021/06/28 2:51:20 ET]
Table 'Gadolin II' 9-max Seat #7 is the button
Seat 2: ROMARIO908 ($2.08 in chips) 
Seat 3: Aristarh0 ($0.60 in chips) 
Seat 4: Nastysha184 ($1.21 in chips) 
Seat 7: SlavikPuha ($2.40 in chips) 
Seat 8: Dorex2007 ($2.94 in chips) 
Seat 9: geert-david ($1.74 in chips) 
Dorex2007: posts small blind $0.01
geert-david: posts big blind $0.02
*** HOLE CARDS ***
Dealt to Dorex2007 [2h 9s]
Fadoda joins the table at seat #6 
ROMARIO908: folds 
Aristarh0: folds 
Nastysha184: folds 
SlavikPuha: raises $0.04 to $0.06
Dorex2007: folds 
geert-david: folds 
Uncalled bet ($0.04) returned to SlavikPuha
SlavikPuha collected $0.05 from pot
SlavikPuha: doesn't show hand 
*** SUMMARY ***
Total pot $0.05 | Rake $0 
Seat 2: ROMARIO908 folded before Flop (didn't bet)
Seat 3: Aristarh0 folded before Flop (didn't bet)
Seat 4: Nastysha184 folded before Flop (didn't bet)
Seat 7: SlavikPuha (button) collected ($0.05)
Seat 8: Dorex2007 (small blind) folded before Flop
Seat 9: geert-david (big blind) folded before Flop



PokerStars Hand #227902673873:  Hold'em No Limit ($0.01/$0.02 USD) - 2021/06/27 23:51:33 PT [2021/06/28 2:51:33 ET]
Table 'Gadolin II' 9-max Seat #8 is the button
Seat 2: ROMARIO908 ($2.08 in chips) 
Seat 3: Aristarh0 ($0.60 in chips) 
Seat 4: Nastysha184 ($1.21 in chips) 
Seat 6: Fadoda ($1.60 in chips) 
Seat 7: SlavikPuha ($2.43 in chips) 
Seat 8: Dorex2007 ($2.93 in chips) 
Seat 9: geert-david ($1.72 in chips) 
geert-david: posts small blind $0.01
ROMARIO908: posts big blind $0.02
Fadoda: posts big blind $0.02
*** HOLE CARDS ***
Dealt to Dorex2007 [6h 8s]
Aristarh0: folds 
Nastysha184: folds 
Fadoda: checks 
SlavikPuha: folds 
Dorex2007: folds 
geert-david: folds 
ROMARIO908: checks 
*** FLOP *** [5c Qh Ah]
ROMARIO908: checks 
Fadoda: bets $0.05
ROMARIO908: folds 
Uncalled bet ($0.05) returned to Fadoda
Fadoda collected $0.05 from pot
*** SUMMARY ***
Total pot $0.05 | Rake $0 
Board [5c Qh Ah]
Seat 2: ROMARIO908 (big blind) folded on the Flop
Seat 3: Aristarh0 folded before Flop (didn't bet)
Seat 4: Nastysha184 folded before Flop (didn't bet)
Seat 6: Fadoda collected ($0.05)
Seat 7: SlavikPuha folded before Flop (didn't bet)
Seat 8: Dorex2007 (button) folded before Flop (didn't bet)
Seat 9: geert-david (small blind) folded before Flop



PokerStars Hand #227902683506:  Hold'em No Limit ($0.01/$0.02 USD) - 2021/06/27 23:52:15 PT [2021/06/28 2:52:15 ET]
Table 'Gadolin II' 9-max Seat #9 is the button
Seat 2: ROMARIO908 ($2.06 in chips) 
Seat 3: Aristarh0 ($0.60 in chips) 
Seat 4: Nastysha184 ($1.21 in chips) 
Seat 6: Fadoda ($1.63 in chips) 
Seat 7: SlavikPuha ($2.43 in chips) 
Seat 8: Dorex2007 ($2.93 in chips) 
Seat 9: geert-david ($1.71 in chips) 
ROMARIO908: posts small blind $0.01
Aristarh0: posts big blind $0.02
*** HOLE CARDS ***
Dealt to Dorex2007 [7d 3s]
Nastysha184: folds 
Fadoda: folds 
SlavikPuha: folds 
Dorex2007: folds 
geert-david: calls $0.02
ROMARIO908: folds 
Aristarh0: checks 
*** FLOP *** [As 8d 5s]
soultee88 is disconnected 
Aristarh0: checks 
geert-david: checks 
*** TURN *** [As 8d 5s] [6h]
Aristarh0: checks 
geert-david: bets $0.05
Aristarh0: folds 
Uncalled bet ($0.05) returned to geert-david
geert-david collected $0.05 from pot
geert-david: doesn't show hand 
*** SUMMARY ***
Total pot $0.05 | Rake $0 
Board [As 8d 5s 6h]
Seat 2: ROMARIO908 (small blind) folded before Flop
Seat 3: Aristarh0 (big blind) folded on the Turn
Seat 4: Nastysha184 folded before Flop (didn't bet)
Seat 6: Fadoda folded before Flop (didn't bet)
Seat 7: SlavikPuha folded before Flop (didn't bet)
Seat 8: Dorex2007 folded before Flop (didn't bet)
Seat 9: geert-david (button) collected ($0.05)



PokerStars Hand #227902688693:  Hold'em No Limit ($0.01/$0.02 USD) - 2021/06/27 23:52:57 PT [2021/06/28 2:52:57 ET]
Table 'Gadolin II' 9-max Seat #2 is the button
Seat 2: ROMARIO908 ($2.05 in chips) 
Seat 3: Aristarh0 ($0.58 in chips) 
Seat 4: Nastysha184 ($1.21 in chips) 
Seat 6: Fadoda ($1.63 in chips) 
Seat 7: SlavikPuha ($2.43 in chips) 
Seat 8: Dorex2007 ($2.93 in chips) 
Seat 9: geert-david ($1.74 in chips) 
Aristarh0: posts small blind $0.01
Nastysha184: posts big blind $0.02
*** HOLE CARDS ***
Dealt to Dorex2007 [5s Kc]
Fadoda: folds 
SlavikPuha: folds 
Dorex2007: folds 
geert-david: folds 
ROMARIO908: folds 
Aristarh0: raises $0.04 to $0.06
Nastysha184: calls $0.04
*** FLOP *** [Ks 4c Qs]
Aristarh0: bets $0.12
Nastysha184: folds 
Uncalled bet ($0.12) returned to Aristarh0
Aristarh0 collected $0.12 from pot
*** SUMMARY ***
Total pot $0.12 | Rake $0 
Board [Ks 4c Qs]
Seat 2: ROMARIO908 (button) folded before Flop (didn't bet)
Seat 3: Aristarh0 (small blind) collected ($0.12)
Seat 4: Nastysha184 (big blind) folded on the Flop
Seat 6: Fadoda folded before Flop (didn't bet)
Seat 7: SlavikPuha folded before Flop (didn't bet)
Seat 8: Dorex2007 folded before Flop (didn't bet)
Seat 9: geert-david folded before Flop (didn't bet)



PokerStars Hand #227902692005:  Hold'em No Limit ($0.01/$0.02 USD) - 2021/06/27 23:53:24 PT [2021/06/28 2:53:24 ET]
Table 'Gadolin II' 9-max Seat #3 is the button
Seat 2: ROMARIO908 ($2.05 in chips) 
Seat 3: Aristarh0 ($0.64 in chips) 
Seat 4: Nastysha184 ($1.15 in chips) 
Seat 6: Fadoda ($1.63 in chips) 
Seat 7: SlavikPuha ($2.43 in chips) 
Seat 8: Dorex2007 ($2.93 in chips) 
Seat 9: geert-david ($1.74 in chips) 
Nastysha184: posts small blind $0.01
Fadoda: posts big blind $0.02
*** HOLE CARDS ***
Dealt to Dorex2007 [Jd Ac]
SlavikPuha: folds 
Dorex2007: raises $0.02 to $0.04
geert-david: folds 
ROMARIO908: folds 
Aristarh0: folds 
Nastysha184: folds 
Fadoda: calls $0.02
*** FLOP *** [Ah Tc 5h]
Fadoda: checks 
Dorex2007: bets $0.06
Fadoda: folds 
Uncalled bet ($0.06) returned to Dorex2007
Dorex2007 collected $0.09 from pot
Dorex2007: doesn't show hand 
*** SUMMARY ***
Total pot $0.09 | Rake $0 
Board [Ah Tc 5h]
Seat 2: ROMARIO908 folded before Flop (didn't bet)
Seat 3: Aristarh0 (button) folded before Flop (didn't bet)
Seat 4: Nastysha184 (small blind) folded before Flop
Seat 6: Fadoda (big blind) folded on the Flop
Seat 7: SlavikPuha folded before Flop (didn't bet)
Seat 8: Dorex2007 collected ($0.09)
Seat 9: geert-david folded before Flop (didn't bet)



PokerStars Hand #227902698323:  Hold'em No Limit ($0.01/$0.02 USD) - 2021/06/27 23:54:14 PT [2021/06/28 2:54:14 ET]
Table 'Gadolin II' 9-max Seat #4 is the button
Seat 2: ROMARIO908 ($2.05 in chips) 
Seat 3: Aristarh0 ($0.64 in chips) 
Seat 4: Nastysha184 ($1.14 in chips) 
Seat 6: Fadoda ($1.59 in chips) 
Seat 7: SlavikPuha ($2.43 in chips) 
Seat 8: Dorex2007 ($2.98 in chips) 
Seat 9: geert-david ($1.74 in chips) 
Fadoda: posts small blind $0.01
SlavikPuha: posts big blind $0.02
*** HOLE CARDS ***
Dealt to Dorex2007 [8c Ad]
Dorex2007: folds 
geert-david: folds 
ROMARIO908: raises $0.03 to $0.05
Aristarh0: folds 
Nastysha184: folds 
geert-david leaves the table
Fadoda: folds 
SlavikPuha: folds 
Uncalled bet ($0.03) returned to ROMARIO908
ROMARIO908 collected $0.05 from pot
ROMARIO908: doesn't show hand 
*** SUMMARY ***
Total pot $0.05 | Rake $0 
Seat 2: ROMARIO908 collected ($0.05)
Seat 3: Aristarh0 folded before Flop (didn't bet)
Seat 4: Nastysha184 (button) folded before Flop (didn't bet)
Seat 6: Fadoda (small blind) folded before Flop
Seat 7: SlavikPuha (big blind) folded before Flop
Seat 8: Dorex2007 folded before Flop (didn't bet)
Seat 9: geert-david folded before Flop (didn't bet)



PokerStars Hand #227902702618:  Hold'em No Limit ($0.01/$0.02 USD) - 2021/06/27 23:54:48 PT [2021/06/28 2:54:48 ET]
Table 'Gadolin II' 9-max Seat #6 is the button
Seat 2: ROMARIO908 ($2.08 in chips) 
Seat 3: Aristarh0 ($0.64 in chips) 
Seat 4: Nastysha184 ($1.14 in chips) 
Seat 6: Fadoda ($1.58 in chips) 
Seat 7: SlavikPuha ($2.41 in chips) 
Seat 8: Dorex2007 ($2.98 in chips) 
SlavikPuha: posts small blind $0.01
Dorex2007: posts big blind $0.02
*** HOLE CARDS ***
Dealt to Dorex2007 [6c 5c]
ROMARIO908: folds 
Aristarh0: folds 
Nastysha184: folds 
Fadoda: folds 
SlavikPuha: folds 
Uncalled bet ($0.01) returned to Dorex2007
Dorex2007 collected $0.02 from pot
Dorex2007: doesn't show hand 
*** SUMMARY ***
Total pot $0.02 | Rake $0 
Seat 2: ROMARIO908 folded before Flop (didn't bet)
Seat 3: Aristarh0 folded before Flop (didn't bet)
Seat 4: Nastysha184 folded before Flop (didn't bet)
Seat 6: Fadoda (button) folded before Flop (didn't bet)
Seat 7: SlavikPuha (small blind) folded before Flop
Seat 8: Dorex2007 (big blind) collected ($0.02)



PokerStars Hand #227902705095:  Hold'em No Limit ($0.01/$0.02 USD) - 2021/06/27 23:55:07 PT [2021/06/28 2:55:07 ET]
Table 'Gadolin II' 9-max Seat #7 is the button
Seat 2: ROMARIO908 ($2.08 in chips) 
Seat 3: Aristarh0 ($0.64 in chips) 
Seat 4: Nastysha184 ($1.14 in chips) 
Seat 6: Fadoda ($1.58 in chips) 
Seat 7: SlavikPuha ($2.40 in chips) 
Seat 8: Dorex2007 ($2.99 in chips) 
Dorex2007: posts small blind $0.01
ROMARIO908: posts big blind $0.02
*** HOLE CARDS ***
Dealt to Dorex2007 [Ad 8s]
Aristarh0: folds 
Nastysha184: folds 
Fadoda: calls $0.02
SlavikPuha: folds 
Dorex2007: folds 
ROMARIO908: checks 
*** FLOP *** [Td 9d Tc]
ROMARIO908: checks 
Fadoda: checks 
*** TURN *** [Td 9d Tc] [9c]
ROMARIO908: bets $0.03
Fadoda: folds 
Uncalled bet ($0.03) returned to ROMARIO908
ROMARIO908 collected $0.05 from pot
soultee88 leaves the table
ROMARIO908: doesn't show hand 
*** SUMMARY ***
Total pot $0.05 | Rake $0 
Board [Td 9d Tc 9c]
Seat 2: ROMARIO908 (big blind) collected ($0.05)
Seat 3: Aristarh0 folded before Flop (didn't bet)
Seat 4: Nastysha184 folded before Flop (didn't bet)
Seat 6: Fadoda folded on the Turn
Seat 7: SlavikPuha (button) folded before Flop (didn't bet)
Seat 8: Dorex2007 (small blind) folded before Flop



PokerStars Hand #227902707984:  Hold'em No Limit ($0.01/$0.02 USD) - 2021/06/27 23:55:34 PT [2021/06/28 2:55:34 ET]
Table 'Gadolin II' 9-max Seat #8 is the button
Seat 2: ROMARIO908 ($2.11 in chips) 
Seat 3: Aristarh0 ($0.64 in chips) 
Seat 4: Nastysha184 ($1.14 in chips) 
Seat 6: Fadoda ($1.56 in chips) 
Seat 7: SlavikPuha ($2.40 in chips) 
Seat 8: Dorex2007 ($2.98 in chips) 
ROMARIO908: posts small blind $0.01
Aristarh0: posts big blind $0.02
*** HOLE CARDS ***
Dealt to Dorex2007 [7c 8h]
Nastysha184: folds 
Nastysha184 leaves the table
Fadoda: folds 
SlavikPuha: folds 
Dorex2007: folds 
ROMARIO908: folds 
Uncalled bet ($0.01) returned to Aristarh0
Aristarh0 collected $0.02 from pot
*** SUMMARY ***
Total pot $0.02 | Rake $0 
Seat 2: ROMARIO908 (small blind) folded before Flop
Seat 3: Aristarh0 (big blind) collected ($0.02)
Seat 4: Nastysha184 folded before Flop (didn't bet)
Seat 6: Fadoda folded before Flop (didn't bet)
Seat 7: SlavikPuha folded before Flop (didn't bet)
Seat 8: Dorex2007 (button) folded before Flop (didn't bet)



PokerStars Hand #227902709528:  Hold'em No Limit ($0.01/$0.02 USD) - 2021/06/27 23:55:48 PT [2021/06/28 2:55:48 ET]
Table 'Gadolin II' 9-max Seat #2 is the button
Seat 2: ROMARIO908 ($2.10 in chips) 
Seat 3: Aristarh0 ($0.65 in chips) 
Seat 6: Fadoda ($1.56 in chips) 
Seat 7: SlavikPuha ($2.40 in chips) 
Seat 8: Dorex2007 ($2.98 in chips) 
Aristarh0: posts small blind $0.01
Fadoda: posts big blind $0.02
*** HOLE CARDS ***
Dealt to Dorex2007 [3c 3s]
SlavikPuha: folds 
Dorex2007: raises $0.02 to $0.04
ROMARIO908: folds 
Aristarh0: folds 
SlavikPuha leaves the table
Fadoda: folds 
Uncalled bet ($0.02) returned to Dorex2007
Dorex2007 collected $0.05 from pot
Dorex2007: doesn't show hand 
*** SUMMARY ***
Total pot $0.05 | Rake $0 
Seat 2: ROMARIO908 (button) folded before Flop (didn't bet)
Seat 3: Aristarh0 (small blind) folded before Flop
Seat 6: Fadoda (big blind) folded before Flop
Seat 7: SlavikPuha folded before Flop (didn't bet)
Seat 8: Dorex2007 collected ($0.05)



PokerStars Hand #227902710675:  Hold'em No Limit ($0.01/$0.02 USD) - 2021/06/27 23:55:58 PT [2021/06/28 2:55:58 ET]
Table 'Gadolin II' 9-max Seat #3 is the button
Seat 2: ROMARIO908 ($2.10 in chips) 
Seat 3: Aristarh0 ($0.64 in chips) 
Seat 6: Fadoda ($1.54 in chips) 
Seat 8: Dorex2007 ($3.01 in chips) 
Fadoda: posts small blind $0.01
Dorex2007: posts big blind $0.02
*** HOLE CARDS ***
Dealt to Dorex2007 [Kh 2h]
ROMARIO908: folds 
Aristarh0: folds 
Fadoda: folds 
Uncalled bet ($0.01) returned to Dorex2007
Dorex2007 collected $0.02 from pot
Dorex2007: doesn't show hand 
*** SUMMARY ***
Total pot $0.02 | Rake $0 
Seat 2: ROMARIO908 folded before Flop (didn't bet)
Seat 3: Aristarh0 (button) folded before Flop (didn't bet)
Seat 6: Fadoda (small blind) folded before Flop
Seat 8: Dorex2007 (big blind) collected ($0.02)



PokerStars Hand #227902711663:  Hold'em No Limit ($0.01/$0.02 USD) - 2021/06/27 23:56:07 PT [2021/06/28 2:56:07 ET]
Table 'Gadolin II' 9-max Seat #6 is the button
Seat 2: ROMARIO908 ($2.10 in chips) 
Seat 3: Aristarh0 ($0.64 in chips) 
Seat 6: Fadoda ($1.53 in chips) 
Seat 8: Dorex2007 ($3.02 in chips) 
Dorex2007: posts small blind $0.01
ROMARIO908: posts big blind $0.02
*** HOLE CARDS ***
Dealt to Dorex2007 [Qd Kd]
Aristarh0: folds 
Fadoda: folds 
Fadoda leaves the table
Dorex2007: raises $0.04 to $0.06
ROMARIO908: folds 
Uncalled bet ($0.04) returned to Dorex2007
Dorex2007 collected $0.04 from pot
Dorex2007: doesn't show hand 
*** SUMMARY ***
Total pot $0.04 | Rake $0 
Seat 2: ROMARIO908 (big blind) folded before Flop
Seat 3: Aristarh0 folded before Flop (didn't bet)
Seat 6: Fadoda (button) folded before Flop (didn't bet)
Seat 8: Dorex2007 (small blind) collected ($0.04)



