PokerStars Hand #231332594213:  Hold'em No Limit ($0.01/$0.02 USD) - 2021/11/11 18:46:12 PT [2021/11/11 21:46:12 ET]
Table 'Amherstia' 9-max Seat #1 is the button
Seat 1: Andorrior ($2.68 in chips) 
Seat 2: perffect16 ($1.93 in chips) 
Seat 3: Vitalya05 ($4.32 in chips) 
Seat 4: DaniP2021 ($0.33 in chips) 
Seat 5: Aguardente2 ($2.96 in chips) 
Seat 7: chacalay1 ($2.15 in chips) 
Seat 8: shurik-ass ($2.05 in chips) 
Seat 9: Dorex2007 ($2 in chips) 
perffect16: posts small blind $0.01
Vitalya05: posts big blind $0.02
Dorex2007: posts big blind $0.02
*** HOLE CARDS ***
Dealt to Dorex2007 [7c Qc]
DaniP2021: folds 
Aguardente2: raises $0.02 to $0.04
chacalay1: calls $0.04
shurik-ass: folds 
Dorex2007: folds 
Andorrior: calls $0.04
perffect16: folds 
Vitalya05: calls $0.02
*** FLOP *** [9c 2s Ad]
Vitalya05: checks 
Aguardente2: checks 
luganinha leaves the table
chacalay1: checks 
Andorrior: checks 
*** TURN *** [9c 2s Ad] [Js]
Vitalya05: checks 
doctor-mex 07 joins the table at seat #6 
chacalay1 said, "no digas nada vos"
Aguardente2: bets $0.04
chacalay1: folds 
Andorrior: calls $0.04
Vitalya05: folds 
*** RIVER *** [9c 2s Ad Js] [Tc]
Aguardente2: bets $0.04
Andorrior: calls $0.04
*** SHOW DOWN ***
Aguardente2: shows [Ks Jd] (a pair of Jacks)
Andorrior: shows [Ts 9s] (two pair, Tens and Nines)
Andorrior collected $0.34 from pot
*** SUMMARY ***
Total pot $0.35 | Rake $0.01 
Board [9c 2s Ad Js Tc]
Seat 1: Andorrior (button) showed [Ts 9s] and won ($0.34) with two pair, Tens and Nines
Seat 2: perffect16 (small blind) folded before Flop
Seat 3: Vitalya05 (big blind) folded on the Turn
Seat 4: DaniP2021 folded before Flop (didn't bet)
Seat 5: Aguardente2 showed [Ks Jd] and lost with a pair of Jacks
Seat 7: chacalay1 folded on the Turn
Seat 8: shurik-ass folded before Flop (didn't bet)
Seat 9: Dorex2007 folded before Flop (didn't bet)



PokerStars Hand #231332607846:  Hold'em No Limit ($0.01/$0.02 USD) - 2021/11/11 18:47:13 PT [2021/11/11 21:47:13 ET]
Table 'Amherstia' 9-max Seat #2 is the button
Seat 1: Andorrior ($2.90 in chips) 
Seat 2: perffect16 ($1.92 in chips) 
Seat 3: Vitalya05 ($4.28 in chips) 
Seat 4: DaniP2021 ($0.33 in chips) 
Seat 5: Aguardente2 ($2.84 in chips) 
Seat 7: chacalay1 ($2.11 in chips) 
Seat 8: shurik-ass ($2.05 in chips) 
Seat 9: Dorex2007 ($2 in chips) 
Vitalya05: posts small blind $0.01
DaniP2021: posts big blind $0.02
doctor-mex 07: sits out 
*** HOLE CARDS ***
Dealt to Dorex2007 [2s 3h]
Aguardente2: folds 
chacalay1: calls $0.02
shurik-ass: folds 
Dorex2007: folds 
Andorrior: folds 
perffect16: folds 
chacalay1 said, "estou trabajhando un sudaka"
Vitalya05: calls $0.01
DaniP2021: folds 
*** FLOP *** [9s 7s 6d]
DaniP2021 leaves the table
Vitalya05: checks 
chacalay1: checks 
*** TURN *** [9s 7s 6d] [4c]
Vitalya05: bets $0.02
chacalay1: calls $0.02
*** RIVER *** [9s 7s 6d 4c] [Ad]
Vitalya05: bets $0.06
chacalay1: folds 
Uncalled bet ($0.06) returned to Vitalya05
Vitalya05 collected $0.10 from pot
Vitalya05: doesn't show hand 
*** SUMMARY ***
Total pot $0.10 | Rake $0 
Board [9s 7s 6d 4c Ad]
Seat 1: Andorrior folded before Flop (didn't bet)
Seat 2: perffect16 (button) folded before Flop (didn't bet)
Seat 3: Vitalya05 (small blind) collected ($0.10)
Seat 4: DaniP2021 (big blind) folded before Flop
Seat 5: Aguardente2 folded before Flop (didn't bet)
Seat 7: chacalay1 folded on the River
Seat 8: shurik-ass folded before Flop (didn't bet)
Seat 9: Dorex2007 folded before Flop (didn't bet)



PokerStars Hand #231332618575:  Hold'em No Limit ($0.01/$0.02 USD) - 2021/11/11 18:48:01 PT [2021/11/11 21:48:01 ET]
Table 'Amherstia' 9-max Seat #3 is the button
Seat 1: Andorrior ($2.90 in chips) 
Seat 2: perffect16 ($1.92 in chips) 
Seat 3: Vitalya05 ($4.34 in chips) 
Seat 5: Aguardente2 ($2.84 in chips) 
Seat 6: doctor-mex 07 ($0.80 in chips) 
Seat 7: chacalay1 ($2.07 in chips) 
Seat 8: shurik-ass ($2.05 in chips) 
Seat 9: Dorex2007 ($2 in chips) 
Aguardente2: posts small blind $0.01
doctor-mex 07: posts big blind $0.02
*** HOLE CARDS ***
Dealt to Dorex2007 [Qh Th]
chacalay1: folds 
shurik-ass: folds 
Dorex2007: raises $0.02 to $0.04
Andorrior: folds 
perffect16: folds 
Vitalya05: raises $0.02 to $0.06
Aguardente2: folds 
doctor-mex 07: folds 
Dorex2007: calls $0.02
*** FLOP *** [Ad 4s 2c]
Dorex2007: checks 
Vitalya05: bets $0.06
Dorex2007: folds 
Uncalled bet ($0.06) returned to Vitalya05
Vitalya05 collected $0.14 from pot
Vitalya05: doesn't show hand 
*** SUMMARY ***
Total pot $0.15 | Rake $0.01 
Board [Ad 4s 2c]
Seat 1: Andorrior folded before Flop (didn't bet)
Seat 2: perffect16 folded before Flop (didn't bet)
Seat 3: Vitalya05 (button) collected ($0.14)
Seat 5: Aguardente2 (small blind) folded before Flop
Seat 6: doctor-mex 07 (big blind) folded before Flop
Seat 7: chacalay1 folded before Flop (didn't bet)
Seat 8: shurik-ass folded before Flop (didn't bet)
Seat 9: Dorex2007 folded on the Flop



PokerStars Hand #231332626508:  Hold'em No Limit ($0.01/$0.02 USD) - 2021/11/11 18:48:37 PT [2021/11/11 21:48:37 ET]
Table 'Amherstia' 9-max Seat #5 is the button
Seat 1: Andorrior ($2.90 in chips) 
Seat 2: perffect16 ($1.92 in chips) 
Seat 3: Vitalya05 ($4.42 in chips) 
Seat 5: Aguardente2 ($2.83 in chips) 
Seat 6: doctor-mex 07 ($0.78 in chips) 
Seat 7: chacalay1 ($2.07 in chips) 
Seat 8: shurik-ass ($2.05 in chips) 
Seat 9: Dorex2007 ($2 in chips) 
doctor-mex 07: posts small blind $0.01
chacalay1: posts big blind $0.02
*** HOLE CARDS ***
Dealt to Dorex2007 [Qd 6d]
shurik-ass: folds 
chacalay1 said, "eu quero uma pirana brasilera"
Dorex2007: folds 
Andorrior: calls $0.02
perffect16: raises $0.02 to $0.04
Vitalya05: folds 
Aguardente2: folds 
doctor-mex 07: calls $0.03
chacalay1: folds 
Adriano Pulz joins the table at seat #4 
Andorrior: calls $0.02
*** FLOP *** [7s Ts 4h]
doctor-mex 07: checks 
Andorrior: checks 
perffect16: checks 
*** TURN *** [7s Ts 4h] [5c]
chacalay1 said, "uma de issas aggresivas eu gosta"
doctor-mex 07: checks 
Andorrior: checks 
perffect16: checks 
*** RIVER *** [7s Ts 4h 5c] [Qc]
doctor-mex 07: checks 
Andorrior: checks 
perffect16: checks 
*** SHOW DOWN ***
doctor-mex 07: shows [Jh Kd] (high card King)
Andorrior: shows [3d 3h] (a pair of Threes)
perffect16: mucks hand 
Andorrior collected $0.14 from pot
*** SUMMARY ***
Total pot $0.14 | Rake $0 
Board [7s Ts 4h 5c Qc]
Seat 1: Andorrior showed [3d 3h] and won ($0.14) with a pair of Threes
Seat 2: perffect16 mucked [6c Ah]
Seat 3: Vitalya05 folded before Flop (didn't bet)
Seat 5: Aguardente2 (button) folded before Flop (didn't bet)
Seat 6: doctor-mex 07 (small blind) showed [Jh Kd] and lost with high card King
Seat 7: chacalay1 (big blind) folded before Flop
Seat 8: shurik-ass folded before Flop (didn't bet)
Seat 9: Dorex2007 folded before Flop (didn't bet)



PokerStars Hand #231332639799:  Hold'em No Limit ($0.01/$0.02 USD) - 2021/11/11 18:49:36 PT [2021/11/11 21:49:36 ET]
Table 'Amherstia' 9-max Seat #6 is the button
Seat 1: Andorrior ($3 in chips) 
Seat 2: perffect16 ($1.88 in chips) 
Seat 3: Vitalya05 ($4.42 in chips) 
Seat 5: Aguardente2 ($2.83 in chips) 
Seat 6: doctor-mex 07 ($0.74 in chips) 
Seat 7: chacalay1 ($2.05 in chips) 
Seat 8: shurik-ass ($2.05 in chips) 
Seat 9: Dorex2007 ($2 in chips) 
chacalay1: posts small blind $0.01
shurik-ass: posts big blind $0.02
Adriano Pulz: sits out 
*** HOLE CARDS ***
Dealt to Dorex2007 [3s 9d]
Dorex2007: folds 
Andorrior: folds 
perffect16: raises $0.02 to $0.04
Vitalya05: calls $0.04
Aguardente2: calls $0.04
doctor-mex 07: folds 
chacalay1 said, "cortar a cabza poner aca meu lar"
chacalay1: folds 
shurik-ass: folds 
*** FLOP *** [Qs Qh Qd]
shurik-ass leaves the table
perffect16: checks 
Vitalya05: bets $0.04
Aguardente2: calls $0.04
perffect16: calls $0.04
*** TURN *** [Qs Qh Qd] [8s]
perffect16: checks 
Vitalya05: bets $0.10
Aguardente2: folds 
perffect16 has timed out
perffect16: folds 
Uncalled bet ($0.10) returned to Vitalya05
Vitalya05 collected $0.26 from pot
Vitalya05: doesn't show hand 
*** SUMMARY ***
Total pot $0.27 | Rake $0.01 
Board [Qs Qh Qd 8s]
Seat 1: Andorrior folded before Flop (didn't bet)
Seat 2: perffect16 folded on the Turn
Seat 3: Vitalya05 collected ($0.26)
Seat 5: Aguardente2 folded on the Turn
Seat 6: doctor-mex 07 (button) folded before Flop (didn't bet)
Seat 7: chacalay1 (small blind) folded before Flop
Seat 8: shurik-ass (big blind) folded before Flop
Seat 9: Dorex2007 folded before Flop (didn't bet)



PokerStars Hand #231332661540:  Hold'em No Limit ($0.01/$0.02 USD) - 2021/11/11 18:51:14 PT [2021/11/11 21:51:14 ET]
Table 'Amherstia' 9-max Seat #7 is the button
Seat 1: Andorrior ($3 in chips) 
Seat 3: Vitalya05 ($4.60 in chips) 
Seat 4: Adriano Pulz ($2 in chips) 
Seat 5: Aguardente2 ($2.75 in chips) 
Seat 6: doctor-mex 07 ($0.74 in chips) 
Seat 7: chacalay1 ($2.04 in chips) 
Seat 9: Dorex2007 ($2 in chips) 
Dorex2007: posts small blind $0.01
Andorrior: posts big blind $0.02
Adriano Pulz: posts big blind $0.02
*** HOLE CARDS ***
Dealt to Dorex2007 [9c 5h]
Vitalya05: folds 
DMT4000 joins the table at seat #8 
Adriano Pulz: checks 
Aguardente2: folds 
doctor-mex 07: calls $0.02
chacalay1: calls $0.02
Dorex2007: folds 
Andorrior: checks 
*** FLOP *** [8s 4c Jd]
Andorrior: checks 
Adriano Pulz: checks 
doctor-mex 07: checks 
chacalay1: checks 
*** TURN *** [8s 4c Jd] [7h]
Andorrior: checks 
Adriano Pulz: bets $0.05
doctor-mex 07: folds 
chacalay1: folds 
Andorrior: folds 
Uncalled bet ($0.05) returned to Adriano Pulz
Adriano Pulz collected $0.09 from pot
*** SUMMARY ***
Total pot $0.09 | Rake $0 
Board [8s 4c Jd 7h]
Seat 1: Andorrior (big blind) folded on the Turn
Seat 3: Vitalya05 folded before Flop (didn't bet)
Seat 4: Adriano Pulz collected ($0.09)
Seat 5: Aguardente2 folded before Flop (didn't bet)
Seat 6: doctor-mex 07 folded on the Turn
Seat 7: chacalay1 (button) folded on the Turn
Seat 9: Dorex2007 (small blind) folded before Flop



PokerStars Hand #231332671377:  Hold'em No Limit ($0.01/$0.02 USD) - 2021/11/11 18:51:58 PT [2021/11/11 21:51:58 ET]
Table 'Amherstia' 9-max Seat #9 is the button
Seat 1: Andorrior ($2.98 in chips) 
Seat 2: perffect16 ($1.80 in chips) 
Seat 3: Vitalya05 ($4.60 in chips) 
Seat 4: Adriano Pulz ($2.07 in chips) 
Seat 5: Aguardente2 ($2.75 in chips) 
Seat 6: doctor-mex 07 ($0.72 in chips) 
Seat 7: chacalay1 ($2.02 in chips) 
Seat 9: Dorex2007 ($2 in chips) 
Andorrior: posts small blind $0.01
perffect16: posts big blind $0.02
DMT4000: sits out 
*** HOLE CARDS ***
Dealt to Dorex2007 [9s Qs]
Vitalya05: folds 
Adriano Pulz: raises $0.02 to $0.04
Aguardente2: folds 
doctor-mex 07: folds 
chacalay1: folds 
Dorex2007: folds 
Andorrior: folds 
perffect16: folds 
Uncalled bet ($0.02) returned to Adriano Pulz
Adriano Pulz collected $0.05 from pot
*** SUMMARY ***
Total pot $0.05 | Rake $0 
Seat 1: Andorrior (small blind) folded before Flop
Seat 2: perffect16 (big blind) folded before Flop
Seat 3: Vitalya05 folded before Flop (didn't bet)
Seat 4: Adriano Pulz collected ($0.05)
Seat 5: Aguardente2 folded before Flop (didn't bet)
Seat 6: doctor-mex 07 folded before Flop (didn't bet)
Seat 7: chacalay1 folded before Flop (didn't bet)
Seat 9: Dorex2007 (button) folded before Flop (didn't bet)



PokerStars Hand #231332676193:  Hold'em No Limit ($0.01/$0.02 USD) - 2021/11/11 18:52:20 PT [2021/11/11 21:52:20 ET]
Table 'Amherstia' 9-max Seat #1 is the button
Seat 1: Andorrior ($2.97 in chips) 
Seat 2: perffect16 ($2 in chips) 
Seat 3: Vitalya05 ($4.60 in chips) 
Seat 4: Adriano Pulz ($2.10 in chips) 
Seat 5: Aguardente2 ($2.75 in chips) 
Seat 6: doctor-mex 07 ($0.72 in chips) 
Seat 7: chacalay1 ($2.02 in chips) 
Seat 9: Dorex2007 ($2 in chips) 
perffect16: posts small blind $0.01
Vitalya05: posts big blind $0.02
DMT4000: sits out 
*** HOLE CARDS ***
Dealt to Dorex2007 [5d 9h]
Adriano Pulz: folds 
Aguardente2: folds 
doctor-mex 07: folds 
chacalay1: folds 
Dorex2007: folds 
Andorrior: calls $0.02
perffect16: calls $0.01
Vitalya05: checks 
*** FLOP *** [Qd 9s Kd]
perffect16: checks 
Vitalya05: checks 
Andorrior: checks 
*** TURN *** [Qd 9s Kd] [Ks]
perffect16: checks 
Vitalya05: checks 
Andorrior: checks 
*** RIVER *** [Qd 9s Kd Ks] [3h]
perffect16: checks 
Vitalya05: bets $0.04
Andorrior: folds 
perffect16: folds 
Uncalled bet ($0.04) returned to Vitalya05
Vitalya05 collected $0.06 from pot
Vitalya05: doesn't show hand 
*** SUMMARY ***
Total pot $0.06 | Rake $0 
Board [Qd 9s Kd Ks 3h]
Seat 1: Andorrior (button) folded on the River
Seat 2: perffect16 (small blind) folded on the River
Seat 3: Vitalya05 (big blind) collected ($0.06)
Seat 4: Adriano Pulz folded before Flop (didn't bet)
Seat 5: Aguardente2 folded before Flop (didn't bet)
Seat 6: doctor-mex 07 folded before Flop (didn't bet)
Seat 7: chacalay1 folded before Flop (didn't bet)
Seat 9: Dorex2007 folded before Flop (didn't bet)



PokerStars Hand #231332687834:  Hold'em No Limit ($0.01/$0.02 USD) - 2021/11/11 18:53:12 PT [2021/11/11 21:53:12 ET]
Table 'Amherstia' 9-max Seat #2 is the button
Seat 1: Andorrior ($2.95 in chips) 
Seat 2: perffect16 ($1.98 in chips) 
Seat 3: Vitalya05 ($4.64 in chips) 
Seat 4: Adriano Pulz ($2.10 in chips) 
Seat 5: Aguardente2 ($2.75 in chips) 
Seat 6: doctor-mex 07 ($0.72 in chips) 
Seat 7: chacalay1 ($2.02 in chips) 
Seat 9: Dorex2007 ($2 in chips) 
Vitalya05: posts small blind $0.01
Adriano Pulz: posts big blind $0.02
DMT4000: sits out 
*** HOLE CARDS ***
Dealt to Dorex2007 [5s 7s]
Aguardente2: calls $0.02
doctor-mex 07: folds 
chacalay1: folds 
Dorex2007: folds 
Andorrior: folds 
perffect16: folds 
Vitalya05: folds 
Adriano Pulz: checks 
*** FLOP *** [7c Qs 5d]
Adriano Pulz: checks 
Aguardente2: bets $0.02
Adriano Pulz: folds 
Uncalled bet ($0.02) returned to Aguardente2
Aguardente2 collected $0.05 from pot
Aguardente2: doesn't show hand 
*** SUMMARY ***
Total pot $0.05 | Rake $0 
Board [7c Qs 5d]
Seat 1: Andorrior folded before Flop (didn't bet)
Seat 2: perffect16 (button) folded before Flop (didn't bet)
Seat 3: Vitalya05 (small blind) folded before Flop
Seat 4: Adriano Pulz (big blind) folded on the Flop
Seat 5: Aguardente2 collected ($0.05)
Seat 6: doctor-mex 07 folded before Flop (didn't bet)
Seat 7: chacalay1 folded before Flop (didn't bet)
Seat 9: Dorex2007 folded before Flop (didn't bet)



PokerStars Hand #231332694864:  Hold'em No Limit ($0.01/$0.02 USD) - 2021/11/11 18:53:43 PT [2021/11/11 21:53:43 ET]
Table 'Amherstia' 9-max Seat #3 is the button
Seat 1: Andorrior ($2.95 in chips) 
Seat 2: perffect16 ($1.98 in chips) 
Seat 3: Vitalya05 ($4.63 in chips) 
Seat 4: Adriano Pulz ($2.08 in chips) 
Seat 5: Aguardente2 ($2.78 in chips) 
Seat 6: doctor-mex 07 ($0.72 in chips) 
Seat 7: chacalay1 ($2.02 in chips) 
Seat 9: Dorex2007 ($2 in chips) 
Adriano Pulz: posts small blind $0.01
Aguardente2: posts big blind $0.02
DMT4000: sits out 
*** HOLE CARDS ***
Dealt to Dorex2007 [2c 8d]
doctor-mex 07: folds 
chacalay1: folds 
Dorex2007: folds 
Andorrior: folds 
perffect16: folds 
Vitalya05: raises $0.02 to $0.04
Adriano Pulz: calls $0.03
Aguardente2: calls $0.02
*** FLOP *** [3c Kh 4d]
Adriano Pulz: checks 
Aguardente2: bets $0.02
Vitalya05: calls $0.02
Adriano Pulz: calls $0.02
*** TURN *** [3c Kh 4d] [Td]
Adriano Pulz: checks 
Aguardente2: checks 
Vitalya05: bets $0.08
Adriano Pulz: calls $0.08
Aguardente2: folds 
*** RIVER *** [3c Kh 4d Td] [As]
Adriano Pulz: checks 
Vitalya05: bets $0.20
Adriano Pulz: calls $0.20
*** SHOW DOWN ***
Vitalya05: shows [Ad 6h] (a pair of Aces)
Adriano Pulz: shows [Kd 4h] (two pair, Kings and Fours)
Adriano Pulz collected $0.71 from pot
*** SUMMARY ***
Total pot $0.74 | Rake $0.03 
Board [3c Kh 4d Td As]
Seat 1: Andorrior folded before Flop (didn't bet)
Seat 2: perffect16 folded before Flop (didn't bet)
Seat 3: Vitalya05 (button) showed [Ad 6h] and lost with a pair of Aces
Seat 4: Adriano Pulz (small blind) showed [Kd 4h] and won ($0.71) with two pair, Kings and Fours
Seat 5: Aguardente2 (big blind) folded on the Turn
Seat 6: doctor-mex 07 folded before Flop (didn't bet)
Seat 7: chacalay1 folded before Flop (didn't bet)
Seat 9: Dorex2007 folded before Flop (didn't bet)



PokerStars Hand #231332715910:  Hold'em No Limit ($0.01/$0.02 USD) - 2021/11/11 18:55:21 PT [2021/11/11 21:55:21 ET]
Table 'Amherstia' 9-max Seat #4 is the button
Seat 1: Andorrior ($2.95 in chips) 
Seat 2: perffect16 ($1.98 in chips) 
Seat 3: Vitalya05 ($4.29 in chips) 
Seat 4: Adriano Pulz ($2.45 in chips) 
Seat 5: Aguardente2 ($2.72 in chips) 
Seat 6: doctor-mex 07 ($0.72 in chips) 
Seat 7: chacalay1 ($2.02 in chips) 
Seat 9: Dorex2007 ($2 in chips) 
Aguardente2: posts small blind $0.01
doctor-mex 07: posts big blind $0.02
DMT4000: sits out 
*** HOLE CARDS ***
Dealt to Dorex2007 [9h 7h]
chacalay1: folds 
Dorex2007: folds 
Andorrior: folds 
perffect16: folds 
Vitalya05: folds 
Adriano Pulz: raises $0.02 to $0.04
Aguardente2: calls $0.03
doctor-mex 07: calls $0.02
*** FLOP *** [Jh 7s 8d]
Aguardente2: bets $0.04
doctor-mex 07: calls $0.04
Adriano Pulz: folds 
*** TURN *** [Jh 7s 8d] [8s]
Aguardente2: bets $0.06
doctor-mex 07: calls $0.06
*** RIVER *** [Jh 7s 8d 8s] [Kc]
Aguardente2: bets $0.06
doctor-mex 07: raises $0.43 to $0.49
Aguardente2: folds 
Uncalled bet ($0.43) returned to doctor-mex 07
doctor-mex 07 collected $0.42 from pot
doctor-mex 07: doesn't show hand 
*** SUMMARY ***
Total pot $0.44 | Rake $0.02 
Board [Jh 7s 8d 8s Kc]
Seat 1: Andorrior folded before Flop (didn't bet)
Seat 2: perffect16 folded before Flop (didn't bet)
Seat 3: Vitalya05 folded before Flop (didn't bet)
Seat 4: Adriano Pulz (button) folded on the Flop
Seat 5: Aguardente2 (small blind) folded on the River
Seat 6: doctor-mex 07 (big blind) collected ($0.42)
Seat 7: chacalay1 folded before Flop (didn't bet)
Seat 9: Dorex2007 folded before Flop (didn't bet)



PokerStars Hand #231332730667:  Hold'em No Limit ($0.01/$0.02 USD) - 2021/11/11 18:56:36 PT [2021/11/11 21:56:36 ET]
Table 'Amherstia' 9-max Seat #5 is the button
Seat 1: Andorrior ($2.95 in chips) 
Seat 2: perffect16 ($1.98 in chips) 
Seat 3: Vitalya05 ($4.29 in chips) 
Seat 4: Adriano Pulz ($2.41 in chips) 
Seat 5: Aguardente2 ($2.52 in chips) 
Seat 6: doctor-mex 07 ($0.94 in chips) 
Seat 7: chacalay1 ($2.02 in chips) 
Seat 9: Dorex2007 ($2 in chips) 
doctor-mex 07: posts small blind $0.01
chacalay1: posts big blind $0.02
DMT4000: sits out 
*** HOLE CARDS ***
Dealt to Dorex2007 [Jh Kh]
Dorex2007: raises $0.02 to $0.04
Andorrior: folds 
perffect16: calls $0.04
Vitalya05: folds 
Adriano Pulz: folds 
Aguardente2: calls $0.04
doctor-mex 07: folds 
chacalay1: calls $0.02
*** FLOP *** [8h Kc 5c]
chacalay1: checks 
Dorex2007: bets $0.11
perffect16: folds 
Aguardente2: calls $0.11
chacalay1: folds 
*** TURN *** [8h Kc 5c] [4h]
Dorex2007: checks 
Aguardente2: bets $0.10
Dorex2007: calls $0.10
*** RIVER *** [8h Kc 5c 4h] [Ts]
Dorex2007: bets $0.38
Aguardente2: calls $0.38
*** SHOW DOWN ***
Dorex2007: shows [Jh Kh] (a pair of Kings)
Aguardente2: mucks hand 
Dorex2007 collected $1.30 from pot
*** SUMMARY ***
Total pot $1.35 | Rake $0.05 
Board [8h Kc 5c 4h Ts]
Seat 1: Andorrior folded before Flop (didn't bet)
Seat 2: perffect16 folded on the Flop
Seat 3: Vitalya05 folded before Flop (didn't bet)
Seat 4: Adriano Pulz folded before Flop (didn't bet)
Seat 5: Aguardente2 (button) mucked [6h Kd]
Seat 6: doctor-mex 07 (small blind) folded before Flop
Seat 7: chacalay1 (big blind) folded on the Flop
Seat 9: Dorex2007 showed [Jh Kh] and won ($1.30) with a pair of Kings



PokerStars Hand #231332742001:  Hold'em No Limit ($0.01/$0.02 USD) - 2021/11/11 18:57:41 PT [2021/11/11 21:57:41 ET]
Table 'Amherstia' 9-max Seat #6 is the button
Seat 1: Andorrior ($2.95 in chips) 
Seat 2: perffect16 ($1.94 in chips) 
Seat 4: Adriano Pulz ($2.41 in chips) 
Seat 5: Aguardente2 ($1.89 in chips) 
Seat 6: doctor-mex 07 ($0.93 in chips) 
Seat 7: chacalay1 ($1.98 in chips) 
Seat 8: DMT4000 ($2 in chips) 
Seat 9: Dorex2007 ($2.67 in chips) 
chacalay1: posts small blind $0.01
DMT4000: posts big blind $0.02
*** HOLE CARDS ***
Dealt to Dorex2007 [Kc Qh]
Dorex2007: folds 
Andorrior: folds 
perffect16: folds 
Adriano Pulz: folds 
Aguardente2: raises $0.02 to $0.04
doctor-mex 07: folds 
chacalay1: folds 
DMT4000: folds 
Uncalled bet ($0.02) returned to Aguardente2
Aguardente2 collected $0.05 from pot
Aguardente2: doesn't show hand 
*** SUMMARY ***
Total pot $0.05 | Rake $0 
Seat 1: Andorrior folded before Flop (didn't bet)
Seat 2: perffect16 folded before Flop (didn't bet)
Seat 4: Adriano Pulz folded before Flop (didn't bet)
Seat 5: Aguardente2 collected ($0.05)
Seat 6: doctor-mex 07 (button) folded before Flop (didn't bet)
Seat 7: chacalay1 (small blind) folded before Flop
Seat 8: DMT4000 (big blind) folded before Flop
Seat 9: Dorex2007 folded before Flop (didn't bet)



PokerStars Hand #231332744931:  Hold'em No Limit ($0.01/$0.02 USD) - 2021/11/11 18:57:58 PT [2021/11/11 21:57:58 ET]
Table 'Amherstia' 9-max Seat #7 is the button
Seat 1: Andorrior ($2.95 in chips) 
Seat 2: perffect16 ($1.94 in chips) 
Seat 4: Adriano Pulz ($2.41 in chips) 
Seat 5: Aguardente2 ($1.92 in chips) 
Seat 6: doctor-mex 07 ($0.93 in chips) 
Seat 7: chacalay1 ($1.97 in chips) 
Seat 8: DMT4000 ($2 in chips) 
Seat 9: Dorex2007 ($2.67 in chips) 
DMT4000: posts small blind $0.01
Dorex2007: posts big blind $0.02
*** HOLE CARDS ***
Dealt to Dorex2007 [8d Qd]
Andorrior: calls $0.02
perffect16: folds 
Adriano Pulz: folds 
Aguardente2: folds 
doctor-mex 07: folds 
chacalay1: raises $0.07 to $0.09
DMT4000: folds 
Dorex2007: folds 
Andorrior: calls $0.07
*** FLOP *** [9c 4h 6c]
Andorrior: checks 
chacalay1: bets $0.12
Andorrior: folds 
Uncalled bet ($0.12) returned to chacalay1
chacalay1 collected $0.20 from pot
chacalay1: doesn't show hand 
*** SUMMARY ***
Total pot $0.21 | Rake $0.01 
Board [9c 4h 6c]
Seat 1: Andorrior folded on the Flop
Seat 2: perffect16 folded before Flop (didn't bet)
Seat 4: Adriano Pulz folded before Flop (didn't bet)
Seat 5: Aguardente2 folded before Flop (didn't bet)
Seat 6: doctor-mex 07 folded before Flop (didn't bet)
Seat 7: chacalay1 (button) collected ($0.20)
Seat 8: DMT4000 (small blind) folded before Flop
Seat 9: Dorex2007 (big blind) folded before Flop



PokerStars Hand #231332751964:  Hold'em No Limit ($0.01/$0.02 USD) - 2021/11/11 18:58:39 PT [2021/11/11 21:58:39 ET]
Table 'Amherstia' 9-max Seat #8 is the button
Seat 1: Andorrior ($2.86 in chips) 
Seat 2: perffect16 ($1.94 in chips) 
Seat 4: Adriano Pulz ($2.41 in chips) 
Seat 5: Aguardente2 ($1.92 in chips) 
Seat 6: doctor-mex 07 ($0.93 in chips) 
Seat 7: chacalay1 ($2.08 in chips) 
Seat 8: DMT4000 ($2 in chips) 
Seat 9: Dorex2007 ($2.65 in chips) 
Dorex2007: posts small blind $0.01
Andorrior: posts big blind $0.02
*** HOLE CARDS ***
Dealt to Dorex2007 [3h 5d]
perffect16: folds 
Adriano Pulz: folds 
Aguardente2: folds 
doctor-mex 07: folds 
chacalay1: folds 
DMT4000 has timed out
DMT4000: folds 
Dorex2007: raises $0.02 to $0.04
perffect16 said, "que paso con el uruguayo que antes venia?"
Andorrior: calls $0.02
*** FLOP *** [7d 2s 5h]
Dorex2007: checks 
Andorrior: checks 
*** TURN *** [7d 2s 5h] [Ah]
Dorex2007: checks 
Andorrior: checks 
*** RIVER *** [7d 2s 5h Ah] [7h]
Dorex2007: bets $0.05
perffect16 said, "tu amigo"
Andorrior: folds 
Uncalled bet ($0.05) returned to Dorex2007
Dorex2007 collected $0.08 from pot
Dorex2007: doesn't show hand 
*** SUMMARY ***
Total pot $0.08 | Rake $0 
Board [7d 2s 5h Ah 7h]
Seat 1: Andorrior (big blind) folded on the River
Seat 2: perffect16 folded before Flop (didn't bet)
Seat 4: Adriano Pulz folded before Flop (didn't bet)
Seat 5: Aguardente2 folded before Flop (didn't bet)
Seat 6: doctor-mex 07 folded before Flop (didn't bet)
Seat 7: chacalay1 folded before Flop (didn't bet)
Seat 8: DMT4000 (button) folded before Flop (didn't bet)
Seat 9: Dorex2007 (small blind) collected ($0.08)



PokerStars Hand #231332760809:  Hold'em No Limit ($0.01/$0.02 USD) - 2021/11/11 18:59:30 PT [2021/11/11 21:59:30 ET]
Table 'Amherstia' 9-max Seat #9 is the button
Seat 1: Andorrior ($2.82 in chips) 
Seat 2: perffect16 ($1.94 in chips) 
Seat 4: Adriano Pulz ($2.41 in chips) 
Seat 5: Aguardente2 ($1.92 in chips) 
Seat 6: doctor-mex 07 ($0.93 in chips) 
Seat 7: chacalay1 ($2.08 in chips) 
Seat 8: DMT4000 ($2 in chips) 
Seat 9: Dorex2007 ($2.69 in chips) 
Andorrior: posts small blind $0.01
perffect16: posts big blind $0.02
*** HOLE CARDS ***
Dealt to Dorex2007 [Td 4d]
Aguardente2 said, "logo veras"
Adriano Pulz has timed out
Adriano Pulz: folds 
Aguardente2: calls $0.02
doctor-mex 07: folds 
chacalay1: raises $0.04 to $0.06
DMT4000: folds 
Dorex2007: folds 
Andorrior: folds 
perffect16: folds 
Aguardente2: calls $0.04
*** FLOP *** [4c 2d 4s]
Aguardente2: checks 
chacalay1: bets $0.14
Aguardente2: folds 
Uncalled bet ($0.14) returned to chacalay1
chacalay1 collected $0.14 from pot
chacalay1: doesn't show hand 
*** SUMMARY ***
Total pot $0.15 | Rake $0.01 
Board [4c 2d 4s]
Seat 1: Andorrior (small blind) folded before Flop
Seat 2: perffect16 (big blind) folded before Flop
Seat 4: Adriano Pulz folded before Flop (didn't bet)
Seat 5: Aguardente2 folded on the Flop
Seat 6: doctor-mex 07 folded before Flop (didn't bet)
Seat 7: chacalay1 collected ($0.14)
Seat 8: DMT4000 folded before Flop (didn't bet)
Seat 9: Dorex2007 (button) folded before Flop (didn't bet)



PokerStars Hand #231332767162:  Hold'em No Limit ($0.01/$0.02 USD) - 2021/11/11 19:00:07 PT [2021/11/11 22:00:07 ET]
Table 'Amherstia' 9-max Seat #1 is the button
Seat 1: Andorrior ($2.81 in chips) 
Seat 2: perffect16 ($1.92 in chips) 
Seat 4: Adriano Pulz ($2.41 in chips) 
Seat 5: Aguardente2 ($1.86 in chips) 
Seat 6: doctor-mex 07 ($0.93 in chips) 
Seat 7: chacalay1 ($2.16 in chips) 
Seat 8: DMT4000 ($2 in chips) 
Seat 9: Dorex2007 ($2.69 in chips) 
perffect16: posts small blind $0.01
Adriano Pulz: posts big blind $0.02
*** HOLE CARDS ***
Dealt to Dorex2007 [As 4c]
Aguardente2: folds 
doctor-mex 07: calls $0.02
chacalay1: folds 
DMT4000: raises $0.04 to $0.06
Dorex2007: folds 
Andorrior: folds 
perffect16: folds 
Adriano Pulz: calls $0.04
doctor-mex 07: calls $0.04
*** FLOP *** [Jd Th 9s]
Adriano Pulz: checks 
doctor-mex 07: checks 
DMT4000: bets $0.14
Adriano Pulz: folds 
doctor-mex 07: folds 
Uncalled bet ($0.14) returned to DMT4000
DMT4000 collected $0.18 from pot
DMT4000: doesn't show hand 
*** SUMMARY ***
Total pot $0.19 | Rake $0.01 
Board [Jd Th 9s]
Seat 1: Andorrior (button) folded before Flop (didn't bet)
Seat 2: perffect16 (small blind) folded before Flop
Seat 4: Adriano Pulz (big blind) folded on the Flop
Seat 5: Aguardente2 folded before Flop (didn't bet)
Seat 6: doctor-mex 07 folded on the Flop
Seat 7: chacalay1 folded before Flop (didn't bet)
Seat 8: DMT4000 collected ($0.18)
Seat 9: Dorex2007 folded before Flop (didn't bet)



PokerStars Hand #231332787463:  Hold'em No Limit ($0.01/$0.02 USD) - 2021/11/11 19:01:04 PT [2021/11/11 22:01:04 ET]
Table 'Amherstia' 9-max Seat #2 is the button
Seat 1: Andorrior ($2.81 in chips) 
Seat 2: perffect16 ($1.91 in chips) 
Seat 4: Adriano Pulz ($2.35 in chips) 
Seat 5: Aguardente2 ($1.86 in chips) 
Seat 6: doctor-mex 07 ($0.87 in chips) 
Seat 7: chacalay1 ($2.16 in chips) 
Seat 8: DMT4000 ($2.12 in chips) 
Seat 9: Dorex2007 ($2.69 in chips) 
Adriano Pulz: posts small blind $0.01
Aguardente2: posts big blind $0.02
*** HOLE CARDS ***
Dealt to Dorex2007 [Ac 9d]
doctor-mex 07: folds 
chacalay1: folds 
DMT4000: raises $0.04 to $0.06
Dorex2007: folds 
Andorrior: folds 
perffect16: folds 
Adriano Pulz: folds 
Aguardente2: calls $0.04
*** FLOP *** [5c 7d 5h]
Aguardente2: checks 
DMT4000: bets $0.06
Aguardente2: calls $0.06
*** TURN *** [5c 7d 5h] [7h]
Aguardente2: checks 
DMT4000: bets $0.19
Aguardente2: calls $0.19
*** RIVER *** [5c 7d 5h 7h] [Kd]
Aguardente2: bets $0.31
DMT4000: folds 
Uncalled bet ($0.31) returned to Aguardente2
Aguardente2 collected $0.61 from pot
Aguardente2: doesn't show hand 
*** SUMMARY ***
Total pot $0.63 | Rake $0.02 
Board [5c 7d 5h 7h Kd]
Seat 1: Andorrior folded before Flop (didn't bet)
Seat 2: perffect16 (button) folded before Flop (didn't bet)
Seat 4: Adriano Pulz (small blind) folded before Flop
Seat 5: Aguardente2 (big blind) collected ($0.61)
Seat 6: doctor-mex 07 folded before Flop (didn't bet)
Seat 7: chacalay1 folded before Flop (didn't bet)
Seat 8: DMT4000 folded on the River
Seat 9: Dorex2007 folded before Flop (didn't bet)



PokerStars Hand #231332807574:  Hold'em No Limit ($0.01/$0.02 USD) - 2021/11/11 19:02:01 PT [2021/11/11 22:02:01 ET]
Table 'Amherstia' 9-max Seat #4 is the button
Seat 1: Andorrior ($2.81 in chips) 
Seat 2: perffect16 ($1.91 in chips) 
Seat 4: Adriano Pulz ($2.34 in chips) 
Seat 5: Aguardente2 ($2.16 in chips) 
Seat 6: doctor-mex 07 ($0.87 in chips) 
Seat 7: chacalay1 ($2.16 in chips) 
Seat 8: DMT4000 ($2 in chips) 
Seat 9: Dorex2007 ($2.69 in chips) 
Aguardente2: posts small blind $0.01
doctor-mex 07: posts big blind $0.02
*** HOLE CARDS ***
Dealt to Dorex2007 [Qc Td]
chacalay1: folds 
DMT4000: folds 
Dorex2007: folds 
Andorrior: folds 
perffect16: folds 
Adriano Pulz: folds 
Aguardente2: folds 
Uncalled bet ($0.01) returned to doctor-mex 07
doctor-mex 07 collected $0.02 from pot
doctor-mex 07: doesn't show hand 
*** SUMMARY ***
Total pot $0.02 | Rake $0 
Seat 1: Andorrior folded before Flop (didn't bet)
Seat 2: perffect16 folded before Flop (didn't bet)
Seat 4: Adriano Pulz (button) folded before Flop (didn't bet)
Seat 5: Aguardente2 (small blind) folded before Flop
Seat 6: doctor-mex 07 (big blind) collected ($0.02)
Seat 7: chacalay1 folded before Flop (didn't bet)
Seat 8: DMT4000 folded before Flop (didn't bet)
Seat 9: Dorex2007 folded before Flop (didn't bet)



PokerStars Hand #231332812459:  Hold'em No Limit ($0.01/$0.02 USD) - 2021/11/11 19:02:23 PT [2021/11/11 22:02:23 ET]
Table 'Amherstia' 9-max Seat #5 is the button
Seat 1: Andorrior ($2.81 in chips) 
Seat 2: perffect16 ($1.91 in chips) 
Seat 3: Vitalya05 ($4.29 in chips) 
Seat 4: Adriano Pulz ($2.34 in chips) 
Seat 5: Aguardente2 ($2.15 in chips) 
Seat 6: doctor-mex 07 ($0.88 in chips) 
Seat 7: chacalay1 ($2.16 in chips) 
Seat 8: DMT4000 ($2 in chips) 
Seat 9: Dorex2007 ($2.69 in chips) 
doctor-mex 07: posts small blind $0.01
chacalay1: posts big blind $0.02
Vitalya05: posts small & big blinds $0.03
*** HOLE CARDS ***
Dealt to Dorex2007 [4c 7c]
DMT4000: folds 
Dorex2007: folds 
Andorrior: calls $0.02
perffect16: raises $0.02 to $0.04
Vitalya05: raises $0.02 to $0.06
Adriano Pulz: folds 
Aguardente2: folds 
doctor-mex 07: folds 
chacalay1: folds 
Andorrior: calls $0.04
perffect16: calls $0.02
*** FLOP *** [Th Qd 6h]
Andorrior: checks 
perffect16: checks 
Vitalya05: bets $0.08
Andorrior: calls $0.08
perffect16 has timed out
perffect16: folds 
*** TURN *** [Th Qd 6h] [Kc]
Andorrior: checks 
Aguardente2 said, "crazy russian"
Vitalya05: bets $0.18
Andorrior: calls $0.18
*** RIVER *** [Th Qd 6h Kc] [9d]
Andorrior: checks 
Aguardente2 said, "^^"
Vitalya05 is disconnected 
perffect16 said, "goo please"
chacalay1 leaves the table
cornnuts4me joins the table at seat #7 
Vitalya05 is connected 
Vitalya05: bets $0.06
Andorrior: calls $0.06
*** SHOW DOWN ***
Vitalya05: shows [As Ah] (a pair of Aces)
Andorrior: shows [Kh Ks] (three of a kind, Kings)
Andorrior collected $0.82 from pot
*** SUMMARY ***
Total pot $0.86 | Rake $0.04 
Board [Th Qd 6h Kc 9d]
Seat 1: Andorrior showed [Kh Ks] and won ($0.82) with three of a kind, Kings
Seat 2: perffect16 folded on the Flop
Seat 3: Vitalya05 showed [As Ah] and lost with a pair of Aces
Seat 4: Adriano Pulz folded before Flop (didn't bet)
Seat 5: Aguardente2 (button) folded before Flop (didn't bet)
Seat 6: doctor-mex 07 (small blind) folded before Flop
Seat 7: chacalay1 (big blind) folded before Flop
Seat 8: DMT4000 folded before Flop (didn't bet)
Seat 9: Dorex2007 folded before Flop (didn't bet)



PokerStars Hand #231332857120:  Hold'em No Limit ($0.01/$0.02 USD) - 2021/11/11 19:05:48 PT [2021/11/11 22:05:48 ET]
Table 'Amherstia' 9-max Seat #6 is the button
Seat 1: Andorrior ($3.25 in chips) 
Seat 2: perffect16 ($1.85 in chips) 
Seat 3: Vitalya05 ($3.90 in chips) 
Seat 4: Adriano Pulz ($2.34 in chips) 
Seat 5: Aguardente2 ($2.15 in chips) 
Seat 6: doctor-mex 07 ($0.87 in chips) 
Seat 8: DMT4000 ($2 in chips) 
Seat 9: Dorex2007 ($2.69 in chips) 
DMT4000: posts small blind $0.01
Dorex2007: posts big blind $0.02
*** HOLE CARDS ***
Dealt to Dorex2007 [5s 3d]
Andorrior: folds 
perffect16: raises $0.02 to $0.04
Vitalya05: calls $0.04
Adriano Pulz: folds 
Aguardente2: calls $0.04
doctor-mex 07: folds 
DMT4000: raises $0.08 to $0.12
Dorex2007: folds 
perffect16: folds 
Vitalya05: calls $0.08
Aguardente2: calls $0.08
*** FLOP *** [2s Qs Js]
DMT4000: bets $0.32
Vitalya05: calls $0.32
Aguardente2: folds 
*** TURN *** [2s Qs Js] [8d]
DMT4000: bets $1.56 and is all-in
Vitalya05: calls $1.56
*** RIVER *** [2s Qs Js 8d] [Jh]
*** SHOW DOWN ***
DMT4000: shows [9d Kd] (a pair of Jacks)
Vitalya05: shows [Th Ks] (a pair of Jacks - King+Queen+Ten kicker)
Vitalya05 collected $4.03 from pot
*** SUMMARY ***
Total pot $4.18 | Rake $0.15 
Board [2s Qs Js 8d Jh]
Seat 1: Andorrior folded before Flop (didn't bet)
Seat 2: perffect16 folded before Flop
Seat 3: Vitalya05 showed [Th Ks] and won ($4.03) with a pair of Jacks
Seat 4: Adriano Pulz folded before Flop (didn't bet)
Seat 5: Aguardente2 folded on the Flop
Seat 6: doctor-mex 07 (button) folded before Flop (didn't bet)
Seat 8: DMT4000 (small blind) showed [9d Kd] and lost with a pair of Jacks
Seat 9: Dorex2007 (big blind) folded before Flop



PokerStars Hand #231332876460:  Hold'em No Limit ($0.01/$0.02 USD) - 2021/11/11 19:07:17 PT [2021/11/11 22:07:17 ET]
Table 'Amherstia' 9-max Seat #8 is the button
Seat 1: Andorrior ($3.25 in chips) 
Seat 2: perffect16 ($1.81 in chips) 
Seat 3: Vitalya05 ($5.93 in chips) 
Seat 4: Adriano Pulz ($2.34 in chips) 
Seat 5: Aguardente2 ($2.03 in chips) 
Seat 6: doctor-mex 07 ($0.87 in chips) 
Seat 7: cornnuts4me ($1.60 in chips) 
Seat 8: DMT4000 ($2 in chips) 
Seat 9: Dorex2007 ($2.67 in chips) 
Dorex2007: posts small blind $0.01
Andorrior: posts big blind $0.02
cornnuts4me: posts big blind $0.02
*** HOLE CARDS ***
Dealt to Dorex2007 [Jc 2h]
perffect16: raises $0.02 to $0.04
Vitalya05: folds 
Adriano Pulz: calls $0.04
Aguardente2: folds 
doctor-mex 07: calls $0.04
cornnuts4me: calls $0.02
DMT4000: folds 
Dorex2007: folds 
Andorrior: folds 
*** FLOP *** [Jh Ad Qd]
perffect16: checks 
Adriano Pulz: checks 
doctor-mex 07: checks 
cornnuts4me: checks 
*** TURN *** [Jh Ad Qd] [Kh]
perffect16: bets $0.18
Adriano Pulz: folds 
doctor-mex 07: raises $0.54 to $0.72
cornnuts4me: folds 
perffect16: raises $0.54 to $1.26
doctor-mex 07: calls $0.11 and is all-in
Uncalled bet ($0.43) returned to perffect16
*** RIVER *** [Jh Ad Qd Kh] [9c]
*** SHOW DOWN ***
perffect16: shows [Ac Th] (a straight, Ten to Ace)
doctor-mex 07: shows [Ts Td] (a straight, Ten to Ace)
perffect16 collected $0.90 from pot
doctor-mex 07 collected $0.89 from pot
*** SUMMARY ***
Total pot $1.85 | Rake $0.06 
Board [Jh Ad Qd Kh 9c]
Seat 1: Andorrior (big blind) folded before Flop
Seat 2: perffect16 showed [Ac Th] and won ($0.90) with a straight, Ten to Ace
Seat 3: Vitalya05 folded before Flop (didn't bet)
Seat 4: Adriano Pulz folded on the Turn
Seat 5: Aguardente2 folded before Flop (didn't bet)
Seat 6: doctor-mex 07 showed [Ts Td] and won ($0.89) with a straight, Ten to Ace
Seat 7: cornnuts4me folded on the Turn
Seat 8: DMT4000 (button) folded before Flop (didn't bet)
Seat 9: Dorex2007 (small blind) folded before Flop



PokerStars Hand #231332892602:  Hold'em No Limit ($0.01/$0.02 USD) - 2021/11/11 19:08:32 PT [2021/11/11 22:08:32 ET]
Table 'Amherstia' 9-max Seat #9 is the button
Seat 1: Andorrior ($3.23 in chips) 
Seat 2: perffect16 ($1.84 in chips) 
Seat 3: Vitalya05 ($5.93 in chips) 
Seat 4: Adriano Pulz ($2.30 in chips) 
Seat 5: Aguardente2 ($2.03 in chips) 
Seat 6: doctor-mex 07 ($0.89 in chips) 
Seat 7: cornnuts4me ($1.56 in chips) 
Seat 8: DMT4000 ($2 in chips) 
Seat 9: Dorex2007 ($2.66 in chips) 
Andorrior: posts small blind $0.01
perffect16: posts big blind $0.02
*** HOLE CARDS ***
Dealt to Dorex2007 [Ah 6c]
Vitalya05: folds 
Adriano Pulz: folds 
Aguardente2: calls $0.02
doctor-mex 07: folds 
cornnuts4me: folds 
DMT4000: folds 
Dorex2007: folds 
Andorrior: folds 
perffect16: checks 
*** FLOP *** [Jh Ks Kd]
perffect16 has timed out
perffect16: checks 
Aguardente2: bets $0.05
perffect16: folds 
Uncalled bet ($0.05) returned to Aguardente2
Aguardente2 collected $0.05 from pot
Aguardente2: doesn't show hand 
*** SUMMARY ***
Total pot $0.05 | Rake $0 
Board [Jh Ks Kd]
Seat 1: Andorrior (small blind) folded before Flop
Seat 2: perffect16 (big blind) folded on the Flop
Seat 3: Vitalya05 folded before Flop (didn't bet)
Seat 4: Adriano Pulz folded before Flop (didn't bet)
Seat 5: Aguardente2 collected ($0.05)
Seat 6: doctor-mex 07 folded before Flop (didn't bet)
Seat 7: cornnuts4me folded before Flop (didn't bet)
Seat 8: DMT4000 folded before Flop (didn't bet)
Seat 9: Dorex2007 (button) folded before Flop (didn't bet)



PokerStars Hand #231332901680:  Hold'em No Limit ($0.01/$0.02 USD) - 2021/11/11 19:09:14 PT [2021/11/11 22:09:14 ET]
Table 'Amherstia' 9-max Seat #1 is the button
Seat 1: Andorrior ($3.22 in chips) 
Seat 2: perffect16 ($1.82 in chips) 
Seat 3: Vitalya05 ($5.93 in chips) 
Seat 4: Adriano Pulz ($2.30 in chips) 
Seat 5: Aguardente2 ($2.06 in chips) 
Seat 6: doctor-mex 07 ($0.89 in chips) 
Seat 7: cornnuts4me ($1.56 in chips) 
Seat 8: DMT4000 ($2 in chips) 
Seat 9: Dorex2007 ($2.66 in chips) 
perffect16: posts small blind $0.01
Vitalya05: posts big blind $0.02
*** HOLE CARDS ***
Dealt to Dorex2007 [Ks 5d]
Adriano Pulz: folds 
Aguardente2: calls $0.02
doctor-mex 07: folds 
cornnuts4me: folds 
DMT4000: folds 
Dorex2007: folds 
Andorrior: folds 
perffect16: raises $0.04 to $0.06
Vitalya05: calls $0.04
Aguardente2: calls $0.04
*** FLOP *** [9c Tc 2s]
perffect16: checks 
Vitalya05: checks 
Aguardente2: bets $0.06
perffect16: calls $0.06
Vitalya05: folds 
*** TURN *** [9c Tc 2s] [8s]
perffect16: checks 
Aguardente2: bets $0.10
perffect16: calls $0.10
*** RIVER *** [9c Tc 2s 8s] [3s]
perffect16: checks 
Aguardente2: checks 
*** SHOW DOWN ***
perffect16: shows [Kh Jd] (high card King)
Aguardente2: shows [7d 9d] (a pair of Nines)
Aguardente2 collected $0.48 from pot
*** SUMMARY ***
Total pot $0.50 | Rake $0.02 
Board [9c Tc 2s 8s 3s]
Seat 1: Andorrior (button) folded before Flop (didn't bet)
Seat 2: perffect16 (small blind) showed [Kh Jd] and lost with high card King
Seat 3: Vitalya05 (big blind) folded on the Flop
Seat 4: Adriano Pulz folded before Flop (didn't bet)
Seat 5: Aguardente2 showed [7d 9d] and won ($0.48) with a pair of Nines
Seat 6: doctor-mex 07 folded before Flop (didn't bet)
Seat 7: cornnuts4me folded before Flop (didn't bet)
Seat 8: DMT4000 folded before Flop (didn't bet)
Seat 9: Dorex2007 folded before Flop (didn't bet)



PokerStars Hand #231332915626:  Hold'em No Limit ($0.01/$0.02 USD) - 2021/11/11 19:10:19 PT [2021/11/11 22:10:19 ET]
Table 'Amherstia' 9-max Seat #2 is the button
Seat 1: Andorrior ($3.22 in chips) 
Seat 2: perffect16 ($2 in chips) 
Seat 3: Vitalya05 ($5.87 in chips) 
Seat 4: Adriano Pulz ($2.30 in chips) 
Seat 5: Aguardente2 ($2.32 in chips) 
Seat 6: doctor-mex 07 ($0.89 in chips) 
Seat 7: cornnuts4me ($1.56 in chips) 
Seat 8: DMT4000 ($2 in chips) 
Seat 9: Dorex2007 ($2.66 in chips) 
Vitalya05: posts small blind $0.01
Adriano Pulz: posts big blind $0.02
*** HOLE CARDS ***
Dealt to Dorex2007 [2c 2d]
Aguardente2: raises $0.02 to $0.04
doctor-mex 07: folds 
cornnuts4me: calls $0.04
DMT4000: raises $0.04 to $0.08
Dorex2007: folds 
Andorrior: folds 
perffect16: folds 
perffect16 leaves the table
Vitalya05: folds 
Aguardente2 said, "^^"
Adriano Pulz: folds 
SrO157 joins the table at seat #2 
Aguardente2: calls $0.04
cornnuts4me: calls $0.04
*** FLOP *** [6s Kh 9d]
Aguardente2: checks 
Vitalya05 said, "^^"
cornnuts4me: checks 
DMT4000: bets $0.06
Aguardente2: folds 
cornnuts4me: folds 
Uncalled bet ($0.06) returned to DMT4000
DMT4000 collected $0.26 from pot
DMT4000: doesn't show hand 
*** SUMMARY ***
Total pot $0.27 | Rake $0.01 
Board [6s Kh 9d]
Seat 1: Andorrior folded before Flop (didn't bet)
Seat 2: perffect16 (button) folded before Flop (didn't bet)
Seat 3: Vitalya05 (small blind) folded before Flop
Seat 4: Adriano Pulz (big blind) folded before Flop
Seat 5: Aguardente2 folded on the Flop
Seat 6: doctor-mex 07 folded before Flop (didn't bet)
Seat 7: cornnuts4me folded on the Flop
Seat 8: DMT4000 collected ($0.26)
Seat 9: Dorex2007 folded before Flop (didn't bet)



PokerStars Hand #231332928803:  Hold'em No Limit ($0.01/$0.02 USD) - 2021/11/11 19:11:21 PT [2021/11/11 22:11:21 ET]
Table 'Amherstia' 9-max Seat #3 is the button
Seat 1: Andorrior ($3.22 in chips) 
Seat 2: SrO157 ($0.89 in chips) 
Seat 3: Vitalya05 ($5.86 in chips) 
Seat 4: Adriano Pulz ($2.28 in chips) 
Seat 5: Aguardente2 ($2.24 in chips) 
Seat 6: doctor-mex 07 ($0.89 in chips) 
Seat 7: cornnuts4me ($1.48 in chips) 
Seat 8: DMT4000 ($2.18 in chips) 
Seat 9: Dorex2007 ($2.66 in chips) 
Adriano Pulz: posts small blind $0.01
Aguardente2: posts big blind $0.02
SrO157: posts big blind $0.02
*** HOLE CARDS ***
Dealt to Dorex2007 [4d 3c]
doctor-mex 07: folds 
cornnuts4me: calls $0.02
DMT4000: folds 
Dorex2007: folds 
Andorrior: folds 
SrO157: raises $0.04 to $0.06
Vitalya05: calls $0.06
Adriano Pulz: calls $0.05
Aguardente2: calls $0.04
cornnuts4me: calls $0.04
*** FLOP *** [Qh Kh 2s]
Adriano Pulz: checks 
Aguardente2: bets $0.02
doctor-mex 07 leaves the table
cornnuts4me: raises $0.21 to $0.23
SrO157: folds 
Vitalya05: folds 
Adriano Pulz: folds 
Aguardente2: folds 
Uncalled bet ($0.21) returned to cornnuts4me
cornnuts4me collected $0.33 from pot
*** SUMMARY ***
Total pot $0.34 | Rake $0.01 
Board [Qh Kh 2s]
Seat 1: Andorrior folded before Flop (didn't bet)
Seat 2: SrO157 folded on the Flop
Seat 3: Vitalya05 (button) folded on the Flop
Seat 4: Adriano Pulz (small blind) folded on the Flop
Seat 5: Aguardente2 (big blind) folded on the Flop
Seat 6: doctor-mex 07 folded before Flop (didn't bet)
Seat 7: cornnuts4me collected ($0.33)
Seat 8: DMT4000 folded before Flop (didn't bet)
Seat 9: Dorex2007 folded before Flop (didn't bet)



PokerStars Hand #231332946503:  Hold'em No Limit ($0.01/$0.02 USD) - 2021/11/11 19:12:43 PT [2021/11/11 22:12:43 ET]
Table 'Amherstia' 9-max Seat #4 is the button
Seat 1: Andorrior ($3.22 in chips) 
Seat 2: SrO157 ($0.83 in chips) 
Seat 3: Vitalya05 ($5.80 in chips) 
Seat 4: Adriano Pulz ($2.22 in chips) 
Seat 5: Aguardente2 ($2.16 in chips) 
Seat 7: cornnuts4me ($1.73 in chips) 
Seat 8: DMT4000 ($2.18 in chips) 
Seat 9: Dorex2007 ($2.66 in chips) 
Aguardente2: posts small blind $0.01
cornnuts4me: posts big blind $0.02
*** HOLE CARDS ***
Dealt to Dorex2007 [3d Js]
DMT4000: folds 
Dorex2007: folds 
Andorrior: folds 
SrO157: folds 
Vitalya05: raises $0.04 to $0.06
Adriano Pulz: folds 
Aguardente2: calls $0.05
cornnuts4me: folds 
*** FLOP *** [8d 7c 4h]
Aguardente2: checks 
Vitalya05: checks 
*** TURN *** [8d 7c 4h] [5h]
Aguardente2: bets $0.02
Vitalya05: calls $0.02
*** RIVER *** [8d 7c 4h 5h] [6h]
Aguardente2: bets $0.17
Vitalya05: calls $0.17
*** SHOW DOWN ***
Aguardente2: shows [3c 3s] (a straight, Four to Eight)
Vitalya05: shows [Qc Qd] (a straight, Four to Eight)
Aguardente2 collected $0.25 from pot
Vitalya05 collected $0.25 from pot
*** SUMMARY ***
Total pot $0.52 | Rake $0.02 
Board [8d 7c 4h 5h 6h]
Seat 1: Andorrior folded before Flop (didn't bet)
Seat 2: SrO157 folded before Flop (didn't bet)
Seat 3: Vitalya05 showed [Qc Qd] and won ($0.25) with a straight, Four to Eight
Seat 4: Adriano Pulz (button) folded before Flop (didn't bet)
Seat 5: Aguardente2 (small blind) showed [3c 3s] and won ($0.25) with a straight, Four to Eight
Seat 7: cornnuts4me (big blind) folded before Flop
Seat 8: DMT4000 folded before Flop (didn't bet)
Seat 9: Dorex2007 folded before Flop (didn't bet)



PokerStars Hand #231332958298:  Hold'em No Limit ($0.01/$0.02 USD) - 2021/11/11 19:13:39 PT [2021/11/11 22:13:39 ET]
Table 'Amherstia' 9-max Seat #5 is the button
Seat 1: Andorrior ($3.22 in chips) 
Seat 2: SrO157 ($0.83 in chips) 
Seat 3: Vitalya05 ($5.80 in chips) 
Seat 4: Adriano Pulz ($2.22 in chips) 
Seat 5: Aguardente2 ($2.16 in chips) 
Seat 7: cornnuts4me ($1.71 in chips) 
Seat 8: DMT4000 ($2.18 in chips) 
Seat 9: Dorex2007 ($2.66 in chips) 
cornnuts4me: posts small blind $0.01
DMT4000: posts big blind $0.02
*** HOLE CARDS ***
Dealt to Dorex2007 [Jh 3s]
1Asthma1 joins the table at seat #6 
Dorex2007: folds 
Andorrior: folds 
SrO157: folds 
Vitalya05: folds 
Adriano Pulz: calls $0.02
Aguardente2: calls $0.02
cornnuts4me: raises $0.10 to $0.12
DMT4000: folds 
Adriano Pulz: folds 
Aguardente2: folds 
Uncalled bet ($0.10) returned to cornnuts4me
cornnuts4me collected $0.08 from pot
*** SUMMARY ***
Total pot $0.08 | Rake $0 
Seat 1: Andorrior folded before Flop (didn't bet)
Seat 2: SrO157 folded before Flop (didn't bet)
Seat 3: Vitalya05 folded before Flop (didn't bet)
Seat 4: Adriano Pulz folded before Flop
Seat 5: Aguardente2 (button) folded before Flop
Seat 7: cornnuts4me (small blind) collected ($0.08)
Seat 8: DMT4000 (big blind) folded before Flop
Seat 9: Dorex2007 folded before Flop (didn't bet)



PokerStars Hand #231332966066:  Hold'em No Limit ($0.01/$0.02 USD) - 2021/11/11 19:14:15 PT [2021/11/11 22:14:15 ET]
Table 'Amherstia' 9-max Seat #7 is the button
Seat 1: Andorrior ($3.22 in chips) 
Seat 2: SrO157 ($0.83 in chips) 
Seat 3: Vitalya05 ($5.80 in chips) 
Seat 4: Adriano Pulz ($2.20 in chips) 
Seat 5: Aguardente2 ($2.14 in chips) 
Seat 6: 1Asthma1 ($2 in chips) 
Seat 7: cornnuts4me ($1.77 in chips) 
Seat 8: DMT4000 ($2.16 in chips) 
Seat 9: Dorex2007 ($2.66 in chips) 
DMT4000: posts small blind $0.01
Dorex2007: posts big blind $0.02
1Asthma1: posts big blind $0.02
*** HOLE CARDS ***
Dealt to Dorex2007 [3c 8s]
Andorrior: folds 
SrO157: folds 
Vitalya05: folds 
Adriano Pulz: folds 
Aguardente2: calls $0.02
1Asthma1: raises $0.08 to $0.10
cornnuts4me: calls $0.10
DMT4000: folds 
Dorex2007: folds 
Aguardente2: folds 
*** FLOP *** [6s Qs 3s]
1Asthma1: bets $0.12
cornnuts4me: folds 
Uncalled bet ($0.12) returned to 1Asthma1
1Asthma1 collected $0.24 from pot
1Asthma1: doesn't show hand 
*** SUMMARY ***
Total pot $0.25 | Rake $0.01 
Board [6s Qs 3s]
Seat 1: Andorrior folded before Flop (didn't bet)
Seat 2: SrO157 folded before Flop (didn't bet)
Seat 3: Vitalya05 folded before Flop (didn't bet)
Seat 4: Adriano Pulz folded before Flop (didn't bet)
Seat 5: Aguardente2 folded before Flop
Seat 6: 1Asthma1 collected ($0.24)
Seat 7: cornnuts4me (button) folded on the Flop
Seat 8: DMT4000 (small blind) folded before Flop
Seat 9: Dorex2007 (big blind) folded before Flop



PokerStars Hand #231332976514:  Hold'em No Limit ($0.01/$0.02 USD) - 2021/11/11 19:15:05 PT [2021/11/11 22:15:05 ET]
Table 'Amherstia' 9-max Seat #8 is the button
Seat 1: Andorrior ($3.22 in chips) 
Seat 2: SrO157 ($0.83 in chips) 
Seat 3: Vitalya05 ($5.80 in chips) 
Seat 4: Adriano Pulz ($2.20 in chips) 
Seat 5: Aguardente2 ($2.12 in chips) 
Seat 6: 1Asthma1 ($2.14 in chips) 
Seat 7: cornnuts4me ($1.67 in chips) 
Seat 8: DMT4000 ($2.15 in chips) 
Seat 9: Dorex2007 ($2.64 in chips) 
Dorex2007: posts small blind $0.01
Andorrior: posts big blind $0.02
*** HOLE CARDS ***
Dealt to Dorex2007 [2c 5d]
SrO157: raises $0.03 to $0.05
Vitalya05: folds 
Adriano Pulz: raises $0.07 to $0.12
Aguardente2: folds 
1Asthma1: folds 
cornnuts4me: folds 
DMT4000: folds 
Dorex2007: folds 
Andorrior: folds 
SrO157: calls $0.07
*** FLOP *** [2d 8c 6c]
SrO157: bets $0.13
Adriano Pulz: calls $0.13
*** TURN *** [2d 8c 6c] [Jh]
SrO157: bets $0.51
Adriano Pulz: folds 
Uncalled bet ($0.51) returned to SrO157
SrO157 collected $0.51 from pot
SrO157: doesn't show hand 
*** SUMMARY ***
Total pot $0.53 | Rake $0.02 
Board [2d 8c 6c Jh]
Seat 1: Andorrior (big blind) folded before Flop
Seat 2: SrO157 collected ($0.51)
Seat 3: Vitalya05 folded before Flop (didn't bet)
Seat 4: Adriano Pulz folded on the Turn
Seat 5: Aguardente2 folded before Flop (didn't bet)
Seat 6: 1Asthma1 folded before Flop (didn't bet)
Seat 7: cornnuts4me folded before Flop (didn't bet)
Seat 8: DMT4000 (button) folded before Flop (didn't bet)
Seat 9: Dorex2007 (small blind) folded before Flop



PokerStars Hand #231332987252:  Hold'em No Limit ($0.01/$0.02 USD) - 2021/11/11 19:15:56 PT [2021/11/11 22:15:56 ET]
Table 'Amherstia' 9-max Seat #9 is the button
Seat 1: Andorrior ($3.20 in chips) 
Seat 2: SrO157 ($1.09 in chips) 
Seat 3: Vitalya05 ($5.80 in chips) 
Seat 4: Adriano Pulz ($1.95 in chips) 
Seat 5: Aguardente2 ($2.12 in chips) 
Seat 6: 1Asthma1 ($2.14 in chips) 
Seat 7: cornnuts4me ($1.67 in chips) 
Seat 8: DMT4000 ($2.15 in chips) 
Seat 9: Dorex2007 ($2.63 in chips) 
Andorrior: posts small blind $0.01
SrO157: posts big blind $0.02
*** HOLE CARDS ***
Dealt to Dorex2007 [4c 7h]
Vitalya05: folds 
Adriano Pulz: folds 
Aguardente2: calls $0.02
1Asthma1: folds 
cornnuts4me has timed out
cornnuts4me: folds 
DMT4000: folds 
Dorex2007: folds 
Andorrior: folds 
SrO157: raises $0.05 to $0.07
Aguardente2: calls $0.05
*** FLOP *** [Ad Jh 6h]
SrO157: bets $0.07
Aguardente2: folds 
Uncalled bet ($0.07) returned to SrO157
SrO157 collected $0.14 from pot
SrO157: doesn't show hand 
*** SUMMARY ***
Total pot $0.15 | Rake $0.01 
Board [Ad Jh 6h]
Seat 1: Andorrior (small blind) folded before Flop
Seat 2: SrO157 (big blind) collected ($0.14)
Seat 3: Vitalya05 folded before Flop (didn't bet)
Seat 4: Adriano Pulz folded before Flop (didn't bet)
Seat 5: Aguardente2 folded on the Flop
Seat 6: 1Asthma1 folded before Flop (didn't bet)
Seat 7: cornnuts4me folded before Flop (didn't bet)
Seat 8: DMT4000 folded before Flop (didn't bet)
Seat 9: Dorex2007 (button) folded before Flop (didn't bet)



PokerStars Hand #231332996139:  Hold'em No Limit ($0.01/$0.02 USD) - 2021/11/11 19:16:36 PT [2021/11/11 22:16:36 ET]
Table 'Amherstia' 9-max Seat #1 is the button
Seat 1: Andorrior ($3.19 in chips) 
Seat 2: SrO157 ($1.16 in chips) 
Seat 3: Vitalya05 ($5.80 in chips) 
Seat 4: Adriano Pulz ($1.95 in chips) 
Seat 5: Aguardente2 ($2.05 in chips) 
Seat 6: 1Asthma1 ($2.14 in chips) 
Seat 7: cornnuts4me ($1.67 in chips) 
Seat 8: DMT4000 ($2.15 in chips) 
Seat 9: Dorex2007 ($2.63 in chips) 
SrO157: posts small blind $0.01
Vitalya05: posts big blind $0.02
*** HOLE CARDS ***
Dealt to Dorex2007 [3s Jh]
Adriano Pulz: folds 
Aguardente2: folds 
1Asthma1: folds 
cornnuts4me has timed out
cornnuts4me: folds 
DMT4000: folds 
Dorex2007: folds 
Andorrior: calls $0.02
SrO157: calls $0.01
Vitalya05: checks 
*** FLOP *** [As Jd Td]
SrO157: checks 
Vitalya05: checks 
Andorrior: checks 
*** TURN *** [As Jd Td] [5s]
SrO157: bets $0.03
Vitalya05: calls $0.03
Andorrior: calls $0.03
*** RIVER *** [As Jd Td 5s] [9c]
SrO157: checks 
Vitalya05: checks 
Andorrior: checks 
*** SHOW DOWN ***
SrO157: shows [8h 5d] (a pair of Fives)
Vitalya05: shows [3c Ah] (a pair of Aces)
Andorrior: mucks hand 
Vitalya05 collected $0.14 from pot
*** SUMMARY ***
Total pot $0.15 | Rake $0.01 
Board [As Jd Td 5s 9c]
Seat 1: Andorrior (button) mucked [2s 4s]
Seat 2: SrO157 (small blind) showed [8h 5d] and lost with a pair of Fives
Seat 3: Vitalya05 (big blind) showed [3c Ah] and won ($0.14) with a pair of Aces
Seat 4: Adriano Pulz folded before Flop (didn't bet)
Seat 5: Aguardente2 folded before Flop (didn't bet)
Seat 6: 1Asthma1 folded before Flop (didn't bet)
Seat 7: cornnuts4me folded before Flop (didn't bet)
Seat 8: DMT4000 folded before Flop (didn't bet)
Seat 9: Dorex2007 folded before Flop (didn't bet)



PokerStars Hand #231333008817:  Hold'em No Limit ($0.01/$0.02 USD) - 2021/11/11 19:17:37 PT [2021/11/11 22:17:37 ET]
Table 'Amherstia' 9-max Seat #2 is the button
Seat 1: Andorrior ($3.14 in chips) 
Seat 2: SrO157 ($1.11 in chips) 
Seat 3: Vitalya05 ($5.89 in chips) 
Seat 4: Adriano Pulz ($1.95 in chips) 
Seat 5: Aguardente2 ($2.05 in chips) 
Seat 6: 1Asthma1 ($2.14 in chips) 
Seat 7: cornnuts4me ($1.67 in chips) 
Seat 8: DMT4000 ($2.15 in chips) 
Seat 9: Dorex2007 ($2.63 in chips) 
Vitalya05: posts small blind $0.01
Adriano Pulz: posts big blind $0.02
*** HOLE CARDS ***
Dealt to Dorex2007 [8d Jd]
Aguardente2: calls $0.02
1Asthma1: folds 
cornnuts4me: folds 
DMT4000: folds 
Dorex2007: folds 
Andorrior: folds 
SrO157: raises $0.05 to $0.07
Vitalya05: folds 
Adriano Pulz: calls $0.05
Aguardente2: folds 
*** FLOP *** [6c 3h 6s]
Adriano Pulz: checks 
SrO157: checks 
*** TURN *** [6c 3h 6s] [9c]
Adriano Pulz: bets $0.08
SrO157: raises $0.32 to $0.40
Adriano Pulz: calls $0.32
*** RIVER *** [6c 3h 6s 9c] [2c]
Adriano Pulz: checks 
SrO157: bets $0.64 and is all-in
Adriano Pulz: calls $0.64
*** SHOW DOWN ***
SrO157: shows [6d Ad] (three of a kind, Sixes)
Adriano Pulz: shows [Ks 9d] (two pair, Nines and Sixes)
SrO157 collected $2.17 from pot
*** SUMMARY ***
Total pot $2.25 | Rake $0.08 
Board [6c 3h 6s 9c 2c]
Seat 1: Andorrior folded before Flop (didn't bet)
Seat 2: SrO157 (button) showed [6d Ad] and won ($2.17) with three of a kind, Sixes
Seat 3: Vitalya05 (small blind) folded before Flop
Seat 4: Adriano Pulz (big blind) showed [Ks 9d] and lost with two pair, Nines and Sixes
Seat 5: Aguardente2 folded before Flop
Seat 6: 1Asthma1 folded before Flop (didn't bet)
Seat 7: cornnuts4me folded before Flop (didn't bet)
Seat 8: DMT4000 folded before Flop (didn't bet)
Seat 9: Dorex2007 folded before Flop (didn't bet)



PokerStars Hand #231333030940:  Hold'em No Limit ($0.01/$0.02 USD) - 2021/11/11 19:18:33 PT [2021/11/11 22:18:33 ET]
Table 'Amherstia' 9-max Seat #3 is the button
Seat 1: Andorrior ($3.14 in chips) 
Seat 2: SrO157 ($2.17 in chips) 
Seat 3: Vitalya05 ($5.88 in chips) 
Seat 4: Adriano Pulz ($0.84 in chips) 
Seat 5: Aguardente2 ($2.03 in chips) 
Seat 6: 1Asthma1 ($2.14 in chips) 
Seat 7: cornnuts4me ($1.67 in chips) 
Seat 8: DMT4000 ($2.15 in chips) 
Seat 9: Dorex2007 ($2.63 in chips) 
Adriano Pulz: posts small blind $0.01
Aguardente2: posts big blind $0.02
*** HOLE CARDS ***
Dealt to Dorex2007 [7s 6d]
1Asthma1: folds 
cornnuts4me: folds 
DMT4000: folds 
Dorex2007: folds 
Andorrior: folds 
SrO157: folds 
Vitalya05: folds 
Adriano Pulz: calls $0.01
Aguardente2: raises $0.02 to $0.04
Adriano Pulz: calls $0.02
*** FLOP *** [Ad 5s 8s]
Adriano Pulz: checks 
Aguardente2: bets $0.02
Adriano Pulz: folds 
Uncalled bet ($0.02) returned to Aguardente2
Aguardente2 collected $0.08 from pot
Aguardente2: doesn't show hand 
*** SUMMARY ***
Total pot $0.08 | Rake $0 
Board [Ad 5s 8s]
Seat 1: Andorrior folded before Flop (didn't bet)
Seat 2: SrO157 folded before Flop (didn't bet)
Seat 3: Vitalya05 (button) folded before Flop (didn't bet)
Seat 4: Adriano Pulz (small blind) folded on the Flop
Seat 5: Aguardente2 (big blind) collected ($0.08)
Seat 6: 1Asthma1 folded before Flop (didn't bet)
Seat 7: cornnuts4me folded before Flop (didn't bet)
Seat 8: DMT4000 folded before Flop (didn't bet)
Seat 9: Dorex2007 folded before Flop (didn't bet)



PokerStars Hand #231333036770:  Hold'em No Limit ($0.01/$0.02 USD) - 2021/11/11 19:19:02 PT [2021/11/11 22:19:02 ET]
Table 'Amherstia' 9-max Seat #4 is the button
Seat 1: Andorrior ($3.14 in chips) 
Seat 2: SrO157 ($2.17 in chips) 
Seat 3: Vitalya05 ($5.88 in chips) 
Seat 4: Adriano Pulz ($0.80 in chips) 
Seat 5: Aguardente2 ($2.07 in chips) 
Seat 6: 1Asthma1 ($2.14 in chips) 
Seat 7: cornnuts4me ($1.67 in chips) 
Seat 8: DMT4000 ($2.15 in chips) 
Seat 9: Dorex2007 ($2.63 in chips) 
Aguardente2: posts small blind $0.01
1Asthma1: posts big blind $0.02
*** HOLE CARDS ***
Dealt to Dorex2007 [3c Jc]
cornnuts4me: folds 
DMT4000: folds 
Dorex2007: folds 
Andorrior: folds 
SrO157: folds 
Vitalya05: raises $0.02 to $0.04
Adriano Pulz: calls $0.04
Aguardente2: calls $0.03
1Asthma1: folds 
*** FLOP *** [Kh 5c 9d]
Aguardente2: bets $0.02
Vitalya05: raises $0.02 to $0.04
Adriano Pulz: calls $0.04
Aguardente2: calls $0.02
*** TURN *** [Kh 5c 9d] [2h]
Aguardente2: checks 
Vitalya05: bets $0.08
Adriano Pulz: folds 
Aguardente2: folds 
Uncalled bet ($0.08) returned to Vitalya05
Vitalya05 collected $0.25 from pot
Vitalya05: doesn't show hand 
*** SUMMARY ***
Total pot $0.26 | Rake $0.01 
Board [Kh 5c 9d 2h]
Seat 1: Andorrior folded before Flop (didn't bet)
Seat 2: SrO157 folded before Flop (didn't bet)
Seat 3: Vitalya05 collected ($0.25)
Seat 4: Adriano Pulz (button) folded on the Turn
Seat 5: Aguardente2 (small blind) folded on the Turn
Seat 6: 1Asthma1 (big blind) folded before Flop
Seat 7: cornnuts4me folded before Flop (didn't bet)
Seat 8: DMT4000 folded before Flop (didn't bet)
Seat 9: Dorex2007 folded before Flop (didn't bet)



PokerStars Hand #231333046205:  Hold'em No Limit ($0.01/$0.02 USD) - 2021/11/11 19:19:47 PT [2021/11/11 22:19:47 ET]
Table 'Amherstia' 9-max Seat #5 is the button
Seat 1: Andorrior ($3.14 in chips) 
Seat 2: SrO157 ($2.17 in chips) 
Seat 3: Vitalya05 ($6.05 in chips) 
Seat 4: Adriano Pulz ($1.88 in chips) 
Seat 5: Aguardente2 ($1.99 in chips) 
Seat 6: 1Asthma1 ($2.12 in chips) 
Seat 7: cornnuts4me ($1.67 in chips) 
Seat 8: DMT4000 ($2.15 in chips) 
Seat 9: Dorex2007 ($2.63 in chips) 
1Asthma1: posts small blind $0.01
cornnuts4me: posts big blind $0.02
*** HOLE CARDS ***
Dealt to Dorex2007 [Th 5s]
DMT4000: raises $0.04 to $0.06
Dorex2007: folds 
Andorrior: folds 
SrO157: raises $0.15 to $0.21
Vitalya05: raises $0.19 to $0.40
Adriano Pulz: folds 
Aguardente2: folds 
1Asthma1: folds 
cornnuts4me: folds 
DMT4000: folds 
SrO157: calls $0.19
*** FLOP *** [Kc 6c 7d]
SrO157: bets $0.37
Vitalya05: raises $0.79 to $1.16
SrO157: folds 
Uncalled bet ($0.79) returned to Vitalya05
Vitalya05 collected $1.57 from pot
Vitalya05: doesn't show hand 
*** SUMMARY ***
Total pot $1.63 | Rake $0.06 
Board [Kc 6c 7d]
Seat 1: Andorrior folded before Flop (didn't bet)
Seat 2: SrO157 folded on the Flop
Seat 3: Vitalya05 collected ($1.57)
Seat 4: Adriano Pulz folded before Flop (didn't bet)
Seat 5: Aguardente2 (button) folded before Flop (didn't bet)
Seat 6: 1Asthma1 (small blind) folded before Flop
Seat 7: cornnuts4me (big blind) folded before Flop
Seat 8: DMT4000 folded before Flop
Seat 9: Dorex2007 folded before Flop (didn't bet)



PokerStars Hand #231333059242:  Hold'em No Limit ($0.01/$0.02 USD) - 2021/11/11 19:20:50 PT [2021/11/11 22:20:50 ET]
Table 'Amherstia' 9-max Seat #6 is the button
Seat 1: Andorrior ($3.14 in chips) 
Seat 2: SrO157 ($1.40 in chips) 
Seat 3: Vitalya05 ($6.85 in chips) 
Seat 4: Adriano Pulz ($2 in chips) 
Seat 5: Aguardente2 ($1.99 in chips) 
Seat 6: 1Asthma1 ($2.11 in chips) 
Seat 7: cornnuts4me ($1.65 in chips) 
Seat 8: DMT4000 ($2.09 in chips) 
Seat 9: Dorex2007 ($2.63 in chips) 
cornnuts4me: posts small blind $0.01
DMT4000: posts big blind $0.02
*** HOLE CARDS ***
Dealt to Dorex2007 [As 4s]
Dorex2007: folds 
Andorrior: folds 
SrO157: folds 
Vitalya05: folds 
Adriano Pulz: folds 
Aguardente2: calls $0.02
1Asthma1: folds 
cornnuts4me: folds 
DMT4000: raises $0.04 to $0.06
Aguardente2: calls $0.04
*** FLOP *** [7d 6h 4d]
DMT4000: bets $0.08
Aguardente2: calls $0.08
*** TURN *** [7d 6h 4d] [Td]
DMT4000: bets $0.22
Aguardente2: calls $0.22
*** RIVER *** [7d 6h 4d Td] [6c]
DMT4000: bets $0.21
Aguardente2: folds 
Uncalled bet ($0.21) returned to DMT4000
DMT4000 collected $0.70 from pot
DMT4000: doesn't show hand 
*** SUMMARY ***
Total pot $0.73 | Rake $0.03 
Board [7d 6h 4d Td 6c]
Seat 1: Andorrior folded before Flop (didn't bet)
Seat 2: SrO157 folded before Flop (didn't bet)
Seat 3: Vitalya05 folded before Flop (didn't bet)
Seat 4: Adriano Pulz folded before Flop (didn't bet)
Seat 5: Aguardente2 folded on the River
Seat 6: 1Asthma1 (button) folded before Flop (didn't bet)
Seat 7: cornnuts4me (small blind) folded before Flop
Seat 8: DMT4000 (big blind) collected ($0.70)
Seat 9: Dorex2007 folded before Flop (didn't bet)



PokerStars Hand #231333081948:  Hold'em No Limit ($0.01/$0.02 USD) - 2021/11/11 19:22:02 PT [2021/11/11 22:22:02 ET]
Table 'Amherstia' 9-max Seat #7 is the button
Seat 1: Andorrior ($3.14 in chips) 
Seat 2: SrO157 ($1.40 in chips) 
Seat 3: Vitalya05 ($6.85 in chips) 
Seat 5: Aguardente2 ($1.63 in chips) 
Seat 6: 1Asthma1 ($2.11 in chips) 
Seat 7: cornnuts4me ($1.64 in chips) 
Seat 8: DMT4000 ($2.43 in chips) 
Seat 9: Dorex2007 ($2.63 in chips) 
DMT4000: posts small blind $0.01
Dorex2007: posts big blind $0.02
*** HOLE CARDS ***
Dealt to Dorex2007 [7h Th]
Andorrior: folds 
SrO157: folds 
Vitalya05: folds 
Aguardente2: folds 
1Asthma1: raises $0.03 to $0.05
cornnuts4me: folds 
DMT4000: raises $0.07 to $0.12
Dorex2007: folds 
1Asthma1: calls $0.07
*** FLOP *** [4s Kc 5h]
DMT4000: bets $0.20
1Asthma1: folds 
Uncalled bet ($0.20) returned to DMT4000
DMT4000 collected $0.25 from pot
DMT4000: doesn't show hand 
*** SUMMARY ***
Total pot $0.26 | Rake $0.01 
Board [4s Kc 5h]
Seat 1: Andorrior folded before Flop (didn't bet)
Seat 2: SrO157 folded before Flop (didn't bet)
Seat 3: Vitalya05 folded before Flop (didn't bet)
Seat 5: Aguardente2 folded before Flop (didn't bet)
Seat 6: 1Asthma1 folded on the Flop
Seat 7: cornnuts4me (button) folded before Flop (didn't bet)
Seat 8: DMT4000 (small blind) collected ($0.25)
Seat 9: Dorex2007 (big blind) folded before Flop



PokerStars Hand #231333089175:  Hold'em No Limit ($0.01/$0.02 USD) - 2021/11/11 19:22:37 PT [2021/11/11 22:22:37 ET]
Table 'Amherstia' 9-max Seat #8 is the button
Seat 3: Vitalya05 ($6.85 in chips) 
Seat 4: Adriano Pulz ($2 in chips) 
Seat 5: Aguardente2 ($1.63 in chips) 
Seat 6: 1Asthma1 ($2 in chips) 
Seat 7: cornnuts4me ($1.64 in chips) 
Seat 8: DMT4000 ($2.56 in chips) 
Seat 9: Dorex2007 ($2.61 in chips) 
Dorex2007: posts small blind $0.01
Andorrior: is sitting out 
SrO157: is sitting out 
Vitalya05: posts big blind $0.02
*** HOLE CARDS ***
Dealt to Dorex2007 [9s 3d]
Adriano Pulz: folds 
Aguardente2: calls $0.02
1Asthma1: folds 
Andorrior leaves the table
cornnuts4me: folds 
DMT4000: folds 
Dorex2007: folds 
Vitalya05: checks 
*** FLOP *** [6c 4h Ts]
shawmoney joins the table at seat #1 
Vitalya05: checks 
Aguardente2: bets $0.02
Vitalya05: folds 
Uncalled bet ($0.02) returned to Aguardente2
Aguardente2 collected $0.05 from pot
Aguardente2: doesn't show hand 
*** SUMMARY ***
Total pot $0.05 | Rake $0 
Board [6c 4h Ts]
Seat 3: Vitalya05 (big blind) folded on the Flop
Seat 4: Adriano Pulz folded before Flop (didn't bet)
Seat 5: Aguardente2 collected ($0.05)
Seat 6: 1Asthma1 folded before Flop (didn't bet)
Seat 7: cornnuts4me folded before Flop (didn't bet)
Seat 8: DMT4000 (button) folded before Flop (didn't bet)
Seat 9: Dorex2007 (small blind) folded before Flop



PokerStars Hand #231333093700:  Hold'em No Limit ($0.01/$0.02 USD) - 2021/11/11 19:22:59 PT [2021/11/11 22:22:59 ET]
Table 'Amherstia' 9-max Seat #9 is the button
Seat 3: Vitalya05 ($6.83 in chips) 
Seat 4: Adriano Pulz ($2 in chips) 
Seat 5: Aguardente2 ($1.66 in chips) 
Seat 6: 1Asthma1 ($2 in chips) 
Seat 7: cornnuts4me ($1.64 in chips) 
Seat 8: DMT4000 ($2.56 in chips) 
Seat 9: Dorex2007 ($2.60 in chips) 
Vitalya05: posts small blind $0.01
Adriano Pulz: posts big blind $0.02
*** HOLE CARDS ***
Dealt to Dorex2007 [Jc 3s]
Aguardente2: folds 
1Asthma1: folds 
cornnuts4me: folds 
DMT4000: folds 
Dorex2007: folds 
shawmoney leaves the table
Vitalya05: raises $0.02 to $0.04
Adriano Pulz: calls $0.02
*** FLOP *** [Qh 6h 5d]
Vitalya05: checks 
Adriano Pulz: checks 
*** TURN *** [Qh 6h 5d] [4c]
Vitalya05: checks 
Adriano Pulz: bets $0.04
Vitalya05: calls $0.04
*** RIVER *** [Qh 6h 5d 4c] [2d]
Vitalya05: bets $0.08
Adriano Pulz: raises $0.08 to $0.16
Vitalya05: raises $0.08 to $0.24
okotokian1 joins the table at seat #1 
Adriano Pulz: raises $0.08 to $0.32
Vitalya05: calls $0.08
*** SHOW DOWN ***
Adriano Pulz: shows [8s 7s] (a straight, Four to Eight)
Vitalya05: mucks hand 
Adriano Pulz collected $0.77 from pot
*** SUMMARY ***
Total pot $0.80 | Rake $0.03 
Board [Qh 6h 5d 4c 2d]
Seat 3: Vitalya05 (small blind) mucked [Td Qs]
Seat 4: Adriano Pulz (big blind) showed [8s 7s] and won ($0.77) with a straight, Four to Eight
Seat 5: Aguardente2 folded before Flop (didn't bet)
Seat 6: 1Asthma1 folded before Flop (didn't bet)
Seat 7: cornnuts4me folded before Flop (didn't bet)
Seat 8: DMT4000 folded before Flop (didn't bet)
Seat 9: Dorex2007 (button) folded before Flop (didn't bet)



PokerStars Hand #231333103476:  Hold'em No Limit ($0.01/$0.02 USD) - 2021/11/11 19:23:46 PT [2021/11/11 22:23:46 ET]
Table 'Amherstia' 9-max Seat #3 is the button
Seat 3: Vitalya05 ($6.43 in chips) 
Seat 4: Adriano Pulz ($2.37 in chips) 
Seat 5: Aguardente2 ($1.66 in chips) 
Seat 6: 1Asthma1 ($2 in chips) 
Seat 7: cornnuts4me ($1.64 in chips) 
Seat 8: DMT4000 ($2.56 in chips) 
Seat 9: Dorex2007 ($2.60 in chips) 
Adriano Pulz: posts small blind $0.01
Aguardente2: posts big blind $0.02
okotokian1: sits out 
SrO157: sits out 
*** HOLE CARDS ***
Dealt to Dorex2007 [9h Jh]
1Asthma1: folds 
cornnuts4me: folds 
DMT4000: raises $0.04 to $0.06
Dorex2007: folds 
Vitalya05: folds 
Adriano Pulz: calls $0.05
Aguardente2: folds 
*** FLOP *** [6c 4d 5d]
Adriano Pulz: checks 
DMT4000: bets $0.08
Adriano Pulz: calls $0.08
*** TURN *** [6c 4d 5d] [Qh]
Adriano Pulz: checks 
DMT4000: bets $0.20
Adriano Pulz: folds 
Uncalled bet ($0.20) returned to DMT4000
DMT4000 collected $0.29 from pot
DMT4000: doesn't show hand 
*** SUMMARY ***
Total pot $0.30 | Rake $0.01 
Board [6c 4d 5d Qh]
Seat 3: Vitalya05 (button) folded before Flop (didn't bet)
Seat 4: Adriano Pulz (small blind) folded on the Turn
Seat 5: Aguardente2 (big blind) folded before Flop
Seat 6: 1Asthma1 folded before Flop (didn't bet)
Seat 7: cornnuts4me folded before Flop (didn't bet)
Seat 8: DMT4000 collected ($0.29)
Seat 9: Dorex2007 folded before Flop (didn't bet)



PokerStars Hand #231333115847:  Hold'em No Limit ($0.01/$0.02 USD) - 2021/11/11 19:24:46 PT [2021/11/11 22:24:46 ET]
Table 'Amherstia' 9-max Seat #4 is the button
Seat 3: Vitalya05 ($6.43 in chips) 
Seat 4: Adriano Pulz ($2.23 in chips) 
Seat 5: Aguardente2 ($1.64 in chips) 
Seat 6: 1Asthma1 ($2 in chips) 
Seat 7: cornnuts4me ($1.64 in chips) 
Seat 8: DMT4000 ($2.71 in chips) 
Seat 9: Dorex2007 ($2.60 in chips) 
Aguardente2: posts small blind $0.01
1Asthma1: posts big blind $0.02
okotokian1: sits out 
SrO157: sits out 
*** HOLE CARDS ***
Dealt to Dorex2007 [9c 4s]
cornnuts4me: folds 
DMT4000: folds 
Dorex2007: folds 
Vitalya05: folds 
Adriano Pulz: folds 
SrO157 leaves the table
Aguardente2: calls $0.01
1Asthma1: checks 
*** FLOP *** [Qs Qd 7s]
Aguardente2: bets $0.04
1Asthma1: raises $0.10 to $0.14
Aguardente2: folds 
Uncalled bet ($0.10) returned to 1Asthma1
1Asthma1 collected $0.12 from pot
1Asthma1: doesn't show hand 
*** SUMMARY ***
Total pot $0.12 | Rake $0 
Board [Qs Qd 7s]
Seat 3: Vitalya05 folded before Flop (didn't bet)
Seat 4: Adriano Pulz (button) folded before Flop (didn't bet)
Seat 5: Aguardente2 (small blind) folded on the Flop
Seat 6: 1Asthma1 (big blind) collected ($0.12)
Seat 7: cornnuts4me folded before Flop (didn't bet)
Seat 8: DMT4000 folded before Flop (didn't bet)
Seat 9: Dorex2007 folded before Flop (didn't bet)



PokerStars Hand #231333122239:  Hold'em No Limit ($0.01/$0.02 USD) - 2021/11/11 19:25:18 PT [2021/11/11 22:25:18 ET]
Table 'Amherstia' 9-max Seat #5 is the button
Seat 3: Vitalya05 ($6.43 in chips) 
Seat 4: Adriano Pulz ($2.23 in chips) 
Seat 5: Aguardente2 ($1.58 in chips) 
Seat 6: 1Asthma1 ($2.06 in chips) 
Seat 7: cornnuts4me ($1.64 in chips) 
Seat 8: DMT4000 ($2.71 in chips) 
Seat 9: Dorex2007 ($2.60 in chips) 
1Asthma1: posts small blind $0.01
cornnuts4me: posts big blind $0.02
okotokian1: sits out 
*** HOLE CARDS ***
Dealt to Dorex2007 [Kc 4c]
DMT4000: folds 
Dorex2007: folds 
Vitalya05: calls $0.02
ANDREIKA1117 joins the table at seat #2 
Adriano Pulz: folds 
Aguardente2: calls $0.02
1Asthma1: folds 
cornnuts4me: checks 
*** FLOP *** [As Qh Jc]
cornnuts4me: checks 
Vitalya05: checks 
Aguardente2: bets $0.07
cornnuts4me: folds 
Vitalya05: folds 
Uncalled bet ($0.07) returned to Aguardente2
Aguardente2 collected $0.07 from pot
Aguardente2: doesn't show hand 
*** SUMMARY ***
Total pot $0.07 | Rake $0 
Board [As Qh Jc]
Seat 3: Vitalya05 folded on the Flop
Seat 4: Adriano Pulz folded before Flop (didn't bet)
Seat 5: Aguardente2 (button) collected ($0.07)
Seat 6: 1Asthma1 (small blind) folded before Flop
Seat 7: cornnuts4me (big blind) folded on the Flop
Seat 8: DMT4000 folded before Flop (didn't bet)
Seat 9: Dorex2007 folded before Flop (didn't bet)



PokerStars Hand #231333129033:  Hold'em No Limit ($0.01/$0.02 USD) - 2021/11/11 19:25:52 PT [2021/11/11 22:25:52 ET]
Table 'Amherstia' 9-max Seat #6 is the button
Seat 2: ANDREIKA1117 ($0.80 in chips) 
Seat 3: Vitalya05 ($6.41 in chips) 
Seat 4: Adriano Pulz ($2.23 in chips) 
Seat 5: Aguardente2 ($1.63 in chips) 
Seat 6: 1Asthma1 ($2.05 in chips) 
Seat 7: cornnuts4me ($1.62 in chips) 
Seat 8: DMT4000 ($2.71 in chips) 
Seat 9: Dorex2007 ($2.60 in chips) 
cornnuts4me: posts small blind $0.01
DMT4000: posts big blind $0.02
okotokian1: sits out 
ANDREIKA1117: posts big blind $0.02
*** HOLE CARDS ***
Dealt to Dorex2007 [6d Ks]
Dorex2007: folds 
ANDREIKA1117: checks 
Vitalya05: calls $0.02
Adriano Pulz: folds 
Aguardente2: calls $0.02
1Asthma1: raises $0.09 to $0.11
cornnuts4me: calls $0.10
DMT4000: folds 
ANDREIKA1117: folds 
Vitalya05: calls $0.09
Aguardente2: folds 
*** FLOP *** [5d 9d 9h]
cornnuts4me: checks 
Vitalya05: checks 
1Asthma1: checks 
*** TURN *** [5d 9d 9h] [Td]
cornnuts4me: checks 
Vitalya05: bets $0.14
1Asthma1: folds 
cornnuts4me: calls $0.14
*** RIVER *** [5d 9d 9h Td] [Qd]
cornnuts4me: checks 
Vitalya05: bets $0.40
cornnuts4me: calls $0.40
*** SHOW DOWN ***
Vitalya05: shows [Qh 7h] (two pair, Queens and Nines)
cornnuts4me: shows [Jd Ac] (a flush, Queen high)
cornnuts4me collected $1.42 from pot
*** SUMMARY ***
Total pot $1.47 | Rake $0.05 
Board [5d 9d 9h Td Qd]
Seat 2: ANDREIKA1117 folded before Flop (didn't bet)
Seat 3: Vitalya05 showed [Qh 7h] and lost with two pair, Queens and Nines
Seat 4: Adriano Pulz folded before Flop (didn't bet)
Seat 5: Aguardente2 folded before Flop
Seat 6: 1Asthma1 (button) folded on the Turn
Seat 7: cornnuts4me (small blind) showed [Jd Ac] and won ($1.42) with a flush, Queen high
Seat 8: DMT4000 (big blind) folded before Flop
Seat 9: Dorex2007 folded before Flop (didn't bet)



PokerStars Hand #231333142005:  Hold'em No Limit ($0.01/$0.02 USD) - 2021/11/11 19:26:56 PT [2021/11/11 22:26:56 ET]
Table 'Amherstia' 9-max Seat #7 is the button
Seat 2: ANDREIKA1117 ($0.78 in chips) 
Seat 3: Vitalya05 ($5.76 in chips) 
Seat 5: Aguardente2 ($1.61 in chips) 
Seat 6: 1Asthma1 ($2 in chips) 
Seat 7: cornnuts4me ($2.39 in chips) 
Seat 8: DMT4000 ($2.69 in chips) 
Seat 9: Dorex2007 ($2.60 in chips) 
DMT4000: posts small blind $0.01
Dorex2007: posts big blind $0.02
okotokian1: sits out 
*** HOLE CARDS ***
Dealt to Dorex2007 [5h Jh]
ANDREIKA1117: calls $0.02
Vitalya05: folds 
Aguardente2: folds 
1Asthma1: folds 
cornnuts4me: raises $0.04 to $0.06
DMT4000: folds 
Dorex2007: folds 
ANDREIKA1117: calls $0.04
*** FLOP *** [Js Jd Qc]
ANDREIKA1117: checks 
cornnuts4me: checks 
*** TURN *** [Js Jd Qc] [4h]
ANDREIKA1117: bets $0.14
cornnuts4me: folds 
Uncalled bet ($0.14) returned to ANDREIKA1117
ANDREIKA1117 collected $0.14 from pot
ANDREIKA1117: doesn't show hand 
*** SUMMARY ***
Total pot $0.15 | Rake $0.01 
Board [Js Jd Qc 4h]
Seat 2: ANDREIKA1117 collected ($0.14)
Seat 3: Vitalya05 folded before Flop (didn't bet)
Seat 5: Aguardente2 folded before Flop (didn't bet)
Seat 6: 1Asthma1 folded before Flop (didn't bet)
Seat 7: cornnuts4me (button) folded on the Turn
Seat 8: DMT4000 (small blind) folded before Flop
Seat 9: Dorex2007 (big blind) folded before Flop



PokerStars Hand #231333148198:  Hold'em No Limit ($0.01/$0.02 USD) - 2021/11/11 19:27:27 PT [2021/11/11 22:27:27 ET]
Table 'Amherstia' 9-max Seat #8 is the button
Seat 1: okotokian1 ($2 in chips) 
Seat 2: ANDREIKA1117 ($0.86 in chips) 
Seat 3: Vitalya05 ($5.76 in chips) 
Seat 5: Aguardente2 ($1.61 in chips) 
Seat 6: 1Asthma1 ($2 in chips) 
Seat 7: cornnuts4me ($2.33 in chips) 
Seat 8: DMT4000 ($2.68 in chips) 
Seat 9: Dorex2007 ($2.58 in chips) 
Dorex2007: posts small blind $0.01
okotokian1: posts big blind $0.02
*** HOLE CARDS ***
Dealt to Dorex2007 [2h Td]
ANDREIKA1117: calls $0.02
Vitalya05: folds 
Aguardente2: calls $0.02
1Asthma1: folds 
cornnuts4me: folds 
DMT4000: raises $0.04 to $0.06
Dorex2007: folds 
okotokian1: folds 
ANDREIKA1117: calls $0.04
Aguardente2: calls $0.04
*** FLOP *** [6d 4d 4h]
ANDREIKA1117: checks 
Aguardente2: bets $0.10
DMT4000: folds 
ANDREIKA1117: folds 
Uncalled bet ($0.10) returned to Aguardente2
Aguardente2 collected $0.20 from pot
Aguardente2: doesn't show hand 
*** SUMMARY ***
Total pot $0.21 | Rake $0.01 
Board [6d 4d 4h]
Seat 1: okotokian1 (big blind) folded before Flop
Seat 2: ANDREIKA1117 folded on the Flop
Seat 3: Vitalya05 folded before Flop (didn't bet)
Seat 5: Aguardente2 collected ($0.20)
Seat 6: 1Asthma1 folded before Flop (didn't bet)
Seat 7: cornnuts4me folded before Flop (didn't bet)
Seat 8: DMT4000 (button) folded on the Flop
Seat 9: Dorex2007 (small blind) folded before Flop



PokerStars Hand #231333155834:  Hold'em No Limit ($0.01/$0.02 USD) - 2021/11/11 19:28:05 PT [2021/11/11 22:28:05 ET]
Table 'Amherstia' 9-max Seat #9 is the button
Seat 1: okotokian1 ($2 in chips) 
Seat 2: ANDREIKA1117 ($0.80 in chips) 
Seat 3: Vitalya05 ($5.76 in chips) 
Seat 5: Aguardente2 ($1.75 in chips) 
Seat 6: 1Asthma1 ($2 in chips) 
Seat 7: cornnuts4me ($2.33 in chips) 
Seat 8: DMT4000 ($2.62 in chips) 
Seat 9: Dorex2007 ($2.57 in chips) 
okotokian1: posts small blind $0.01
ANDREIKA1117: posts big blind $0.02
*** HOLE CARDS ***
Dealt to Dorex2007 [Tc Qs]
Vitalya05: calls $0.02
Aguardente2: raises $0.02 to $0.04
1Asthma1: folds 
cornnuts4me: folds 
DMT4000: folds 
Dorex2007: folds 
okotokian1: folds 
ANDREIKA1117: calls $0.02
Vitalya05: calls $0.02
*** FLOP *** [Qh As Ks]
ANDREIKA1117: checks 
Vitalya05: checks 
Aguardente2: bets $0.07
ANDREIKA1117: folds 
Vitalya05: folds 
Uncalled bet ($0.07) returned to Aguardente2
Aguardente2 collected $0.13 from pot
Aguardente2: doesn't show hand 
*** SUMMARY ***
Total pot $0.13 | Rake $0 
Board [Qh As Ks]
Seat 1: okotokian1 (small blind) folded before Flop
Seat 2: ANDREIKA1117 (big blind) folded on the Flop
Seat 3: Vitalya05 folded on the Flop
Seat 5: Aguardente2 collected ($0.13)
Seat 6: 1Asthma1 folded before Flop (didn't bet)
Seat 7: cornnuts4me folded before Flop (didn't bet)
Seat 8: DMT4000 folded before Flop (didn't bet)
Seat 9: Dorex2007 (button) folded before Flop (didn't bet)



PokerStars Hand #231333170287:  Hold'em No Limit ($0.01/$0.02 USD) - 2021/11/11 19:28:42 PT [2021/11/11 22:28:42 ET]
Table 'Amherstia' 9-max Seat #1 is the button
Seat 1: okotokian1 ($2 in chips) 
Seat 2: ANDREIKA1117 ($0.76 in chips) 
Seat 3: Vitalya05 ($5.72 in chips) 
Seat 5: Aguardente2 ($1.84 in chips) 
Seat 6: 1Asthma1 ($2 in chips) 
Seat 7: cornnuts4me ($2.33 in chips) 
Seat 8: DMT4000 ($2.62 in chips) 
Seat 9: Dorex2007 ($2.57 in chips) 
ANDREIKA1117: posts small blind $0.01
Vitalya05: posts big blind $0.02
*** HOLE CARDS ***
Dealt to Dorex2007 [Tc 2d]
Aguardente2: folds 
1Asthma1: folds 
cornnuts4me: calls $0.02
DMT4000: folds 
Dorex2007: folds 
okotokian1: calls $0.02
ANDREIKA1117: calls $0.01
Vitalya05: checks 
*** FLOP *** [Qh 8s 4s]
ANDREIKA1117: checks 
Vitalya05: checks 
cornnuts4me: checks 
okotokian1: bets $0.06
ANDREIKA1117: calls $0.06
Vitalya05: folds 
cornnuts4me: folds 
*** TURN *** [Qh 8s 4s] [2c]
ANDREIKA1117: checks 
okotokian1: bets $0.14
ANDREIKA1117: calls $0.14
*** RIVER *** [Qh 8s 4s 2c] [2s]
ANDREIKA1117: checks 
okotokian1: checks 
*** SHOW DOWN ***
ANDREIKA1117: shows [Ts 5s] (a flush, Ten high)
okotokian1: shows [8d 8c] (a full house, Eights full of Deuces)
okotokian1 collected $0.46 from pot
*** SUMMARY ***
Total pot $0.48 | Rake $0.02 
Board [Qh 8s 4s 2c 2s]
Seat 1: okotokian1 (button) showed [8d 8c] and won ($0.46) with a full house, Eights full of Deuces
Seat 2: ANDREIKA1117 (small blind) showed [Ts 5s] and lost with a flush, Ten high
Seat 3: Vitalya05 (big blind) folded on the Flop
Seat 5: Aguardente2 folded before Flop (didn't bet)
Seat 6: 1Asthma1 folded before Flop (didn't bet)
Seat 7: cornnuts4me folded on the Flop
Seat 8: DMT4000 folded before Flop (didn't bet)
Seat 9: Dorex2007 folded before Flop (didn't bet)



PokerStars Hand #231333181403:  Hold'em No Limit ($0.01/$0.02 USD) - 2021/11/11 19:29:38 PT [2021/11/11 22:29:38 ET]
Table 'Amherstia' 9-max Seat #2 is the button
Seat 1: okotokian1 ($2.24 in chips) 
Seat 2: ANDREIKA1117 ($0.54 in chips) 
Seat 3: Vitalya05 ($5.70 in chips) 
Seat 5: Aguardente2 ($1.84 in chips) 
Seat 6: 1Asthma1 ($2 in chips) 
Seat 7: cornnuts4me ($2.31 in chips) 
Seat 8: DMT4000 ($2.62 in chips) 
Seat 9: Dorex2007 ($2.57 in chips) 
Vitalya05: posts small blind $0.01
Aguardente2: posts big blind $0.02
*** HOLE CARDS ***
Dealt to Dorex2007 [5h Kd]
1Asthma1: raises $0.04 to $0.06
cornnuts4me: folds 
DMT4000: folds 
Dorex2007: folds 
okotokian1: calls $0.06
ANDREIKA1117: raises $0.48 to $0.54 and is all-in
Vitalya05: folds 
Aguardente2: folds 
1Asthma1: folds 
okotokian1: folds 
Uncalled bet ($0.48) returned to ANDREIKA1117
ANDREIKA1117 collected $0.21 from pot
ANDREIKA1117: doesn't show hand 
*** SUMMARY ***
Total pot $0.21 | Rake $0 
Seat 1: okotokian1 folded before Flop
Seat 2: ANDREIKA1117 (button) collected ($0.21)
Seat 3: Vitalya05 (small blind) folded before Flop
Seat 5: Aguardente2 (big blind) folded before Flop
Seat 6: 1Asthma1 folded before Flop
Seat 7: cornnuts4me folded before Flop (didn't bet)
Seat 8: DMT4000 folded before Flop (didn't bet)
Seat 9: Dorex2007 folded before Flop (didn't bet)



PokerStars Hand #231333187974:  Hold'em No Limit ($0.01/$0.02 USD) - 2021/11/11 19:30:12 PT [2021/11/11 22:30:12 ET]
Table 'Amherstia' 9-max Seat #3 is the button
Seat 1: okotokian1 ($2.18 in chips) 
Seat 2: ANDREIKA1117 ($0.69 in chips) 
Seat 3: Vitalya05 ($5.69 in chips) 
Seat 5: Aguardente2 ($1.82 in chips) 
Seat 6: 1Asthma1 ($2 in chips) 
Seat 7: cornnuts4me ($2.31 in chips) 
Seat 8: DMT4000 ($2.62 in chips) 
Seat 9: Dorex2007 ($2.57 in chips) 
Aguardente2: posts small blind $0.01
1Asthma1: posts big blind $0.02
*** HOLE CARDS ***
Dealt to Dorex2007 [9h Td]
cornnuts4me: raises $0.04 to $0.06
DMT4000: folds 
Dorex2007: folds 
okotokian1: folds 
ANDREIKA1117: calls $0.06
Vitalya05: folds 
Aguardente2: folds 
1Asthma1: folds 
*** FLOP *** [4s Ks 8d]
cornnuts4me: bets $0.07
ANDREIKA1117: folds 
Uncalled bet ($0.07) returned to cornnuts4me
cornnuts4me collected $0.14 from pot
*** SUMMARY ***
Total pot $0.15 | Rake $0.01 
Board [4s Ks 8d]
Seat 1: okotokian1 folded before Flop (didn't bet)
Seat 2: ANDREIKA1117 folded on the Flop
Seat 3: Vitalya05 (button) folded before Flop (didn't bet)
Seat 5: Aguardente2 (small blind) folded before Flop
Seat 6: 1Asthma1 (big blind) folded before Flop
Seat 7: cornnuts4me collected ($0.14)
Seat 8: DMT4000 folded before Flop (didn't bet)
Seat 9: Dorex2007 folded before Flop (didn't bet)



PokerStars Hand #231333195224:  Hold'em No Limit ($0.01/$0.02 USD) - 2021/11/11 19:30:48 PT [2021/11/11 22:30:48 ET]
Table 'Amherstia' 9-max Seat #5 is the button
Seat 1: okotokian1 ($2.18 in chips) 
Seat 2: ANDREIKA1117 ($0.63 in chips) 
Seat 3: Vitalya05 ($5.69 in chips) 
Seat 5: Aguardente2 ($1.81 in chips) 
Seat 6: 1Asthma1 ($2 in chips) 
Seat 7: cornnuts4me ($2.39 in chips) 
Seat 8: DMT4000 ($2.62 in chips) 
Seat 9: Dorex2007 ($2.57 in chips) 
1Asthma1: posts small blind $0.01
cornnuts4me: posts big blind $0.02
*** HOLE CARDS ***
Dealt to Dorex2007 [Kd 7d]
DMT4000: folds 
Dorex2007: folds 
okotokian1: folds 
ANDREIKA1117: calls $0.02
Vitalya05: calls $0.02
Aguardente2: calls $0.02
1Asthma1: folds 
cornnuts4me: checks 
*** FLOP *** [4c 3c 9h]
cornnuts4me: checks 
ANDREIKA1117: checks 
Vitalya05: checks 
Aguardente2: bets $0.05
cornnuts4me: calls $0.05
ANDREIKA1117: folds 
Vitalya05: calls $0.05
*** TURN *** [4c 3c 9h] [Kc]
cornnuts4me: checks 
Vitalya05: checks 
Aguardente2: checks 
*** RIVER *** [4c 3c 9h Kc] [6h]
cornnuts4me: checks 
Vitalya05: bets $0.06
Aguardente2: folds 
cornnuts4me: calls $0.06
*** SHOW DOWN ***
Vitalya05: shows [Kh 7h] (a pair of Kings)
cornnuts4me: mucks hand 
Vitalya05 collected $0.35 from pot
*** SUMMARY ***
Total pot $0.36 | Rake $0.01 
Board [4c 3c 9h Kc 6h]
Seat 1: okotokian1 folded before Flop (didn't bet)
Seat 2: ANDREIKA1117 folded on the Flop
Seat 3: Vitalya05 showed [Kh 7h] and won ($0.35) with a pair of Kings
Seat 5: Aguardente2 (button) folded on the River
Seat 6: 1Asthma1 (small blind) folded before Flop
Seat 7: cornnuts4me (big blind) mucked [9c 5d]
Seat 8: DMT4000 folded before Flop (didn't bet)
Seat 9: Dorex2007 folded before Flop (didn't bet)



PokerStars Hand #231333207334:  Hold'em No Limit ($0.01/$0.02 USD) - 2021/11/11 19:31:50 PT [2021/11/11 22:31:50 ET]
Table 'Amherstia' 9-max Seat #6 is the button
Seat 1: okotokian1 ($2.18 in chips) 
Seat 2: ANDREIKA1117 ($0.61 in chips) 
Seat 3: Vitalya05 ($5.91 in chips) 
Seat 5: Aguardente2 ($1.74 in chips) 
Seat 6: 1Asthma1 ($2 in chips) 
Seat 7: cornnuts4me ($2.26 in chips) 
Seat 8: DMT4000 ($2.62 in chips) 
Seat 9: Dorex2007 ($2.57 in chips) 
cornnuts4me: posts small blind $0.01
DMT4000: posts big blind $0.02
*** HOLE CARDS ***
Dealt to Dorex2007 [Qh Qs]
Dorex2007: raises $0.04 to $0.06
okotokian1: folds 
ANDREIKA1117: folds 
Vitalya05: folds 
Aguardente2: calls $0.06
1Asthma1: folds 
cornnuts4me: raises $0.12 to $0.18
DMT4000: folds 
Dorex2007: calls $0.12
Aguardente2: folds 
*** FLOP *** [3d 9s Kc]
cornnuts4me: bets $0.21
Dorex2007: folds 
Uncalled bet ($0.21) returned to cornnuts4me
cornnuts4me collected $0.42 from pot
*** SUMMARY ***
Total pot $0.44 | Rake $0.02 
Board [3d 9s Kc]
Seat 1: okotokian1 folded before Flop (didn't bet)
Seat 2: ANDREIKA1117 folded before Flop (didn't bet)
Seat 3: Vitalya05 folded before Flop (didn't bet)
Seat 5: Aguardente2 folded before Flop
Seat 6: 1Asthma1 (button) folded before Flop (didn't bet)
Seat 7: cornnuts4me (small blind) collected ($0.42)
Seat 8: DMT4000 (big blind) folded before Flop
Seat 9: Dorex2007 folded on the Flop



PokerStars Hand #231333220381:  Hold'em No Limit ($0.01/$0.02 USD) - 2021/11/11 19:32:57 PT [2021/11/11 22:32:57 ET]
Table 'Amherstia' 9-max Seat #7 is the button
Seat 1: okotokian1 ($2.18 in chips) 
Seat 2: ANDREIKA1117 ($0.61 in chips) 
Seat 3: Vitalya05 ($5.91 in chips) 
Seat 5: Aguardente2 ($1.68 in chips) 
Seat 6: 1Asthma1 ($2 in chips) 
Seat 7: cornnuts4me ($2.50 in chips) 
Seat 8: DMT4000 ($2.60 in chips) 
Seat 9: Dorex2007 ($2.39 in chips) 
DMT4000: posts small blind $0.01
Dorex2007: posts big blind $0.02
*** HOLE CARDS ***
Dealt to Dorex2007 [8s Ah]
okotokian1: folds 
ANDREIKA1117: folds 
Vitalya05: raises $0.02 to $0.04
Aguardente2: folds 
1Asthma1: folds 
cornnuts4me: folds 
DMT4000: calls $0.03
Dorex2007: calls $0.02
*** FLOP *** [9c 8h 2h]
DMT4000: bets $0.10
Dorex2007: calls $0.10
Vitalya05: calls $0.10
*** TURN *** [9c 8h 2h] [Ts]
DMT4000: bets $0.28
Dorex2007: folds 
Vitalya05: raises $0.36 to $0.64
DMT4000: raises $1.10 to $1.74
Vitalya05: raises $1.10 to $2.84
DMT4000: calls $0.72 and is all-in
Uncalled bet ($0.38) returned to Vitalya05
*** RIVER *** [9c 8h 2h Ts] [5d]
*** SHOW DOWN ***
DMT4000: shows [Jd 7d] (a straight, Seven to Jack)
Vitalya05: shows [Jc Qh] (a straight, Eight to Queen)
Vitalya05 collected $5.15 from pot
*** SUMMARY ***
Total pot $5.34 | Rake $0.19 
Board [9c 8h 2h Ts 5d]
Seat 1: okotokian1 folded before Flop (didn't bet)
Seat 2: ANDREIKA1117 folded before Flop (didn't bet)
Seat 3: Vitalya05 showed [Jc Qh] and won ($5.15) with a straight, Eight to Queen
Seat 5: Aguardente2 folded before Flop (didn't bet)
Seat 6: 1Asthma1 folded before Flop (didn't bet)
Seat 7: cornnuts4me (button) folded before Flop (didn't bet)
Seat 8: DMT4000 (small blind) showed [Jd 7d] and lost with a straight, Seven to Jack
Seat 9: Dorex2007 (big blind) folded on the Turn



PokerStars Hand #231333243946:  Hold'em No Limit ($0.01/$0.02 USD) - 2021/11/11 19:34:57 PT [2021/11/11 22:34:57 ET]
Table 'Amherstia' 9-max Seat #8 is the button
Seat 1: okotokian1 ($2.18 in chips) 
Seat 2: ANDREIKA1117 ($0.61 in chips) 
Seat 3: Vitalya05 ($8.46 in chips) 
Seat 5: Aguardente2 ($1.68 in chips) 
Seat 6: 1Asthma1 ($2 in chips) 
Seat 7: cornnuts4me ($2.50 in chips) 
Seat 8: DMT4000 ($2 in chips) 
Seat 9: Dorex2007 ($2.25 in chips) 
Dorex2007: posts small blind $0.01
okotokian1: posts big blind $0.02
*** HOLE CARDS ***
Dealt to Dorex2007 [3h 7c]
ANDREIKA1117: calls $0.02
Vitalya05: folds 
Aguardente2: calls $0.02
1Asthma1: calls $0.02
cornnuts4me: calls $0.02
DMT4000: folds 
DMT4000 leaves the table
Dorex2007: folds 
okotokian1: checks 
*** FLOP *** [8s Kh 2d]
okotokian1: checks 
ANDREIKA1117: checks 
kulikoof joins the table at seat #8 
Aguardente2: bets $0.02
1Asthma1: folds 
cornnuts4me: calls $0.02
okotokian1: calls $0.02
ANDREIKA1117: calls $0.02
*** TURN *** [8s Kh 2d] [Qh]
okotokian1: checks 
ANDREIKA1117: checks 
Aguardente2: checks 
cornnuts4me: bets $0.18
okotokian1: folds 
ANDREIKA1117: calls $0.18
Aguardente2: folds 
*** RIVER *** [8s Kh 2d Qh] [7h]
ANDREIKA1117: checks 
cornnuts4me: bets $0.26
ANDREIKA1117: folds 
Uncalled bet ($0.26) returned to cornnuts4me
cornnuts4me collected $0.53 from pot
*** SUMMARY ***
Total pot $0.55 | Rake $0.02 
Board [8s Kh 2d Qh 7h]
Seat 1: okotokian1 (big blind) folded on the Turn
Seat 2: ANDREIKA1117 folded on the River
Seat 3: Vitalya05 folded before Flop (didn't bet)
Seat 5: Aguardente2 folded on the Turn
Seat 6: 1Asthma1 folded on the Flop
Seat 7: cornnuts4me collected ($0.53)
Seat 8: DMT4000 (button) folded before Flop (didn't bet)
Seat 9: Dorex2007 (small blind) folded before Flop



PokerStars Hand #231333255524:  Hold'em No Limit ($0.01/$0.02 USD) - 2021/11/11 19:35:56 PT [2021/11/11 22:35:56 ET]
Table 'Amherstia' 9-max Seat #9 is the button
Seat 1: okotokian1 ($2.14 in chips) 
Seat 2: ANDREIKA1117 ($0.39 in chips) 
Seat 3: Vitalya05 ($8.46 in chips) 
Seat 5: Aguardente2 ($1.64 in chips) 
Seat 6: 1Asthma1 ($2 in chips) 
Seat 7: cornnuts4me ($2.81 in chips) 
Seat 8: kulikoof ($0.80 in chips) 
Seat 9: Dorex2007 ($2.24 in chips) 
okotokian1: posts small blind $0.01
ANDREIKA1117: posts big blind $0.02
kulikoof: posts big blind $0.02
*** HOLE CARDS ***
Dealt to Dorex2007 [5h 5c]
Vitalya05: folds 
Aguardente2: folds 
1Asthma1: folds 
cornnuts4me: folds 
kulikoof: checks 
Dorex2007: raises $0.04 to $0.06
okotokian1: folds 
ANDREIKA1117: raises $0.33 to $0.39 and is all-in
kulikoof: folds 
Dorex2007: calls $0.33
*** FLOP *** [Jd 2s 5s]
*** TURN *** [Jd 2s 5s] [Ac]
*** RIVER *** [Jd 2s 5s Ac] [6d]
*** SHOW DOWN ***
ANDREIKA1117: shows [8h 8s] (a pair of Eights)
Dorex2007: shows [5h 5c] (three of a kind, Fives)
Dorex2007 collected $0.78 from pot
*** SUMMARY ***
Total pot $0.81 | Rake $0.03 
Board [Jd 2s 5s Ac 6d]
Seat 1: okotokian1 (small blind) folded before Flop
Seat 2: ANDREIKA1117 (big blind) showed [8h 8s] and lost with a pair of Eights
Seat 3: Vitalya05 folded before Flop (didn't bet)
Seat 5: Aguardente2 folded before Flop (didn't bet)
Seat 6: 1Asthma1 folded before Flop (didn't bet)
Seat 7: cornnuts4me folded before Flop (didn't bet)
Seat 8: kulikoof folded before Flop (didn't bet)
Seat 9: Dorex2007 (button) showed [5h 5c] and won ($0.78) with three of a kind, Fives



PokerStars Hand #231333263658:  Hold'em No Limit ($0.01/$0.02 USD) - 2021/11/11 19:36:38 PT [2021/11/11 22:36:38 ET]
Table 'Amherstia' 9-max Seat #1 is the button
Seat 1: okotokian1 ($2.13 in chips) 
Seat 3: Vitalya05 ($8.46 in chips) 
Seat 5: Aguardente2 ($1.64 in chips) 
Seat 6: 1Asthma1 ($2 in chips) 
Seat 7: cornnuts4me ($2.81 in chips) 
Seat 8: kulikoof ($0.78 in chips) 
Seat 9: Dorex2007 ($2.63 in chips) 
Vitalya05: posts small blind $0.01
Aguardente2: posts big blind $0.02
*** HOLE CARDS ***
Dealt to Dorex2007 [Kc 3c]
1Asthma1: folds 
cornnuts4me: calls $0.02
kulikoof: folds 
Dorex2007: folds 
okotokian1: folds 
Vitalya05: calls $0.01
Aguardente2: checks 
*** FLOP *** [2s Ks Kd]
Vitalya05: checks 
Aguardente2: bets $0.02
cornnuts4me: calls $0.02
kulikoof is disconnected 
Vitalya05: folds 
*** TURN *** [2s Ks Kd] [8h]
Aguardente2: bets $0.02
cornnuts4me: calls $0.02
*** RIVER *** [2s Ks Kd 8h] [5h]
Aguardente2: bets $0.14
cornnuts4me: raises $0.42 to $0.56
Aguardente2: folds 
Uncalled bet ($0.42) returned to cornnuts4me
cornnuts4me collected $0.41 from pot
*** SUMMARY ***
Total pot $0.42 | Rake $0.01 
Board [2s Ks Kd 8h 5h]
Seat 1: okotokian1 (button) folded before Flop (didn't bet)
Seat 3: Vitalya05 (small blind) folded on the Flop
Seat 5: Aguardente2 (big blind) folded on the River
Seat 6: 1Asthma1 folded before Flop (didn't bet)
Seat 7: cornnuts4me collected ($0.41)
Seat 8: kulikoof folded before Flop (didn't bet)
Seat 9: Dorex2007 folded before Flop (didn't bet)



PokerStars Hand #231333272590:  Hold'em No Limit ($0.01/$0.02 USD) - 2021/11/11 19:37:23 PT [2021/11/11 22:37:23 ET]
Table 'Amherstia' 9-max Seat #3 is the button
Seat 1: okotokian1 ($2.13 in chips) 
Seat 2: ANDREIKA1117 ($1.69 in chips) 
Seat 3: Vitalya05 ($8.44 in chips) 
Seat 5: Aguardente2 ($1.44 in chips) 
Seat 6: 1Asthma1 ($2 in chips) 
Seat 7: cornnuts4me ($3.02 in chips) 
Seat 9: Dorex2007 ($2.63 in chips) 
Aguardente2: posts small blind $0.01
1Asthma1: posts big blind $0.02
ANDREIKA1117: posts small blind $0.01
*** HOLE CARDS ***
Dealt to Dorex2007 [3h 4s]
cornnuts4me: calls $0.02
Dorex2007: folds 
okotokian1: folds 
ANDREIKA1117: calls $0.02
Vitalya05: calls $0.02
Aguardente2: calls $0.01
1Asthma1: checks 
*** FLOP *** [8c 7h 6h]
Aguardente2: bets $0.02
1Asthma1: folds 
cornnuts4me: folds 
ANDREIKA1117: folds 
Vitalya05: calls $0.02
*** TURN *** [8c 7h 6h] [9d]
Aguardente2: bets $0.02
Vitalya05: calls $0.02
*** RIVER *** [8c 7h 6h 9d] [8h]
Aguardente2: bets $0.09
Vitalya05: raises $0.13 to $0.22
Aguardente2: calls $0.13
*** SHOW DOWN ***
Vitalya05: shows [9h Jh] (a flush, Jack high)
Aguardente2: mucks hand 
Vitalya05 collected $0.61 from pot
*** SUMMARY ***
Total pot $0.63 | Rake $0.02 
Board [8c 7h 6h 9d 8h]
Seat 1: okotokian1 folded before Flop (didn't bet)
Seat 2: ANDREIKA1117 folded on the Flop
Seat 3: Vitalya05 (button) showed [9h Jh] and won ($0.61) with a flush, Jack high
Seat 5: Aguardente2 (small blind) mucked [8s 5d]
Seat 6: 1Asthma1 (big blind) folded on the Flop
Seat 7: cornnuts4me folded on the Flop
Seat 9: Dorex2007 folded before Flop (didn't bet)



PokerStars Hand #231333281165:  Hold'em No Limit ($0.01/$0.02 USD) - 2021/11/11 19:38:07 PT [2021/11/11 22:38:07 ET]
Table 'Amherstia' 9-max Seat #5 is the button
Seat 1: okotokian1 ($2.13 in chips) 
Seat 2: ANDREIKA1117 ($1.66 in chips) 
Seat 3: Vitalya05 ($8.77 in chips) 
Seat 5: Aguardente2 ($1.16 in chips) 
Seat 6: 1Asthma1 ($2 in chips) 
Seat 7: cornnuts4me ($3 in chips) 
Seat 9: Dorex2007 ($2.63 in chips) 
1Asthma1: posts small blind $0.01
cornnuts4me: posts big blind $0.02
*** HOLE CARDS ***
Dealt to Dorex2007 [6s Kh]
Dorex2007: folds 
okotokian1: folds 
ANDREIKA1117: folds 
Vitalya05: folds 
Aguardente2: raises $0.02 to $0.04
1Asthma1: calls $0.03
cornnuts4me: calls $0.02
*** FLOP *** [Qd 9c Ks]
1Asthma1: checks 
cornnuts4me: checks 
Aguardente2: bets $0.04
1Asthma1: folds 
cornnuts4me: folds 
Uncalled bet ($0.04) returned to Aguardente2
Aguardente2 collected $0.12 from pot
Aguardente2: doesn't show hand 
*** SUMMARY ***
Total pot $0.12 | Rake $0 
Board [Qd 9c Ks]
Seat 1: okotokian1 folded before Flop (didn't bet)
Seat 2: ANDREIKA1117 folded before Flop (didn't bet)
Seat 3: Vitalya05 folded before Flop (didn't bet)
Seat 5: Aguardente2 (button) collected ($0.12)
Seat 6: 1Asthma1 (small blind) folded on the Flop
Seat 7: cornnuts4me (big blind) folded on the Flop
Seat 9: Dorex2007 folded before Flop (didn't bet)



PokerStars Hand #231333287254:  Hold'em No Limit ($0.01/$0.02 USD) - 2021/11/11 19:38:38 PT [2021/11/11 22:38:38 ET]
Table 'Amherstia' 9-max Seat #6 is the button
Seat 1: okotokian1 ($2.13 in chips) 
Seat 2: ANDREIKA1117 ($1.66 in chips) 
Seat 3: Vitalya05 ($8.77 in chips) 
Seat 5: Aguardente2 ($1.24 in chips) 
Seat 6: 1Asthma1 ($2 in chips) 
Seat 7: cornnuts4me ($2.96 in chips) 
Seat 9: Dorex2007 ($2.63 in chips) 
cornnuts4me: posts small blind $0.01
Dorex2007: posts big blind $0.02
*** HOLE CARDS ***
Dealt to Dorex2007 [8h Jh]
okotokian1: folds 
ANDREIKA1117: calls $0.02
Vitalya05: folds 
Aguardente2: raises $1.22 to $1.24 and is all-in
1Asthma1: folds 
cornnuts4me: folds 
Dorex2007: folds 
ANDREIKA1117: folds 
Uncalled bet ($1.22) returned to Aguardente2
Aguardente2 collected $0.07 from pot
Aguardente2: doesn't show hand 
*** SUMMARY ***
Total pot $0.07 | Rake $0 
Seat 1: okotokian1 folded before Flop (didn't bet)
Seat 2: ANDREIKA1117 folded before Flop
Seat 3: Vitalya05 folded before Flop (didn't bet)
Seat 5: Aguardente2 collected ($0.07)
Seat 6: 1Asthma1 (button) folded before Flop (didn't bet)
Seat 7: cornnuts4me (small blind) folded before Flop
Seat 9: Dorex2007 (big blind) folded before Flop



PokerStars Hand #231333291667:  Hold'em No Limit ($0.01/$0.02 USD) - 2021/11/11 19:39:01 PT [2021/11/11 22:39:01 ET]
Table 'Amherstia' 9-max Seat #7 is the button
Seat 1: okotokian1 ($2.13 in chips) 
Seat 2: ANDREIKA1117 ($1.64 in chips) 
Seat 3: Vitalya05 ($8.77 in chips) 
Seat 5: Aguardente2 ($1.29 in chips) 
Seat 6: 1Asthma1 ($2 in chips) 
Seat 7: cornnuts4me ($2.95 in chips) 
Seat 9: Dorex2007 ($2.61 in chips) 
Dorex2007: posts small blind $0.01
okotokian1: posts big blind $0.02
*** HOLE CARDS ***
Dealt to Dorex2007 [Jh Ad]
ANDREIKA1117: calls $0.02
Vitalya05: raises $0.02 to $0.04
Aguardente2: folds 
1Asthma1: folds 
cornnuts4me: folds 
Dorex2007: calls $0.03
okotokian1: folds 
ANDREIKA1117: raises $1.60 to $1.64 and is all-in
Vitalya05: calls $1.60
Dorex2007: folds 
*** FLOP *** [9c 4s As]
*** TURN *** [9c 4s As] [8c]
*** RIVER *** [9c 4s As 8c] [5h]
*** SHOW DOWN ***
ANDREIKA1117: shows [Kc Kd] (a pair of Kings)
Vitalya05: shows [Tc Th] (a pair of Tens)
ANDREIKA1117 collected $3.22 from pot
*** SUMMARY ***
Total pot $3.34 | Rake $0.12 
Board [9c 4s As 8c 5h]
Seat 1: okotokian1 (big blind) folded before Flop
Seat 2: ANDREIKA1117 showed [Kc Kd] and won ($3.22) with a pair of Kings
Seat 3: Vitalya05 showed [Tc Th] and lost with a pair of Tens
Seat 5: Aguardente2 folded before Flop (didn't bet)
Seat 6: 1Asthma1 folded before Flop (didn't bet)
Seat 7: cornnuts4me (button) folded before Flop (didn't bet)
Seat 9: Dorex2007 (small blind) folded before Flop



PokerStars Hand #231333297629:  Hold'em No Limit ($0.01/$0.02 USD) - 2021/11/11 19:39:32 PT [2021/11/11 22:39:32 ET]
Table 'Amherstia' 9-max Seat #9 is the button
Seat 1: okotokian1 ($2.11 in chips) 
Seat 2: ANDREIKA1117 ($3.22 in chips) 
Seat 3: Vitalya05 ($7.13 in chips) 
Seat 5: Aguardente2 ($1.29 in chips) 
Seat 6: 1Asthma1 ($2 in chips) 
Seat 7: cornnuts4me ($2.95 in chips) 
Seat 8: kulikoof ($0.78 in chips) 
Seat 9: Dorex2007 ($2.57 in chips) 
okotokian1: posts small blind $0.01
ANDREIKA1117: posts big blind $0.02
kulikoof: posts small & big blinds $0.03
*** HOLE CARDS ***
Dealt to Dorex2007 [6c Ks]
Vitalya05: raises $0.02 to $0.04
Aguardente2: calls $0.04
1Asthma1: folds 
cornnuts4me: folds 
kulikoof: folds 
Dorex2007: folds 
okotokian1: folds 
ANDREIKA1117: calls $0.02
*** FLOP *** [As 7s Tc]
ANDREIKA1117: checks 
Vitalya05: checks 
Aguardente2: checks 
*** TURN *** [As 7s Tc] [Qh]
ANDREIKA1117: checks 
Vitalya05: checks 
Aguardente2: checks 
*** RIVER *** [As 7s Tc Qh] [4h]
ANDREIKA1117: checks 
Vitalya05: bets $0.02
Aguardente2: folds 
ANDREIKA1117: calls $0.02
*** SHOW DOWN ***
Vitalya05: shows [Qs Kd] (a pair of Queens)
ANDREIKA1117: mucks hand 
Vitalya05 collected $0.19 from pot
*** SUMMARY ***
Total pot $0.20 | Rake $0.01 
Board [As 7s Tc Qh 4h]
Seat 1: okotokian1 (small blind) folded before Flop
Seat 2: ANDREIKA1117 (big blind) mucked [4d Kh]
Seat 3: Vitalya05 showed [Qs Kd] and won ($0.19) with a pair of Queens
Seat 5: Aguardente2 folded on the River
Seat 6: 1Asthma1 folded before Flop (didn't bet)
Seat 7: cornnuts4me folded before Flop (didn't bet)
Seat 8: kulikoof folded before Flop (didn't bet)
Seat 9: Dorex2007 (button) folded before Flop (didn't bet)



PokerStars Hand #231333303952:  Hold'em No Limit ($0.01/$0.02 USD) - 2021/11/11 19:40:03 PT [2021/11/11 22:40:03 ET]
Table 'Amherstia' 9-max Seat #1 is the button
Seat 1: okotokian1 ($2.10 in chips) 
Seat 2: ANDREIKA1117 ($3.16 in chips) 
Seat 3: Vitalya05 ($7.26 in chips) 
Seat 5: Aguardente2 ($1.25 in chips) 
Seat 6: 1Asthma1 ($2 in chips) 
Seat 7: cornnuts4me ($2.95 in chips) 
Seat 8: kulikoof ($0.75 in chips) 
Seat 9: Dorex2007 ($2.57 in chips) 
ANDREIKA1117: posts small blind $0.01
Vitalya05: posts big blind $0.02
*** HOLE CARDS ***
Dealt to Dorex2007 [5c 6h]
Aguardente2: calls $0.02
1Asthma1: folds 
cornnuts4me: calls $0.02
kulikoof: raises $0.04 to $0.06
Dorex2007: folds 
okotokian1: folds 
ANDREIKA1117: calls $0.05
Vitalya05: folds 
Aguardente2: calls $0.04
cornnuts4me: calls $0.04
*** FLOP *** [2d 3h Td]
ANDREIKA1117: checks 
Aguardente2: bets $0.13
cornnuts4me: calls $0.13
kulikoof: raises $0.13 to $0.26
ANDREIKA1117: folds 
Aguardente2: raises $0.93 to $1.19 and is all-in
cornnuts4me: folds 
kulikoof: calls $0.43 and is all-in
Uncalled bet ($0.50) returned to Aguardente2
*** TURN *** [2d 3h Td] [4d]
*** RIVER *** [2d 3h Td 4d] [As]
*** SHOW DOWN ***
Aguardente2: shows [Ts Kc] (a pair of Tens)
kulikoof: shows [Qd Qc] (a pair of Queens)
kulikoof cashed out the hand for $1.37 | Cash Out Fee $0.01
*** SUMMARY ***
Total pot $1.77 | Rake $0.06 
Board [2d 3h Td 4d As]
Seat 1: okotokian1 (button) folded before Flop (didn't bet)
Seat 2: ANDREIKA1117 (small blind) folded on the Flop
Seat 3: Vitalya05 (big blind) folded before Flop
Seat 5: Aguardente2 showed [Ts Kc] and lost with a pair of Tens
Seat 6: 1Asthma1 folded before Flop (didn't bet)
Seat 7: cornnuts4me folded on the Flop
Seat 8: kulikoof showed [Qd Qc] and won ($1.71) with a pair of Queens (pot not awarded as player cashed out)
Seat 9: Dorex2007 folded before Flop (didn't bet)



PokerStars Hand #231333322665:  Hold'em No Limit ($0.01/$0.02 USD) - 2021/11/11 19:40:56 PT [2021/11/11 22:40:56 ET]
Table 'Amherstia' 9-max Seat #2 is the button
Seat 1: okotokian1 ($2.10 in chips) 
Seat 2: ANDREIKA1117 ($3.10 in chips) 
Seat 3: Vitalya05 ($7.24 in chips) 
Seat 5: Aguardente2 ($0.50 in chips) 
Seat 6: 1Asthma1 ($2 in chips) 
Seat 7: cornnuts4me ($2.76 in chips) 
Seat 8: kulikoof ($1.37 in chips) 
Seat 9: Dorex2007 ($2.57 in chips) 
Vitalya05: posts small blind $0.01
Aguardente2: posts big blind $0.02
*** HOLE CARDS ***
Dealt to Dorex2007 [As Kd]
1Asthma1: folds 
cornnuts4me: calls $0.02
kulikoof: folds 
Dorex2007: raises $0.02 to $0.04
okotokian1: folds 
ANDREIKA1117: folds 
Vitalya05: folds 
Aguardente2: raises $0.46 to $0.50 and is all-in
cornnuts4me: folds 
Dorex2007: folds 
Uncalled bet ($0.46) returned to Aguardente2
Aguardente2 collected $0.11 from pot
Aguardente2: doesn't show hand 
*** SUMMARY ***
Total pot $0.11 | Rake $0 
Seat 1: okotokian1 folded before Flop (didn't bet)
Seat 2: ANDREIKA1117 (button) folded before Flop (didn't bet)
Seat 3: Vitalya05 (small blind) folded before Flop
Seat 5: Aguardente2 (big blind) collected ($0.11)
Seat 6: 1Asthma1 folded before Flop (didn't bet)
Seat 7: cornnuts4me folded before Flop
Seat 8: kulikoof folded before Flop (didn't bet)
Seat 9: Dorex2007 folded before Flop



PokerStars Hand #231333327755:  Hold'em No Limit ($0.01/$0.02 USD) - 2021/11/11 19:41:22 PT [2021/11/11 22:41:22 ET]
Table 'Amherstia' 9-max Seat #3 is the button
Seat 1: okotokian1 ($2.10 in chips) 
Seat 2: ANDREIKA1117 ($3.10 in chips) 
Seat 3: Vitalya05 ($7.23 in chips) 
Seat 5: Aguardente2 ($0.57 in chips) 
Seat 6: 1Asthma1 ($2 in chips) 
Seat 7: cornnuts4me ($2.74 in chips) 
Seat 8: kulikoof ($1.37 in chips) 
Seat 9: Dorex2007 ($2.53 in chips) 
Aguardente2: posts small blind $0.01
1Asthma1: posts big blind $0.02
*** HOLE CARDS ***
Dealt to Dorex2007 [Kc Kd]
cornnuts4me: calls $0.02
kulikoof: calls $0.02
Dorex2007: raises $0.04 to $0.06
okotokian1: folds 
ANDREIKA1117: folds 
Vitalya05: folds 
Aguardente2: folds 
1Asthma1: folds 
cornnuts4me: calls $0.04
kulikoof: calls $0.04
*** FLOP *** [3s Jd 7c]
cornnuts4me: checks 
kulikoof: checks 
Dorex2007: bets $0.20
cornnuts4me: folds 
kulikoof: folds 
Uncalled bet ($0.20) returned to Dorex2007
Dorex2007 collected $0.20 from pot
Dorex2007: doesn't show hand 
*** SUMMARY ***
Total pot $0.21 | Rake $0.01 
Board [3s Jd 7c]
Seat 1: okotokian1 folded before Flop (didn't bet)
Seat 2: ANDREIKA1117 folded before Flop (didn't bet)
Seat 3: Vitalya05 (button) folded before Flop (didn't bet)
Seat 5: Aguardente2 (small blind) folded before Flop
Seat 6: 1Asthma1 (big blind) folded before Flop
Seat 7: cornnuts4me folded on the Flop
Seat 8: kulikoof folded on the Flop
Seat 9: Dorex2007 collected ($0.20)



PokerStars Hand #231333334369:  Hold'em No Limit ($0.01/$0.02 USD) - 2021/11/11 19:41:57 PT [2021/11/11 22:41:57 ET]
Table 'Amherstia' 9-max Seat #5 is the button
Seat 1: okotokian1 ($2.10 in chips) 
Seat 2: ANDREIKA1117 ($3.10 in chips) 
Seat 3: Vitalya05 ($7.23 in chips) 
Seat 5: Aguardente2 ($0.56 in chips) 
Seat 6: 1Asthma1 ($2 in chips) 
Seat 7: cornnuts4me ($2.68 in chips) 
Seat 8: kulikoof ($1.31 in chips) 
Seat 9: Dorex2007 ($2.67 in chips) 
1Asthma1: posts small blind $0.01
cornnuts4me: posts big blind $0.02
*** HOLE CARDS ***
Dealt to Dorex2007 [7d 7s]
kulikoof: folds 
Dorex2007: calls $0.02
okotokian1: folds 
ANDREIKA1117: calls $0.02
Vitalya05: folds 
Aguardente2: calls $0.02
1Asthma1: folds 
cornnuts4me: checks 
*** FLOP *** [Ts Qh 4s]
cornnuts4me: bets $0.04
Dorex2007: folds 
ANDREIKA1117: calls $0.04
Aguardente2: folds 
*** TURN *** [Ts Qh 4s] [5d]
cornnuts4me: bets $0.10
ANDREIKA1117: calls $0.10
*** RIVER *** [Ts Qh 4s 5d] [Jc]
cornnuts4me: checks 
ANDREIKA1117: bets $0.36
cornnuts4me: calls $0.36
*** SHOW DOWN ***
ANDREIKA1117: shows [Qs Ac] (a pair of Queens)
cornnuts4me: mucks hand 
ANDREIKA1117 collected $1.05 from pot
*** SUMMARY ***
Total pot $1.09 | Rake $0.04 
Board [Ts Qh 4s 5d Jc]
Seat 1: okotokian1 folded before Flop (didn't bet)
Seat 2: ANDREIKA1117 showed [Qs Ac] and won ($1.05) with a pair of Queens
Seat 3: Vitalya05 folded before Flop (didn't bet)
Seat 5: Aguardente2 (button) folded on the Flop
Seat 6: 1Asthma1 (small blind) folded before Flop
Seat 7: cornnuts4me (big blind) mucked [Qc 9h]
Seat 8: kulikoof folded before Flop (didn't bet)
Seat 9: Dorex2007 folded on the Flop



PokerStars Hand #231333344787:  Hold'em No Limit ($0.01/$0.02 USD) - 2021/11/11 19:42:52 PT [2021/11/11 22:42:52 ET]
Table 'Amherstia' 9-max Seat #6 is the button
Seat 1: okotokian1 ($2.10 in chips) 
Seat 2: ANDREIKA1117 ($3.63 in chips) 
Seat 3: Vitalya05 ($7.23 in chips) 
Seat 5: Aguardente2 ($0.54 in chips) 
Seat 6: 1Asthma1 ($2 in chips) 
Seat 7: cornnuts4me ($2.16 in chips) 
Seat 8: kulikoof ($1.31 in chips) 
Seat 9: Dorex2007 ($2.65 in chips) 
cornnuts4me: posts small blind $0.01
kulikoof: posts big blind $0.02
*** HOLE CARDS ***
Dealt to Dorex2007 [5s Qh]
Dorex2007: folds 
okotokian1: folds 
ANDREIKA1117: folds 
Vitalya05: folds 
Aguardente2: calls $0.02
1Asthma1: folds 
cornnuts4me: folds 
kulikoof: checks 
*** FLOP *** [6h 9s 2h]
cornnuts4me leaves the table
kulikoof: checks 
Aguardente2: bets $0.02
kulikoof: calls $0.02
*** TURN *** [6h 9s 2h] [7s]
kulikoof: checks 
Aguardente2: checks 
*** RIVER *** [6h 9s 2h 7s] [As]
shurik-ass joins the table at seat #7 
kulikoof: bets $0.08
Aguardente2: calls $0.08
*** SHOW DOWN ***
kulikoof: shows [7h Ac] (two pair, Aces and Sevens)
Aguardente2: mucks hand 
kulikoof collected $0.24 from pot
*** SUMMARY ***
Total pot $0.25 | Rake $0.01 
Board [6h 9s 2h 7s As]
Seat 1: okotokian1 folded before Flop (didn't bet)
Seat 2: ANDREIKA1117 folded before Flop (didn't bet)
Seat 3: Vitalya05 folded before Flop (didn't bet)
Seat 5: Aguardente2 mucked [Kc 6s]
Seat 6: 1Asthma1 (button) folded before Flop (didn't bet)
Seat 7: cornnuts4me (small blind) folded before Flop
Seat 8: kulikoof (big blind) showed [7h Ac] and won ($0.24) with two pair, Aces and Sevens
Seat 9: Dorex2007 folded before Flop (didn't bet)



PokerStars Hand #231333351592:  Hold'em No Limit ($0.01/$0.02 USD) - 2021/11/11 19:43:27 PT [2021/11/11 22:43:27 ET]
Table 'Amherstia' 9-max Seat #8 is the button
Seat 1: okotokian1 ($2.10 in chips) 
Seat 2: ANDREIKA1117 ($3.63 in chips) 
Seat 3: Vitalya05 ($7.23 in chips) 
Seat 5: Aguardente2 ($0.42 in chips) 
Seat 6: 1Asthma1 ($2 in chips) 
Seat 8: kulikoof ($1.43 in chips) 
Seat 9: Dorex2007 ($2.65 in chips) 
Dorex2007: posts small blind $0.01
okotokian1: posts big blind $0.02
shurik-ass: sits out 
*** HOLE CARDS ***
Dealt to Dorex2007 [2s 2c]
ANDREIKA1117: calls $0.02
Vitalya05: calls $0.02
Aguardente2: folds 
Aguardente2 leaves the table
1Asthma1: folds 
kulikoof: raises $0.04 to $0.06
Dorex2007: folds 
okotokian1: folds 
ANDREIKA1117: calls $0.04
Vitalya05: calls $0.04
*** FLOP *** [4d Ac 6h]
ANDREIKA1117: checks 
Vitalya05: checks 
kulikoof: checks 
*** TURN *** [4d Ac 6h] [Jc]
ANDREIKA1117: checks 
Vitalya05: checks 
dukes888 joins the table at seat #5 
kulikoof: checks 
*** RIVER *** [4d Ac 6h Jc] [Js]
ANDREIKA1117: checks 
Vitalya05: bets $0.06
kulikoof: calls $0.06
ANDREIKA1117: calls $0.06
*** SHOW DOWN ***
Vitalya05: shows [9c 9h] (two pair, Jacks and Nines)
kulikoof: shows [Ts Tc] (two pair, Jacks and Tens)
ANDREIKA1117: mucks hand 
kulikoof collected $0.38 from pot
*** SUMMARY ***
Total pot $0.39 | Rake $0.01 
Board [4d Ac 6h Jc Js]
Seat 1: okotokian1 (big blind) folded before Flop
Seat 2: ANDREIKA1117 mucked [6d 8d]
Seat 3: Vitalya05 showed [9c 9h] and lost with two pair, Jacks and Nines
Seat 5: Aguardente2 folded before Flop (didn't bet)
Seat 6: 1Asthma1 folded before Flop (didn't bet)
Seat 8: kulikoof (button) showed [Ts Tc] and won ($0.38) with two pair, Jacks and Tens
Seat 9: Dorex2007 (small blind) folded before Flop



PokerStars Hand #231333359930:  Hold'em No Limit ($0.01/$0.02 USD) - 2021/11/11 19:44:12 PT [2021/11/11 22:44:12 ET]
Table 'Amherstia' 9-max Seat #9 is the button
Seat 1: okotokian1 ($2.08 in chips) 
Seat 2: ANDREIKA1117 ($3.51 in chips) 
Seat 3: Vitalya05 ($7.11 in chips) 
Seat 6: 1Asthma1 ($2 in chips) 
Seat 8: kulikoof ($1.69 in chips) 
Seat 9: Dorex2007 ($2.64 in chips) 
okotokian1: posts small blind $0.01
ANDREIKA1117: posts big blind $0.02
dukes888: sits out 
shurik-ass: sits out 
*** HOLE CARDS ***
Dealt to Dorex2007 [9h 7h]
Vitalya05: folds 
1Asthma1: raises $0.04 to $0.06
kulikoof: calls $0.06
Dorex2007: folds 
okotokian1: folds 
ANDREIKA1117: calls $0.04
*** FLOP *** [2h 3d 9c]
ANDREIKA1117: checks 
1Asthma1: checks 
kulikoof: checks 
*** TURN *** [2h 3d 9c] [Jd]
ANDREIKA1117: checks 
1Asthma1: checks 
kulikoof: checks 
*** RIVER *** [2h 3d 9c Jd] [6d]
ANDREIKA1117: bets $0.18
1Asthma1: folds 
kulikoof: folds 
Uncalled bet ($0.18) returned to ANDREIKA1117
ANDREIKA1117 collected $0.18 from pot
ANDREIKA1117: doesn't show hand 
*** SUMMARY ***
Total pot $0.19 | Rake $0.01 
Board [2h 3d 9c Jd 6d]
Seat 1: okotokian1 (small blind) folded before Flop
Seat 2: ANDREIKA1117 (big blind) collected ($0.18)
Seat 3: Vitalya05 folded before Flop (didn't bet)
Seat 6: 1Asthma1 folded on the River
Seat 8: kulikoof folded on the River
Seat 9: Dorex2007 (button) folded before Flop (didn't bet)



PokerStars Hand #231333367037:  Hold'em No Limit ($0.01/$0.02 USD) - 2021/11/11 19:44:50 PT [2021/11/11 22:44:50 ET]
Table 'Amherstia' 9-max Seat #1 is the button
Seat 1: okotokian1 ($2.07 in chips) 
Seat 2: ANDREIKA1117 ($3.63 in chips) 
Seat 3: Vitalya05 ($7.11 in chips) 
Seat 5: dukes888 ($2 in chips) 
Seat 6: 1Asthma1 ($2 in chips) 
Seat 8: kulikoof ($1.63 in chips) 
Seat 9: Dorex2007 ($2.64 in chips) 
ANDREIKA1117: posts small blind $0.01
Vitalya05: posts big blind $0.02
dukes888: posts big blind $0.02
shurik-ass: sits out 
*** HOLE CARDS ***
Dealt to Dorex2007 [2c Td]
dukes888: raises $0.02 to $0.04
1Asthma1: folds 
kulikoof: folds 
Dorex2007: folds 
okotokian1: folds 
ANDREIKA1117: calls $0.03
Vitalya05: calls $0.02
*** FLOP *** [4c 3c 2h]
ANDREIKA1117: checks 
Vitalya05: checks 
dukes888: bets $0.12
ANDREIKA1117: folds 
Vitalya05: folds 
Uncalled bet ($0.12) returned to dukes888
dukes888 collected $0.12 from pot
*** SUMMARY ***
Total pot $0.12 | Rake $0 
Board [4c 3c 2h]
Seat 1: okotokian1 (button) folded before Flop (didn't bet)
Seat 2: ANDREIKA1117 (small blind) folded on the Flop
Seat 3: Vitalya05 (big blind) folded on the Flop
Seat 5: dukes888 collected ($0.12)
Seat 6: 1Asthma1 folded before Flop (didn't bet)
Seat 8: kulikoof folded before Flop (didn't bet)
Seat 9: Dorex2007 folded before Flop (didn't bet)



PokerStars Hand #231333372616:  Hold'em No Limit ($0.01/$0.02 USD) - 2021/11/11 19:45:20 PT [2021/11/11 22:45:20 ET]
Table 'Amherstia' 9-max Seat #2 is the button
Seat 2: ANDREIKA1117 ($3.59 in chips) 
Seat 3: Vitalya05 ($7.07 in chips) 
Seat 5: dukes888 ($2.08 in chips) 
Seat 6: 1Asthma1 ($2 in chips) 
Seat 8: kulikoof ($1.63 in chips) 
Seat 9: Dorex2007 ($2.64 in chips) 
Vitalya05: posts small blind $0.01
dukes888: posts big blind $0.02
shurik-ass: sits out 
*** HOLE CARDS ***
Dealt to Dorex2007 [Kd 5h]
1Asthma1: folds 
kulikoof: calls $0.02
Dorex2007: folds 
ANDREIKA1117: calls $0.02
Vitalya05: folds 
dukes888: raises $0.07 to $0.09
kulikoof: calls $0.07
ANDREIKA1117: calls $0.07
*** FLOP *** [As 4c Kc]
dukes888: bets $0.14
kulikoof: calls $0.14
ANDREIKA1117: folds 
*** TURN *** [As 4c Kc] [7h]
dukes888: bets $0.54
kulikoof: folds 
Uncalled bet ($0.54) returned to dukes888
dukes888 collected $0.54 from pot
Adriano Pulz leaves the table
*** SUMMARY ***
Total pot $0.56 | Rake $0.02 
Board [As 4c Kc 7h]
Seat 2: ANDREIKA1117 (button) folded on the Flop
Seat 3: Vitalya05 (small blind) folded before Flop
Seat 5: dukes888 (big blind) collected ($0.54)
Seat 6: 1Asthma1 folded before Flop (didn't bet)
Seat 8: kulikoof folded on the Turn
Seat 9: Dorex2007 folded before Flop (didn't bet)



PokerStars Hand #231333382671:  Hold'em No Limit ($0.01/$0.02 USD) - 2021/11/11 19:46:14 PT [2021/11/11 22:46:14 ET]
Table 'Amherstia' 9-max Seat #3 is the button
Seat 2: ANDREIKA1117 ($3.50 in chips) 
Seat 3: Vitalya05 ($7.06 in chips) 
Seat 5: dukes888 ($2.39 in chips) 
Seat 6: 1Asthma1 ($2 in chips) 
Seat 8: kulikoof ($1.40 in chips) 
Seat 9: Dorex2007 ($2.64 in chips) 
dukes888: posts small blind $0.01
1Asthma1: posts big blind $0.02
shurik-ass: sits out 
*** HOLE CARDS ***
Dealt to Dorex2007 [6d 7d]
kulikoof: folds 
Dorex2007: folds 
ANDREIKA1117: calls $0.02
Vitalya05: folds 
dukes888: calls $0.01
joosz joins the table at seat #4 
1Asthma1: checks 
*** FLOP *** [Js 5h 6c]
dukes888: bets $0.02
1Asthma1: folds 
ANDREIKA1117: calls $0.02
*** TURN *** [Js 5h 6c] [Qs]
dukes888: bets $0.02
ANDREIKA1117: calls $0.02
*** RIVER *** [Js 5h 6c Qs] [9s]
dukes888: bets $0.14
ANDREIKA1117: calls $0.14
*** SHOW DOWN ***
dukes888: shows [5s 9c] (two pair, Nines and Fives)
ANDREIKA1117: mucks hand 
dukes888 collected $0.41 from pot
*** SUMMARY ***
Total pot $0.42 | Rake $0.01 
Board [Js 5h 6c Qs 9s]
Seat 2: ANDREIKA1117 mucked [Ac 9d]
Seat 3: Vitalya05 (button) folded before Flop (didn't bet)
Seat 5: dukes888 (small blind) showed [5s 9c] and won ($0.41) with two pair, Nines and Fives
Seat 6: 1Asthma1 (big blind) folded on the Flop
Seat 8: kulikoof folded before Flop (didn't bet)
Seat 9: Dorex2007 folded before Flop (didn't bet)



PokerStars Hand #231333389286:  Hold'em No Limit ($0.01/$0.02 USD) - 2021/11/11 19:46:49 PT [2021/11/11 22:46:49 ET]
Table 'Amherstia' 9-max Seat #5 is the button
Seat 2: ANDREIKA1117 ($3.30 in chips) 
Seat 3: Vitalya05 ($7.06 in chips) 
Seat 4: joosz ($0.80 in chips) 
Seat 5: dukes888 ($2.60 in chips) 
Seat 6: 1Asthma1 ($2 in chips) 
Seat 7: shurik-ass ($2.03 in chips) 
Seat 8: kulikoof ($1.40 in chips) 
Seat 9: Dorex2007 ($2.64 in chips) 
1Asthma1: posts small blind $0.01
shurik-ass: posts big blind $0.02
joosz: posts big blind $0.02
*** HOLE CARDS ***
Dealt to Dorex2007 [7c 9d]
kulikoof: folds 
Dorex2007: folds 
ANDREIKA1117: folds 
Vitalya05: folds 
joosz: checks 
dukes888: raises $0.02 to $0.04
1Asthma1: calls $0.03
shurik-ass: folds 
joosz: folds 
*** FLOP *** [7d Ad 5c]
1Asthma1: checks 
dukes888: bets $0.06
1Asthma1: folds 
Uncalled bet ($0.06) returned to dukes888
dukes888 collected $0.12 from pot
*** SUMMARY ***
Total pot $0.12 | Rake $0 
Board [7d Ad 5c]
Seat 2: ANDREIKA1117 folded before Flop (didn't bet)
Seat 3: Vitalya05 folded before Flop (didn't bet)
Seat 4: joosz folded before Flop (didn't bet)
Seat 5: dukes888 (button) collected ($0.12)
Seat 6: 1Asthma1 (small blind) folded on the Flop
Seat 7: shurik-ass (big blind) folded before Flop
Seat 8: kulikoof folded before Flop (didn't bet)
Seat 9: Dorex2007 folded before Flop (didn't bet)



PokerStars Hand #231333395664:  Hold'em No Limit ($0.01/$0.02 USD) - 2021/11/11 19:47:23 PT [2021/11/11 22:47:23 ET]
Table 'Amherstia' 9-max Seat #6 is the button
Seat 2: ANDREIKA1117 ($3.30 in chips) 
Seat 3: Vitalya05 ($7.06 in chips) 
Seat 4: joosz ($0.78 in chips) 
Seat 5: dukes888 ($2.68 in chips) 
Seat 6: 1Asthma1 ($2 in chips) 
Seat 7: shurik-ass ($2.01 in chips) 
Seat 8: kulikoof ($1.40 in chips) 
Seat 9: Dorex2007 ($2.64 in chips) 
shurik-ass: posts small blind $0.01
kulikoof: posts big blind $0.02
*** HOLE CARDS ***
Dealt to Dorex2007 [4h 7d]
Dorex2007: folds 
ANDREIKA1117: calls $0.02
Vitalya05: folds 
joosz: calls $0.02
dukes888: calls $0.02
1Asthma1: folds 
shurik-ass: folds 
kulikoof: checks 
*** FLOP *** [As 2s 9d]
kulikoof: checks 
ANDREIKA1117: checks 
joosz: bets $0.05
dukes888: calls $0.05
kulikoof: folds 
ANDREIKA1117: folds 
*** TURN *** [As 2s 9d] [5c]
joosz: bets $0.10
dukes888: calls $0.10
*** RIVER *** [As 2s 9d 5c] [8s]
joosz: bets $0.20
dukes888: raises $0.78 to $0.98
joosz: folds 
Uncalled bet ($0.78) returned to dukes888
dukes888 collected $0.76 from pot
*** SUMMARY ***
Total pot $0.79 | Rake $0.03 
Board [As 2s 9d 5c 8s]
Seat 2: ANDREIKA1117 folded on the Flop
Seat 3: Vitalya05 folded before Flop (didn't bet)
Seat 4: joosz folded on the River
Seat 5: dukes888 collected ($0.76)
Seat 6: 1Asthma1 (button) folded before Flop (didn't bet)
Seat 7: shurik-ass (small blind) folded before Flop
Seat 8: kulikoof (big blind) folded on the Flop
Seat 9: Dorex2007 folded before Flop (didn't bet)



PokerStars Hand #231333409199:  Hold'em No Limit ($0.01/$0.02 USD) - 2021/11/11 19:48:36 PT [2021/11/11 22:48:36 ET]
Table 'Amherstia' 9-max Seat #7 is the button
Seat 2: ANDREIKA1117 ($3.28 in chips) 
Seat 3: Vitalya05 ($7.06 in chips) 
Seat 4: joosz ($0.41 in chips) 
Seat 5: dukes888 ($3.07 in chips) 
Seat 6: 1Asthma1 ($2 in chips) 
Seat 7: shurik-ass ($2 in chips) 
Seat 8: kulikoof ($1.38 in chips) 
Seat 9: Dorex2007 ($2.64 in chips) 
kulikoof: posts small blind $0.01
Dorex2007: posts big blind $0.02
*** HOLE CARDS ***
Dealt to Dorex2007 [Ac 8d]
ANDREIKA1117: calls $0.02
Vitalya05: folds 
joosz: raises $0.04 to $0.06
dukes888: folds 
1Asthma1: raises $0.14 to $0.20
shurik-ass: calls $0.20
kulikoof: calls $0.19
Dorex2007: folds 
ANDREIKA1117: calls $0.18
joosz: calls $0.14
*** FLOP *** [Kh 5d 5h]
kulikoof: checks 
ANDREIKA1117: checks 
joosz: bets $0.21 and is all-in
1Asthma1: calls $0.21
shurik-ass: folds 
kulikoof: folds 
ANDREIKA1117: calls $0.21
*** TURN *** [Kh 5d 5h] [8s]
ANDREIKA1117: checks 
1Asthma1: checks 
*** RIVER *** [Kh 5d 5h 8s] [8h]
ANDREIKA1117: checks 
1Asthma1: checks 
*** SHOW DOWN ***
ANDREIKA1117: shows [Td Kd] (two pair, Kings and Eights)
joosz: mucks hand 
1Asthma1: mucks hand 
ANDREIKA1117 collected $1.59 from pot
*** SUMMARY ***
Total pot $1.65 | Rake $0.06 
Board [Kh 5d 5h 8s 8h]
Seat 2: ANDREIKA1117 showed [Td Kd] and won ($1.59) with two pair, Kings and Eights
Seat 3: Vitalya05 folded before Flop (didn't bet)
Seat 4: joosz mucked [2d 2h]
Seat 5: dukes888 folded before Flop (didn't bet)
Seat 6: 1Asthma1 mucked [Jh Js]
Seat 7: shurik-ass (button) folded on the Flop
Seat 8: kulikoof (small blind) folded on the Flop
Seat 9: Dorex2007 (big blind) folded before Flop



PokerStars Hand #231333421989:  Hold'em No Limit ($0.01/$0.02 USD) - 2021/11/11 19:49:44 PT [2021/11/11 22:49:44 ET]
Table 'Amherstia' 9-max Seat #8 is the button
Seat 2: ANDREIKA1117 ($4.46 in chips) 
Seat 3: Vitalya05 ($7.06 in chips) 
Seat 5: dukes888 ($3.07 in chips) 
Seat 6: 1Asthma1 ($2 in chips) 
Seat 7: shurik-ass ($2 in chips) 
Seat 8: kulikoof ($1.18 in chips) 
Seat 9: Dorex2007 ($2.62 in chips) 
Dorex2007: posts small blind $0.01
ANDREIKA1117: posts big blind $0.02
*** HOLE CARDS ***
Dealt to Dorex2007 [3s Ah]
Vitalya05: folds 
dukes888: folds 
1Asthma1: folds 
shurik-ass: folds 
kulikoof: folds 
Dorex2007: folds 
Uncalled bet ($0.01) returned to ANDREIKA1117
ANDREIKA1117 collected $0.02 from pot
ANDREIKA1117: doesn't show hand 
*** SUMMARY ***
Total pot $0.02 | Rake $0 
Seat 2: ANDREIKA1117 (big blind) collected ($0.02)
Seat 3: Vitalya05 folded before Flop (didn't bet)
Seat 5: dukes888 folded before Flop (didn't bet)
Seat 6: 1Asthma1 folded before Flop (didn't bet)
Seat 7: shurik-ass folded before Flop (didn't bet)
Seat 8: kulikoof (button) folded before Flop (didn't bet)
Seat 9: Dorex2007 (small blind) folded before Flop



PokerStars Hand #231333424282:  Hold'em No Limit ($0.01/$0.02 USD) - 2021/11/11 19:49:56 PT [2021/11/11 22:49:56 ET]
Table 'Amherstia' 9-max Seat #9 is the button
Seat 2: ANDREIKA1117 ($4.47 in chips) 
Seat 3: Vitalya05 ($7.06 in chips) 
Seat 5: dukes888 ($3.07 in chips) 
Seat 6: 1Asthma1 ($2 in chips) 
Seat 7: shurik-ass ($2 in chips) 
Seat 8: kulikoof ($1.18 in chips) 
Seat 9: Dorex2007 ($2.61 in chips) 
ANDREIKA1117: posts small blind $0.01
joosz leaves the table
Vitalya05: posts big blind $0.02
*** HOLE CARDS ***
Dealt to Dorex2007 [4c 9c]
dukes888: raises $0.02 to $0.04
1Asthma1: folds 
shurik-ass: folds 
kulikoof: folds 
Dorex2007: folds 
ANDREIKA1117: calls $0.03
Vitalya05: calls $0.02
*** FLOP *** [Ad 3c 2d]
ANDREIKA1117: checks 
Vitalya05: checks 
dukes888: checks 
*** TURN *** [Ad 3c 2d] [8h]
ANDREIKA1117: bets $0.06
Vitalya05: folds 
dukes888: folds 
Uncalled bet ($0.06) returned to ANDREIKA1117
ANDREIKA1117 collected $0.12 from pot
ANDREIKA1117: doesn't show hand 
*** SUMMARY ***
Total pot $0.12 | Rake $0 
Board [Ad 3c 2d 8h]
Seat 2: ANDREIKA1117 (small blind) collected ($0.12)
Seat 3: Vitalya05 (big blind) folded on the Turn
Seat 5: dukes888 folded on the Turn
Seat 6: 1Asthma1 folded before Flop (didn't bet)
Seat 7: shurik-ass folded before Flop (didn't bet)
Seat 8: kulikoof folded before Flop (didn't bet)
Seat 9: Dorex2007 (button) folded before Flop (didn't bet)



PokerStars Hand #231333430675:  Hold'em No Limit ($0.01/$0.02 USD) - 2021/11/11 19:50:30 PT [2021/11/11 22:50:30 ET]
Table 'Amherstia' 9-max Seat #2 is the button
Seat 2: ANDREIKA1117 ($4.55 in chips) 
Seat 3: Vitalya05 ($7.02 in chips) 
Seat 5: dukes888 ($3.03 in chips) 
Seat 6: 1Asthma1 ($2 in chips) 
Seat 7: shurik-ass ($2 in chips) 
Seat 8: kulikoof ($1.18 in chips) 
Seat 9: Dorex2007 ($2.61 in chips) 
Vitalya05: posts small blind $0.01
dukes888: posts big blind $0.02
*** HOLE CARDS ***
Dealt to Dorex2007 [8s 3d]
1Asthma1: folds 
shurik-ass: folds 
kulikoof: folds 
Dorex2007: folds 
ANDREIKA1117: calls $0.02
X1_MAT_1X joins the table at seat #4 
Vitalya05: folds 
dukes888: checks 
*** FLOP *** [Ks 4h 2d]
dukes888: bets $0.05
ANDREIKA1117: folds 
Uncalled bet ($0.05) returned to dukes888
dukes888 collected $0.05 from pot
*** SUMMARY ***
Total pot $0.05 | Rake $0 
Board [Ks 4h 2d]
Seat 2: ANDREIKA1117 (button) folded on the Flop
Seat 3: Vitalya05 (small blind) folded before Flop
Seat 5: dukes888 (big blind) collected ($0.05)
Seat 6: 1Asthma1 folded before Flop (didn't bet)
Seat 7: shurik-ass folded before Flop (didn't bet)
Seat 8: kulikoof folded before Flop (didn't bet)
Seat 9: Dorex2007 folded before Flop (didn't bet)



PokerStars Hand #231333434952:  Hold'em No Limit ($0.01/$0.02 USD) - 2021/11/11 19:50:54 PT [2021/11/11 22:50:54 ET]
Table 'Amherstia' 9-max Seat #3 is the button
Seat 2: ANDREIKA1117 ($4.53 in chips) 
Seat 3: Vitalya05 ($7.01 in chips) 
Seat 5: dukes888 ($3.06 in chips) 
Seat 6: 1Asthma1 ($2 in chips) 
Seat 7: shurik-ass ($2 in chips) 
Seat 8: kulikoof ($1.18 in chips) 
Seat 9: Dorex2007 ($2.61 in chips) 
dukes888: posts small blind $0.01
1Asthma1: posts big blind $0.02
okotokian1: sits out 
*** HOLE CARDS ***
Dealt to Dorex2007 [Kh 4s]
shurik-ass: folds 
kulikoof: raises $0.02 to $0.04
Dorex2007: folds 
ANDREIKA1117: calls $0.04
Vitalya05: folds 
dukes888: calls $0.03
1Asthma1: folds 
*** FLOP *** [Ts Qh 4d]
dukes888: checks 
kulikoof: bets $0.07
ANDREIKA1117: folds 
dukes888: folds 
Uncalled bet ($0.07) returned to kulikoof
kulikoof collected $0.14 from pot
kulikoof: doesn't show hand 
*** SUMMARY ***
Total pot $0.14 | Rake $0 
Board [Ts Qh 4d]
Seat 2: ANDREIKA1117 folded on the Flop
Seat 3: Vitalya05 (button) folded before Flop (didn't bet)
Seat 5: dukes888 (small blind) folded on the Flop
Seat 6: 1Asthma1 (big blind) folded before Flop
Seat 7: shurik-ass folded before Flop (didn't bet)
Seat 8: kulikoof collected ($0.14)
Seat 9: Dorex2007 folded before Flop (didn't bet)



PokerStars Hand #231333441141:  Hold'em No Limit ($0.01/$0.02 USD) - 2021/11/11 19:51:27 PT [2021/11/11 22:51:27 ET]
Table 'Amherstia' 9-max Seat #5 is the button
Seat 2: ANDREIKA1117 ($4.49 in chips) 
Seat 3: Vitalya05 ($7.01 in chips) 
Seat 4: X1_MAT_1X ($2 in chips) 
Seat 5: dukes888 ($3.02 in chips) 
Seat 6: 1Asthma1 ($2 in chips) 
Seat 7: shurik-ass ($2 in chips) 
Seat 8: kulikoof ($1.28 in chips) 
Seat 9: Dorex2007 ($2.61 in chips) 
1Asthma1: posts small blind $0.01
shurik-ass: posts big blind $0.02
okotokian1: sits out 
X1_MAT_1X: posts big blind $0.02
*** HOLE CARDS ***
Dealt to Dorex2007 [7s 8c]
kulikoof: folds 
Dorex2007: folds 
ANDREIKA1117: folds 
Vitalya05: calls $0.02
X1_MAT_1X: checks 
dukes888: folds 
1Asthma1: folds 
shurik-ass: checks 
*** FLOP *** [9d Ac 6s]
shurik-ass: checks 
Vitalya05: checks 
X1_MAT_1X: checks 
*** TURN *** [9d Ac 6s] [3h]
shurik-ass: checks 
Vitalya05: checks 
X1_MAT_1X: checks 
*** RIVER *** [9d Ac 6s 3h] [3d]
shurik-ass: checks 
Vitalya05: bets $0.04
X1_MAT_1X: folds 
shurik-ass: folds 
Uncalled bet ($0.04) returned to Vitalya05
Vitalya05 collected $0.07 from pot
Vitalya05: doesn't show hand 
*** SUMMARY ***
Total pot $0.07 | Rake $0 
Board [9d Ac 6s 3h 3d]
Seat 2: ANDREIKA1117 folded before Flop (didn't bet)
Seat 3: Vitalya05 collected ($0.07)
Seat 4: X1_MAT_1X folded on the River (didn't bet)
Seat 5: dukes888 (button) folded before Flop (didn't bet)
Seat 6: 1Asthma1 (small blind) folded before Flop
Seat 7: shurik-ass (big blind) folded on the River
Seat 8: kulikoof folded before Flop (didn't bet)
Seat 9: Dorex2007 folded before Flop (didn't bet)



PokerStars Hand #231333448530:  Hold'em No Limit ($0.01/$0.02 USD) - 2021/11/11 19:52:07 PT [2021/11/11 22:52:07 ET]
Table 'Amherstia' 9-max Seat #6 is the button
Seat 2: ANDREIKA1117 ($4.49 in chips) 
Seat 3: Vitalya05 ($7.06 in chips) 
Seat 4: X1_MAT_1X ($2 in chips) 
Seat 5: dukes888 ($3.02 in chips) 
Seat 6: 1Asthma1 ($2 in chips) 
Seat 7: shurik-ass ($2 in chips) 
Seat 8: kulikoof ($1.28 in chips) 
Seat 9: Dorex2007 ($2.61 in chips) 
shurik-ass: posts small blind $0.01
kulikoof: posts big blind $0.02
okotokian1: sits out 
*** HOLE CARDS ***
Dealt to Dorex2007 [6c Th]
Dorex2007: folds 
ANDREIKA1117: folds 
Vitalya05: folds 
X1_MAT_1X: folds 
dukes888: folds 
1Asthma1: folds 
shurik-ass: raises $0.03 to $0.05
kulikoof: calls $0.03
*** FLOP *** [9s Qh 4h]
shurik-ass: bets $0.05
kulikoof: calls $0.05
*** TURN *** [9s Qh 4h] [As]
shurik-ass: checks 
kulikoof: bets $0.09
shurik-ass: folds 
Uncalled bet ($0.09) returned to kulikoof
kulikoof collected $0.19 from pot
kulikoof: doesn't show hand 
*** SUMMARY ***
Total pot $0.20 | Rake $0.01 
Board [9s Qh 4h As]
Seat 2: ANDREIKA1117 folded before Flop (didn't bet)
Seat 3: Vitalya05 folded before Flop (didn't bet)
Seat 4: X1_MAT_1X folded before Flop (didn't bet)
Seat 5: dukes888 folded before Flop (didn't bet)
Seat 6: 1Asthma1 (button) folded before Flop (didn't bet)
Seat 7: shurik-ass (small blind) folded on the Turn
Seat 8: kulikoof (big blind) collected ($0.19)
Seat 9: Dorex2007 folded before Flop (didn't bet)



PokerStars Hand #231333457598:  Hold'em No Limit ($0.01/$0.02 USD) - 2021/11/11 19:52:57 PT [2021/11/11 22:52:57 ET]
Table 'Amherstia' 9-max Seat #7 is the button
Seat 2: ANDREIKA1117 ($4.49 in chips) 
Seat 3: Vitalya05 ($7.06 in chips) 
Seat 4: X1_MAT_1X ($2 in chips) 
Seat 5: dukes888 ($3.02 in chips) 
Seat 6: 1Asthma1 ($2 in chips) 
Seat 7: shurik-ass ($2 in chips) 
Seat 8: kulikoof ($1.37 in chips) 
Seat 9: Dorex2007 ($2.61 in chips) 
kulikoof: posts small blind $0.01
Dorex2007: posts big blind $0.02
okotokian1: sits out 
*** HOLE CARDS ***
Dealt to Dorex2007 [8h Ah]
ANDREIKA1117: folds 
Vitalya05: folds 
X1_MAT_1X: folds 
dukes888: folds 
1Asthma1: folds 
shurik-ass: folds 
kulikoof: calls $0.01
Dorex2007: checks 
*** FLOP *** [Jd 7d Ad]
kulikoof: checks 
Dorex2007: bets $0.04
kulikoof: calls $0.04
*** TURN *** [Jd 7d Ad] [Ts]
kulikoof: checks 
Dorex2007: checks 
*** RIVER *** [Jd 7d Ad Ts] [Qd]
kulikoof: bets $0.06
Dorex2007: folds 
Uncalled bet ($0.06) returned to kulikoof
kulikoof collected $0.12 from pot
kulikoof: doesn't show hand 
*** SUMMARY ***
Total pot $0.12 | Rake $0 
Board [Jd 7d Ad Ts Qd]
Seat 2: ANDREIKA1117 folded before Flop (didn't bet)
Seat 3: Vitalya05 folded before Flop (didn't bet)
Seat 4: X1_MAT_1X folded before Flop (didn't bet)
Seat 5: dukes888 folded before Flop (didn't bet)
Seat 6: 1Asthma1 folded before Flop (didn't bet)
Seat 7: shurik-ass (button) folded before Flop (didn't bet)
Seat 8: kulikoof (small blind) collected ($0.12)
Seat 9: Dorex2007 (big blind) folded on the River



PokerStars Hand #231333464135:  Hold'em No Limit ($0.01/$0.02 USD) - 2021/11/11 19:53:32 PT [2021/11/11 22:53:32 ET]
Table 'Amherstia' 9-max Seat #8 is the button
Seat 1: okotokian1 ($2.07 in chips) 
Seat 2: ANDREIKA1117 ($4.49 in chips) 
Seat 3: Vitalya05 ($7.06 in chips) 
Seat 4: X1_MAT_1X ($2 in chips) 
Seat 5: dukes888 ($3.02 in chips) 
Seat 6: 1Asthma1 ($2 in chips) 
Seat 7: shurik-ass ($2 in chips) 
Seat 8: kulikoof ($1.43 in chips) 
Seat 9: Dorex2007 ($2.55 in chips) 
Dorex2007: posts small blind $0.01
okotokian1: posts big blind $0.02
*** HOLE CARDS ***
Dealt to Dorex2007 [9h 9c]
ANDREIKA1117: folds 
Vitalya05: folds 
X1_MAT_1X: folds 
dukes888: raises $0.02 to $0.04
1Asthma1: folds 
shurik-ass: folds 
kulikoof: folds 
Dorex2007: calls $0.03
okotokian1: folds 
*** FLOP *** [6d 6h 4s]
Dorex2007: checks 
dukes888: checks 
*** TURN *** [6d 6h 4s] [Jh]
Dorex2007: bets $0.10
dukes888: raises $0.30 to $0.40
Dorex2007: folds 
Uncalled bet ($0.30) returned to dukes888
dukes888 collected $0.29 from pot
*** SUMMARY ***
Total pot $0.30 | Rake $0.01 
Board [6d 6h 4s Jh]
Seat 1: okotokian1 (big blind) folded before Flop
Seat 2: ANDREIKA1117 folded before Flop (didn't bet)
Seat 3: Vitalya05 folded before Flop (didn't bet)
Seat 4: X1_MAT_1X folded before Flop (didn't bet)
Seat 5: dukes888 collected ($0.29)
Seat 6: 1Asthma1 folded before Flop (didn't bet)
Seat 7: shurik-ass folded before Flop (didn't bet)
Seat 8: kulikoof (button) folded before Flop (didn't bet)
Seat 9: Dorex2007 (small blind) folded on the Turn



PokerStars Hand #231333474400:  Hold'em No Limit ($0.01/$0.02 USD) - 2021/11/11 19:54:19 PT [2021/11/11 22:54:19 ET]
Table 'Amherstia' 9-max Seat #9 is the button
Seat 1: okotokian1 ($2.05 in chips) 
Seat 2: ANDREIKA1117 ($4.49 in chips) 
Seat 3: Vitalya05 ($7.06 in chips) 
Seat 4: X1_MAT_1X ($2 in chips) 
Seat 5: dukes888 ($3.17 in chips) 
Seat 6: 1Asthma1 ($2 in chips) 
Seat 7: shurik-ass ($2 in chips) 
Seat 8: kulikoof ($1.43 in chips) 
Seat 9: Dorex2007 ($2.41 in chips) 
okotokian1: posts small blind $0.01
ANDREIKA1117: posts big blind $0.02
*** HOLE CARDS ***
Dealt to Dorex2007 [9c 2s]
Vitalya05: folds 
X1_MAT_1X: folds 
dukes888: folds 
1Asthma1: folds 
shurik-ass: folds 
kulikoof: calls $0.02
Dorex2007: folds 
okotokian1: folds 
ANDREIKA1117: checks 
*** FLOP *** [9d Ac 4h]
ANDREIKA1117: checks 
kulikoof: bets $0.04
ANDREIKA1117: folds 
Uncalled bet ($0.04) returned to kulikoof
kulikoof collected $0.05 from pot
kulikoof: doesn't show hand 
*** SUMMARY ***
Total pot $0.05 | Rake $0 
Board [9d Ac 4h]
Seat 1: okotokian1 (small blind) folded before Flop
Seat 2: ANDREIKA1117 (big blind) folded on the Flop
Seat 3: Vitalya05 folded before Flop (didn't bet)
Seat 4: X1_MAT_1X folded before Flop (didn't bet)
Seat 5: dukes888 folded before Flop (didn't bet)
Seat 6: 1Asthma1 folded before Flop (didn't bet)
Seat 7: shurik-ass folded before Flop (didn't bet)
Seat 8: kulikoof collected ($0.05)
Seat 9: Dorex2007 (button) folded before Flop (didn't bet)



PokerStars Hand #231333480069:  Hold'em No Limit ($0.01/$0.02 USD) - 2021/11/11 19:54:50 PT [2021/11/11 22:54:50 ET]
Table 'Amherstia' 9-max Seat #1 is the button
Seat 1: okotokian1 ($2.04 in chips) 
Seat 2: ANDREIKA1117 ($4.47 in chips) 
Seat 3: Vitalya05 ($7.06 in chips) 
Seat 4: X1_MAT_1X ($2 in chips) 
Seat 5: dukes888 ($3.17 in chips) 
Seat 6: 1Asthma1 ($2 in chips) 
Seat 7: shurik-ass ($2 in chips) 
Seat 8: kulikoof ($1.46 in chips) 
Seat 9: Dorex2007 ($2.41 in chips) 
ANDREIKA1117: posts small blind $0.01
Vitalya05: posts big blind $0.02
*** HOLE CARDS ***
Dealt to Dorex2007 [Qh 7h]
X1_MAT_1X: folds 
dukes888: raises $0.02 to $0.04
1Asthma1: folds 
shurik-ass: folds 
kulikoof: folds 
Dorex2007: folds 
okotokian1: folds 
ANDREIKA1117: calls $0.03
Vitalya05: folds 
*** FLOP *** [Tc Kd 8c]
ANDREIKA1117: checks 
dukes888: checks 
*** TURN *** [Tc Kd 8c] [3d]
ANDREIKA1117: checks 
dukes888: bets $0.02
ANDREIKA1117: folds 
Uncalled bet ($0.02) returned to dukes888
dukes888 collected $0.10 from pot
*** SUMMARY ***
Total pot $0.10 | Rake $0 
Board [Tc Kd 8c 3d]
Seat 1: okotokian1 (button) folded before Flop (didn't bet)
Seat 2: ANDREIKA1117 (small blind) folded on the Turn
Seat 3: Vitalya05 (big blind) folded before Flop
Seat 4: X1_MAT_1X folded before Flop (didn't bet)
Seat 5: dukes888 collected ($0.10)
Seat 6: 1Asthma1 folded before Flop (didn't bet)
Seat 7: shurik-ass folded before Flop (didn't bet)
Seat 8: kulikoof folded before Flop (didn't bet)
Seat 9: Dorex2007 folded before Flop (didn't bet)



PokerStars Hand #231333485109:  Hold'em No Limit ($0.01/$0.02 USD) - 2021/11/11 19:55:19 PT [2021/11/11 22:55:19 ET]
Table 'Amherstia' 9-max Seat #2 is the button
Seat 1: okotokian1 ($2.04 in chips) 
Seat 2: ANDREIKA1117 ($4.43 in chips) 
Seat 3: Vitalya05 ($7.04 in chips) 
Seat 4: X1_MAT_1X ($2 in chips) 
Seat 5: dukes888 ($3.23 in chips) 
Seat 6: 1Asthma1 ($2 in chips) 
Seat 7: shurik-ass ($2 in chips) 
Seat 8: kulikoof ($1.46 in chips) 
Seat 9: Dorex2007 ($2.41 in chips) 
Vitalya05: posts small blind $0.01
X1_MAT_1X: posts big blind $0.02
*** HOLE CARDS ***
Dealt to Dorex2007 [Qc Js]
dukes888: raises $0.02 to $0.04
1Asthma1: folds 
shurik-ass: folds 
kulikoof: raises $0.02 to $0.06
Dorex2007: folds 
okotokian1: folds 
ANDREIKA1117: calls $0.06
Vitalya05: folds 
X1_MAT_1X: calls $0.04
dukes888: calls $0.02
*** FLOP *** [8h Ah Ks]
X1_MAT_1X: checks 
dukes888: bets $0.24
kulikoof: calls $0.24
ANDREIKA1117: folds 
X1_MAT_1X: folds 
*** TURN *** [8h Ah Ks] [2s]
dukes888: bets $0.70
kulikoof: calls $0.70
*** RIVER *** [8h Ah Ks 2s] [Kc]
dukes888: bets $2.06
kulikoof: folds 
Uncalled bet ($2.06) returned to dukes888
dukes888 collected $2.06 from pot
*** SUMMARY ***
Total pot $2.13 | Rake $0.07 
Board [8h Ah Ks 2s Kc]
Seat 1: okotokian1 folded before Flop (didn't bet)
Seat 2: ANDREIKA1117 (button) folded on the Flop
Seat 3: Vitalya05 (small blind) folded before Flop
Seat 4: X1_MAT_1X (big blind) folded on the Flop
Seat 5: dukes888 collected ($2.06)
Seat 6: 1Asthma1 folded before Flop (didn't bet)
Seat 7: shurik-ass folded before Flop (didn't bet)
Seat 8: kulikoof folded on the River
Seat 9: Dorex2007 folded before Flop (didn't bet)



PokerStars Hand #231333493759:  Hold'em No Limit ($0.01/$0.02 USD) - 2021/11/11 19:56:16 PT [2021/11/11 22:56:16 ET]
Table 'Amherstia' 9-max Seat #3 is the button
Seat 1: okotokian1 ($2.04 in chips) 
Seat 2: ANDREIKA1117 ($4.37 in chips) 
Seat 3: Vitalya05 ($7.03 in chips) 
Seat 4: X1_MAT_1X ($2 in chips) 
Seat 5: dukes888 ($4.29 in chips) 
Seat 6: 1Asthma1 ($2 in chips) 
Seat 7: shurik-ass ($2 in chips) 
Seat 8: kulikoof ($0.46 in chips) 
Seat 9: Dorex2007 ($2.41 in chips) 
X1_MAT_1X: posts small blind $0.01
dukes888: posts big blind $0.02
*** HOLE CARDS ***
Dealt to Dorex2007 [3d 5h]
1Asthma1: folds 
shurik-ass has timed out
shurik-ass: folds 
shurik-ass leaves the table
kulikoof: calls $0.02
Dorex2007: folds 
okotokian1: folds 
ANDREIKA1117: calls $0.02
Vitalya05: folds 
X1_MAT_1X: raises $0.04 to $0.06
dukes888: calls $0.04
kulikoof: calls $0.04
ANDREIKA1117: calls $0.04
*** FLOP *** [Js 4d 2s]
X1_MAT_1X: bets $0.11
dukes888: folds 
kulikoof: folds 
ANDREIKA1117: calls $0.11
*** TURN *** [Js 4d 2s] [8h]
X1_MAT_1X: checks 
ANDREIKA1117: bets $0.22
X1_MAT_1X: folds 
Uncalled bet ($0.22) returned to ANDREIKA1117
ANDREIKA1117 collected $0.44 from pot
ANDREIKA1117: doesn't show hand 
*** SUMMARY ***
Total pot $0.46 | Rake $0.02 
Board [Js 4d 2s 8h]
Seat 1: okotokian1 folded before Flop (didn't bet)
Seat 2: ANDREIKA1117 collected ($0.44)
Seat 3: Vitalya05 (button) folded before Flop (didn't bet)
Seat 4: X1_MAT_1X (small blind) folded on the Turn
Seat 5: dukes888 (big blind) folded on the Flop
Seat 6: 1Asthma1 folded before Flop (didn't bet)
Seat 7: shurik-ass folded before Flop (didn't bet)
Seat 8: kulikoof folded on the Flop
Seat 9: Dorex2007 folded before Flop (didn't bet)



PokerStars Hand #231333502962:  Hold'em No Limit ($0.01/$0.02 USD) - 2021/11/11 19:57:17 PT [2021/11/11 22:57:17 ET]
Table 'Amherstia' 9-max Seat #4 is the button
Seat 1: okotokian1 ($2.04 in chips) 
Seat 2: ANDREIKA1117 ($4.64 in chips) 
Seat 3: Vitalya05 ($7.03 in chips) 
Seat 4: X1_MAT_1X ($2 in chips) 
Seat 5: dukes888 ($4.23 in chips) 
Seat 6: 1Asthma1 ($2 in chips) 
Seat 8: kulikoof ($0.40 in chips) 
Seat 9: Dorex2007 ($2.41 in chips) 
dukes888: posts small blind $0.01
1Asthma1: posts big blind $0.02
*** HOLE CARDS ***
Dealt to Dorex2007 [Qs 2s]
kulikoof: folds 
Dorex2007: folds 
okotokian1: folds 
ANDREIKA1117: calls $0.02
Vitalya05: folds 
X1_MAT_1X: folds 
dukes888: calls $0.01
1Asthma1: raises $0.10 to $0.12
ANDREIKA1117: calls $0.10
dukes888: folds 
*** FLOP *** [Td 5s 3d]
Rex Dansy joins the table at seat #7 
1Asthma1: bets $0.13
ANDREIKA1117: calls $0.13
*** TURN *** [Td 5s 3d] [8s]
1Asthma1: bets $0.33
ANDREIKA1117: calls $0.33
*** RIVER *** [Td 5s 3d 8s] [4c]
1Asthma1: bets $0.57
ANDREIKA1117: calls $0.57
*** SHOW DOWN ***
1Asthma1: shows [Jh Jd] (a pair of Jacks)
ANDREIKA1117: mucks hand 
1Asthma1 collected $2.24 from pot
*** SUMMARY ***
Total pot $2.32 | Rake $0.08 
Board [Td 5s 3d 8s 4c]
Seat 1: okotokian1 folded before Flop (didn't bet)
Seat 2: ANDREIKA1117 mucked [Qd 8h]
Seat 3: Vitalya05 folded before Flop (didn't bet)
Seat 4: X1_MAT_1X (button) folded before Flop (didn't bet)
Seat 5: dukes888 (small blind) folded before Flop
Seat 6: 1Asthma1 (big blind) showed [Jh Jd] and won ($2.24) with a pair of Jacks
Seat 8: kulikoof folded before Flop (didn't bet)
Seat 9: Dorex2007 folded before Flop (didn't bet)



PokerStars Hand #231333507872:  Hold'em No Limit ($0.01/$0.02 USD) - 2021/11/11 19:57:51 PT [2021/11/11 22:57:51 ET]
Table 'Amherstia' 9-max Seat #5 is the button
Seat 1: okotokian1 ($2.04 in chips) 
Seat 2: ANDREIKA1117 ($3.49 in chips) 
Seat 3: Vitalya05 ($7.03 in chips) 
Seat 4: X1_MAT_1X ($2 in chips) 
Seat 5: dukes888 ($4.21 in chips) 
Seat 6: 1Asthma1 ($3.09 in chips) 
Seat 7: Rex Dansy ($0.80 in chips) 
Seat 8: kulikoof ($0.40 in chips) 
Seat 9: Dorex2007 ($2.41 in chips) 
1Asthma1: posts small blind $0.01
Rex Dansy: posts big blind $0.02
*** HOLE CARDS ***
Dealt to Dorex2007 [7d Th]
kulikoof: folds 
Dorex2007: folds 
okotokian1: folds 
ANDREIKA1117: calls $0.02
Vitalya05: folds 
X1_MAT_1X: folds 
dukes888: calls $0.02
1Asthma1: folds 
Rex Dansy: checks 
*** FLOP *** [6c 2d Ks]
Rex Dansy: checks 
ANDREIKA1117: checks 
dukes888: bets $0.10
Rex Dansy: folds 
ANDREIKA1117: folds 
Uncalled bet ($0.10) returned to dukes888
dukes888 collected $0.07 from pot
*** SUMMARY ***
Total pot $0.07 | Rake $0 
Board [6c 2d Ks]
Seat 1: okotokian1 folded before Flop (didn't bet)
Seat 2: ANDREIKA1117 folded on the Flop
Seat 3: Vitalya05 folded before Flop (didn't bet)
Seat 4: X1_MAT_1X folded before Flop (didn't bet)
Seat 5: dukes888 (button) collected ($0.07)
Seat 6: 1Asthma1 (small blind) folded before Flop
Seat 7: Rex Dansy (big blind) folded on the Flop
Seat 8: kulikoof folded before Flop (didn't bet)
Seat 9: Dorex2007 folded before Flop (didn't bet)



PokerStars Hand #231333512975:  Hold'em No Limit ($0.01/$0.02 USD) - 2021/11/11 19:58:25 PT [2021/11/11 22:58:25 ET]
Table 'Amherstia' 9-max Seat #6 is the button
Seat 1: okotokian1 ($2.04 in chips) 
Seat 2: ANDREIKA1117 ($3.47 in chips) 
Seat 3: Vitalya05 ($7.03 in chips) 
Seat 4: X1_MAT_1X ($2 in chips) 
Seat 5: dukes888 ($4.26 in chips) 
Seat 6: 1Asthma1 ($3.08 in chips) 
Seat 7: Rex Dansy ($0.78 in chips) 
Seat 8: kulikoof ($0.40 in chips) 
Seat 9: Dorex2007 ($2.41 in chips) 
Rex Dansy: posts small blind $0.01
kulikoof: posts big blind $0.02
*** HOLE CARDS ***
Dealt to Dorex2007 [5s 7s]
Dorex2007: folds 
okotokian1: folds 
ANDREIKA1117: calls $0.02
Vitalya05: folds 
X1_MAT_1X: folds 
dukes888: folds 
1Asthma1: raises $0.06 to $0.08
Rex Dansy: folds 
kulikoof: folds 
ANDREIKA1117: calls $0.06
*** FLOP *** [9s 7h 8s]
ANDREIKA1117: checks 
1Asthma1: bets $0.09
ANDREIKA1117: calls $0.09
*** TURN *** [9s 7h 8s] [4d]
ANDREIKA1117: checks 
1Asthma1: checks 
*** RIVER *** [9s 7h 8s 4d] [Jd]
ANDREIKA1117: checks 
1Asthma1: bets $0.23
ANDREIKA1117: folds 
Uncalled bet ($0.23) returned to 1Asthma1
1Asthma1 collected $0.36 from pot
1Asthma1: doesn't show hand 
*** SUMMARY ***
Total pot $0.37 | Rake $0.01 
Board [9s 7h 8s 4d Jd]
Seat 1: okotokian1 folded before Flop (didn't bet)
Seat 2: ANDREIKA1117 folded on the River
Seat 3: Vitalya05 folded before Flop (didn't bet)
Seat 4: X1_MAT_1X folded before Flop (didn't bet)
Seat 5: dukes888 folded before Flop (didn't bet)
Seat 6: 1Asthma1 (button) collected ($0.36)
Seat 7: Rex Dansy (small blind) folded before Flop
Seat 8: kulikoof (big blind) folded before Flop
Seat 9: Dorex2007 folded before Flop (didn't bet)



PokerStars Hand #231333518422:  Hold'em No Limit ($0.01/$0.02 USD) - 2021/11/11 19:59:02 PT [2021/11/11 22:59:02 ET]
Table 'Amherstia' 9-max Seat #7 is the button
Seat 1: okotokian1 ($2.04 in chips) 
Seat 2: ANDREIKA1117 ($3.30 in chips) 
Seat 3: Vitalya05 ($7.03 in chips) 
Seat 4: X1_MAT_1X ($2 in chips) 
Seat 5: dukes888 ($4.26 in chips) 
Seat 6: 1Asthma1 ($3.27 in chips) 
Seat 7: Rex Dansy ($0.77 in chips) 
Seat 8: kulikoof ($0.38 in chips) 
Seat 9: Dorex2007 ($2.41 in chips) 
kulikoof: posts small blind $0.01
Dorex2007: posts big blind $0.02
*** HOLE CARDS ***
Dealt to Dorex2007 [3d Ks]
okotokian1: folds 
ANDREIKA1117: calls $0.02
Vitalya05 is disconnected 
Vitalya05 has timed out while being disconnected
Vitalya05: folds 
X1_MAT_1X: folds 
dukes888: folds 
1Asthma1: folds 
Rex Dansy: folds 
kulikoof: raises $0.02 to $0.04
Dorex2007: folds 
ANDREIKA1117: calls $0.02
*** FLOP *** [5h 2d 3s]
kulikoof: bets $0.05
ANDREIKA1117: calls $0.05
*** TURN *** [5h 2d 3s] [Qc]
kulikoof: bets $0.09
ANDREIKA1117: raises $0.37 to $0.46
kulikoof: folds 
Uncalled bet ($0.37) returned to ANDREIKA1117
ANDREIKA1117 collected $0.37 from pot
ANDREIKA1117: doesn't show hand 
*** SUMMARY ***
Total pot $0.38 | Rake $0.01 
Board [5h 2d 3s Qc]
Seat 1: okotokian1 folded before Flop (didn't bet)
Seat 2: ANDREIKA1117 collected ($0.37)
Seat 3: Vitalya05 folded before Flop (didn't bet)
Seat 4: X1_MAT_1X folded before Flop (didn't bet)
Seat 5: dukes888 folded before Flop (didn't bet)
Seat 6: 1Asthma1 folded before Flop (didn't bet)
Seat 7: Rex Dansy (button) folded before Flop (didn't bet)
Seat 8: kulikoof (small blind) folded on the Turn
Seat 9: Dorex2007 (big blind) folded before Flop



PokerStars Hand #231333527108:  Hold'em No Limit ($0.01/$0.02 USD) - 2021/11/11 20:00:00 PT [2021/11/11 23:00:00 ET]
Table 'Amherstia' 9-max Seat #8 is the button
Seat 1: okotokian1 ($2.04 in chips) 
Seat 2: ANDREIKA1117 ($3.49 in chips) 
Seat 4: X1_MAT_1X ($2 in chips) 
Seat 5: dukes888 ($4.26 in chips) 
Seat 6: 1Asthma1 ($3.27 in chips) 
Seat 7: Rex Dansy ($0.77 in chips) 
Seat 8: kulikoof ($0.20 in chips) 
Seat 9: Dorex2007 ($2.39 in chips) 
Dorex2007: posts small blind $0.01
okotokian1: posts big blind $0.02
*** HOLE CARDS ***
Dealt to Dorex2007 [5h Jc]
ANDREIKA1117: calls $0.02
X1_MAT_1X: folds 
dukes888: raises $0.02 to $0.04
1Asthma1: folds 
Rex Dansy: folds 
kulikoof: folds 
Dorex2007: folds 
okotokian1: folds 
ANDREIKA1117: calls $0.02
*** FLOP *** [7h 9s 5c]
ANDREIKA1117: checks 
dukes888: bets $0.06
ANDREIKA1117: calls $0.06
*** TURN *** [7h 9s 5c] [2s]
ANDREIKA1117: checks 
dukes888: bets $0.18
ANDREIKA1117: calls $0.18
*** RIVER *** [7h 9s 5c 2s] [4h]
ANDREIKA1117: checks 
dukes888: checks 
*** SHOW DOWN ***
ANDREIKA1117: shows [9c Ah] (a pair of Nines)
dukes888: mucks hand 
ANDREIKA1117 collected $0.57 from pot
*** SUMMARY ***
Total pot $0.59 | Rake $0.02 
Board [7h 9s 5c 2s 4h]
Seat 1: okotokian1 (big blind) folded before Flop
Seat 2: ANDREIKA1117 showed [9c Ah] and won ($0.57) with a pair of Nines
Seat 4: X1_MAT_1X folded before Flop (didn't bet)
Seat 5: dukes888 mucked [Th 8c]
Seat 6: 1Asthma1 folded before Flop (didn't bet)
Seat 7: Rex Dansy folded before Flop (didn't bet)
Seat 8: kulikoof (button) folded before Flop (didn't bet)
Seat 9: Dorex2007 (small blind) folded before Flop



PokerStars Hand #231333541346:  Hold'em No Limit ($0.01/$0.02 USD) - 2021/11/11 20:00:45 PT [2021/11/11 23:00:45 ET]
Table 'Amherstia' 9-max Seat #9 is the button
Seat 1: okotokian1 ($2.02 in chips) 
Seat 2: ANDREIKA1117 ($3.78 in chips) 
Seat 3: Vitalya05 ($7.03 in chips) 
Seat 4: X1_MAT_1X ($2 in chips) 
Seat 5: dukes888 ($3.98 in chips) 
Seat 6: 1Asthma1 ($3.27 in chips) 
Seat 7: Rex Dansy ($0.77 in chips) 
Seat 8: kulikoof ($0.20 in chips) 
Seat 9: Dorex2007 ($2.38 in chips) 
okotokian1: posts small blind $0.01
ANDREIKA1117: posts big blind $0.02
*** HOLE CARDS ***
Dealt to Dorex2007 [7h Qh]
Vitalya05: folds 
X1_MAT_1X: folds 
dukes888: folds 
1Asthma1: folds 
Rex Dansy: raises $0.04 to $0.06
kulikoof: folds 
Dorex2007: folds 
okotokian1: folds 
ANDREIKA1117: calls $0.04
*** FLOP *** [3h 6h 4s]
ANDREIKA1117: checks 
Rex Dansy: checks 
*** TURN *** [3h 6h 4s] [8c]
ANDREIKA1117: checks 
Rex Dansy: checks 
*** RIVER *** [3h 6h 4s 8c] [6d]
ANDREIKA1117: bets $0.13
Rex Dansy: folds 
Uncalled bet ($0.13) returned to ANDREIKA1117
ANDREIKA1117 collected $0.13 from pot
ANDREIKA1117: doesn't show hand 
*** SUMMARY ***
Total pot $0.13 | Rake $0 
Board [3h 6h 4s 8c 6d]
Seat 1: okotokian1 (small blind) folded before Flop
Seat 2: ANDREIKA1117 (big blind) collected ($0.13)
Seat 3: Vitalya05 folded before Flop (didn't bet)
Seat 4: X1_MAT_1X folded before Flop (didn't bet)
Seat 5: dukes888 folded before Flop (didn't bet)
Seat 6: 1Asthma1 folded before Flop (didn't bet)
Seat 7: Rex Dansy folded on the River
Seat 8: kulikoof folded before Flop (didn't bet)
Seat 9: Dorex2007 (button) folded before Flop (didn't bet)



PokerStars Hand #231333547639:  Hold'em No Limit ($0.01/$0.02 USD) - 2021/11/11 20:01:21 PT [2021/11/11 23:01:21 ET]
Table 'Amherstia' 9-max Seat #1 is the button
Seat 1: okotokian1 ($2.01 in chips) 
Seat 2: ANDREIKA1117 ($3.85 in chips) 
Seat 3: Vitalya05 ($7.03 in chips) 
Seat 4: X1_MAT_1X ($2 in chips) 
Seat 5: dukes888 ($3.98 in chips) 
Seat 6: 1Asthma1 ($3.27 in chips) 
Seat 7: Rex Dansy ($0.71 in chips) 
Seat 8: kulikoof ($0.20 in chips) 
Seat 9: Dorex2007 ($2.38 in chips) 
ANDREIKA1117: posts small blind $0.01
Vitalya05: posts big blind $0.02
*** HOLE CARDS ***
Dealt to Dorex2007 [Qc 2s]
X1_MAT_1X: folds 
dukes888: calls $0.02
1Asthma1: folds 
Rex Dansy: folds 
kulikoof: calls $0.02
Dorex2007: folds 
okotokian1: folds 
ANDREIKA1117: calls $0.01
Vitalya05: checks 
*** FLOP *** [Qs Ad As]
ANDREIKA1117: checks 
Vitalya05: checks 
dukes888: bets $0.08
kulikoof: folds 
ANDREIKA1117: folds 
Vitalya05: folds 
Uncalled bet ($0.08) returned to dukes888
dukes888 collected $0.08 from pot
*** SUMMARY ***
Total pot $0.08 | Rake $0 
Board [Qs Ad As]
Seat 1: okotokian1 (button) folded before Flop (didn't bet)
Seat 2: ANDREIKA1117 (small blind) folded on the Flop
Seat 3: Vitalya05 (big blind) folded on the Flop
Seat 4: X1_MAT_1X folded before Flop (didn't bet)
Seat 5: dukes888 collected ($0.08)
Seat 6: 1Asthma1 folded before Flop (didn't bet)
Seat 7: Rex Dansy folded before Flop (didn't bet)
Seat 8: kulikoof folded on the Flop
Seat 9: Dorex2007 folded before Flop (didn't bet)



PokerStars Hand #231333554573:  Hold'em No Limit ($0.01/$0.02 USD) - 2021/11/11 20:02:02 PT [2021/11/11 23:02:02 ET]
Table 'Amherstia' 9-max Seat #2 is the button
Seat 1: okotokian1 ($2.01 in chips) 
Seat 2: ANDREIKA1117 ($3.83 in chips) 
Seat 3: Vitalya05 ($7.01 in chips) 
Seat 4: X1_MAT_1X ($2 in chips) 
Seat 5: dukes888 ($4.04 in chips) 
Seat 6: 1Asthma1 ($3.27 in chips) 
Seat 7: Rex Dansy ($0.71 in chips) 
Seat 8: kulikoof ($0.18 in chips) 
Seat 9: Dorex2007 ($2.38 in chips) 
Vitalya05: posts small blind $0.01
X1_MAT_1X: posts big blind $0.02
*** HOLE CARDS ***
Dealt to Dorex2007 [6c 2d]
dukes888: folds 
1Asthma1: folds 
Rex Dansy: folds 
kulikoof: folds 
Dorex2007: folds 
okotokian1: raises $0.04 to $0.06
ANDREIKA1117: calls $0.06
Vitalya05: folds 
X1_MAT_1X: folds 
*** FLOP *** [6s 5h Ts]
okotokian1: bets $0.07
ANDREIKA1117: calls $0.07
*** TURN *** [6s 5h Ts] [5d]
okotokian1: checks 
ANDREIKA1117: checks 
*** RIVER *** [6s 5h Ts 5d] [9c]
okotokian1: checks 
ANDREIKA1117: checks 
*** SHOW DOWN ***
okotokian1: shows [Kh Jc] (a pair of Fives)
ANDREIKA1117: shows [3h Ah] (a pair of Fives - Ace kicker)
ANDREIKA1117 collected $0.28 from pot
*** SUMMARY ***
Total pot $0.29 | Rake $0.01 
Board [6s 5h Ts 5d 9c]
Seat 1: okotokian1 showed [Kh Jc] and lost with a pair of Fives
Seat 2: ANDREIKA1117 (button) showed [3h Ah] and won ($0.28) with a pair of Fives
Seat 3: Vitalya05 (small blind) folded before Flop
Seat 4: X1_MAT_1X (big blind) folded before Flop
Seat 5: dukes888 folded before Flop (didn't bet)
Seat 6: 1Asthma1 folded before Flop (didn't bet)
Seat 7: Rex Dansy folded before Flop (didn't bet)
Seat 8: kulikoof folded before Flop (didn't bet)
Seat 9: Dorex2007 folded before Flop (didn't bet)



PokerStars Hand #231333563235:  Hold'em No Limit ($0.01/$0.02 USD) - 2021/11/11 20:02:50 PT [2021/11/11 23:02:50 ET]
Table 'Amherstia' 9-max Seat #3 is the button
Seat 1: okotokian1 ($2 in chips) 
Seat 2: ANDREIKA1117 ($3.98 in chips) 
Seat 3: Vitalya05 ($7 in chips) 
Seat 4: X1_MAT_1X ($2 in chips) 
Seat 5: dukes888 ($4.04 in chips) 
Seat 6: 1Asthma1 ($3.27 in chips) 
Seat 7: Rex Dansy ($0.71 in chips) 
Seat 8: kulikoof ($0.18 in chips) 
Seat 9: Dorex2007 ($2.38 in chips) 
X1_MAT_1X: posts small blind $0.01
dukes888: posts big blind $0.02
*** HOLE CARDS ***
Dealt to Dorex2007 [7d 3s]
1Asthma1: folds 
Rex Dansy: folds 
kulikoof: folds 
Dorex2007: folds 
okotokian1: folds 
ANDREIKA1117 is disconnected 
ANDREIKA1117 has timed out while disconnected
ANDREIKA1117: folds 
Vitalya05: folds 
X1_MAT_1X: folds 
Uncalled bet ($0.01) returned to dukes888
dukes888 collected $0.02 from pot
*** SUMMARY ***
Total pot $0.02 | Rake $0 
Seat 1: okotokian1 folded before Flop (didn't bet)
Seat 2: ANDREIKA1117 folded before Flop (didn't bet)
Seat 3: Vitalya05 (button) folded before Flop (didn't bet)
Seat 4: X1_MAT_1X (small blind) folded before Flop
Seat 5: dukes888 (big blind) collected ($0.02)
Seat 6: 1Asthma1 folded before Flop (didn't bet)
Seat 7: Rex Dansy folded before Flop (didn't bet)
Seat 8: kulikoof folded before Flop (didn't bet)
Seat 9: Dorex2007 folded before Flop (didn't bet)



PokerStars Hand #231333570021:  Hold'em No Limit ($0.01/$0.02 USD) - 2021/11/11 20:03:28 PT [2021/11/11 23:03:28 ET]
Table 'Amherstia' 9-max Seat #4 is the button
Seat 1: okotokian1 ($2 in chips) 
Seat 3: Vitalya05 ($7 in chips) 
Seat 4: X1_MAT_1X ($2 in chips) 
Seat 5: dukes888 ($4.05 in chips) 
Seat 6: 1Asthma1 ($3.27 in chips) 
Seat 7: Rex Dansy ($0.71 in chips) 
Seat 8: kulikoof ($0.18 in chips) 
Seat 9: Dorex2007 ($2.38 in chips) 
dukes888: posts small blind $0.01
1Asthma1: posts big blind $0.02
*** HOLE CARDS ***
Dealt to Dorex2007 [3c Ks]
Rex Dansy: folds 
kulikoof: folds 
Dorex2007: folds 
okotokian1: folds 
Vitalya05: raises $0.02 to $0.04
X1_MAT_1X: folds 
dukes888: folds 
1Asthma1: calls $0.02
*** FLOP *** [Ad 2c 6c]
1Asthma1: checks 
Vitalya05: bets $0.04
1Asthma1: calls $0.04
*** TURN *** [Ad 2c 6c] [Ac]
1Asthma1: bets $0.14
Vitalya05: raises $0.18 to $0.32
1Asthma1: calls $0.18
*** RIVER *** [Ad 2c 6c Ac] [6s]
1Asthma1: checks 
Vitalya05: bets $0.30
1Asthma1: folds 
Uncalled bet ($0.30) returned to Vitalya05
Vitalya05 collected $0.78 from pot
Vitalya05: doesn't show hand 
*** SUMMARY ***
Total pot $0.81 | Rake $0.03 
Board [Ad 2c 6c Ac 6s]
Seat 1: okotokian1 folded before Flop (didn't bet)
Seat 3: Vitalya05 collected ($0.78)
Seat 4: X1_MAT_1X (button) folded before Flop (didn't bet)
Seat 5: dukes888 (small blind) folded before Flop
Seat 6: 1Asthma1 (big blind) folded on the River
Seat 7: Rex Dansy folded before Flop (didn't bet)
Seat 8: kulikoof folded before Flop (didn't bet)
Seat 9: Dorex2007 folded before Flop (didn't bet)



PokerStars Hand #231333581425:  Hold'em No Limit ($0.01/$0.02 USD) - 2021/11/11 20:04:33 PT [2021/11/11 23:04:33 ET]
Table 'Amherstia' 9-max Seat #5 is the button
Seat 1: okotokian1 ($2 in chips) 
Seat 3: Vitalya05 ($7.38 in chips) 
Seat 4: X1_MAT_1X ($2 in chips) 
Seat 5: dukes888 ($4.04 in chips) 
Seat 6: 1Asthma1 ($2.87 in chips) 
Seat 7: Rex Dansy ($0.71 in chips) 
Seat 8: kulikoof ($0.18 in chips) 
Seat 9: Dorex2007 ($2.38 in chips) 
1Asthma1: posts small blind $0.01
Rex Dansy: posts big blind $0.02
*** HOLE CARDS ***
Dealt to Dorex2007 [9s Qh]
kulikoof is disconnected 
kulikoof has timed out while disconnected
kulikoof: folds 
Dorex2007: folds 
okotokian1: folds 
Vitalya05: folds 
X1_MAT_1X: calls $0.02
dukes888: calls $0.02
1Asthma1: folds 
Rex Dansy: checks 
*** FLOP *** [Th Js Qc]
Rex Dansy: checks 
X1_MAT_1X: checks 
dukes888: checks 
*** TURN *** [Th Js Qc] [2d]
Rex Dansy: checks 
X1_MAT_1X: checks 
dukes888: checks 
*** RIVER *** [Th Js Qc 2d] [4h]
Rex Dansy: checks 
X1_MAT_1X: checks 
dukes888: checks 
*** SHOW DOWN ***
Rex Dansy: shows [Kc 2h] (a pair of Deuces)
X1_MAT_1X: mucks hand 
dukes888: mucks hand 
Rex Dansy collected $0.07 from pot
*** SUMMARY ***
Total pot $0.07 | Rake $0 
Board [Th Js Qc 2d 4h]
Seat 1: okotokian1 folded before Flop (didn't bet)
Seat 3: Vitalya05 folded before Flop (didn't bet)
Seat 4: X1_MAT_1X mucked [5s Ah]
Seat 5: dukes888 (button) mucked [5h 8d]
Seat 6: 1Asthma1 (small blind) folded before Flop
Seat 7: Rex Dansy (big blind) showed [Kc 2h] and won ($0.07) with a pair of Deuces
Seat 8: kulikoof folded before Flop (didn't bet)
Seat 9: Dorex2007 folded before Flop (didn't bet)



PokerStars Hand #231333596553:  Hold'em No Limit ($0.01/$0.02 USD) - 2021/11/11 20:05:27 PT [2021/11/11 23:05:27 ET]
Table 'Amherstia' 9-max Seat #6 is the button
Seat 1: okotokian1 ($2 in chips) 
Seat 3: Vitalya05 ($7.38 in chips) 
Seat 4: X1_MAT_1X ($2 in chips) 
Seat 5: dukes888 ($4.02 in chips) 
Seat 6: 1Asthma1 ($2.86 in chips) 
Seat 7: Rex Dansy ($0.76 in chips) 
Seat 9: Dorex2007 ($2.38 in chips) 
Rex Dansy: posts small blind $0.01
Dorex2007: posts big blind $0.02
*** HOLE CARDS ***
Dealt to Dorex2007 [Kd 3d]
okotokian1: folds 
Vitalya05: folds 
X1_MAT_1X: raises $0.04 to $0.06
dukes888: folds 
1Asthma1: folds 
Rex Dansy: folds 
Dorex2007: folds 
Uncalled bet ($0.04) returned to X1_MAT_1X
X1_MAT_1X collected $0.05 from pot
X1_MAT_1X: doesn't show hand 
*** SUMMARY ***
Total pot $0.05 | Rake $0 
Seat 1: okotokian1 folded before Flop (didn't bet)
Seat 3: Vitalya05 folded before Flop (didn't bet)
Seat 4: X1_MAT_1X collected ($0.05)
Seat 5: dukes888 folded before Flop (didn't bet)
Seat 6: 1Asthma1 (button) folded before Flop (didn't bet)
Seat 7: Rex Dansy (small blind) folded before Flop
Seat 9: Dorex2007 (big blind) folded before Flop



PokerStars Hand #231333599132:  Hold'em No Limit ($0.01/$0.02 USD) - 2021/11/11 20:05:41 PT [2021/11/11 23:05:41 ET]
Table 'Amherstia' 9-max Seat #7 is the button
Seat 1: okotokian1 ($2 in chips) 
Seat 3: Vitalya05 ($7.38 in chips) 
Seat 4: X1_MAT_1X ($2.03 in chips) 
Seat 5: dukes888 ($4.02 in chips) 
Seat 6: 1Asthma1 ($2.86 in chips) 
Seat 7: Rex Dansy ($0.75 in chips) 
Seat 9: Dorex2007 ($2.36 in chips) 
Dorex2007: posts small blind $0.01
okotokian1: posts big blind $0.02
*** HOLE CARDS ***
Dealt to Dorex2007 [7d 8s]
Vitalya05: folds 
X1_MAT_1X: folds 
dukes888: raises $0.04 to $0.06
1Asthma1: folds 
Rex Dansy: folds 
Dorex2007: folds 
okotokian1: folds 
Uncalled bet ($0.04) returned to dukes888
dukes888 collected $0.05 from pot
*** SUMMARY ***
Total pot $0.05 | Rake $0 
Seat 1: okotokian1 (big blind) folded before Flop
Seat 3: Vitalya05 folded before Flop (didn't bet)
Seat 4: X1_MAT_1X folded before Flop (didn't bet)
Seat 5: dukes888 collected ($0.05)
Seat 6: 1Asthma1 folded before Flop (didn't bet)
Seat 7: Rex Dansy (button) folded before Flop (didn't bet)
Seat 9: Dorex2007 (small blind) folded before Flop



PokerStars Hand #231333602232:  Hold'em No Limit ($0.01/$0.02 USD) - 2021/11/11 20:05:59 PT [2021/11/11 23:05:59 ET]
Table 'Amherstia' 9-max Seat #9 is the button
Seat 1: okotokian1 ($2 in chips) 
Seat 3: Vitalya05 ($7.38 in chips) 
Seat 4: X1_MAT_1X ($2.03 in chips) 
Seat 5: dukes888 ($4.05 in chips) 
Seat 6: 1Asthma1 ($2.86 in chips) 
Seat 7: Rex Dansy ($0.75 in chips) 
Seat 9: Dorex2007 ($2.35 in chips) 
okotokian1: posts small blind $0.01
Vitalya05: posts big blind $0.02
kulikoof: sits out 
*** HOLE CARDS ***
Dealt to Dorex2007 [2h Qc]
X1_MAT_1X: folds 
dukes888: folds 
1Asthma1: folds 
Rex Dansy: folds 
Dorex2007: folds 
okotokian1: folds 
Uncalled bet ($0.01) returned to Vitalya05
Vitalya05 collected $0.02 from pot
Vitalya05: doesn't show hand 
*** SUMMARY ***
Total pot $0.02 | Rake $0 
Seat 1: okotokian1 (small blind) folded before Flop
Seat 3: Vitalya05 (big blind) collected ($0.02)
Seat 4: X1_MAT_1X folded before Flop (didn't bet)
Seat 5: dukes888 folded before Flop (didn't bet)
Seat 6: 1Asthma1 folded before Flop (didn't bet)
Seat 7: Rex Dansy folded before Flop (didn't bet)
Seat 9: Dorex2007 (button) folded before Flop (didn't bet)



PokerStars Hand #231333605731:  Hold'em No Limit ($0.01/$0.02 USD) - 2021/11/11 20:06:19 PT [2021/11/11 23:06:19 ET]
Table 'Amherstia' 9-max Seat #1 is the button
Seat 1: okotokian1 ($2 in chips) 
Seat 3: Vitalya05 ($7.39 in chips) 
Seat 4: X1_MAT_1X ($2.03 in chips) 
Seat 5: dukes888 ($4.05 in chips) 
Seat 6: 1Asthma1 ($2.86 in chips) 
Seat 7: Rex Dansy ($0.75 in chips) 
Seat 8: kulikoof ($0.18 in chips) 
Seat 9: Dorex2007 ($2.35 in chips) 
Vitalya05: posts small blind $0.01
X1_MAT_1X: posts big blind $0.02
kulikoof: posts small & big blinds $0.03
*** HOLE CARDS ***
Dealt to Dorex2007 [9s 6h]
dukes888: raises $0.02 to $0.04
1Asthma1: folds 
Rex Dansy: folds 
kulikoof: folds 
Dorex2007: folds 
okotokian1: folds 
Vitalya05: folds 
X1_MAT_1X: folds 
Uncalled bet ($0.02) returned to dukes888
dukes888 collected $0.08 from pot
*** SUMMARY ***
Total pot $0.08 | Rake $0 
Seat 1: okotokian1 (button) folded before Flop (didn't bet)
Seat 3: Vitalya05 (small blind) folded before Flop
Seat 4: X1_MAT_1X (big blind) folded before Flop
Seat 5: dukes888 collected ($0.08)
Seat 6: 1Asthma1 folded before Flop (didn't bet)
Seat 7: Rex Dansy folded before Flop (didn't bet)
Seat 8: kulikoof folded before Flop (didn't bet)
Seat 9: Dorex2007 folded before Flop (didn't bet)



PokerStars Hand #231333609690:  Hold'em No Limit ($0.01/$0.02 USD) - 2021/11/11 20:06:41 PT [2021/11/11 23:06:41 ET]
Table 'Amherstia' 9-max Seat #3 is the button
Seat 1: okotokian1 ($2 in chips) 
Seat 3: Vitalya05 ($7.38 in chips) 
Seat 4: X1_MAT_1X ($2.01 in chips) 
Seat 5: dukes888 ($4.11 in chips) 
Seat 6: 1Asthma1 ($2.86 in chips) 
Seat 7: Rex Dansy ($0.75 in chips) 
Seat 8: kulikoof ($0.15 in chips) 
Seat 9: Dorex2007 ($2.35 in chips) 
X1_MAT_1X: posts small blind $0.01
dukes888: posts big blind $0.02
*** HOLE CARDS ***
Dealt to Dorex2007 [2d 8s]
1Asthma1: folds 
Rex Dansy: folds 
kulikoof: folds 
Dorex2007: folds 
okotokian1: folds 
Vitalya05: raises $0.02 to $0.04
X1_MAT_1X: calls $0.03
dukes888: calls $0.02
*** FLOP *** [Kc 6h 2c]
X1_MAT_1X: bets $0.06
dukes888: calls $0.06
Vitalya05: raises $0.08 to $0.14
X1_MAT_1X: calls $0.08
dukes888: folds 
*** TURN *** [Kc 6h 2c] [5d]
X1_MAT_1X: bets $0.22
Vitalya05: calls $0.22
*** RIVER *** [Kc 6h 2c 5d] [Jd]
X1_MAT_1X: bets $0.43
Vitalya05: raises $0.83 to $1.26
X1_MAT_1X: raises $0.35 to $1.61 and is all-in
Vitalya05: calls $0.35
*** SHOW DOWN ***
X1_MAT_1X: shows [5h Kh] (two pair, Kings and Fives)
Vitalya05: shows [Ks Js] (two pair, Kings and Jacks)
Vitalya05 collected $3.98 from pot
*** SUMMARY ***
Total pot $4.12 | Rake $0.14 
Board [Kc 6h 2c 5d Jd]
Seat 1: okotokian1 folded before Flop (didn't bet)
Seat 3: Vitalya05 (button) showed [Ks Js] and won ($3.98) with two pair, Kings and Jacks
Seat 4: X1_MAT_1X (small blind) showed [5h Kh] and lost with two pair, Kings and Fives
Seat 5: dukes888 (big blind) folded on the Flop
Seat 6: 1Asthma1 folded before Flop (didn't bet)
Seat 7: Rex Dansy folded before Flop (didn't bet)
Seat 8: kulikoof folded before Flop (didn't bet)
Seat 9: Dorex2007 folded before Flop (didn't bet)



PokerStars Hand #231333630739:  Hold'em No Limit ($0.01/$0.02 USD) - 2021/11/11 20:07:56 PT [2021/11/11 23:07:56 ET]
Table 'Amherstia' 9-max Seat #4 is the button
Seat 1: okotokian1 ($2 in chips) 
Seat 3: Vitalya05 ($9.35 in chips) 
Seat 4: X1_MAT_1X ($2 in chips) 
Seat 5: dukes888 ($4.01 in chips) 
Seat 6: 1Asthma1 ($2.86 in chips) 
Seat 7: Rex Dansy ($0.75 in chips) 
Seat 8: kulikoof ($0.15 in chips) 
Seat 9: Dorex2007 ($2.35 in chips) 
dukes888: posts small blind $0.01
1Asthma1: posts big blind $0.02
*** HOLE CARDS ***
Dealt to Dorex2007 [Jc 8d]
Rex Dansy: folds 
kulikoof: folds 
Dorex2007: folds 
okotokian1: folds 
Vitalya05: folds 
X1_MAT_1X: raises $0.02 to $0.04
dukes888: calls $0.03
1Asthma1: calls $0.02
*** FLOP *** [8h 9h Td]
dukes888: checks 
1Asthma1: checks 
X1_MAT_1X: folds 
*** TURN *** [8h 9h Td] [7d]
X1_MAT_1X leaves the table
dukes888: checks 
1Asthma1: checks 
*** RIVER *** [8h 9h Td 7d] [Jh]
dukes888: bets $0.12
1Asthma1: calls $0.12
*** SHOW DOWN ***
dukes888: shows [4s 4h] (a straight, Seven to Jack)
1Asthma1: shows [Tc Qd] (a straight, Eight to Queen)
1Asthma1 collected $0.35 from pot
*** SUMMARY ***
Total pot $0.36 | Rake $0.01 
Board [8h 9h Td 7d Jh]
Seat 1: okotokian1 folded before Flop (didn't bet)
Seat 3: Vitalya05 folded before Flop (didn't bet)
Seat 4: X1_MAT_1X (button) folded on the Flop
Seat 5: dukes888 (small blind) showed [4s 4h] and lost with a straight, Seven to Jack
Seat 6: 1Asthma1 (big blind) showed [Tc Qd] and won ($0.35) with a straight, Eight to Queen
Seat 7: Rex Dansy folded before Flop (didn't bet)
Seat 8: kulikoof folded before Flop (didn't bet)
Seat 9: Dorex2007 folded before Flop (didn't bet)



PokerStars Hand #231333638773:  Hold'em No Limit ($0.01/$0.02 USD) - 2021/11/11 20:08:43 PT [2021/11/11 23:08:43 ET]
Table 'Amherstia' 9-max Seat #5 is the button
Seat 1: okotokian1 ($2 in chips) 
Seat 3: Vitalya05 ($9.35 in chips) 
Seat 5: dukes888 ($3.85 in chips) 
Seat 6: 1Asthma1 ($3.05 in chips) 
Seat 8: kulikoof ($0.15 in chips) 
Seat 9: Dorex2007 ($2.35 in chips) 
1Asthma1: posts small blind $0.01
Rex Dansy: is sitting out 
kulikoof: posts big blind $0.02
*** HOLE CARDS ***
Dealt to Dorex2007 [2s Kc]
Dorex2007: folds 
okotokian1: folds 
Vitalya05: folds 
dukes888: calls $0.02
1Asthma1: folds 
kulikoof: checks 
*** FLOP *** [Td 7c Kh]
kulikoof: checks 
dukes888: checks 
*** TURN *** [Td 7c Kh] [Ks]
kulikoof: checks 
dukes888: checks 
*** RIVER *** [Td 7c Kh Ks] [Ah]
kulikoof: bets $0.02
dukes888: folds 
Uncalled bet ($0.02) returned to kulikoof
kulikoof collected $0.05 from pot
kulikoof: doesn't show hand 
*** SUMMARY ***
Total pot $0.05 | Rake $0 
Board [Td 7c Kh Ks Ah]
Seat 1: okotokian1 folded before Flop (didn't bet)
Seat 3: Vitalya05 folded before Flop (didn't bet)
Seat 5: dukes888 (button) folded on the River
Seat 6: 1Asthma1 (small blind) folded before Flop
Seat 8: kulikoof (big blind) collected ($0.05)
Seat 9: Dorex2007 folded before Flop (didn't bet)



