PokerStars Hand #226256149786:  Hold'em No Limit ($0.01/$0.02 USD) - 2021/04/27 13:58:30 PT [2021/04/27 16:58:30 ET]
Table 'Bowell III' 9-max Seat #6 is the button
Seat 1: 2after909 ($2.59 in chips) 
Seat 2: Brakonyer ($0.85 in chips) 
Seat 4: SeeUthere30 ($2.32 in chips) 
Seat 5: jec8n ($2 in chips) 
Seat 6: RafaellaMS7 ($0.45 in chips) 
Seat 7: Zoe3005 ($2.36 in chips) 
Seat 8: Dorex2007 ($1.50 in chips) 
Zoe3005: posts small blind $0.01
Dorex2007: posts big blind $0.02
*** HOLE CARDS ***
Dealt to Dorex2007 [9d Tc]
2after909: folds 
Brakonyer: folds 
SeeUthere30: folds 
jec8n: raises $0.04 to $0.06
RafaellaMS7: folds 
Zoe3005: folds 
Dorex2007: folds 
Uncalled bet ($0.04) returned to jec8n
jec8n collected $0.05 from pot
jec8n: doesn't show hand 
*** SUMMARY ***
Total pot $0.05 | Rake $0 
Seat 1: 2after909 folded before Flop (didn't bet)
Seat 2: Brakonyer folded before Flop (didn't bet)
Seat 4: SeeUthere30 folded before Flop (didn't bet)
Seat 5: jec8n collected ($0.05)
Seat 6: RafaellaMS7 (button) folded before Flop (didn't bet)
Seat 7: Zoe3005 (small blind) folded before Flop
Seat 8: Dorex2007 (big blind) folded before Flop



PokerStars Hand #226256158978:  Hold'em No Limit ($0.01/$0.02 USD) - 2021/04/27 13:58:52 PT [2021/04/27 16:58:52 ET]
Table 'Bowell III' 9-max Seat #7 is the button
Seat 1: 2after909 ($2.59 in chips) 
Seat 2: Brakonyer ($0.85 in chips) 
Seat 4: SeeUthere30 ($2.32 in chips) 
Seat 5: jec8n ($2.03 in chips) 
Seat 6: RafaellaMS7 ($0.45 in chips) 
Seat 7: Zoe3005 ($2.35 in chips) 
Seat 8: Dorex2007 ($1.48 in chips) 
Dorex2007: posts small blind $0.01
2after909: posts big blind $0.02
*** HOLE CARDS ***
Dealt to Dorex2007 [8s 4c]
Brakonyer: folds 
SeeUthere30: raises $0.04 to $0.06
jec8n: folds 
RafaellaMS7: calls $0.06
Zoe3005: folds 
Dorex2007: folds 
2after909: folds 
*** FLOP *** [Ks Ts Tc]
SeeUthere30: bets $0.04
RafaellaMS7: raises $0.17 to $0.21
SeeUthere30: folds 
Uncalled bet ($0.17) returned to RafaellaMS7
RafaellaMS7 collected $0.22 from pot
RafaellaMS7: doesn't show hand 
*** SUMMARY ***
Total pot $0.23 | Rake $0.01 
Board [Ks Ts Tc]
Seat 1: 2after909 (big blind) folded before Flop
Seat 2: Brakonyer folded before Flop (didn't bet)
Seat 4: SeeUthere30 folded on the Flop
Seat 5: jec8n folded before Flop (didn't bet)
Seat 6: RafaellaMS7 collected ($0.22)
Seat 7: Zoe3005 (button) folded before Flop (didn't bet)
Seat 8: Dorex2007 (small blind) folded before Flop



PokerStars Hand #226256174269:  Hold'em No Limit ($0.01/$0.02 USD) - 2021/04/27 13:59:28 PT [2021/04/27 16:59:28 ET]
Table 'Bowell III' 9-max Seat #8 is the button
Seat 1: 2after909 ($2.57 in chips) 
Seat 2: Brakonyer ($0.85 in chips) 
Seat 4: SeeUthere30 ($2.22 in chips) 
Seat 5: jec8n ($2.03 in chips) 
Seat 6: RafaellaMS7 ($0.57 in chips) 
Seat 7: Zoe3005 ($2.35 in chips) 
Seat 8: Dorex2007 ($1.47 in chips) 
2after909: posts small blind $0.01
Brakonyer: posts big blind $0.02
*** HOLE CARDS ***
Dealt to Dorex2007 [Qs 9s]
SeeUthere30: folds 
jec8n: folds 
RafaellaMS7 has timed out
RafaellaMS7: folds 
Zoe3005: calls $0.02
Dorex2007: calls $0.02
2after909: raises $0.10 to $0.12
Brakonyer: folds 
Zoe3005: folds 
Dorex2007: folds 
Uncalled bet ($0.10) returned to 2after909
2after909 collected $0.08 from pot
2after909: doesn't show hand 
*** SUMMARY ***
Total pot $0.08 | Rake $0 
Seat 1: 2after909 (small blind) collected ($0.08)
Seat 2: Brakonyer (big blind) folded before Flop
Seat 4: SeeUthere30 folded before Flop (didn't bet)
Seat 5: jec8n folded before Flop (didn't bet)
Seat 6: RafaellaMS7 folded before Flop (didn't bet)
Seat 7: Zoe3005 folded before Flop
Seat 8: Dorex2007 (button) folded before Flop



PokerStars Hand #226256191290:  Hold'em No Limit ($0.01/$0.02 USD) - 2021/04/27 14:00:09 PT [2021/04/27 17:00:09 ET]
Table 'Bowell III' 9-max Seat #1 is the button
Seat 1: 2after909 ($2.63 in chips) 
Seat 2: Brakonyer ($0.83 in chips) 
Seat 4: SeeUthere30 ($2.22 in chips) 
Seat 5: jec8n ($2.03 in chips) 
Seat 6: RafaellaMS7 ($0.57 in chips) 
Seat 7: Zoe3005 ($2.33 in chips) 
Seat 8: Dorex2007 ($1.45 in chips) 
Brakonyer: posts small blind $0.01
SeeUthere30: posts big blind $0.02
*** HOLE CARDS ***
Dealt to Dorex2007 [2c Kd]
jec8n: folds 
RafaellaMS7: folds 
Zoe3005: folds 
Dorex2007: folds 
2after909: raises $0.04 to $0.06
Brakonyer: folds 
SeeUthere30: folds 
Uncalled bet ($0.04) returned to 2after909
2after909 collected $0.05 from pot
2after909: doesn't show hand 
*** SUMMARY ***
Total pot $0.05 | Rake $0 
Seat 1: 2after909 (button) collected ($0.05)
Seat 2: Brakonyer (small blind) folded before Flop
Seat 4: SeeUthere30 (big blind) folded before Flop
Seat 5: jec8n folded before Flop (didn't bet)
Seat 6: RafaellaMS7 folded before Flop (didn't bet)
Seat 7: Zoe3005 folded before Flop (didn't bet)
Seat 8: Dorex2007 folded before Flop (didn't bet)



PokerStars Hand #226256199406:  Hold'em No Limit ($0.01/$0.02 USD) - 2021/04/27 14:00:28 PT [2021/04/27 17:00:28 ET]
Table 'Bowell III' 9-max Seat #2 is the button
Seat 1: 2after909 ($2.66 in chips) 
Seat 2: Brakonyer ($0.82 in chips) 
Seat 4: SeeUthere30 ($2.20 in chips) 
Seat 6: RafaellaMS7 ($0.57 in chips) 
Seat 7: Zoe3005 ($2.33 in chips) 
Seat 8: Dorex2007 ($1.45 in chips) 
SeeUthere30: posts small blind $0.01
jec8n: is sitting out 
RafaellaMS7: posts big blind $0.02
*** HOLE CARDS ***
Dealt to Dorex2007 [3d 7s]
Zoe3005: folds 
jec8n leaves the table
Dorex2007: folds 
2after909: raises $0.06 to $0.08
Brakonyer: folds 
SeeUthere30: folds 
RafaellaMS7: folds 
Uncalled bet ($0.06) returned to 2after909
2after909 collected $0.05 from pot
2after909: doesn't show hand 
*** SUMMARY ***
Total pot $0.05 | Rake $0 
Seat 1: 2after909 collected ($0.05)
Seat 2: Brakonyer (button) folded before Flop (didn't bet)
Seat 4: SeeUthere30 (small blind) folded before Flop
Seat 6: RafaellaMS7 (big blind) folded before Flop
Seat 7: Zoe3005 folded before Flop (didn't bet)
Seat 8: Dorex2007 folded before Flop (didn't bet)



PokerStars Hand #226256216028:  Hold'em No Limit ($0.01/$0.02 USD) - 2021/04/27 14:01:04 PT [2021/04/27 17:01:04 ET]
Table 'Bowell III' 9-max Seat #4 is the button
Seat 1: 2after909 ($2.69 in chips) 
Seat 2: Brakonyer ($0.82 in chips) 
Seat 4: SeeUthere30 ($2.19 in chips) 
Seat 6: RafaellaMS7 ($0.55 in chips) 
Seat 7: Zoe3005 ($2.33 in chips) 
Seat 8: Dorex2007 ($1.45 in chips) 
Seat 9: bmwmann8 ($2 in chips) 
RafaellaMS7: posts small blind $0.01
Zoe3005: posts big blind $0.02
bmwmann8: posts small & big blinds $0.03
*** HOLE CARDS ***
Dealt to Dorex2007 [Qc 6c]
Dorex2007: folds 
bmwmann8: checks 
2after909: folds 
Brakonyer: folds 
SeeUthere30: folds 
RafaellaMS7: raises $0.03 to $0.05
Zoe3005: folds 
bmwmann8: folds 
Uncalled bet ($0.03) returned to RafaellaMS7
RafaellaMS7 collected $0.07 from pot
RafaellaMS7: doesn't show hand 
*** SUMMARY ***
Total pot $0.07 | Rake $0 
Seat 1: 2after909 folded before Flop (didn't bet)
Seat 2: Brakonyer folded before Flop (didn't bet)
Seat 4: SeeUthere30 (button) folded before Flop (didn't bet)
Seat 6: RafaellaMS7 (small blind) collected ($0.07)
Seat 7: Zoe3005 (big blind) folded before Flop
Seat 8: Dorex2007 folded before Flop (didn't bet)
Seat 9: bmwmann8 folded before Flop (didn't bet)



PokerStars Hand #226256240416:  Hold'em No Limit ($0.01/$0.02 USD) - 2021/04/27 14:01:45 PT [2021/04/27 17:01:45 ET]
Table 'Bowell III' 9-max Seat #6 is the button
Seat 1: 2after909 ($2.69 in chips) 
Seat 2: Brakonyer ($0.82 in chips) 
Seat 4: SeeUthere30 ($2.19 in chips) 
Seat 6: RafaellaMS7 ($0.60 in chips) 
Seat 7: Zoe3005 ($2.31 in chips) 
Seat 8: Dorex2007 ($1.45 in chips) 
Seat 9: bmwmann8 ($1.97 in chips) 
Zoe3005: posts small blind $0.01
Dorex2007: posts big blind $0.02
kuznez-ufa: sits out 
*** HOLE CARDS ***
Dealt to Dorex2007 [7s 2h]
bmwmann8: calls $0.02
2after909: folds 
Brakonyer: folds 
SeeUthere30: folds 
RafaellaMS7: folds 
SeeUthere30 leaves the table
Zoe3005: raises $0.02 to $0.04
Dorex2007: folds 
bmwmann8: calls $0.02
*** FLOP *** [7d Tc 9d]
Zoe3005: checks 
bmwmann8: bets $0.05
Zoe3005: folds 
Uncalled bet ($0.05) returned to bmwmann8
bmwmann8 collected $0.10 from pot
bmwmann8: doesn't show hand 
*** SUMMARY ***
Total pot $0.10 | Rake $0 
Board [7d Tc 9d]
Seat 1: 2after909 folded before Flop (didn't bet)
Seat 2: Brakonyer folded before Flop (didn't bet)
Seat 4: SeeUthere30 folded before Flop (didn't bet)
Seat 6: RafaellaMS7 (button) folded before Flop (didn't bet)
Seat 7: Zoe3005 (small blind) folded on the Flop
Seat 8: Dorex2007 (big blind) folded before Flop
Seat 9: bmwmann8 collected ($0.10)



PokerStars Hand #226256267386:  Hold'em No Limit ($0.01/$0.02 USD) - 2021/04/27 14:02:25 PT [2021/04/27 17:02:25 ET]
Table 'Bowell III' 9-max Seat #7 is the button
Seat 1: 2after909 ($2.69 in chips) 
Seat 2: Brakonyer ($0.82 in chips) 
Seat 6: RafaellaMS7 ($0.60 in chips) 
Seat 7: Zoe3005 ($2.27 in chips) 
Seat 8: Dorex2007 ($1.43 in chips) 
Seat 9: bmwmann8 ($2.03 in chips) 
Dorex2007: posts small blind $0.01
bmwmann8: posts big blind $0.02
kuznez-ufa: sits out 
*** HOLE CARDS ***
Dealt to Dorex2007 [Ks 8d]
2after909: folds 
Brakonyer: folds 
RafaellaMS7: folds 
Zoe3005 has timed out
Zoe3005: folds 
Dorex2007: calls $0.01
bmwmann8: checks 
*** FLOP *** [Kd 4h Qc]
Dorex2007: bets $0.04
bmwmann8: folds 
Uncalled bet ($0.04) returned to Dorex2007
Dorex2007 collected $0.04 from pot
Dorex2007: doesn't show hand 
*** SUMMARY ***
Total pot $0.04 | Rake $0 
Board [Kd 4h Qc]
Seat 1: 2after909 folded before Flop (didn't bet)
Seat 2: Brakonyer folded before Flop (didn't bet)
Seat 6: RafaellaMS7 folded before Flop (didn't bet)
Seat 7: Zoe3005 (button) folded before Flop (didn't bet)
Seat 8: Dorex2007 (small blind) collected ($0.04)
Seat 9: bmwmann8 (big blind) folded on the Flop



PokerStars Hand #226256294738:  Hold'em No Limit ($0.01/$0.02 USD) - 2021/04/27 14:03:02 PT [2021/04/27 17:03:02 ET]
Table 'Bowell III' 9-max Seat #8 is the button
Seat 1: 2after909 ($2.69 in chips) 
Seat 2: Brakonyer ($0.82 in chips) 
Seat 6: RafaellaMS7 ($0.60 in chips) 
Seat 7: Zoe3005 ($2.27 in chips) 
Seat 8: Dorex2007 ($2 in chips) 
Seat 9: bmwmann8 ($2.01 in chips) 
bmwmann8: posts small blind $0.01
2after909: posts big blind $0.02
kuznez-ufa: sits out 
*** HOLE CARDS ***
Dealt to Dorex2007 [Jh 3h]
Brakonyer: folds 
RafaellaMS7 has timed out
RafaellaMS7: folds 
Zoe3005: folds 
Dorex2007: folds 
bmwmann8: folds 
Uncalled bet ($0.01) returned to 2after909
2after909 collected $0.02 from pot
2after909: doesn't show hand 
*** SUMMARY ***
Total pot $0.02 | Rake $0 
Seat 1: 2after909 (big blind) collected ($0.02)
Seat 2: Brakonyer folded before Flop (didn't bet)
Seat 6: RafaellaMS7 folded before Flop (didn't bet)
Seat 7: Zoe3005 folded before Flop (didn't bet)
Seat 8: Dorex2007 (button) folded before Flop (didn't bet)
Seat 9: bmwmann8 (small blind) folded before Flop



PokerStars Hand #226256317217:  Hold'em No Limit ($0.01/$0.02 USD) - 2021/04/27 14:03:33 PT [2021/04/27 17:03:33 ET]
Table 'Bowell III' 9-max Seat #9 is the button
Seat 1: 2after909 ($2.70 in chips) 
Seat 2: Brakonyer ($0.82 in chips) 
Seat 3: kuznez-ufa ($3.04 in chips) 
Seat 6: RafaellaMS7 ($0.60 in chips) 
Seat 7: Zoe3005 ($2.27 in chips) 
Seat 8: Dorex2007 ($2 in chips) 
Seat 9: bmwmann8 ($2 in chips) 
2after909: posts small blind $0.01
Brakonyer: posts big blind $0.02
kuznez-ufa: posts small & big blinds $0.03
*** HOLE CARDS ***
Dealt to Dorex2007 [Ah 2d]
kuznez-ufa: checks 
RafaellaMS7: folds 
Zoe3005: calls $0.02
Dorex2007: folds 
bmwmann8: folds 
2after909: folds 
Brakonyer: checks 
*** FLOP *** [2h Qd As]
Brakonyer: checks 
kuznez-ufa: checks 
Zoe3005: checks 
*** TURN *** [2h Qd As] [Js]
Brakonyer: checks 
kuznez-ufa: checks 
Zoe3005: checks 
*** RIVER *** [2h Qd As Js] [7s]
Brakonyer: checks 
kuznez-ufa: checks 
Zoe3005: checks 
*** SHOW DOWN ***
Brakonyer: shows [5s Jc] (a pair of Jacks)
kuznez-ufa: shows [4s Qh] (a pair of Queens)
Zoe3005: mucks hand 
kuznez-ufa collected $0.08 from pot
*** SUMMARY ***
Total pot $0.08 | Rake $0 
Board [2h Qd As Js 7s]
Seat 1: 2after909 (small blind) folded before Flop
Seat 2: Brakonyer (big blind) showed [5s Jc] and lost with a pair of Jacks
Seat 3: kuznez-ufa showed [4s Qh] and won ($0.08) with a pair of Queens
Seat 6: RafaellaMS7 folded before Flop (didn't bet)
Seat 7: Zoe3005 mucked [6c 9c]
Seat 8: Dorex2007 folded before Flop (didn't bet)
Seat 9: bmwmann8 (button) folded before Flop (didn't bet)



PokerStars Hand #226256381422:  Hold'em No Limit ($0.01/$0.02 USD) - 2021/04/27 14:05:02 PT [2021/04/27 17:05:02 ET]
Table 'Bowell III' 9-max Seat #1 is the button
Seat 1: 2after909 ($2.69 in chips) 
Seat 2: Brakonyer ($0.80 in chips) 
Seat 3: kuznez-ufa ($3.09 in chips) 
Seat 6: RafaellaMS7 ($0.60 in chips) 
Seat 7: Zoe3005 ($2.25 in chips) 
Seat 8: Dorex2007 ($2 in chips) 
Brakonyer: posts small blind $0.01
kuznez-ufa: posts big blind $0.02
*** HOLE CARDS ***
Dealt to Dorex2007 [Qd Js]
RafaellaMS7: folds 
Zoe3005: calls $0.02
Dorex2007: raises $0.04 to $0.06
2after909: folds 
Brakonyer: calls $0.05
kuznez-ufa: folds 
Zoe3005: calls $0.04
*** FLOP *** [Th 3d 6c]
Brakonyer: checks 
lacgueguen joins the table at seat #4 
Zoe3005: checks 
Dorex2007: checks 
*** TURN *** [Th 3d 6c] [2d]
Brakonyer: bets $0.03
Zoe3005: calls $0.03
Dorex2007: calls $0.03
*** RIVER *** [Th 3d 6c 2d] [Jd]
Brakonyer: checks 
Zoe3005: bets $0.14
Dorex2007: calls $0.14
Brakonyer: folds 
*** SHOW DOWN ***
Zoe3005: shows [Qs Ts] (a pair of Tens)
Dorex2007: shows [Qd Js] (a pair of Jacks)
Dorex2007 collected $0.55 from pot
*** SUMMARY ***
Total pot $0.57 | Rake $0.02 
Board [Th 3d 6c 2d Jd]
Seat 1: 2after909 (button) folded before Flop (didn't bet)
Seat 2: Brakonyer (small blind) folded on the River
Seat 3: kuznez-ufa (big blind) folded before Flop
Seat 6: RafaellaMS7 folded before Flop (didn't bet)
Seat 7: Zoe3005 showed [Qs Ts] and lost with a pair of Tens
Seat 8: Dorex2007 showed [Qd Js] and won ($0.55) with a pair of Jacks



PokerStars Hand #226256422014:  Hold'em No Limit ($0.01/$0.02 USD) - 2021/04/27 14:06:00 PT [2021/04/27 17:06:00 ET]
Table 'Bowell III' 9-max Seat #2 is the button
Seat 1: 2after909 ($2.69 in chips) 
Seat 2: Brakonyer ($0.80 in chips) 
Seat 3: kuznez-ufa ($3.07 in chips) 
Seat 4: lacgueguen ($2 in chips) 
Seat 6: RafaellaMS7 ($0.60 in chips) 
Seat 7: Zoe3005 ($2.02 in chips) 
Seat 8: Dorex2007 ($2.32 in chips) 
kuznez-ufa: posts small blind $0.01
lacgueguen: posts big blind $0.02
*** HOLE CARDS ***
Dealt to Dorex2007 [9c Ah]
RafaellaMS7: raises $0.02 to $0.04
Zoe3005: folds 
Dorex2007: folds 
2after909: folds 
Brakonyer: folds 
kuznez-ufa: folds 
lacgueguen: calls $0.02
*** FLOP *** [Qd 3s Qc]
lacgueguen: checks 
RafaellaMS7: bets $0.03
lacgueguen: folds 
Uncalled bet ($0.03) returned to RafaellaMS7
RafaellaMS7 collected $0.09 from pot
RafaellaMS7: doesn't show hand 
*** SUMMARY ***
Total pot $0.09 | Rake $0 
Board [Qd 3s Qc]
Seat 1: 2after909 folded before Flop (didn't bet)
Seat 2: Brakonyer (button) folded before Flop (didn't bet)
Seat 3: kuznez-ufa (small blind) folded before Flop
Seat 4: lacgueguen (big blind) folded on the Flop
Seat 6: RafaellaMS7 collected ($0.09)
Seat 7: Zoe3005 folded before Flop (didn't bet)
Seat 8: Dorex2007 folded before Flop (didn't bet)



PokerStars Hand #226256453416:  Hold'em No Limit ($0.01/$0.02 USD) - 2021/04/27 14:06:44 PT [2021/04/27 17:06:44 ET]
Table 'Bowell III' 9-max Seat #3 is the button
Seat 1: 2after909 ($2.69 in chips) 
Seat 2: Brakonyer ($0.80 in chips) 
Seat 3: kuznez-ufa ($3.06 in chips) 
Seat 4: lacgueguen ($1.96 in chips) 
Seat 6: RafaellaMS7 ($0.65 in chips) 
Seat 7: Zoe3005 ($2.02 in chips) 
Seat 8: Dorex2007 ($2.32 in chips) 
lacgueguen: posts small blind $0.01
RafaellaMS7: posts big blind $0.02
*** HOLE CARDS ***
Dealt to Dorex2007 [Qs 4s]
Zoe3005: folds 
Dorex2007: folds 
2after909: raises $0.04 to $0.06
Brakonyer: folds 
kuznez-ufa: folds 
lacgueguen: calls $0.05
RafaellaMS7: raises $0.04 to $0.10
2after909: calls $0.04
lacgueguen: calls $0.04
*** FLOP *** [6s 5h Qh]
lacgueguen: checks 
RafaellaMS7: checks 
2after909: checks 
*** TURN *** [6s 5h Qh] [2c]
lacgueguen: bets $0.08
RafaellaMS7: raises $0.08 to $0.16
2after909: folds 
lacgueguen: folds 
Uncalled bet ($0.08) returned to RafaellaMS7
RafaellaMS7 collected $0.44 from pot
RafaellaMS7: doesn't show hand 
*** SUMMARY ***
Total pot $0.46 | Rake $0.02 
Board [6s 5h Qh 2c]
Seat 1: 2after909 folded on the Turn
Seat 2: Brakonyer folded before Flop (didn't bet)
Seat 3: kuznez-ufa (button) folded before Flop (didn't bet)
Seat 4: lacgueguen (small blind) folded on the Turn
Seat 6: RafaellaMS7 (big blind) collected ($0.44)
Seat 7: Zoe3005 folded before Flop (didn't bet)
Seat 8: Dorex2007 folded before Flop (didn't bet)



PokerStars Hand #226256493176:  Hold'em No Limit ($0.01/$0.02 USD) - 2021/04/27 14:07:41 PT [2021/04/27 17:07:41 ET]
Table 'Bowell III' 9-max Seat #4 is the button
Seat 1: 2after909 ($2.59 in chips) 
Seat 2: Brakonyer ($0.80 in chips) 
Seat 3: kuznez-ufa ($3.06 in chips) 
Seat 4: lacgueguen ($1.78 in chips) 
Seat 6: RafaellaMS7 ($0.91 in chips) 
Seat 7: Zoe3005 ($2.02 in chips) 
Seat 8: Dorex2007 ($2.32 in chips) 
RafaellaMS7: posts small blind $0.01
Zoe3005: posts big blind $0.02
*** HOLE CARDS ***
Dealt to Dorex2007 [3d Tc]
Dorex2007: folds 
2after909: folds 
Brakonyer: folds 
kuznez-ufa: folds 
lacgueguen: folds 
RafaellaMS7: folds 
Uncalled bet ($0.01) returned to Zoe3005
Zoe3005 collected $0.02 from pot
Zoe3005: doesn't show hand 
*** SUMMARY ***
Total pot $0.02 | Rake $0 
Seat 1: 2after909 folded before Flop (didn't bet)
Seat 2: Brakonyer folded before Flop (didn't bet)
Seat 3: kuznez-ufa folded before Flop (didn't bet)
Seat 4: lacgueguen (button) folded before Flop (didn't bet)
Seat 6: RafaellaMS7 (small blind) folded before Flop
Seat 7: Zoe3005 (big blind) collected ($0.02)
Seat 8: Dorex2007 folded before Flop (didn't bet)



PokerStars Hand #226256501874:  Hold'em No Limit ($0.01/$0.02 USD) - 2021/04/27 14:07:54 PT [2021/04/27 17:07:54 ET]
Table 'Bowell III' 9-max Seat #6 is the button
Seat 1: 2after909 ($2.59 in chips) 
Seat 2: Brakonyer ($0.80 in chips) 
Seat 3: kuznez-ufa ($3.06 in chips) 
Seat 4: lacgueguen ($1.78 in chips) 
Seat 6: RafaellaMS7 ($0.90 in chips) 
Seat 7: Zoe3005 ($2.03 in chips) 
Seat 8: Dorex2007 ($2.32 in chips) 
Zoe3005: posts small blind $0.01
Dorex2007: posts big blind $0.02
*** HOLE CARDS ***
Dealt to Dorex2007 [3d 9d]
2after909: folds 
Brakonyer: folds 
kuznez-ufa: folds 
lacgueguen: calls $0.02
RafaellaMS7: folds 
Zoe3005: calls $0.01
Dorex2007: checks 
*** FLOP *** [9c Ah 7d]
Zoe3005: checks 
Dorex2007: checks 
lacgueguen: checks 
*** TURN *** [9c Ah 7d] [3c]
Zoe3005: checks 
Dorex2007: bets $0.06
lacgueguen: folds 
Zoe3005: folds 
Uncalled bet ($0.06) returned to Dorex2007
Dorex2007 collected $0.06 from pot
Dorex2007: doesn't show hand 
*** SUMMARY ***
Total pot $0.06 | Rake $0 
Board [9c Ah 7d 3c]
Seat 1: 2after909 folded before Flop (didn't bet)
Seat 2: Brakonyer folded before Flop (didn't bet)
Seat 3: kuznez-ufa folded before Flop (didn't bet)
Seat 4: lacgueguen folded on the Turn
Seat 6: RafaellaMS7 (button) folded before Flop (didn't bet)
Seat 7: Zoe3005 (small blind) folded on the Turn
Seat 8: Dorex2007 (big blind) collected ($0.06)



PokerStars Hand #226256525335:  Hold'em No Limit ($0.01/$0.02 USD) - 2021/04/27 14:08:26 PT [2021/04/27 17:08:26 ET]
Table 'Bowell III' 9-max Seat #7 is the button
Seat 2: Brakonyer ($0.80 in chips) 
Seat 3: kuznez-ufa ($3.06 in chips) 
Seat 4: lacgueguen ($1.76 in chips) 
Seat 6: RafaellaMS7 ($0.90 in chips) 
Seat 7: Zoe3005 ($2.01 in chips) 
Seat 8: Dorex2007 ($2.36 in chips) 
Dorex2007: posts small blind $0.01
2after909: is sitting out 
Brakonyer: posts big blind $0.02
*** HOLE CARDS ***
Dealt to Dorex2007 [9h 8c]
kuznez-ufa: folds 
lacgueguen: calls $0.02
2after909 leaves the table
RafaellaMS7: raises $0.04 to $0.06
Zoe3005: calls $0.06
Dorex2007: folds 
Brakonyer: folds 
lacgueguen: folds 
*** FLOP *** [6h Jc 7h]
RafaellaMS7: checks 
Zoe3005: bets $0.16
RafaellaMS7: calls $0.16
*** TURN *** [6h Jc 7h] [Qs]
RafaellaMS7: checks 
Zoe3005: checks 
*** RIVER *** [6h Jc 7h Qs] [7d]
RafaellaMS7: bets $0.18
Zoe3005: calls $0.18
*** SHOW DOWN ***
RafaellaMS7: shows [8d 8s] (two pair, Eights and Sevens)
Zoe3005: shows [Ad Jd] (two pair, Jacks and Sevens)
Zoe3005 collected $0.82 from pot
*** SUMMARY ***
Total pot $0.85 | Rake $0.03 
Board [6h Jc 7h Qs 7d]
Seat 2: Brakonyer (big blind) folded before Flop
Seat 3: kuznez-ufa folded before Flop (didn't bet)
Seat 4: lacgueguen folded before Flop
Seat 6: RafaellaMS7 showed [8d 8s] and lost with two pair, Eights and Sevens
Seat 7: Zoe3005 (button) showed [Ad Jd] and won ($0.82) with two pair, Jacks and Sevens
Seat 8: Dorex2007 (small blind) folded before Flop



PokerStars Hand #226256558506:  Hold'em No Limit ($0.01/$0.02 USD) - 2021/04/27 14:09:14 PT [2021/04/27 17:09:14 ET]
Table 'Bowell III' 9-max Seat #8 is the button
Seat 2: Brakonyer ($0.80 in chips) 
Seat 3: kuznez-ufa ($3.06 in chips) 
Seat 4: lacgueguen ($1.74 in chips) 
Seat 6: RafaellaMS7 ($0.50 in chips) 
Seat 7: Zoe3005 ($2.43 in chips) 
Seat 8: Dorex2007 ($2.35 in chips) 
Brakonyer: posts small blind $0.01
kuznez-ufa: posts big blind $0.02
*** HOLE CARDS ***
Dealt to Dorex2007 [3d Jc]
lacgueguen: folds 
RafaellaMS7: calls $0.02
Zoe3005: folds 
Dorex2007: folds 
Brakonyer: calls $0.01
kuznez-ufa: checks 
*** FLOP *** [Ts Jh 6h]
Brakonyer: checks 
kuznez-ufa: checks 
RafaellaMS7: checks 
*** TURN *** [Ts Jh 6h] [7c]
Brakonyer: bets $0.03
kuznez-ufa: folds 
RafaellaMS7: folds 
Uncalled bet ($0.03) returned to Brakonyer
Brakonyer collected $0.06 from pot
*** SUMMARY ***
Total pot $0.06 | Rake $0 
Board [Ts Jh 6h 7c]
Seat 2: Brakonyer (small blind) collected ($0.06)
Seat 3: kuznez-ufa (big blind) folded on the Turn
Seat 4: lacgueguen folded before Flop (didn't bet)
Seat 6: RafaellaMS7 folded on the Turn
Seat 7: Zoe3005 folded before Flop (didn't bet)
Seat 8: Dorex2007 (button) folded before Flop (didn't bet)



PokerStars Hand #226256644999:  Hold'em No Limit ($0.01/$0.02 USD) - 2021/04/27 14:11:21 PT [2021/04/27 17:11:21 ET]
Table 'Bowell III' 9-max Seat #4 is the button
Seat 2: Brakonyer ($0.87 in chips) 
Seat 3: kuznez-ufa ($3.03 in chips) 
Seat 4: lacgueguen ($1.74 in chips) 
Seat 6: RafaellaMS7 ($0.46 in chips) 
Seat 7: Zoe3005 ($2.43 in chips) 
Seat 8: Dorex2007 ($2.35 in chips) 
RafaellaMS7: posts small blind $0.01
Zoe3005: posts big blind $0.02
*** HOLE CARDS ***
Dealt to Dorex2007 [Qc 6c]
Dorex2007: folds 
Brakonyer: folds 
kuznez-ufa: folds 
lacgueguen: calls $0.02
RafaellaMS7: folds 
Zoe3005: checks 
*** FLOP *** [2d 2s 5s]
Zoe3005: checks 
lacgueguen: checks 
*** TURN *** [2d 2s 5s] [3s]
Zoe3005: bets $0.02
lacgueguen: calls $0.02
*** RIVER *** [2d 2s 5s 3s] [Td]
Zoe3005: bets $0.02
lacgueguen: folds 
Uncalled bet ($0.02) returned to Zoe3005
Zoe3005 collected $0.09 from pot
Zoe3005: doesn't show hand 
*** SUMMARY ***
Total pot $0.09 | Rake $0 
Board [2d 2s 5s 3s Td]
Seat 2: Brakonyer folded before Flop (didn't bet)
Seat 3: kuznez-ufa folded before Flop (didn't bet)
Seat 4: lacgueguen (button) folded on the River
Seat 6: RafaellaMS7 (small blind) folded before Flop
Seat 7: Zoe3005 (big blind) collected ($0.09)
Seat 8: Dorex2007 folded before Flop (didn't bet)



PokerStars Hand #226256674709:  Hold'em No Limit ($0.01/$0.02 USD) - 2021/04/27 14:12:05 PT [2021/04/27 17:12:05 ET]
Table 'Bowell III' 9-max Seat #6 is the button
Seat 2: Brakonyer ($0.87 in chips) 
Seat 3: kuznez-ufa ($3.03 in chips) 
Seat 4: lacgueguen ($1.70 in chips) 
Seat 6: RafaellaMS7 ($0.45 in chips) 
Seat 7: Zoe3005 ($2.48 in chips) 
Seat 8: Dorex2007 ($2.35 in chips) 
Zoe3005: posts small blind $0.01
Dorex2007: posts big blind $0.02
*** HOLE CARDS ***
Dealt to Dorex2007 [9d 7c]
Brakonyer: folds 
kuznez-ufa: calls $0.02
lacgueguen: calls $0.02
RafaellaMS7: folds 
Zoe3005: calls $0.01
Dorex2007: checks 
*** FLOP *** [2s 4d Qc]
Zoe3005: bets $0.08
Dorex2007: folds 
lll Bad lll joins the table at seat #5 
kuznez-ufa: folds 
lacgueguen: folds 
Uncalled bet ($0.08) returned to Zoe3005
Zoe3005 collected $0.08 from pot
Zoe3005: doesn't show hand 
*** SUMMARY ***
Total pot $0.08 | Rake $0 
Board [2s 4d Qc]
Seat 2: Brakonyer folded before Flop (didn't bet)
Seat 3: kuznez-ufa folded on the Flop
Seat 4: lacgueguen folded on the Flop
Seat 6: RafaellaMS7 (button) folded before Flop (didn't bet)
Seat 7: Zoe3005 (small blind) collected ($0.08)
Seat 8: Dorex2007 (big blind) folded on the Flop



PokerStars Hand #226256696622:  Hold'em No Limit ($0.01/$0.02 USD) - 2021/04/27 14:12:38 PT [2021/04/27 17:12:38 ET]
Table 'Bowell III' 9-max Seat #7 is the button
Seat 2: Brakonyer ($0.87 in chips) 
Seat 3: kuznez-ufa ($3.01 in chips) 
Seat 4: lacgueguen ($1.68 in chips) 
Seat 6: RafaellaMS7 ($0.45 in chips) 
Seat 7: Zoe3005 ($2.54 in chips) 
Seat 8: Dorex2007 ($2.33 in chips) 
Dorex2007: posts small blind $0.01
Brakonyer: posts big blind $0.02
lll Bad lll: sits out 
*** HOLE CARDS ***
Dealt to Dorex2007 [Ah 7h]
kuznez-ufa: calls $0.02
lacgueguen: calls $0.02
RafaellaMS7: folds 
Zoe3005: folds 
Dorex2007: calls $0.01
Brakonyer: checks 
*** FLOP *** [6d 8s Kh]
Dorex2007: checks 
Brakonyer: bets $0.04
kuznez-ufa: calls $0.04
lacgueguen: folds 
Dorex2007: folds 
*** TURN *** [6d 8s Kh] [Ad]
Brakonyer: checks 
kuznez-ufa: bets $0.05
Brakonyer: calls $0.05
*** RIVER *** [6d 8s Kh Ad] [Qh]
Brakonyer: checks 
kuznez-ufa: checks 
*** SHOW DOWN ***
Brakonyer: shows [Js Kd] (a pair of Kings)
kuznez-ufa: mucks hand 
Brakonyer collected $0.25 from pot
*** SUMMARY ***
Total pot $0.26 | Rake $0.01 
Board [6d 8s Kh Ad Qh]
Seat 2: Brakonyer (big blind) showed [Js Kd] and won ($0.25) with a pair of Kings
Seat 3: kuznez-ufa mucked [Kc Tc]
Seat 4: lacgueguen folded on the Flop
Seat 6: RafaellaMS7 folded before Flop (didn't bet)
Seat 7: Zoe3005 (button) folded before Flop (didn't bet)
Seat 8: Dorex2007 (small blind) folded on the Flop



PokerStars Hand #226256738268:  Hold'em No Limit ($0.01/$0.02 USD) - 2021/04/27 14:13:40 PT [2021/04/27 17:13:40 ET]
Table 'Bowell III' 9-max Seat #8 is the button
Seat 2: Brakonyer ($1.01 in chips) 
Seat 3: kuznez-ufa ($2.90 in chips) 
Seat 4: lacgueguen ($1.66 in chips) 
Seat 6: RafaellaMS7 ($0.45 in chips) 
Seat 7: Zoe3005 ($2.54 in chips) 
Seat 8: Dorex2007 ($2.31 in chips) 
Brakonyer: posts small blind $0.01
kuznez-ufa: posts big blind $0.02
lll Bad lll: sits out 
*** HOLE CARDS ***
Dealt to Dorex2007 [8d Ts]
lacgueguen: calls $0.02
yusti14 joins the table at seat #1 
RafaellaMS7 has timed out
RafaellaMS7: folds 
Zoe3005: folds 
Dorex2007: folds 
Brakonyer: folds 
kuznez-ufa: raises $0.03 to $0.05
lacgueguen: calls $0.03
*** FLOP *** [6h Qs 9s]
kuznez-ufa: bets $0.10
lacgueguen: calls $0.10
*** TURN *** [6h Qs 9s] [7h]
kuznez-ufa: bets $0.15
lacgueguen: calls $0.15
*** RIVER *** [6h Qs 9s 7h] [As]
kuznez-ufa: bets $0.15
lacgueguen: raises $1.21 to $1.36 and is all-in
kuznez-ufa: folds 
Uncalled bet ($1.21) returned to lacgueguen
lacgueguen collected $0.88 from pot
lacgueguen: doesn't show hand 
*** SUMMARY ***
Total pot $0.91 | Rake $0.03 
Board [6h Qs 9s 7h As]
Seat 2: Brakonyer (small blind) folded before Flop
Seat 3: kuznez-ufa (big blind) folded on the River
Seat 4: lacgueguen collected ($0.88)
Seat 6: RafaellaMS7 folded before Flop (didn't bet)
Seat 7: Zoe3005 folded before Flop (didn't bet)
Seat 8: Dorex2007 (button) folded before Flop (didn't bet)



PokerStars Hand #226256794686:  Hold'em No Limit ($0.01/$0.02 USD) - 2021/04/27 14:14:57 PT [2021/04/27 17:14:57 ET]
Table 'Bowell III' 9-max Seat #2 is the button
Seat 1: yusti14 ($1.60 in chips) 
Seat 2: Brakonyer ($1 in chips) 
Seat 3: kuznez-ufa ($2.45 in chips) 
Seat 4: lacgueguen ($2.09 in chips) 
Seat 6: RafaellaMS7 ($0.45 in chips) 
Seat 7: Zoe3005 ($2.54 in chips) 
Seat 8: Dorex2007 ($2.31 in chips) 
kuznez-ufa: posts small blind $0.01
lacgueguen: posts big blind $0.02
lll Bad lll: sits out 
yusti14: posts big blind $0.02
*** HOLE CARDS ***
Dealt to Dorex2007 [8c Kc]
RafaellaMS7 has timed out
RafaellaMS7: folds 
Zoe3005: folds 
Dorex2007: raises $0.04 to $0.06
yusti14: folds 
Brakonyer: folds 
kuznez-ufa: folds 
lacgueguen: folds 
Uncalled bet ($0.04) returned to Dorex2007
Dorex2007 collected $0.07 from pot
Dorex2007: doesn't show hand 
*** SUMMARY ***
Total pot $0.07 | Rake $0 
Seat 1: yusti14 folded before Flop (didn't bet)
Seat 2: Brakonyer (button) folded before Flop (didn't bet)
Seat 3: kuznez-ufa (small blind) folded before Flop
Seat 4: lacgueguen (big blind) folded before Flop
Seat 6: RafaellaMS7 folded before Flop (didn't bet)
Seat 7: Zoe3005 folded before Flop (didn't bet)
Seat 8: Dorex2007 collected ($0.07)



PokerStars Hand #226256814326:  Hold'em No Limit ($0.01/$0.02 USD) - 2021/04/27 14:15:26 PT [2021/04/27 17:15:26 ET]
Table 'Bowell III' 9-max Seat #3 is the button
Seat 1: yusti14 ($1.58 in chips) 
Seat 2: Brakonyer ($1 in chips) 
Seat 3: kuznez-ufa ($2.44 in chips) 
Seat 4: lacgueguen ($2.07 in chips) 
Seat 5: lll Bad lll ($0.80 in chips) 
Seat 6: RafaellaMS7 ($0.45 in chips) 
Seat 7: Zoe3005 ($2.54 in chips) 
Seat 8: Dorex2007 ($2.36 in chips) 
lacgueguen: posts small blind $0.01
lll Bad lll: posts big blind $0.02
*** HOLE CARDS ***
Dealt to Dorex2007 [As 4s]
RafaellaMS7: raises $0.04 to $0.06
Zoe3005: folds 
Dorex2007: folds 
yusti14: calls $0.06
Brakonyer: folds 
kuznez-ufa: folds 
lacgueguen: folds 
lll Bad lll: calls $0.04
*** FLOP *** [6h Qh 2h]
lll Bad lll: checks 
RafaellaMS7: checks 
yusti14: checks 
*** TURN *** [6h Qh 2h] [Jd]
lll Bad lll: checks 
RafaellaMS7: bets $0.07
yusti14: folds 
lll Bad lll: folds 
Uncalled bet ($0.07) returned to RafaellaMS7
RafaellaMS7 collected $0.18 from pot
RafaellaMS7: doesn't show hand 
*** SUMMARY ***
Total pot $0.19 | Rake $0.01 
Board [6h Qh 2h Jd]
Seat 1: yusti14 folded on the Turn
Seat 2: Brakonyer folded before Flop (didn't bet)
Seat 3: kuznez-ufa (button) folded before Flop (didn't bet)
Seat 4: lacgueguen (small blind) folded before Flop
Seat 5: lll Bad lll (big blind) folded on the Turn
Seat 6: RafaellaMS7 collected ($0.18)
Seat 7: Zoe3005 folded before Flop (didn't bet)
Seat 8: Dorex2007 folded before Flop (didn't bet)



PokerStars Hand #226256861261:  Hold'em No Limit ($0.01/$0.02 USD) - 2021/04/27 14:16:28 PT [2021/04/27 17:16:28 ET]
Table 'Bowell III' 9-max Seat #4 is the button
Seat 1: yusti14 ($1.52 in chips) 
Seat 2: Brakonyer ($1 in chips) 
Seat 3: kuznez-ufa ($2.44 in chips) 
Seat 4: lacgueguen ($2.06 in chips) 
Seat 5: lll Bad lll ($0.74 in chips) 
Seat 6: RafaellaMS7 ($0.57 in chips) 
Seat 7: Zoe3005 ($2.54 in chips) 
Seat 8: Dorex2007 ($2.36 in chips) 
lll Bad lll: posts small blind $0.01
RafaellaMS7: posts big blind $0.02
*** HOLE CARDS ***
Dealt to Dorex2007 [Qh Jh]
Zoe3005: calls $0.02
Dorex2007: raises $0.04 to $0.06
yusti14: folds 
Brakonyer: folds 
kuznez-ufa: calls $0.06
lacgueguen: folds 
lll Bad lll: folds 
RafaellaMS7: calls $0.04
Zoe3005: folds 
*** FLOP *** [7c 9d Ac]
RafaellaMS7: bets $0.08
Dorex2007: folds 
kuznez-ufa: raises $2.30 to $2.38 and is all-in
RafaellaMS7: calls $0.43 and is all-in
Uncalled bet ($1.87) returned to kuznez-ufa
*** TURN *** [7c 9d Ac] [7d]
*** RIVER *** [7c 9d Ac 7d] [Qs]
*** SHOW DOWN ***
RafaellaMS7: shows [6s Ah] (two pair, Aces and Sevens)
kuznez-ufa: shows [Qc Ad] (two pair, Aces and Queens)
kuznez-ufa cashed out the hand for $1 | Cash Out Fee $0.01
*** SUMMARY ***
Total pot $1.23 | Rake $0.04 
Board [7c 9d Ac 7d Qs]
Seat 1: yusti14 folded before Flop (didn't bet)
Seat 2: Brakonyer folded before Flop (didn't bet)
Seat 3: kuznez-ufa showed [Qc Ad] and won ($1.19) with two pair, Aces and Queens (pot not awarded as player cashed out)
Seat 4: lacgueguen (button) folded before Flop (didn't bet)
Seat 5: lll Bad lll (small blind) folded before Flop
Seat 6: RafaellaMS7 (big blind) showed [6s Ah] and lost with two pair, Aces and Sevens
Seat 7: Zoe3005 folded before Flop
Seat 8: Dorex2007 folded on the Flop



PokerStars Hand #226256893948:  Hold'em No Limit ($0.01/$0.02 USD) - 2021/04/27 14:17:17 PT [2021/04/27 17:17:17 ET]
Table 'Bowell III' 9-max Seat #5 is the button
Seat 1: yusti14 ($1.52 in chips) 
Seat 2: Brakonyer ($1 in chips) 
Seat 3: kuznez-ufa ($2.87 in chips) 
Seat 4: lacgueguen ($2.06 in chips) 
Seat 5: lll Bad lll ($0.73 in chips) 
Seat 7: Zoe3005 ($2.52 in chips) 
Seat 8: Dorex2007 ($2.30 in chips) 
Seat 9: bmwmann8 ($2 in chips) 
Zoe3005: posts small blind $0.01
Dorex2007: posts big blind $0.02
bmwmann8: posts small & big blinds $0.03
*** HOLE CARDS ***
Dealt to Dorex2007 [Th 5h]
bmwmann8: checks 
RafaellaMS7 leaves the table
yusti14: calls $0.02
Brakonyer: calls $0.02
kuznez-ufa: folds 
lacgueguen: folds 
lll Bad lll: raises $0.04 to $0.06
Zoe3005: folds 
Dorex2007: calls $0.04
bmwmann8: folds 
yusti14: calls $0.04
Brakonyer: calls $0.04
*** FLOP *** [Ts 4s Qd]
Dorex2007: checks 
yusti14: bets $0.06
Brakonyer: calls $0.06
lll Bad lll: calls $0.06
Amaral1963 joins the table at seat #6 
Dorex2007: folds 
*** TURN *** [Ts 4s Qd] [4h]
yusti14: bets $0.08
Brakonyer: calls $0.08
lll Bad lll: folds 
*** RIVER *** [Ts 4s Qd 4h] [9s]
yusti14: bets $0.08
Brakonyer: raises $0.08 to $0.16
yusti14: calls $0.08
*** SHOW DOWN ***
Brakonyer: shows [2s As] (a flush, Ace high)
yusti14: mucks hand 
Brakonyer collected $0.91 from pot
*** SUMMARY ***
Total pot $0.94 | Rake $0.03 
Board [Ts 4s Qd 4h 9s]
Seat 1: yusti14 mucked [8h Qh]
Seat 2: Brakonyer showed [2s As] and won ($0.91) with a flush, Ace high
Seat 3: kuznez-ufa folded before Flop (didn't bet)
Seat 4: lacgueguen folded before Flop (didn't bet)
Seat 5: lll Bad lll (button) folded on the Turn
Seat 7: Zoe3005 (small blind) folded before Flop
Seat 8: Dorex2007 (big blind) folded on the Flop
Seat 9: bmwmann8 folded before Flop (didn't bet)



PokerStars Hand #226256944660:  Hold'em No Limit ($0.01/$0.02 USD) - 2021/04/27 14:18:34 PT [2021/04/27 17:18:34 ET]
Table 'Bowell III' 9-max Seat #7 is the button
Seat 1: yusti14 ($1.16 in chips) 
Seat 2: Brakonyer ($1.55 in chips) 
Seat 3: kuznez-ufa ($2.87 in chips) 
Seat 4: lacgueguen ($2.06 in chips) 
Seat 5: lll Bad lll ($0.61 in chips) 
Seat 6: Amaral1963 ($1 in chips) 
Seat 7: Zoe3005 ($2.51 in chips) 
Seat 8: Dorex2007 ($2.24 in chips) 
Seat 9: bmwmann8 ($1.97 in chips) 
Dorex2007: posts small blind $0.01
bmwmann8: posts big blind $0.02
Amaral1963: posts big blind $0.02
*** HOLE CARDS ***
Dealt to Dorex2007 [5s 6s]
yusti14: calls $0.02
Brakonyer: folds 
kuznez-ufa: calls $0.02
lacgueguen: raises $0.02 to $0.04
lll Bad lll: folds 
Amaral1963: folds 
Zoe3005: calls $0.04
Dorex2007: folds 
bmwmann8: folds 
yusti14: calls $0.02
kuznez-ufa: calls $0.02
*** FLOP *** [6d Qc 8h]
yusti14: checks 
kuznez-ufa: checks 
lacgueguen: bets $0.04
Zoe3005: calls $0.04
yusti14: folds 
kuznez-ufa: folds 
*** TURN *** [6d Qc 8h] [4c]
lacgueguen: bets $0.06
Zoe3005: folds 
Uncalled bet ($0.06) returned to lacgueguen
lacgueguen collected $0.28 from pot
lacgueguen: doesn't show hand 
*** SUMMARY ***
Total pot $0.29 | Rake $0.01 
Board [6d Qc 8h 4c]
Seat 1: yusti14 folded on the Flop
Seat 2: Brakonyer folded before Flop (didn't bet)
Seat 3: kuznez-ufa folded on the Flop
Seat 4: lacgueguen collected ($0.28)
Seat 5: lll Bad lll folded before Flop (didn't bet)
Seat 6: Amaral1963 folded before Flop (didn't bet)
Seat 7: Zoe3005 (button) folded on the Turn
Seat 8: Dorex2007 (small blind) folded before Flop
Seat 9: bmwmann8 (big blind) folded before Flop



PokerStars Hand #226256984343:  Hold'em No Limit ($0.01/$0.02 USD) - 2021/04/27 14:19:36 PT [2021/04/27 17:19:36 ET]
Table 'Bowell III' 9-max Seat #8 is the button
Seat 1: yusti14 ($1.12 in chips) 
Seat 2: Brakonyer ($1.55 in chips) 
Seat 3: kuznez-ufa ($2.83 in chips) 
Seat 4: lacgueguen ($2.26 in chips) 
Seat 5: lll Bad lll ($0.61 in chips) 
Seat 6: Amaral1963 ($0.98 in chips) 
Seat 7: Zoe3005 ($2.43 in chips) 
Seat 8: Dorex2007 ($2.23 in chips) 
Seat 9: bmwmann8 ($1.95 in chips) 
bmwmann8: posts small blind $0.01
yusti14: posts big blind $0.02
*** HOLE CARDS ***
Dealt to Dorex2007 [5h 3h]
Brakonyer: folds 
kuznez-ufa: raises $0.04 to $0.06
lacgueguen: folds 
lll Bad lll: folds 
Amaral1963: folds 
Zoe3005: folds 
Dorex2007: folds 
bmwmann8: calls $0.05
yusti14: calls $0.04
*** FLOP *** [Kd As 8d]
bmwmann8: checks 
yusti14: checks 
kuznez-ufa: bets $0.07
bmwmann8: calls $0.07
yusti14: folds 
*** TURN *** [Kd As 8d] [9h]
bmwmann8: checks 
kuznez-ufa: checks 
*** RIVER *** [Kd As 8d 9h] [Th]
bmwmann8: checks 
kuznez-ufa: checks 
*** SHOW DOWN ***
bmwmann8: shows [Ks Jc] (a pair of Kings)
kuznez-ufa: mucks hand 
bmwmann8 collected $0.31 from pot
*** SUMMARY ***
Total pot $0.32 | Rake $0.01 
Board [Kd As 8d 9h Th]
Seat 1: yusti14 (big blind) folded on the Flop
Seat 2: Brakonyer folded before Flop (didn't bet)
Seat 3: kuznez-ufa mucked [Js Jh]
Seat 4: lacgueguen folded before Flop (didn't bet)
Seat 5: lll Bad lll folded before Flop (didn't bet)
Seat 6: Amaral1963 folded before Flop (didn't bet)
Seat 7: Zoe3005 folded before Flop (didn't bet)
Seat 8: Dorex2007 (button) folded before Flop (didn't bet)
Seat 9: bmwmann8 (small blind) showed [Ks Jc] and won ($0.31) with a pair of Kings



PokerStars Hand #226257034005:  Hold'em No Limit ($0.01/$0.02 USD) - 2021/04/27 14:20:53 PT [2021/04/27 17:20:53 ET]
Table 'Bowell III' 9-max Seat #9 is the button
Seat 1: yusti14 ($1.06 in chips) 
Seat 3: kuznez-ufa ($2.70 in chips) 
Seat 4: lacgueguen ($2.26 in chips) 
Seat 5: lll Bad lll ($0.61 in chips) 
Seat 6: Amaral1963 ($0.98 in chips) 
Seat 7: Zoe3005 ($2.43 in chips) 
Seat 8: Dorex2007 ($2.23 in chips) 
Seat 9: bmwmann8 ($2.13 in chips) 
yusti14: posts small blind $0.01
Brakonyer: is sitting out 
kuznez-ufa: posts big blind $0.02
*** HOLE CARDS ***
Dealt to Dorex2007 [Qc 9s]
lacgueguen: calls $0.02
Brakonyer leaves the table
lll Bad lll: folds 
Amaral1963: folds 
Zoe3005: folds 
Dorex2007: folds 
bmwmann8: calls $0.02
yusti14: raises $0.04 to $0.06
kuznez-ufa: folds 
lacgueguen: calls $0.04
bmwmann8: folds 
*** FLOP *** [9c 7d 5s]
yusti14: checks 
lacgueguen: checks 
*** TURN *** [9c 7d 5s] [7h]
yusti14: bets $0.06
lacgueguen: calls $0.06
*** RIVER *** [9c 7d 5s 7h] [8c]
yusti14: checks 
lacgueguen: bets $0.10
yusti14: folds 
Uncalled bet ($0.10) returned to lacgueguen
lacgueguen collected $0.27 from pot
lacgueguen: doesn't show hand 
*** SUMMARY ***
Total pot $0.28 | Rake $0.01 
Board [9c 7d 5s 7h 8c]
Seat 1: yusti14 (small blind) folded on the River
Seat 3: kuznez-ufa (big blind) folded before Flop
Seat 4: lacgueguen collected ($0.27)
Seat 5: lll Bad lll folded before Flop (didn't bet)
Seat 6: Amaral1963 folded before Flop (didn't bet)
Seat 7: Zoe3005 folded before Flop (didn't bet)
Seat 8: Dorex2007 folded before Flop (didn't bet)
Seat 9: bmwmann8 (button) folded before Flop



PokerStars Hand #226257066642:  Hold'em No Limit ($0.01/$0.02 USD) - 2021/04/27 14:21:44 PT [2021/04/27 17:21:44 ET]
Table 'Bowell III' 9-max Seat #1 is the button
Seat 1: yusti14 ($0.94 in chips) 
Seat 3: kuznez-ufa ($2.68 in chips) 
Seat 4: lacgueguen ($2.41 in chips) 
Seat 5: lll Bad lll ($0.61 in chips) 
Seat 6: Amaral1963 ($0.98 in chips) 
Seat 7: Zoe3005 ($2.43 in chips) 
Seat 8: Dorex2007 ($2.23 in chips) 
Seat 9: bmwmann8 ($2.11 in chips) 
kuznez-ufa: posts small blind $0.01
lacgueguen: posts big blind $0.02
*** HOLE CARDS ***
Dealt to Dorex2007 [Qc Qs]
lll Bad lll: folds 
Amaral1963: raises $0.04 to $0.06
Zoe3005: folds 
Dorex2007: raises $0.12 to $0.18
bmwmann8: folds 
yusti14: folds 
kuznez-ufa: folds 
lacgueguen: folds 
Amaral1963: raises $0.80 to $0.98 and is all-in
Dorex2007: calls $0.80
TrzymamKolo joins the table at seat #2 
Amaral1963 has timed out
*** FLOP *** [3d 2d Kh]
*** TURN *** [3d 2d Kh] [4d]
*** RIVER *** [3d 2d Kh 4d] [6d]
*** SHOW DOWN ***
Amaral1963: shows [Ad Ks] (a flush, Ace high)
Dorex2007: shows [Qc Qs] (a pair of Queens)
Amaral1963 collected $1.92 from pot
*** SUMMARY ***
Total pot $1.99 | Rake $0.07 
Board [3d 2d Kh 4d 6d]
Seat 1: yusti14 (button) folded before Flop (didn't bet)
Seat 3: kuznez-ufa (small blind) folded before Flop
Seat 4: lacgueguen (big blind) folded before Flop
Seat 5: lll Bad lll folded before Flop (didn't bet)
Seat 6: Amaral1963 showed [Ad Ks] and won ($1.92) with a flush, Ace high
Seat 7: Zoe3005 folded before Flop (didn't bet)
Seat 8: Dorex2007 showed [Qc Qs] and lost with a pair of Queens
Seat 9: bmwmann8 folded before Flop (didn't bet)



PokerStars Hand #226257103761:  Hold'em No Limit ($0.01/$0.02 USD) - 2021/04/27 14:22:41 PT [2021/04/27 17:22:41 ET]
Table 'Bowell III' 9-max Seat #3 is the button
Seat 1: yusti14 ($0.94 in chips) 
Seat 3: kuznez-ufa ($2.67 in chips) 
Seat 4: lacgueguen ($2.39 in chips) 
Seat 5: lll Bad lll ($0.61 in chips) 
Seat 6: Amaral1963 ($1.92 in chips) 
Seat 7: Zoe3005 ($2.43 in chips) 
Seat 8: Dorex2007 ($1.25 in chips) 
Seat 9: bmwmann8 ($2.11 in chips) 
lacgueguen: posts small blind $0.01
lll Bad lll: posts big blind $0.02
TrzymamKolo: sits out 
*** HOLE CARDS ***
Dealt to Dorex2007 [Th 2s]
Amaral1963: folds 
Zoe3005: folds 
Dorex2007: folds 
bmwmann8: calls $0.02
yusti14: calls $0.02
kuznez-ufa: raises $0.04 to $0.06
lacgueguen: calls $0.05
lll Bad lll: folds 
bmwmann8: folds 
yusti14: calls $0.04
*** FLOP *** [Ac Ks 8d]
lacgueguen: checks 
yusti14: checks 
kuznez-ufa: bets $0.14
lacgueguen: calls $0.14
yusti14: folds 
*** TURN *** [Ac Ks 8d] [3d]
lacgueguen: bets $0.10
kuznez-ufa: raises $0.15 to $0.25
lacgueguen: raises $0.15 to $0.40
kuznez-ufa: calls $0.15
*** RIVER *** [Ac Ks 8d 3d] [Ts]
lacgueguen: bets $1.79 and is all-in
kuznez-ufa: folds 
Uncalled bet ($1.79) returned to lacgueguen
lacgueguen collected $1.25 from pot
lacgueguen: doesn't show hand 
*** SUMMARY ***
Total pot $1.30 | Rake $0.05 
Board [Ac Ks 8d 3d Ts]
Seat 1: yusti14 folded on the Flop
Seat 3: kuznez-ufa (button) folded on the River
Seat 4: lacgueguen (small blind) collected ($1.25)
Seat 5: lll Bad lll (big blind) folded before Flop
Seat 6: Amaral1963 folded before Flop (didn't bet)
Seat 7: Zoe3005 folded before Flop (didn't bet)
Seat 8: Dorex2007 folded before Flop (didn't bet)
Seat 9: bmwmann8 folded before Flop



PokerStars Hand #226257162923:  Hold'em No Limit ($0.01/$0.02 USD) - 2021/04/27 14:24:15 PT [2021/04/27 17:24:15 ET]
Table 'Bowell III' 9-max Seat #4 is the button
Seat 1: yusti14 ($0.88 in chips) 
Seat 3: kuznez-ufa ($2.07 in chips) 
Seat 4: lacgueguen ($3.04 in chips) 
Seat 5: lll Bad lll ($0.59 in chips) 
Seat 6: Amaral1963 ($1.92 in chips) 
Seat 7: Zoe3005 ($2.43 in chips) 
Seat 8: Dorex2007 ($2 in chips) 
Seat 9: bmwmann8 ($2.09 in chips) 
lll Bad lll: posts small blind $0.01
Amaral1963: posts big blind $0.02
TrzymamKolo: sits out 
*** HOLE CARDS ***
Dealt to Dorex2007 [Ks 9s]
Zoe3005: folds 
Dorex2007: raises $0.04 to $0.06
bmwmann8: folds 
yusti14: folds 
kuznez-ufa: folds 
lacgueguen: folds 
lll Bad lll: folds 
Amaral1963: folds 
Uncalled bet ($0.04) returned to Dorex2007
Dorex2007 collected $0.05 from pot
Dorex2007: doesn't show hand 
*** SUMMARY ***
Total pot $0.05 | Rake $0 
Seat 1: yusti14 folded before Flop (didn't bet)
Seat 3: kuznez-ufa folded before Flop (didn't bet)
Seat 4: lacgueguen (button) folded before Flop (didn't bet)
Seat 5: lll Bad lll (small blind) folded before Flop
Seat 6: Amaral1963 (big blind) folded before Flop
Seat 7: Zoe3005 folded before Flop (didn't bet)
Seat 8: Dorex2007 collected ($0.05)
Seat 9: bmwmann8 folded before Flop (didn't bet)



PokerStars Hand #226257183006:  Hold'em No Limit ($0.01/$0.02 USD) - 2021/04/27 14:24:47 PT [2021/04/27 17:24:47 ET]
Table 'Bowell III' 9-max Seat #5 is the button
Seat 1: yusti14 ($0.88 in chips) 
Seat 3: kuznez-ufa ($2.07 in chips) 
Seat 4: lacgueguen ($3.04 in chips) 
Seat 5: lll Bad lll ($0.58 in chips) 
Seat 6: Amaral1963 ($1.90 in chips) 
Seat 7: Zoe3005 ($2.43 in chips) 
Seat 8: Dorex2007 ($2.03 in chips) 
Seat 9: bmwmann8 ($2.09 in chips) 
Amaral1963: posts small blind $0.01
Zoe3005: posts big blind $0.02
TrzymamKolo: sits out 
*** HOLE CARDS ***
Dealt to Dorex2007 [8s Tc]
Dorex2007: folds 
bmwmann8: folds 
Zoe3005 is disconnected 
yusti14: calls $0.02
kuznez-ufa: folds 
lacgueguen: folds 
lll Bad lll: calls $0.02
Amaral1963: calls $0.01
Zoe3005 has timed out while disconnected
Zoe3005: checks 
*** FLOP *** [4s 3c Kh]
Amaral1963: checks 
Zoe3005 has timed out while disconnected
Zoe3005: checks 
yusti14: checks 
lll Bad lll: bets $0.04
Amaral1963: folds 
Zoe3005 has timed out while disconnected
Zoe3005: folds 
yusti14: calls $0.04
*** TURN *** [4s 3c Kh] [Jh]
yusti14: checks 
lll Bad lll: bets $0.15
yusti14: calls $0.15
*** RIVER *** [4s 3c Kh Jh] [Ah]
yusti14: checks 
lll Bad lll: checks 
*** SHOW DOWN ***
yusti14: shows [7h 6h] (a flush, Ace high)
lll Bad lll: mucks hand 
yusti14 collected $0.44 from pot
*** SUMMARY ***
Total pot $0.46 | Rake $0.02 
Board [4s 3c Kh Jh Ah]
Seat 1: yusti14 showed [7h 6h] and won ($0.44) with a flush, Ace high
Seat 3: kuznez-ufa folded before Flop (didn't bet)
Seat 4: lacgueguen folded before Flop (didn't bet)
Seat 5: lll Bad lll (button) mucked [8h Ts]
Seat 6: Amaral1963 (small blind) folded on the Flop
Seat 7: Zoe3005 (big blind) folded on the Flop
Seat 8: Dorex2007 folded before Flop (didn't bet)
Seat 9: bmwmann8 folded before Flop (didn't bet)



PokerStars Hand #226257255277:  Hold'em No Limit ($0.01/$0.02 USD) - 2021/04/27 14:26:44 PT [2021/04/27 17:26:44 ET]
Table 'Bowell III' 9-max Seat #6 is the button
Seat 1: yusti14 ($1.11 in chips) 
Seat 3: kuznez-ufa ($2.07 in chips) 
Seat 4: lacgueguen ($3.04 in chips) 
Seat 5: lll Bad lll ($0.37 in chips) 
Seat 6: Amaral1963 ($1.88 in chips) 
Seat 8: Dorex2007 ($2.03 in chips) 
Seat 9: bmwmann8 ($2.09 in chips) 
Dorex2007: posts small blind $0.01
bmwmann8: posts big blind $0.02
TrzymamKolo: sits out 
*** HOLE CARDS ***
Dealt to Dorex2007 [4h 2c]
yusti14: calls $0.02
kuznez-ufa: folds 
lacgueguen: calls $0.02
lll Bad lll: calls $0.02
Amaral1963: folds 
Dorex2007: folds 
bmwmann8: raises $0.04 to $0.06
yusti14: folds 
lacgueguen: calls $0.04
lll Bad lll: calls $0.04
*** FLOP *** [8c 8h Kh]
bmwmann8: checks 
lacgueguen: checks 
lll Bad lll: checks 
*** TURN *** [8c 8h Kh] [2h]
bmwmann8: bets $0.10
lacgueguen: folds 
lll Bad lll: raises $0.21 to $0.31 and is all-in
bmwmann8: calls $0.21
*** RIVER *** [8c 8h Kh 2h] [8d]
*** SHOW DOWN ***
bmwmann8: shows [Qc Ah] (three of a kind, Eights)
lll Bad lll: shows [5s Ks] (a full house, Eights full of Kings)
lll Bad lll collected $0.80 from pot
*** SUMMARY ***
Total pot $0.83 | Rake $0.03 
Board [8c 8h Kh 2h 8d]
Seat 1: yusti14 folded before Flop
Seat 3: kuznez-ufa folded before Flop (didn't bet)
Seat 4: lacgueguen folded on the Turn
Seat 5: lll Bad lll showed [5s Ks] and won ($0.80) with a full house, Eights full of Kings
Seat 6: Amaral1963 (button) folded before Flop (didn't bet)
Seat 8: Dorex2007 (small blind) folded before Flop
Seat 9: bmwmann8 (big blind) showed [Qc Ah] and lost with three of a kind, Eights



PokerStars Hand #226257299269:  Hold'em No Limit ($0.01/$0.02 USD) - 2021/04/27 14:27:57 PT [2021/04/27 17:27:57 ET]
Table 'Bowell III' 9-max Seat #8 is the button
Seat 1: yusti14 ($1.09 in chips) 
Seat 3: kuznez-ufa ($2.07 in chips) 
Seat 4: lacgueguen ($2.98 in chips) 
Seat 5: lll Bad lll ($0.80 in chips) 
Seat 6: Amaral1963 ($1.88 in chips) 
Seat 8: Dorex2007 ($2.02 in chips) 
Seat 9: bmwmann8 ($1.72 in chips) 
bmwmann8: posts small blind $0.01
yusti14: posts big blind $0.02
TrzymamKolo: sits out 
*** HOLE CARDS ***
Dealt to Dorex2007 [Tc As]
kuznez-ufa: raises $0.03 to $0.05
lacgueguen: folds 
lll Bad lll: calls $0.05
Amaral1963: folds 
Dorex2007: calls $0.05
bmwmann8: folds 
yusti14: folds 
*** FLOP *** [2s Jc 6h]
kuznez-ufa: checks 
lll Bad lll: bets $0.17
Dorex2007: folds 
kuznez-ufa: folds 
Uncalled bet ($0.17) returned to lll Bad lll
lll Bad lll collected $0.17 from pot
lll Bad lll: doesn't show hand 
*** SUMMARY ***
Total pot $0.18 | Rake $0.01 
Board [2s Jc 6h]
Seat 1: yusti14 (big blind) folded before Flop
Seat 3: kuznez-ufa folded on the Flop
Seat 4: lacgueguen folded before Flop (didn't bet)
Seat 5: lll Bad lll collected ($0.17)
Seat 6: Amaral1963 folded before Flop (didn't bet)
Seat 8: Dorex2007 (button) folded on the Flop
Seat 9: bmwmann8 (small blind) folded before Flop



PokerStars Hand #226257323045:  Hold'em No Limit ($0.01/$0.02 USD) - 2021/04/27 14:28:36 PT [2021/04/27 17:28:36 ET]
Table 'Bowell III' 9-max Seat #9 is the button
Seat 1: yusti14 ($1.07 in chips) 
Seat 2: TrzymamKolo ($2 in chips) 
Seat 3: kuznez-ufa ($2.02 in chips) 
Seat 4: lacgueguen ($2.98 in chips) 
Seat 5: lll Bad lll ($0.92 in chips) 
Seat 6: Amaral1963 ($1.88 in chips) 
Seat 8: Dorex2007 ($1.97 in chips) 
Seat 9: bmwmann8 ($1.71 in chips) 
yusti14: posts small blind $0.01
TrzymamKolo: posts big blind $0.02
*** HOLE CARDS ***
Dealt to Dorex2007 [Th 6c]
kuznez-ufa: folds 
lacgueguen: folds 
lll Bad lll: folds 
Amaral1963: folds 
Dorex2007: folds 
bmwmann8: calls $0.02
yusti14: calls $0.01
TrzymamKolo: checks 
*** FLOP *** [Jh 6d Jc]
yusti14: checks 
TrzymamKolo: checks 
bmwmann8: checks 
*** TURN *** [Jh 6d Jc] [7h]
yusti14: checks 
TrzymamKolo: checks 
bmwmann8: checks 
*** RIVER *** [Jh 6d Jc 7h] [Kc]
yusti14: checks 
TrzymamKolo: checks 
bmwmann8: checks 
*** SHOW DOWN ***
yusti14: shows [5c Qs] (a pair of Jacks)
TrzymamKolo: mucks hand 
bmwmann8: shows [Ks 9c] (two pair, Kings and Jacks)
bmwmann8 collected $0.06 from pot
*** SUMMARY ***
Total pot $0.06 | Rake $0 
Board [Jh 6d Jc 7h Kc]
Seat 1: yusti14 (small blind) showed [5c Qs] and lost with a pair of Jacks
Seat 2: TrzymamKolo (big blind) mucked [Tc 5d]
Seat 3: kuznez-ufa folded before Flop (didn't bet)
Seat 4: lacgueguen folded before Flop (didn't bet)
Seat 5: lll Bad lll folded before Flop (didn't bet)
Seat 6: Amaral1963 folded before Flop (didn't bet)
Seat 8: Dorex2007 folded before Flop (didn't bet)
Seat 9: bmwmann8 (button) showed [Ks 9c] and won ($0.06) with two pair, Kings and Jacks



PokerStars Hand #226257345381:  Hold'em No Limit ($0.01/$0.02 USD) - 2021/04/27 14:29:12 PT [2021/04/27 17:29:12 ET]
Table 'Bowell III' 9-max Seat #1 is the button
Seat 1: yusti14 ($1.05 in chips) 
Seat 2: TrzymamKolo ($2 in chips) 
Seat 3: kuznez-ufa ($2.02 in chips) 
Seat 4: lacgueguen ($2.98 in chips) 
Seat 5: lll Bad lll ($0.92 in chips) 
Seat 6: Amaral1963 ($1.88 in chips) 
Seat 8: Dorex2007 ($1.97 in chips) 
Seat 9: bmwmann8 ($1.75 in chips) 
TrzymamKolo: posts small blind $0.01
kuznez-ufa: posts big blind $0.02
*** HOLE CARDS ***
Dealt to Dorex2007 [8d 6h]
lacgueguen: calls $0.02
lll Bad lll: folds 
Amaral1963 has timed out
Amaral1963: folds 
Dorex2007: folds 
bmwmann8: folds 
yusti14: folds 
TrzymamKolo: calls $0.01
kuznez-ufa: checks 
*** FLOP *** [9s 7d Jh]
TrzymamKolo: checks 
kuznez-ufa: checks 
lacgueguen: bets $0.06
TrzymamKolo: folds 
kuznez-ufa: folds 
Uncalled bet ($0.06) returned to lacgueguen
lacgueguen collected $0.06 from pot
lacgueguen: doesn't show hand 
*** SUMMARY ***
Total pot $0.06 | Rake $0 
Board [9s 7d Jh]
Seat 1: yusti14 (button) folded before Flop (didn't bet)
Seat 2: TrzymamKolo (small blind) folded on the Flop
Seat 3: kuznez-ufa (big blind) folded on the Flop
Seat 4: lacgueguen collected ($0.06)
Seat 5: lll Bad lll folded before Flop (didn't bet)
Seat 6: Amaral1963 folded before Flop (didn't bet)
Seat 8: Dorex2007 folded before Flop (didn't bet)
Seat 9: bmwmann8 folded before Flop (didn't bet)



PokerStars Hand #226257373105:  Hold'em No Limit ($0.01/$0.02 USD) - 2021/04/27 14:29:58 PT [2021/04/27 17:29:58 ET]
Table 'Bowell III' 9-max Seat #2 is the button
Seat 1: yusti14 ($1.05 in chips) 
Seat 2: TrzymamKolo ($2 in chips) 
Seat 3: kuznez-ufa ($2 in chips) 
Seat 4: lacgueguen ($3.02 in chips) 
Seat 5: lll Bad lll ($0.92 in chips) 
Seat 6: Amaral1963 ($1.88 in chips) 
Seat 8: Dorex2007 ($1.97 in chips) 
Seat 9: bmwmann8 ($1.75 in chips) 
kuznez-ufa: posts small blind $0.01
lacgueguen: posts big blind $0.02
*** HOLE CARDS ***
Dealt to Dorex2007 [5d 2s]
lll Bad lll: folds 
Amaral1963: folds 
Dorex2007: folds 
bmwmann8: calls $0.02
yusti14: calls $0.02
TrzymamKolo: folds 
kuznez-ufa: raises $0.08 to $0.10
lacgueguen: folds 
bmwmann8: folds 
yusti14: folds 
Uncalled bet ($0.08) returned to kuznez-ufa
kuznez-ufa collected $0.08 from pot
kuznez-ufa: doesn't show hand 
*** SUMMARY ***
Total pot $0.08 | Rake $0 
Seat 1: yusti14 folded before Flop
Seat 2: TrzymamKolo (button) folded before Flop (didn't bet)
Seat 3: kuznez-ufa (small blind) collected ($0.08)
Seat 4: lacgueguen (big blind) folded before Flop
Seat 5: lll Bad lll folded before Flop (didn't bet)
Seat 6: Amaral1963 folded before Flop (didn't bet)
Seat 8: Dorex2007 folded before Flop (didn't bet)
Seat 9: bmwmann8 folded before Flop



PokerStars Hand #226257386479:  Hold'em No Limit ($0.01/$0.02 USD) - 2021/04/27 14:30:21 PT [2021/04/27 17:30:21 ET]
Table 'Bowell III' 9-max Seat #3 is the button
Seat 1: yusti14 ($1.03 in chips) 
Seat 2: TrzymamKolo ($2 in chips) 
Seat 3: kuznez-ufa ($2.06 in chips) 
Seat 4: lacgueguen ($3 in chips) 
Seat 5: lll Bad lll ($0.92 in chips) 
Seat 6: Amaral1963 ($1.88 in chips) 
Seat 8: Dorex2007 ($1.97 in chips) 
Seat 9: bmwmann8 ($1.73 in chips) 
lacgueguen: posts small blind $0.01
lll Bad lll: posts big blind $0.02
*** HOLE CARDS ***
Dealt to Dorex2007 [7h 4h]
Amaral1963 has timed out
Amaral1963: folds 
Dorex2007: folds 
bmwmann8: calls $0.02
yusti14: folds 
TrzymamKolo: folds 
kuznez-ufa: folds 
lacgueguen: raises $0.02 to $0.04
lll Bad lll: folds 
bmwmann8: calls $0.02
*** FLOP *** [Kd 9c 9d]
lacgueguen: checks 
bmwmann8: checks 
*** TURN *** [Kd 9c 9d] [Ah]
lacgueguen: checks 
bmwmann8: bets $0.05
lacgueguen: calls $0.05
*** RIVER *** [Kd 9c 9d Ah] [6h]
lacgueguen: bets $0.10
bmwmann8: calls $0.10
*** SHOW DOWN ***
lacgueguen: shows [9s 8d] (three of a kind, Nines)
bmwmann8: mucks hand 
lacgueguen collected $0.39 from pot
*** SUMMARY ***
Total pot $0.40 | Rake $0.01 
Board [Kd 9c 9d Ah 6h]
Seat 1: yusti14 folded before Flop (didn't bet)
Seat 2: TrzymamKolo folded before Flop (didn't bet)
Seat 3: kuznez-ufa (button) folded before Flop (didn't bet)
Seat 4: lacgueguen (small blind) showed [9s 8d] and won ($0.39) with three of a kind, Nines
Seat 5: lll Bad lll (big blind) folded before Flop
Seat 6: Amaral1963 folded before Flop (didn't bet)
Seat 8: Dorex2007 folded before Flop (didn't bet)
Seat 9: bmwmann8 mucked [5c Ad]



PokerStars Hand #226257425642:  Hold'em No Limit ($0.01/$0.02 USD) - 2021/04/27 14:31:26 PT [2021/04/27 17:31:26 ET]
Table 'Bowell III' 9-max Seat #4 is the button
Seat 1: yusti14 ($1.03 in chips) 
Seat 2: TrzymamKolo ($2 in chips) 
Seat 3: kuznez-ufa ($2.06 in chips) 
Seat 4: lacgueguen ($3.20 in chips) 
Seat 5: lll Bad lll ($0.90 in chips) 
Seat 6: Amaral1963 ($1.88 in chips) 
Seat 8: Dorex2007 ($1.97 in chips) 
Seat 9: bmwmann8 ($1.54 in chips) 
lll Bad lll: posts small blind $0.01
Amaral1963: posts big blind $0.02
*** HOLE CARDS ***
Dealt to Dorex2007 [As 5d]
Dorex2007: folds 
bmwmann8: folds 
yusti14: folds 
TrzymamKolo: folds 
kuznez-ufa: raises $0.03 to $0.05
lacgueguen: calls $0.05
lll Bad lll: folds 
Amaral1963: calls $0.03
*** FLOP *** [6h 9d Kc]
Amaral1963: checks 
kuznez-ufa: bets $0.10
lacgueguen: folds 
Amaral1963: folds 
Uncalled bet ($0.10) returned to kuznez-ufa
kuznez-ufa collected $0.15 from pot
kuznez-ufa: doesn't show hand 
*** SUMMARY ***
Total pot $0.16 | Rake $0.01 
Board [6h 9d Kc]
Seat 1: yusti14 folded before Flop (didn't bet)
Seat 2: TrzymamKolo folded before Flop (didn't bet)
Seat 3: kuznez-ufa collected ($0.15)
Seat 4: lacgueguen (button) folded on the Flop
Seat 5: lll Bad lll (small blind) folded before Flop
Seat 6: Amaral1963 (big blind) folded on the Flop
Seat 8: Dorex2007 folded before Flop (didn't bet)
Seat 9: bmwmann8 folded before Flop (didn't bet)



PokerStars Hand #226257469137:  Hold'em No Limit ($0.01/$0.02 USD) - 2021/04/27 14:32:39 PT [2021/04/27 17:32:39 ET]
Table 'Bowell III' 9-max Seat #5 is the button
Seat 1: yusti14 ($1.03 in chips) 
Seat 2: TrzymamKolo ($2 in chips) 
Seat 3: kuznez-ufa ($2.16 in chips) 
Seat 4: lacgueguen ($3.15 in chips) 
Seat 5: lll Bad lll ($0.89 in chips) 
Seat 6: Amaral1963 ($1.83 in chips) 
Seat 8: Dorex2007 ($1.97 in chips) 
Seat 9: bmwmann8 ($1.54 in chips) 
Amaral1963: posts small blind $0.01
Dorex2007: posts big blind $0.02
*** HOLE CARDS ***
Dealt to Dorex2007 [Th 2d]
bmwmann8: raises $0.08 to $0.10
yusti14: folds 
TrzymamKolo: folds 
kuznez-ufa: folds 
lacgueguen: calls $0.10
lll Bad lll: folds 
Amaral1963: folds 
Dorex2007: folds 
*** FLOP *** [4d Jh 3d]
bmwmann8: bets $0.11
yusti14 leaves the table
lacgueguen: folds 
Uncalled bet ($0.11) returned to bmwmann8
bmwmann8 collected $0.22 from pot
bmwmann8: doesn't show hand 
*** SUMMARY ***
Total pot $0.23 | Rake $0.01 
Board [4d Jh 3d]
Seat 1: yusti14 folded before Flop (didn't bet)
Seat 2: TrzymamKolo folded before Flop (didn't bet)
Seat 3: kuznez-ufa folded before Flop (didn't bet)
Seat 4: lacgueguen folded on the Flop
Seat 5: lll Bad lll (button) folded before Flop (didn't bet)
Seat 6: Amaral1963 (small blind) folded before Flop
Seat 8: Dorex2007 (big blind) folded before Flop
Seat 9: bmwmann8 collected ($0.22)



PokerStars Hand #226257482469:  Hold'em No Limit ($0.01/$0.02 USD) - 2021/04/27 14:33:01 PT [2021/04/27 17:33:01 ET]
Table 'Bowell III' 9-max Seat #6 is the button
Seat 2: TrzymamKolo ($2 in chips) 
Seat 3: kuznez-ufa ($2.16 in chips) 
Seat 4: lacgueguen ($3.05 in chips) 
Seat 5: lll Bad lll ($0.89 in chips) 
Seat 6: Amaral1963 ($1.82 in chips) 
Seat 8: Dorex2007 ($1.95 in chips) 
Seat 9: bmwmann8 ($1.66 in chips) 
Dorex2007: posts small blind $0.01
bmwmann8: posts big blind $0.02
*** HOLE CARDS ***
Dealt to Dorex2007 [7d 9d]
TrzymamKolo: raises $0.05 to $0.07
kuznez-ufa: folds 
lacgueguen: calls $0.07
lll Bad lll: calls $0.07
Amaral1963: folds 
Dorex2007: folds 
bmwmann8: calls $0.05
*** FLOP *** [2d 5c Ah]
luckergoodnn joins the table at seat #1 
bmwmann8: checks 
TrzymamKolo: bets $0.14
lacgueguen: calls $0.14
lll Bad lll: calls $0.14
bmwmann8: folds 
*** TURN *** [2d 5c Ah] [Ks]
TrzymamKolo: checks 
lacgueguen: bets $0.10
lll Bad lll: calls $0.10
TrzymamKolo: calls $0.10
*** RIVER *** [2d 5c Ah Ks] [Jd]
TrzymamKolo: checks 
lacgueguen: checks 
lll Bad lll: bets $0.58 and is all-in
TrzymamKolo: folds 
lacgueguen: folds 
Uncalled bet ($0.58) returned to lll Bad lll
lll Bad lll collected $0.97 from pot
lll Bad lll: doesn't show hand 
*** SUMMARY ***
Total pot $1.01 | Rake $0.04 
Board [2d 5c Ah Ks Jd]
Seat 2: TrzymamKolo folded on the River
Seat 3: kuznez-ufa folded before Flop (didn't bet)
Seat 4: lacgueguen folded on the River
Seat 5: lll Bad lll collected ($0.97)
Seat 6: Amaral1963 (button) folded before Flop (didn't bet)
Seat 8: Dorex2007 (small blind) folded before Flop
Seat 9: bmwmann8 (big blind) folded on the Flop



PokerStars Hand #226257526326:  Hold'em No Limit ($0.01/$0.02 USD) - 2021/04/27 14:34:16 PT [2021/04/27 17:34:16 ET]
Table 'Bowell III' 9-max Seat #8 is the button
Seat 1: luckergoodnn ($2.24 in chips) 
Seat 2: TrzymamKolo ($2 in chips) 
Seat 3: kuznez-ufa ($2.16 in chips) 
Seat 4: lacgueguen ($2.74 in chips) 
Seat 5: lll Bad lll ($1.55 in chips) 
Seat 6: Amaral1963 ($1.82 in chips) 
Seat 8: Dorex2007 ($1.94 in chips) 
Seat 9: bmwmann8 ($1.59 in chips) 
bmwmann8: posts small blind $0.01
luckergoodnn: posts big blind $0.02
*** HOLE CARDS ***
Dealt to Dorex2007 [4c As]
TrzymamKolo: folds 
kuznez-ufa: folds 
lacgueguen: raises $0.04 to $0.06
lll Bad lll: folds 
Amaral1963 has timed out
Amaral1963: folds 
Dorex2007: folds 
bmwmann8: calls $0.05
luckergoodnn: folds 
*** FLOP *** [4s 3h 9d]
bmwmann8: bets $0.07
lacgueguen: calls $0.07
*** TURN *** [4s 3h 9d] [3d]
bmwmann8: checks 
lacgueguen: bets $0.08
bmwmann8: calls $0.08
*** RIVER *** [4s 3h 9d 3d] [5s]
bmwmann8: checks 
lacgueguen: bets $0.12
bmwmann8: calls $0.12
*** SHOW DOWN ***
lacgueguen: shows [Qd Jc] (a pair of Threes)
bmwmann8: shows [Kh Ah] (a pair of Threes - Ace kicker)
bmwmann8 collected $0.66 from pot
*** SUMMARY ***
Total pot $0.68 | Rake $0.02 
Board [4s 3h 9d 3d 5s]
Seat 1: luckergoodnn (big blind) folded before Flop
Seat 2: TrzymamKolo folded before Flop (didn't bet)
Seat 3: kuznez-ufa folded before Flop (didn't bet)
Seat 4: lacgueguen showed [Qd Jc] and lost with a pair of Threes
Seat 5: lll Bad lll folded before Flop (didn't bet)
Seat 6: Amaral1963 folded before Flop (didn't bet)
Seat 8: Dorex2007 (button) folded before Flop (didn't bet)
Seat 9: bmwmann8 (small blind) showed [Kh Ah] and won ($0.66) with a pair of Threes



PokerStars Hand #226257559940:  Hold'em No Limit ($0.01/$0.02 USD) - 2021/04/27 14:35:12 PT [2021/04/27 17:35:12 ET]
Table 'Bowell III' 9-max Seat #9 is the button
Seat 1: luckergoodnn ($2.22 in chips) 
Seat 2: TrzymamKolo ($2 in chips) 
Seat 3: kuznez-ufa ($2.16 in chips) 
Seat 4: lacgueguen ($2.41 in chips) 
Seat 5: lll Bad lll ($1.55 in chips) 
Seat 6: Amaral1963 ($1.82 in chips) 
Seat 8: Dorex2007 ($1.94 in chips) 
Seat 9: bmwmann8 ($1.92 in chips) 
luckergoodnn: posts small blind $0.01
TrzymamKolo: posts big blind $0.02
*** HOLE CARDS ***
Dealt to Dorex2007 [Qd Jh]
kuznez-ufa: folds 
lacgueguen: raises $0.02 to $0.04
lll Bad lll: folds 
Amaral1963 has timed out
Amaral1963: folds 
Dorex2007: calls $0.04
bmwmann8: folds 
luckergoodnn: folds 
TrzymamKolo: folds 
*** FLOP *** [6s 9d 4d]
lacgueguen: bets $0.04
Dorex2007: calls $0.04
*** TURN *** [6s 9d 4d] [Kh]
lacgueguen: bets $0.06
Dorex2007: raises $0.12 to $0.18
lacgueguen: calls $0.12
*** RIVER *** [6s 9d 4d Kh] [7s]
lacgueguen: bets $0.08
Dorex2007: folds 
Uncalled bet ($0.08) returned to lacgueguen
lacgueguen collected $0.53 from pot
lacgueguen: doesn't show hand 
*** SUMMARY ***
Total pot $0.55 | Rake $0.02 
Board [6s 9d 4d Kh 7s]
Seat 1: luckergoodnn (small blind) folded before Flop
Seat 2: TrzymamKolo (big blind) folded before Flop
Seat 3: kuznez-ufa folded before Flop (didn't bet)
Seat 4: lacgueguen collected ($0.53)
Seat 5: lll Bad lll folded before Flop (didn't bet)
Seat 6: Amaral1963 folded before Flop (didn't bet)
Seat 8: Dorex2007 folded on the River
Seat 9: bmwmann8 (button) folded before Flop (didn't bet)



PokerStars Hand #226257592155:  Hold'em No Limit ($0.01/$0.02 USD) - 2021/04/27 14:36:07 PT [2021/04/27 17:36:07 ET]
Table 'Bowell III' 9-max Seat #1 is the button
Seat 1: luckergoodnn ($2.21 in chips) 
Seat 2: TrzymamKolo ($2 in chips) 
Seat 3: kuznez-ufa ($2.16 in chips) 
Seat 4: lacgueguen ($2.68 in chips) 
Seat 5: lll Bad lll ($1.55 in chips) 
Seat 6: Amaral1963 ($1.82 in chips) 
Seat 8: Dorex2007 ($1.68 in chips) 
Seat 9: bmwmann8 ($1.92 in chips) 
TrzymamKolo: posts small blind $0.01
kuznez-ufa: posts big blind $0.02
*** HOLE CARDS ***
Dealt to Dorex2007 [6c 5c]
lacgueguen: calls $0.02
lll Bad lll: folds 
Amaral1963: folds 
Dorex2007: calls $0.02
bmwmann8: calls $0.02
luckergoodnn: folds 
TrzymamKolo: folds 
Zoe3005 leaves the table
kuznez-ufa: checks 
*** FLOP *** [4h Qh 2d]
kuznez-ufa: bets $0.03
lacgueguen: calls $0.03
Dorex2007: calls $0.03
bmwmann8: folds 
*** TURN *** [4h Qh 2d] [7s]
kuznez-ufa: bets $0.11
lacgueguen: folds 
Dorex2007: calls $0.11
*** RIVER *** [4h Qh 2d 7s] [2h]
kuznez-ufa: checks 
Dorex2007: bets $0.39
kuznez-ufa: folds 
Uncalled bet ($0.39) returned to Dorex2007
Dorex2007 collected $0.39 from pot
Dorex2007: doesn't show hand 
*** SUMMARY ***
Total pot $0.40 | Rake $0.01 
Board [4h Qh 2d 7s 2h]
Seat 1: luckergoodnn (button) folded before Flop (didn't bet)
Seat 2: TrzymamKolo (small blind) folded before Flop
Seat 3: kuznez-ufa (big blind) folded on the River
Seat 4: lacgueguen folded on the Turn
Seat 5: lll Bad lll folded before Flop (didn't bet)
Seat 6: Amaral1963 folded before Flop (didn't bet)
Seat 8: Dorex2007 collected ($0.39)
Seat 9: bmwmann8 folded on the Flop



PokerStars Hand #226257642939:  Hold'em No Limit ($0.01/$0.02 USD) - 2021/04/27 14:37:34 PT [2021/04/27 17:37:34 ET]
Table 'Bowell III' 9-max Seat #2 is the button
Seat 1: luckergoodnn ($2.21 in chips) 
Seat 2: TrzymamKolo ($2 in chips) 
Seat 3: kuznez-ufa ($2 in chips) 
Seat 4: lacgueguen ($2.63 in chips) 
Seat 5: lll Bad lll ($1.55 in chips) 
Seat 6: Amaral1963 ($1.82 in chips) 
Seat 8: Dorex2007 ($2 in chips) 
Seat 9: bmwmann8 ($1.90 in chips) 
kuznez-ufa: posts small blind $0.01
lacgueguen: posts big blind $0.02
*** HOLE CARDS ***
Dealt to Dorex2007 [9h Qc]
lll Bad lll: folds 
Amaral1963: calls $0.02
Dorex2007: folds 
bmwmann8: calls $0.02
luckergoodnn: folds 
TrzymamKolo: folds 
Tim S-Kennedy joins the table at seat #7 
kuznez-ufa: calls $0.01
lacgueguen: checks 
*** FLOP *** [Kd 3h 6c]
kuznez-ufa: checks 
lacgueguen: checks 
Amaral1963: checks 
bmwmann8: checks 
*** TURN *** [Kd 3h 6c] [9s]
kuznez-ufa: checks 
lacgueguen: checks 
Amaral1963: checks 
bmwmann8: checks 
*** RIVER *** [Kd 3h 6c 9s] [Qs]
kuznez-ufa: checks 
lacgueguen: checks 
Amaral1963 has timed out
Amaral1963: checks 
bmwmann8: checks 
*** SHOW DOWN ***
kuznez-ufa: shows [3s Ts] (a pair of Threes)
lacgueguen: mucks hand 
Amaral1963: mucks hand 
bmwmann8: shows [5c 6d] (a pair of Sixes)
bmwmann8 collected $0.08 from pot
*** SUMMARY ***
Total pot $0.08 | Rake $0 
Board [Kd 3h 6c 9s Qs]
Seat 1: luckergoodnn folded before Flop (didn't bet)
Seat 2: TrzymamKolo (button) folded before Flop (didn't bet)
Seat 3: kuznez-ufa (small blind) showed [3s Ts] and lost with a pair of Threes
Seat 4: lacgueguen (big blind) mucked [8d 7s]
Seat 5: lll Bad lll folded before Flop (didn't bet)
Seat 6: Amaral1963 mucked [4h As]
Seat 8: Dorex2007 folded before Flop (didn't bet)
Seat 9: bmwmann8 showed [5c 6d] and won ($0.08) with a pair of Sixes



PokerStars Hand #226257718481:  Hold'em No Limit ($0.01/$0.02 USD) - 2021/04/27 14:39:32 PT [2021/04/27 17:39:32 ET]
Table 'Bowell III' 9-max Seat #3 is the button
Seat 1: luckergoodnn ($2.21 in chips) 
Seat 2: TrzymamKolo ($2 in chips) 
Seat 3: kuznez-ufa ($1.98 in chips) 
Seat 4: lacgueguen ($2.61 in chips) 
Seat 5: lll Bad lll ($1.55 in chips) 
Seat 6: Amaral1963 ($1.80 in chips) 
Seat 7: Tim S-Kennedy ($2 in chips) 
Seat 8: Dorex2007 ($2 in chips) 
Seat 9: bmwmann8 ($1.96 in chips) 
lacgueguen: posts small blind $0.01
lll Bad lll: posts big blind $0.02
Tim S-Kennedy: posts big blind $0.02
*** HOLE CARDS ***
Dealt to Dorex2007 [Th 8h]
Amaral1963 has timed out
Amaral1963: folds 
Tim S-Kennedy: checks 
Dorex2007: folds 
bmwmann8: folds 
luckergoodnn: calls $0.02
TrzymamKolo: folds 
kuznez-ufa: folds 
lacgueguen: raises $0.02 to $0.04
lll Bad lll: calls $0.02
Tim S-Kennedy: calls $0.02
luckergoodnn: calls $0.02
*** FLOP *** [Jd 4c 9c]
lacgueguen: bets $0.04
lll Bad lll: folds 
Tim S-Kennedy: folds 
lll Bad lll leaves the table
luckergoodnn: calls $0.04
*** TURN *** [Jd 4c 9c] [Ad]
lacgueguen: bets $0.06
luckergoodnn: folds 
Uncalled bet ($0.06) returned to lacgueguen
lacgueguen collected $0.23 from pot
lacgueguen: doesn't show hand 
*** SUMMARY ***
Total pot $0.24 | Rake $0.01 
Board [Jd 4c 9c Ad]
Seat 1: luckergoodnn folded on the Turn
Seat 2: TrzymamKolo folded before Flop (didn't bet)
Seat 3: kuznez-ufa (button) folded before Flop (didn't bet)
Seat 4: lacgueguen (small blind) collected ($0.23)
Seat 5: lll Bad lll (big blind) folded on the Flop
Seat 6: Amaral1963 folded before Flop (didn't bet)
Seat 7: Tim S-Kennedy folded on the Flop
Seat 8: Dorex2007 folded before Flop (didn't bet)
Seat 9: bmwmann8 folded before Flop (didn't bet)



PokerStars Hand #226257767664:  Hold'em No Limit ($0.01/$0.02 USD) - 2021/04/27 14:40:55 PT [2021/04/27 17:40:55 ET]
Table 'Bowell III' 9-max Seat #4 is the button
Seat 1: luckergoodnn ($2.13 in chips) 
Seat 2: TrzymamKolo ($2 in chips) 
Seat 3: kuznez-ufa ($1.98 in chips) 
Seat 4: lacgueguen ($2.76 in chips) 
Seat 6: Amaral1963 ($1.80 in chips) 
Seat 7: Tim S-Kennedy ($1.96 in chips) 
Seat 8: Dorex2007 ($2 in chips) 
Seat 9: bmwmann8 ($1.96 in chips) 
Amaral1963: posts small blind $0.01
Tim S-Kennedy: posts big blind $0.02
*** HOLE CARDS ***
Dealt to Dorex2007 [Kh 3c]
Dorex2007: folds 
bmwmann8: calls $0.02
luckergoodnn: folds 
TrzymamKolo: folds 
kuznez-ufa: folds 
lacgueguen: calls $0.02
Amaral1963: calls $0.01
Tim S-Kennedy has timed out
Tim S-Kennedy: checks 
*** FLOP *** [Ks Ah 7s]
Amaral1963: checks 
scrub_mx joins the table at seat #5 
Tim S-Kennedy: bets $0.04
bmwmann8: folds 
lacgueguen: folds 
Amaral1963 has timed out
Amaral1963: folds 
Uncalled bet ($0.04) returned to Tim S-Kennedy
Tim S-Kennedy collected $0.08 from pot
*** SUMMARY ***
Total pot $0.08 | Rake $0 
Board [Ks Ah 7s]
Seat 1: luckergoodnn folded before Flop (didn't bet)
Seat 2: TrzymamKolo folded before Flop (didn't bet)
Seat 3: kuznez-ufa folded before Flop (didn't bet)
Seat 4: lacgueguen (button) folded on the Flop
Seat 6: Amaral1963 (small blind) folded on the Flop
Seat 7: Tim S-Kennedy (big blind) collected ($0.08)
Seat 8: Dorex2007 folded before Flop (didn't bet)
Seat 9: bmwmann8 folded on the Flop



PokerStars Hand #226257816225:  Hold'em No Limit ($0.01/$0.02 USD) - 2021/04/27 14:42:20 PT [2021/04/27 17:42:20 ET]
Table 'Bowell III' 9-max Seat #7 is the button
Seat 1: luckergoodnn ($2.13 in chips) 
Seat 2: TrzymamKolo ($2 in chips) 
Seat 3: kuznez-ufa ($1.98 in chips) 
Seat 4: lacgueguen ($2.74 in chips) 
Seat 5: scrub_mx ($2 in chips) 
Seat 7: Tim S-Kennedy ($2.02 in chips) 
Seat 8: Dorex2007 ($2 in chips) 
Seat 9: bmwmann8 ($1.94 in chips) 
Dorex2007: posts small blind $0.01
bmwmann8: posts big blind $0.02
scrub_mx: posts big blind $0.02
*** HOLE CARDS ***
Dealt to Dorex2007 [8c Qh]
luckergoodnn: folds 
TrzymamKolo: folds 
kuznez-ufa: folds 
lacgueguen: raises $0.02 to $0.04
scrub_mx: folds 
Tim S-Kennedy: calls $0.04
Dorex2007: folds 
bmwmann8: calls $0.02
*** FLOP *** [3h Td 8d]
bmwmann8: bets $0.06
lacgueguen: calls $0.06
Tim S-Kennedy: folds 
*** TURN *** [3h Td 8d] [5s]
bmwmann8: bets $0.13
lacgueguen: calls $0.13
*** RIVER *** [3h Td 8d 5s] [Kd]
bmwmann8: bets $0.51
lacgueguen: raises $0.51 to $1.02
bmwmann8: folds 
Uncalled bet ($0.51) returned to lacgueguen
lacgueguen collected $1.50 from pot
lacgueguen: doesn't show hand 
*** SUMMARY ***
Total pot $1.55 | Rake $0.05 
Board [3h Td 8d 5s Kd]
Seat 1: luckergoodnn folded before Flop (didn't bet)
Seat 2: TrzymamKolo folded before Flop (didn't bet)
Seat 3: kuznez-ufa folded before Flop (didn't bet)
Seat 4: lacgueguen collected ($1.50)
Seat 5: scrub_mx folded before Flop (didn't bet)
Seat 7: Tim S-Kennedy (button) folded on the Flop
Seat 8: Dorex2007 (small blind) folded before Flop
Seat 9: bmwmann8 (big blind) folded on the River



PokerStars Hand #226257845511:  Hold'em No Limit ($0.01/$0.02 USD) - 2021/04/27 14:43:12 PT [2021/04/27 17:43:12 ET]
Table 'Bowell III' 9-max Seat #8 is the button
Seat 1: luckergoodnn ($2.13 in chips) 
Seat 2: TrzymamKolo ($2 in chips) 
Seat 3: kuznez-ufa ($1.98 in chips) 
Seat 4: lacgueguen ($3.50 in chips) 
Seat 5: scrub_mx ($1.98 in chips) 
Seat 6: Amaral1963 ($1.78 in chips) 
Seat 7: Tim S-Kennedy ($1.98 in chips) 
Seat 8: Dorex2007 ($1.99 in chips) 
Seat 9: bmwmann8 ($1.20 in chips) 
bmwmann8: posts small blind $0.01
luckergoodnn: posts big blind $0.02
*** HOLE CARDS ***
Dealt to Dorex2007 [7s Qd]
TrzymamKolo: folds 
kuznez-ufa: folds 
TrzymamKolo leaves the table
lacgueguen: folds 
scrub_mx: raises $0.04 to $0.06
Amaral1963: folds 
Tim S-Kennedy: folds 
Dorex2007: folds 
bmwmann8: raises $0.08 to $0.14
rafael-nik joins the table at seat #2 
luckergoodnn: folds 
scrub_mx: calls $0.08
*** FLOP *** [9h 3s 8h]
bmwmann8: bets $0.15
scrub_mx: calls $0.15
*** TURN *** [9h 3s 8h] [7d]
bmwmann8: bets $0.38
scrub_mx: folds 
Uncalled bet ($0.38) returned to bmwmann8
bmwmann8 collected $0.58 from pot
bmwmann8: doesn't show hand 
*** SUMMARY ***
Total pot $0.60 | Rake $0.02 
Board [9h 3s 8h 7d]
Seat 1: luckergoodnn (big blind) folded before Flop
Seat 2: TrzymamKolo folded before Flop (didn't bet)
Seat 3: kuznez-ufa folded before Flop (didn't bet)
Seat 4: lacgueguen folded before Flop (didn't bet)
Seat 5: scrub_mx folded on the Turn
Seat 6: Amaral1963 folded before Flop (didn't bet)
Seat 7: Tim S-Kennedy folded before Flop (didn't bet)
Seat 8: Dorex2007 (button) folded before Flop (didn't bet)
Seat 9: bmwmann8 (small blind) collected ($0.58)



PokerStars Hand #226257874861:  Hold'em No Limit ($0.01/$0.02 USD) - 2021/04/27 14:44:04 PT [2021/04/27 17:44:04 ET]
Table 'Bowell III' 9-max Seat #9 is the button
Seat 1: luckergoodnn ($2.11 in chips) 
Seat 2: rafael-nik ($1.58 in chips) 
Seat 3: kuznez-ufa ($1.98 in chips) 
Seat 4: lacgueguen ($3.50 in chips) 
Seat 5: scrub_mx ($1.69 in chips) 
Seat 6: Amaral1963 ($1.78 in chips) 
Seat 7: Tim S-Kennedy ($1.98 in chips) 
Seat 8: Dorex2007 ($1.99 in chips) 
Seat 9: bmwmann8 ($1.49 in chips) 
luckergoodnn: posts small blind $0.01
rafael-nik: posts big blind $0.02
*** HOLE CARDS ***
Dealt to Dorex2007 [9c 6h]
kuznez-ufa: folds 
lacgueguen: calls $0.02
scrub_mx: raises $0.04 to $0.06
Amaral1963: calls $0.06
Tim S-Kennedy: calls $0.06
Dorex2007: folds 
bmwmann8: calls $0.06
luckergoodnn: folds 
rafael-nik: folds 
lacgueguen: folds 
*** FLOP *** [Kc Qh 4h]
scrub_mx: checks 
Amaral1963: checks 
Tim S-Kennedy: bets $0.14
bmwmann8: folds 
scrub_mx: folds 
Amaral1963: folds 
Uncalled bet ($0.14) returned to Tim S-Kennedy
Tim S-Kennedy collected $0.28 from pot
*** SUMMARY ***
Total pot $0.29 | Rake $0.01 
Board [Kc Qh 4h]
Seat 1: luckergoodnn (small blind) folded before Flop
Seat 2: rafael-nik (big blind) folded before Flop
Seat 3: kuznez-ufa folded before Flop (didn't bet)
Seat 4: lacgueguen folded before Flop
Seat 5: scrub_mx folded on the Flop
Seat 6: Amaral1963 folded on the Flop
Seat 7: Tim S-Kennedy collected ($0.28)
Seat 8: Dorex2007 folded before Flop (didn't bet)
Seat 9: bmwmann8 (button) folded on the Flop



PokerStars Hand #226257906094:  Hold'em No Limit ($0.01/$0.02 USD) - 2021/04/27 14:45:00 PT [2021/04/27 17:45:00 ET]
Table 'Bowell III' 9-max Seat #1 is the button
Seat 1: luckergoodnn ($2.10 in chips) 
Seat 2: rafael-nik ($1.56 in chips) 
Seat 3: kuznez-ufa ($1.98 in chips) 
Seat 4: lacgueguen ($3.48 in chips) 
Seat 5: scrub_mx ($1.63 in chips) 
Seat 6: Amaral1963 ($1.72 in chips) 
Seat 7: Tim S-Kennedy ($2.20 in chips) 
Seat 8: Dorex2007 ($1.99 in chips) 
Seat 9: bmwmann8 ($1.43 in chips) 
rafael-nik: posts small blind $0.01
kuznez-ufa: posts big blind $0.02
*** HOLE CARDS ***
Dealt to Dorex2007 [3s 7s]
lacgueguen: folds 
scrub_mx: folds 
Amaral1963: calls $0.02
Tim S-Kennedy: folds 
Dorex2007: folds 
bmwmann8: folds 
luckergoodnn: raises $0.06 to $0.08
rafael-nik: folds 
kuznez-ufa: folds 
Amaral1963: calls $0.06
*** FLOP *** [Kc Qc 7h]
Amaral1963: bets $0.09
luckergoodnn: calls $0.09
*** TURN *** [Kc Qc 7h] [3c]
Amaral1963: bets $0.08
luckergoodnn: folds 
Uncalled bet ($0.08) returned to Amaral1963
Amaral1963 collected $0.36 from pot
*** SUMMARY ***
Total pot $0.37 | Rake $0.01 
Board [Kc Qc 7h 3c]
Seat 1: luckergoodnn (button) folded on the Turn
Seat 2: rafael-nik (small blind) folded before Flop
Seat 3: kuznez-ufa (big blind) folded before Flop
Seat 4: lacgueguen folded before Flop (didn't bet)
Seat 5: scrub_mx folded before Flop (didn't bet)
Seat 6: Amaral1963 collected ($0.36)
Seat 7: Tim S-Kennedy folded before Flop (didn't bet)
Seat 8: Dorex2007 folded before Flop (didn't bet)
Seat 9: bmwmann8 folded before Flop (didn't bet)



PokerStars Hand #226257946119:  Hold'em No Limit ($0.01/$0.02 USD) - 2021/04/27 14:46:01 PT [2021/04/27 17:46:01 ET]
Table 'Bowell III' 9-max Seat #2 is the button
Seat 1: luckergoodnn ($1.93 in chips) 
Seat 2: rafael-nik ($1.55 in chips) 
Seat 3: kuznez-ufa ($1.96 in chips) 
Seat 4: lacgueguen ($3.48 in chips) 
Seat 5: scrub_mx ($1.63 in chips) 
Seat 6: Amaral1963 ($1.91 in chips) 
Seat 7: Tim S-Kennedy ($2.20 in chips) 
Seat 8: Dorex2007 ($1.99 in chips) 
Seat 9: bmwmann8 ($1.43 in chips) 
kuznez-ufa: posts small blind $0.01
lacgueguen: posts big blind $0.02
*** HOLE CARDS ***
Dealt to Dorex2007 [8s 6d]
scrub_mx: folds 
Amaral1963: calls $0.02
Tim S-Kennedy: calls $0.02
Dorex2007: folds 
bmwmann8: calls $0.02
luckergoodnn: folds 
rafael-nik: folds 
kuznez-ufa: folds 
lacgueguen: raises $0.06 to $0.08
scrub_mx leaves the table
kano1313 joins the table at seat #5 
Amaral1963: folds 
Tim S-Kennedy: folds 
bmwmann8: folds 
Uncalled bet ($0.06) returned to lacgueguen
lacgueguen collected $0.09 from pot
lacgueguen: doesn't show hand 
*** SUMMARY ***
Total pot $0.09 | Rake $0 
Seat 1: luckergoodnn folded before Flop (didn't bet)
Seat 2: rafael-nik (button) folded before Flop (didn't bet)
Seat 3: kuznez-ufa (small blind) folded before Flop
Seat 4: lacgueguen (big blind) collected ($0.09)
Seat 5: scrub_mx folded before Flop (didn't bet)
Seat 6: Amaral1963 folded before Flop
Seat 7: Tim S-Kennedy folded before Flop
Seat 8: Dorex2007 folded before Flop (didn't bet)
Seat 9: bmwmann8 folded before Flop



PokerStars Hand #226257984193:  Hold'em No Limit ($0.01/$0.02 USD) - 2021/04/27 14:47:10 PT [2021/04/27 17:47:10 ET]
Table 'Bowell III' 9-max Seat #3 is the button
Seat 1: luckergoodnn ($1.93 in chips) 
Seat 2: rafael-nik ($1.55 in chips) 
Seat 3: kuznez-ufa ($1.95 in chips) 
Seat 4: lacgueguen ($3.55 in chips) 
Seat 5: kano1313 ($2 in chips) 
Seat 6: Amaral1963 ($1.89 in chips) 
Seat 7: Tim S-Kennedy ($2.18 in chips) 
Seat 8: Dorex2007 ($1.99 in chips) 
Seat 9: bmwmann8 ($1.41 in chips) 
lacgueguen: posts small blind $0.01
kano1313: posts big blind $0.02
*** HOLE CARDS ***
Dealt to Dorex2007 [Ts Kc]
Amaral1963: folds 
Tim S-Kennedy: folds 
Dorex2007: folds 
bmwmann8: folds 
luckergoodnn: folds 
rafael-nik: folds 
kuznez-ufa: calls $0.02
lacgueguen: raises $0.04 to $0.06
kano1313: calls $0.04
kuznez-ufa: calls $0.04
*** FLOP *** [2s Qc 3s]
lacgueguen: bets $0.06
kano1313: folds 
kuznez-ufa: folds 
Uncalled bet ($0.06) returned to lacgueguen
lacgueguen collected $0.17 from pot
lacgueguen: doesn't show hand 
*** SUMMARY ***
Total pot $0.18 | Rake $0.01 
Board [2s Qc 3s]
Seat 1: luckergoodnn folded before Flop (didn't bet)
Seat 2: rafael-nik folded before Flop (didn't bet)
Seat 3: kuznez-ufa (button) folded on the Flop
Seat 4: lacgueguen (small blind) collected ($0.17)
Seat 5: kano1313 (big blind) folded on the Flop
Seat 6: Amaral1963 folded before Flop (didn't bet)
Seat 7: Tim S-Kennedy folded before Flop (didn't bet)
Seat 8: Dorex2007 folded before Flop (didn't bet)
Seat 9: bmwmann8 folded before Flop (didn't bet)



PokerStars Hand #226258009315:  Hold'em No Limit ($0.01/$0.02 USD) - 2021/04/27 14:47:55 PT [2021/04/27 17:47:55 ET]
Table 'Bowell III' 9-max Seat #4 is the button
Seat 1: luckergoodnn ($1.93 in chips) 
Seat 2: rafael-nik ($1.55 in chips) 
Seat 3: kuznez-ufa ($1.89 in chips) 
Seat 4: lacgueguen ($3.66 in chips) 
Seat 5: kano1313 ($1.94 in chips) 
Seat 6: Amaral1963 ($1.89 in chips) 
Seat 7: Tim S-Kennedy ($2.18 in chips) 
Seat 8: Dorex2007 ($1.99 in chips) 
Seat 9: bmwmann8 ($1.41 in chips) 
kano1313: posts small blind $0.01
Amaral1963: posts big blind $0.02
*** HOLE CARDS ***
Dealt to Dorex2007 [Th 5s]
Tim S-Kennedy: calls $0.02
Dorex2007: folds 
bmwmann8: raises $0.04 to $0.06
luckergoodnn: folds 
rafael-nik: folds 
kuznez-ufa: folds 
lacgueguen: folds 
kano1313: folds 
Amaral1963: folds 
Tim S-Kennedy: calls $0.04
*** FLOP *** [9h 6s Ah]
Tim S-Kennedy: bets $0.06
bmwmann8: calls $0.06
*** TURN *** [9h 6s Ah] [Qs]
Tim S-Kennedy: checks 
bmwmann8: bets $0.10
Tim S-Kennedy: folds 
Uncalled bet ($0.10) returned to bmwmann8
bmwmann8 collected $0.26 from pot
bmwmann8: doesn't show hand 
*** SUMMARY ***
Total pot $0.27 | Rake $0.01 
Board [9h 6s Ah Qs]
Seat 1: luckergoodnn folded before Flop (didn't bet)
Seat 2: rafael-nik folded before Flop (didn't bet)
Seat 3: kuznez-ufa folded before Flop (didn't bet)
Seat 4: lacgueguen (button) folded before Flop (didn't bet)
Seat 5: kano1313 (small blind) folded before Flop
Seat 6: Amaral1963 (big blind) folded before Flop
Seat 7: Tim S-Kennedy folded on the Turn
Seat 8: Dorex2007 folded before Flop (didn't bet)
Seat 9: bmwmann8 collected ($0.26)



PokerStars Hand #226258044797:  Hold'em No Limit ($0.01/$0.02 USD) - 2021/04/27 14:48:48 PT [2021/04/27 17:48:48 ET]
Table 'Bowell III' 9-max Seat #5 is the button
Seat 1: luckergoodnn ($1.93 in chips) 
Seat 2: rafael-nik ($1.55 in chips) 
Seat 3: kuznez-ufa ($1.89 in chips) 
Seat 4: lacgueguen ($3.66 in chips) 
Seat 5: kano1313 ($1.93 in chips) 
Seat 6: Amaral1963 ($1.87 in chips) 
Seat 7: Tim S-Kennedy ($2.06 in chips) 
Seat 8: Dorex2007 ($1.99 in chips) 
Seat 9: bmwmann8 ($1.55 in chips) 
Amaral1963: posts small blind $0.01
Tim S-Kennedy: posts big blind $0.02
*** HOLE CARDS ***
Dealt to Dorex2007 [4h Qc]
Dorex2007: folds 
bmwmann8: folds 
luckergoodnn: folds 
rafael-nik: raises $0.05 to $0.07
kuznez-ufa: folds 
lacgueguen: calls $0.07
kano1313: folds 
Amaral1963: folds 
Tim S-Kennedy: folds 
*** FLOP *** [6s 8h 8s]
rafael-nik: bets $0.08
lacgueguen: calls $0.08
*** TURN *** [6s 8h 8s] [7s]
rafael-nik: checks 
lacgueguen: bets $0.08
rafael-nik: calls $0.08
*** RIVER *** [6s 8h 8s 7s] [3d]
rafael-nik: checks 
lacgueguen: bets $0.12
rafael-nik: calls $0.12
*** SHOW DOWN ***
lacgueguen: shows [Qd Th] (a pair of Eights)
rafael-nik: shows [Ah Jd] (a pair of Eights - Ace kicker)
rafael-nik collected $0.70 from pot
*** SUMMARY ***
Total pot $0.73 | Rake $0.03 
Board [6s 8h 8s 7s 3d]
Seat 1: luckergoodnn folded before Flop (didn't bet)
Seat 2: rafael-nik showed [Ah Jd] and won ($0.70) with a pair of Eights
Seat 3: kuznez-ufa folded before Flop (didn't bet)
Seat 4: lacgueguen showed [Qd Th] and lost with a pair of Eights
Seat 5: kano1313 (button) folded before Flop (didn't bet)
Seat 6: Amaral1963 (small blind) folded before Flop
Seat 7: Tim S-Kennedy (big blind) folded before Flop
Seat 8: Dorex2007 folded before Flop (didn't bet)
Seat 9: bmwmann8 folded before Flop (didn't bet)



PokerStars Hand #226258079413:  Hold'em No Limit ($0.01/$0.02 USD) - 2021/04/27 14:49:52 PT [2021/04/27 17:49:52 ET]
Table 'Bowell III' 9-max Seat #6 is the button
Seat 1: luckergoodnn ($1.93 in chips) 
Seat 2: rafael-nik ($1.90 in chips) 
Seat 3: kuznez-ufa ($1.89 in chips) 
Seat 4: lacgueguen ($3.31 in chips) 
Seat 5: kano1313 ($1.93 in chips) 
Seat 6: Amaral1963 ($1.86 in chips) 
Seat 7: Tim S-Kennedy ($2.04 in chips) 
Seat 8: Dorex2007 ($1.99 in chips) 
Seat 9: bmwmann8 ($1.55 in chips) 
Tim S-Kennedy: posts small blind $0.01
Dorex2007: posts big blind $0.02
*** HOLE CARDS ***
Dealt to Dorex2007 [4s Qc]
bmwmann8: calls $0.02
luckergoodnn: raises $0.06 to $0.08
rafael-nik: folds 
kuznez-ufa: calls $0.08
lacgueguen: calls $0.08
kano1313: folds 
Amaral1963 has timed out
Amaral1963: folds 
Tim S-Kennedy: folds 
Dorex2007: folds 
bmwmann8: folds 
*** FLOP *** [Ac Tc 8s]
luckergoodnn: bets $0.10
kuznez-ufa: folds 
lacgueguen: calls $0.10
*** TURN *** [Ac Tc 8s] [7c]
luckergoodnn: checks 
lacgueguen: bets $0.10
luckergoodnn: calls $0.10
*** RIVER *** [Ac Tc 8s 7c] [Th]
luckergoodnn: checks 
lacgueguen: checks 
*** SHOW DOWN ***
luckergoodnn: shows [Ad Qs] (two pair, Aces and Tens)
lacgueguen: mucks hand 
luckergoodnn collected $0.67 from pot
*** SUMMARY ***
Total pot $0.69 | Rake $0.02 
Board [Ac Tc 8s 7c Th]
Seat 1: luckergoodnn showed [Ad Qs] and won ($0.67) with two pair, Aces and Tens
Seat 2: rafael-nik folded before Flop (didn't bet)
Seat 3: kuznez-ufa folded on the Flop
Seat 4: lacgueguen mucked [5h Ah]
Seat 5: kano1313 folded before Flop (didn't bet)
Seat 6: Amaral1963 (button) folded before Flop (didn't bet)
Seat 7: Tim S-Kennedy (small blind) folded before Flop
Seat 8: Dorex2007 (big blind) folded before Flop
Seat 9: bmwmann8 folded before Flop



PokerStars Hand #226258131141:  Hold'em No Limit ($0.01/$0.02 USD) - 2021/04/27 14:51:28 PT [2021/04/27 17:51:28 ET]
Table 'Bowell III' 9-max Seat #7 is the button
Seat 1: luckergoodnn ($2.32 in chips) 
Seat 2: rafael-nik ($1.90 in chips) 
Seat 3: kuznez-ufa ($1.81 in chips) 
Seat 4: lacgueguen ($3.03 in chips) 
Seat 5: kano1313 ($1.93 in chips) 
Seat 6: Amaral1963 ($1.86 in chips) 
Seat 7: Tim S-Kennedy ($2.03 in chips) 
Seat 8: Dorex2007 ($1.97 in chips) 
Seat 9: bmwmann8 ($1.53 in chips) 
Dorex2007: posts small blind $0.01
bmwmann8: posts big blind $0.02
*** HOLE CARDS ***
Dealt to Dorex2007 [8d Qs]
luckergoodnn has timed out
luckergoodnn: folds 
rafael-nik: raises $0.02 to $0.04
kuznez-ufa: folds 
lacgueguen: calls $0.04
kano1313: folds 
Amaral1963: calls $0.04
Tim S-Kennedy: calls $0.04
Dorex2007: folds 
bmwmann8: folds 
*** FLOP *** [Qh Td 9c]
rafael-nik: checks 
lacgueguen: checks 
Amaral1963: checks 
Tim S-Kennedy: bets $0.09
rafael-nik: calls $0.09
lacgueguen: folds 
Amaral1963: folds 
*** TURN *** [Qh Td 9c] [9d]
rafael-nik: checks 
Tim S-Kennedy: bets $0.06
rafael-nik: calls $0.06
*** RIVER *** [Qh Td 9c 9d] [Kc]
rafael-nik: checks 
Tim S-Kennedy: checks 
*** SHOW DOWN ***
rafael-nik: shows [Ac Jc] (a straight, Ten to Ace)
Tim S-Kennedy: mucks hand 
rafael-nik collected $0.47 from pot
*** SUMMARY ***
Total pot $0.49 | Rake $0.02 
Board [Qh Td 9c 9d Kc]
Seat 1: luckergoodnn folded before Flop (didn't bet)
Seat 2: rafael-nik showed [Ac Jc] and won ($0.47) with a straight, Ten to Ace
Seat 3: kuznez-ufa folded before Flop (didn't bet)
Seat 4: lacgueguen folded on the Flop
Seat 5: kano1313 folded before Flop (didn't bet)
Seat 6: Amaral1963 folded on the Flop
Seat 7: Tim S-Kennedy (button) mucked [5c Qd]
Seat 8: Dorex2007 (small blind) folded before Flop
Seat 9: bmwmann8 (big blind) folded before Flop



PokerStars Hand #226258178636:  Hold'em No Limit ($0.01/$0.02 USD) - 2021/04/27 14:52:56 PT [2021/04/27 17:52:56 ET]
Table 'Bowell III' 9-max Seat #8 is the button
Seat 1: luckergoodnn ($2.32 in chips) 
Seat 2: rafael-nik ($2.18 in chips) 
Seat 3: kuznez-ufa ($1.81 in chips) 
Seat 4: lacgueguen ($2.99 in chips) 
Seat 5: kano1313 ($1.93 in chips) 
Seat 6: Amaral1963 ($1.82 in chips) 
Seat 7: Tim S-Kennedy ($1.84 in chips) 
Seat 8: Dorex2007 ($1.96 in chips) 
Seat 9: bmwmann8 ($1.51 in chips) 
bmwmann8: posts small blind $0.01
luckergoodnn: posts big blind $0.02
*** HOLE CARDS ***
Dealt to Dorex2007 [Kh Qc]
rafael-nik: folds 
kuznez-ufa: folds 
lacgueguen: folds 
kano1313: raises $0.04 to $0.06
Amaral1963: calls $0.06
Tim S-Kennedy: folds 
Dorex2007: calls $0.06
bmwmann8: folds 
luckergoodnn: folds 
*** FLOP *** [7h Ts 7c]
kano1313: checks 
Amaral1963: checks 
Dorex2007: checks 
*** TURN *** [7h Ts 7c] [8c]
kano1313: checks 
Amaral1963: bets $0.06
Dorex2007: calls $0.06
kano1313: folds 
*** RIVER *** [7h Ts 7c 8c] [Qs]
Amaral1963: bets $0.02
Dorex2007: raises $0.36 to $0.38
Amaral1963: folds 
Uncalled bet ($0.36) returned to Dorex2007
Dorex2007 collected $0.36 from pot
Dorex2007: doesn't show hand 
*** SUMMARY ***
Total pot $0.37 | Rake $0.01 
Board [7h Ts 7c 8c Qs]
Seat 1: luckergoodnn (big blind) folded before Flop
Seat 2: rafael-nik folded before Flop (didn't bet)
Seat 3: kuznez-ufa folded before Flop (didn't bet)
Seat 4: lacgueguen folded before Flop (didn't bet)
Seat 5: kano1313 folded on the Turn
Seat 6: Amaral1963 folded on the River
Seat 7: Tim S-Kennedy folded before Flop (didn't bet)
Seat 8: Dorex2007 (button) collected ($0.36)
Seat 9: bmwmann8 (small blind) folded before Flop



PokerStars Hand #226258220545:  Hold'em No Limit ($0.01/$0.02 USD) - 2021/04/27 14:54:15 PT [2021/04/27 17:54:15 ET]
Table 'Bowell III' 9-max Seat #9 is the button
Seat 1: luckergoodnn ($2.30 in chips) 
Seat 2: rafael-nik ($2.18 in chips) 
Seat 3: kuznez-ufa ($1.81 in chips) 
Seat 4: lacgueguen ($2.99 in chips) 
Seat 5: kano1313 ($1.87 in chips) 
Seat 6: Amaral1963 ($1.68 in chips) 
Seat 7: Tim S-Kennedy ($1.84 in chips) 
Seat 8: Dorex2007 ($2.18 in chips) 
Seat 9: bmwmann8 ($1.50 in chips) 
luckergoodnn: posts small blind $0.01
rafael-nik: posts big blind $0.02
*** HOLE CARDS ***
Dealt to Dorex2007 [Kd Ks]
kuznez-ufa: folds 
lacgueguen: folds 
kano1313: folds 
Amaral1963: folds 
Tim S-Kennedy: folds 
Dorex2007: raises $0.04 to $0.06
bmwmann8: folds 
luckergoodnn: calls $0.05
rafael-nik: calls $0.04
*** FLOP *** [2h 4s 8c]
luckergoodnn: checks 
rafael-nik: checks 
Dorex2007: bets $0.11
luckergoodnn: folds 
rafael-nik: calls $0.11
*** TURN *** [2h 4s 8c] [Ts]
rafael-nik: checks 
Tim S-Kennedy leaves the table
Dorex2007: bets $0.64
jablon4881 joins the table at seat #7 
rafael-nik: folds 
Uncalled bet ($0.64) returned to Dorex2007
Dorex2007 collected $0.39 from pot
Dorex2007: doesn't show hand 
*** SUMMARY ***
Total pot $0.40 | Rake $0.01 
Board [2h 4s 8c Ts]
Seat 1: luckergoodnn (small blind) folded on the Flop
Seat 2: rafael-nik (big blind) folded on the Turn
Seat 3: kuznez-ufa folded before Flop (didn't bet)
Seat 4: lacgueguen folded before Flop (didn't bet)
Seat 5: kano1313 folded before Flop (didn't bet)
Seat 6: Amaral1963 folded before Flop (didn't bet)
Seat 7: Tim S-Kennedy folded before Flop (didn't bet)
Seat 8: Dorex2007 collected ($0.39)
Seat 9: bmwmann8 (button) folded before Flop (didn't bet)



PokerStars Hand #226258254994:  Hold'em No Limit ($0.01/$0.02 USD) - 2021/04/27 14:55:23 PT [2021/04/27 17:55:23 ET]
Table 'Bowell III' 9-max Seat #1 is the button
Seat 1: luckergoodnn ($2.24 in chips) 
Seat 2: rafael-nik ($2.01 in chips) 
Seat 3: kuznez-ufa ($1.81 in chips) 
Seat 4: lacgueguen ($2.99 in chips) 
Seat 5: kano1313 ($1.87 in chips) 
Seat 6: Amaral1963 ($1.68 in chips) 
Seat 8: Dorex2007 ($2.40 in chips) 
rafael-nik: posts small blind $0.01
kuznez-ufa: posts big blind $0.02
jablon4881: sits out 
*** HOLE CARDS ***
Dealt to Dorex2007 [Jd Jh]
lacgueguen: calls $0.02
kano1313: folds 
Amaral1963 has timed out
Amaral1963: folds 
Dorex2007: raises $0.04 to $0.06
luckergoodnn: folds 
rafael-nik: folds 
kuznez-ufa: folds 
lacgueguen: calls $0.04
*** FLOP *** [8h Kh Qh]
lacgueguen: checks 
Dorex2007: bets $0.14
lacgueguen: calls $0.14
*** TURN *** [8h Kh Qh] [8s]
lacgueguen: checks 
Dorex2007: checks 
*** RIVER *** [8h Kh Qh 8s] [Js]
lacgueguen: bets $0.10
Dorex2007: raises $0.61 to $0.71
lacgueguen: folds 
Uncalled bet ($0.61) returned to Dorex2007
Dorex2007 collected $0.61 from pot
Dorex2007: doesn't show hand 
*** SUMMARY ***
Total pot $0.63 | Rake $0.02 
Board [8h Kh Qh 8s Js]
Seat 1: luckergoodnn (button) folded before Flop (didn't bet)
Seat 2: rafael-nik (small blind) folded before Flop
Seat 3: kuznez-ufa (big blind) folded before Flop
Seat 4: lacgueguen folded on the River
Seat 5: kano1313 folded before Flop (didn't bet)
Seat 6: Amaral1963 folded before Flop (didn't bet)
Seat 8: Dorex2007 collected ($0.61)



PokerStars Hand #226258280879:  Hold'em No Limit ($0.01/$0.02 USD) - 2021/04/27 14:56:31 PT [2021/04/27 17:56:31 ET]
Table 'Bowell III' 9-max Seat #2 is the button
Seat 1: luckergoodnn ($2.24 in chips) 
Seat 2: rafael-nik ($2 in chips) 
Seat 3: kuznez-ufa ($1.79 in chips) 
Seat 4: lacgueguen ($2.69 in chips) 
Seat 5: kano1313 ($1.87 in chips) 
Seat 6: Amaral1963 ($1.68 in chips) 
Seat 8: Dorex2007 ($2.71 in chips) 
kuznez-ufa: posts small blind $0.01
lacgueguen: posts big blind $0.02
jablon4881: sits out 
*** HOLE CARDS ***
Dealt to Dorex2007 [Kc 8s]
kano1313: folds 
Amaral1963: calls $0.02
Dorex2007: folds 
luckergoodnn: raises $0.06 to $0.08
rafael-nik: folds 
kuznez-ufa: folds 
lacgueguen: folds 
Amaral1963: calls $0.06
*** FLOP *** [Td 3d Jd]
Amaral1963 has timed out
Amaral1963: checks 
luckergoodnn: checks 
*** TURN *** [Td 3d Jd] [9s]
Amaral1963: checks 
luckergoodnn: bets $0.14
Amaral1963 has timed out
Amaral1963: folds 
Uncalled bet ($0.14) returned to luckergoodnn
luckergoodnn collected $0.18 from pot
*** SUMMARY ***
Total pot $0.19 | Rake $0.01 
Board [Td 3d Jd 9s]
Seat 1: luckergoodnn collected ($0.18)
Seat 2: rafael-nik (button) folded before Flop (didn't bet)
Seat 3: kuznez-ufa (small blind) folded before Flop
Seat 4: lacgueguen (big blind) folded before Flop
Seat 5: kano1313 folded before Flop (didn't bet)
Seat 6: Amaral1963 folded on the Turn
Seat 8: Dorex2007 folded before Flop (didn't bet)



PokerStars Hand #226258312064:  Hold'em No Limit ($0.01/$0.02 USD) - 2021/04/27 14:57:51 PT [2021/04/27 17:57:51 ET]
Table 'Bowell III' 9-max Seat #3 is the button
Seat 1: luckergoodnn ($2.34 in chips) 
Seat 2: rafael-nik ($2 in chips) 
Seat 3: kuznez-ufa ($1.78 in chips) 
Seat 4: lacgueguen ($2.67 in chips) 
Seat 5: kano1313 ($1.87 in chips) 
Seat 7: jablon4881 ($0.80 in chips) 
Seat 8: Dorex2007 ($2.71 in chips) 
lacgueguen: posts small blind $0.01
kano1313: posts big blind $0.02
jablon4881: posts big blind $0.02
*** HOLE CARDS ***
Dealt to Dorex2007 [4d 4s]
jablon4881: checks 
Dorex2007: raises $0.04 to $0.06
luckergoodnn: folds 
rafael-nik: folds 
kuznez-ufa: folds 
lacgueguen: folds 
kano1313: folds 
jablon4881: calls $0.04
*** FLOP *** [Ad Kd Ah]
jablon4881: checks 
Dorex2007: bets $0.09
jablon4881: folds 
Uncalled bet ($0.09) returned to Dorex2007
Dorex2007 collected $0.14 from pot
Dorex2007: doesn't show hand 
*** SUMMARY ***
Total pot $0.15 | Rake $0.01 
Board [Ad Kd Ah]
Seat 1: luckergoodnn folded before Flop (didn't bet)
Seat 2: rafael-nik folded before Flop (didn't bet)
Seat 3: kuznez-ufa (button) folded before Flop (didn't bet)
Seat 4: lacgueguen (small blind) folded before Flop
Seat 5: kano1313 (big blind) folded before Flop
Seat 7: jablon4881 folded on the Flop
Seat 8: Dorex2007 collected ($0.14)



PokerStars Hand #226258331472:  Hold'em No Limit ($0.01/$0.02 USD) - 2021/04/27 14:58:41 PT [2021/04/27 17:58:41 ET]
Table 'Bowell III' 9-max Seat #4 is the button
Seat 1: luckergoodnn ($2.34 in chips) 
Seat 2: rafael-nik ($2 in chips) 
Seat 3: kuznez-ufa ($1.78 in chips) 
Seat 4: lacgueguen ($2.66 in chips) 
Seat 5: kano1313 ($1.90 in chips) 
Seat 6: Amaral1963 ($1.60 in chips) 
Seat 7: jablon4881 ($0.74 in chips) 
Seat 8: Dorex2007 ($2.79 in chips) 
kano1313: posts small blind $0.01
Amaral1963: posts big blind $0.02
*** HOLE CARDS ***
Dealt to Dorex2007 [7s 4h]
jablon4881: folds 
Dorex2007: folds 
luckergoodnn: folds 
rafael-nik: raises $0.05 to $0.07
kuznez-ufa: folds 
lacgueguen: folds 
kano1313: folds 
Amaral1963: calls $0.05
*** FLOP *** [7c Kh 8s]
Amaral1963: bets $0.07
rafael-nik: calls $0.07
*** TURN *** [7c Kh 8s] [As]
Amaral1963: bets $0.14
rafael-nik: calls $0.14
*** RIVER *** [7c Kh 8s As] [Td]
Amaral1963: bets $0.28
rafael-nik: calls $0.28
*** SHOW DOWN ***
Amaral1963: shows [Ts Ah] (two pair, Aces and Tens)
rafael-nik: mucks hand 
Amaral1963 collected $1.09 from pot
*** SUMMARY ***
Total pot $1.13 | Rake $0.04 
Board [7c Kh 8s As Td]
Seat 1: luckergoodnn folded before Flop (didn't bet)
Seat 2: rafael-nik mucked [Qd Ad]
Seat 3: kuznez-ufa folded before Flop (didn't bet)
Seat 4: lacgueguen (button) folded before Flop (didn't bet)
Seat 5: kano1313 (small blind) folded before Flop
Seat 6: Amaral1963 (big blind) showed [Ts Ah] and won ($1.09) with two pair, Aces and Tens
Seat 7: jablon4881 folded before Flop (didn't bet)
Seat 8: Dorex2007 folded before Flop (didn't bet)



PokerStars Hand #226258350697:  Hold'em No Limit ($0.01/$0.02 USD) - 2021/04/27 14:59:31 PT [2021/04/27 17:59:31 ET]
Table 'Bowell III' 9-max Seat #5 is the button
Seat 1: luckergoodnn ($2.34 in chips) 
Seat 2: rafael-nik ($1.44 in chips) 
Seat 3: kuznez-ufa ($1.78 in chips) 
Seat 4: lacgueguen ($2.66 in chips) 
Seat 5: kano1313 ($1.89 in chips) 
Seat 6: Amaral1963 ($2.13 in chips) 
Seat 7: jablon4881 ($0.74 in chips) 
Seat 8: Dorex2007 ($2.79 in chips) 
Seat 9: bmwmann8 ($1.50 in chips) 
Amaral1963: posts small blind $0.01
jablon4881: posts big blind $0.02
*** HOLE CARDS ***
Dealt to Dorex2007 [5h Ts]
Dorex2007: folds 
bmwmann8: folds 
luckergoodnn: folds 
rafael-nik: folds 
kuznez-ufa: calls $0.02
lacgueguen: folds 
kano1313: raises $0.04 to $0.06
Amaral1963: calls $0.05
jablon4881: folds 
kuznez-ufa: calls $0.04
*** FLOP *** [4s 3d Kh]
Amaral1963: checks 
kuznez-ufa: checks 
kano1313: checks 
*** TURN *** [4s 3d Kh] [Kc]
Amaral1963: checks 
kuznez-ufa: bets $0.07
kano1313: folds 
Amaral1963 has timed out
Amaral1963: folds 
Uncalled bet ($0.07) returned to kuznez-ufa
kuznez-ufa collected $0.19 from pot
kuznez-ufa: doesn't show hand 
*** SUMMARY ***
Total pot $0.20 | Rake $0.01 
Board [4s 3d Kh Kc]
Seat 1: luckergoodnn folded before Flop (didn't bet)
Seat 2: rafael-nik folded before Flop (didn't bet)
Seat 3: kuznez-ufa collected ($0.19)
Seat 4: lacgueguen folded before Flop (didn't bet)
Seat 5: kano1313 (button) folded on the Turn
Seat 6: Amaral1963 (small blind) folded on the Turn
Seat 7: jablon4881 (big blind) folded before Flop
Seat 8: Dorex2007 folded before Flop (didn't bet)
Seat 9: bmwmann8 folded before Flop (didn't bet)



PokerStars Hand #226258387693:  Hold'em No Limit ($0.01/$0.02 USD) - 2021/04/27 15:01:02 PT [2021/04/27 18:01:02 ET]
Table 'Bowell III' 9-max Seat #6 is the button
Seat 1: luckergoodnn ($2.34 in chips) 
Seat 2: rafael-nik ($1.44 in chips) 
Seat 3: kuznez-ufa ($1.91 in chips) 
Seat 4: lacgueguen ($2.66 in chips) 
Seat 5: kano1313 ($1.83 in chips) 
Seat 6: Amaral1963 ($2.07 in chips) 
Seat 7: jablon4881 ($0.72 in chips) 
Seat 8: Dorex2007 ($2.79 in chips) 
jablon4881: posts small blind $0.01
Dorex2007: posts big blind $0.02
*** HOLE CARDS ***
Dealt to Dorex2007 [6s 7d]
luckergoodnn: folds 
rafael-nik: raises $0.05 to $0.07
kuznez-ufa: folds 
lacgueguen: folds 
kano1313: folds 
Amaral1963: folds 
jablon4881: folds 
Dorex2007: folds 
Uncalled bet ($0.05) returned to rafael-nik
rafael-nik collected $0.05 from pot
rafael-nik: doesn't show hand 
*** SUMMARY ***
Total pot $0.05 | Rake $0 
Seat 1: luckergoodnn folded before Flop (didn't bet)
Seat 2: rafael-nik collected ($0.05)
Seat 3: kuznez-ufa folded before Flop (didn't bet)
Seat 4: lacgueguen folded before Flop (didn't bet)
Seat 5: kano1313 folded before Flop (didn't bet)
Seat 6: Amaral1963 (button) folded before Flop (didn't bet)
Seat 7: jablon4881 (small blind) folded before Flop
Seat 8: Dorex2007 (big blind) folded before Flop



PokerStars Hand #226258397097:  Hold'em No Limit ($0.01/$0.02 USD) - 2021/04/27 15:01:22 PT [2021/04/27 18:01:22 ET]
Table 'Bowell III' 9-max Seat #7 is the button
Seat 1: luckergoodnn ($2.34 in chips) 
Seat 2: rafael-nik ($1.47 in chips) 
Seat 3: kuznez-ufa ($1.91 in chips) 
Seat 4: lacgueguen ($2.66 in chips) 
Seat 5: kano1313 ($1.83 in chips) 
Seat 6: Amaral1963 ($2.07 in chips) 
Seat 7: jablon4881 ($0.71 in chips) 
Seat 8: Dorex2007 ($2.77 in chips) 
Dorex2007: posts small blind $0.01
luckergoodnn: posts big blind $0.02
*** HOLE CARDS ***
Dealt to Dorex2007 [2h 2s]
rafael-nik: folds 
kuznez-ufa: folds 
lacgueguen: calls $0.02
kano1313: folds 
Amaral1963: calls $0.02
jablon4881: folds 
Dorex2007: calls $0.01
luckergoodnn: checks 
*** FLOP *** [7d 7h 5s]
Dorex2007: checks 
luckergoodnn: checks 
lacgueguen: checks 
Amaral1963: checks 
*** TURN *** [7d 7h 5s] [Ts]
Dorex2007: checks 
luckergoodnn: checks 
lacgueguen: checks 
Amaral1963: bets $0.04
Dorex2007: folds 
luckergoodnn: folds 
lacgueguen: folds 
Uncalled bet ($0.04) returned to Amaral1963
Amaral1963 collected $0.08 from pot
*** SUMMARY ***
Total pot $0.08 | Rake $0 
Board [7d 7h 5s Ts]
Seat 1: luckergoodnn (big blind) folded on the Turn
Seat 2: rafael-nik folded before Flop (didn't bet)
Seat 3: kuznez-ufa folded before Flop (didn't bet)
Seat 4: lacgueguen folded on the Turn
Seat 5: kano1313 folded before Flop (didn't bet)
Seat 6: Amaral1963 collected ($0.08)
Seat 7: jablon4881 (button) folded before Flop (didn't bet)
Seat 8: Dorex2007 (small blind) folded on the Turn



PokerStars Hand #226258434062:  Hold'em No Limit ($0.01/$0.02 USD) - 2021/04/27 15:02:36 PT [2021/04/27 18:02:36 ET]
Table 'Bowell III' 9-max Seat #8 is the button
Seat 1: luckergoodnn ($2.32 in chips) 
Seat 2: rafael-nik ($1.47 in chips) 
Seat 3: kuznez-ufa ($1.91 in chips) 
Seat 4: lacgueguen ($2.64 in chips) 
Seat 5: kano1313 ($1.83 in chips) 
Seat 6: Amaral1963 ($2.13 in chips) 
Seat 7: jablon4881 ($0.71 in chips) 
Seat 8: Dorex2007 ($2.75 in chips) 
luckergoodnn: posts small blind $0.01
rafael-nik: posts big blind $0.02
*** HOLE CARDS ***
Dealt to Dorex2007 [3h 4s]
kuznez-ufa: folds 
lacgueguen: folds 
kano1313: folds 
lacgueguen leaves the table
Amaral1963 has timed out
Amaral1963: folds 
jablon4881: folds 
Dorex2007: folds 
luckergoodnn: raises $0.04 to $0.06
rafael-nik: folds 
Uncalled bet ($0.04) returned to luckergoodnn
luckergoodnn collected $0.04 from pot
*** SUMMARY ***
Total pot $0.04 | Rake $0 
Seat 1: luckergoodnn (small blind) collected ($0.04)
Seat 2: rafael-nik (big blind) folded before Flop
Seat 3: kuznez-ufa folded before Flop (didn't bet)
Seat 4: lacgueguen folded before Flop (didn't bet)
Seat 5: kano1313 folded before Flop (didn't bet)
Seat 6: Amaral1963 folded before Flop (didn't bet)
Seat 7: jablon4881 folded before Flop (didn't bet)
Seat 8: Dorex2007 (button) folded before Flop (didn't bet)



PokerStars Hand #226258454209:  Hold'em No Limit ($0.01/$0.02 USD) - 2021/04/27 15:03:16 PT [2021/04/27 18:03:16 ET]
Table 'Bowell III' 9-max Seat #1 is the button
Seat 1: luckergoodnn ($2.34 in chips) 
Seat 2: rafael-nik ($1.45 in chips) 
Seat 3: kuznez-ufa ($1.91 in chips) 
Seat 5: kano1313 ($1.83 in chips) 
Seat 6: Amaral1963 ($2.13 in chips) 
Seat 7: jablon4881 ($0.71 in chips) 
Seat 8: Dorex2007 ($2.75 in chips) 
rafael-nik: posts small blind $0.01
kuznez-ufa: posts big blind $0.02
*** HOLE CARDS ***
Dealt to Dorex2007 [Td Qh]
Roma_O._777 joins the table at seat #4 
kano1313: folds 
Amaral1963: raises $0.02 to $0.04
jablon4881: folds 
Dorex2007: folds 
luckergoodnn: folds 
rafael-nik: calls $0.03
kuznez-ufa: calls $0.02
*** FLOP *** [Ad 4d 4s]
rafael-nik: checks 
kuznez-ufa: checks 
Amaral1963: checks 
*** TURN *** [Ad 4d 4s] [7s]
rafael-nik: checks 
kuznez-ufa: checks 
Amaral1963: checks 
*** RIVER *** [Ad 4d 4s 7s] [Ac]
rafael-nik: checks 
kuznez-ufa: checks 
Amaral1963: bets $0.06
rafael-nik: folds 
jablon4881 is disconnected 
kuznez-ufa: folds 
Uncalled bet ($0.06) returned to Amaral1963
Amaral1963 collected $0.12 from pot
*** SUMMARY ***
Total pot $0.12 | Rake $0 
Board [Ad 4d 4s 7s Ac]
Seat 1: luckergoodnn (button) folded before Flop (didn't bet)
Seat 2: rafael-nik (small blind) folded on the River
Seat 3: kuznez-ufa (big blind) folded on the River
Seat 5: kano1313 folded before Flop (didn't bet)
Seat 6: Amaral1963 collected ($0.12)
Seat 7: jablon4881 folded before Flop (didn't bet)
Seat 8: Dorex2007 folded before Flop (didn't bet)



PokerStars Hand #226258512520:  Hold'em No Limit ($0.01/$0.02 USD) - 2021/04/27 15:05:09 PT [2021/04/27 18:05:09 ET]
Table 'Bowell III' 9-max Seat #2 is the button
Seat 1: luckergoodnn ($2.34 in chips) 
Seat 2: rafael-nik ($1.41 in chips) 
Seat 3: kuznez-ufa ($1.87 in chips) 
Seat 4: Roma_O._777 ($1.46 in chips) 
Seat 5: kano1313 ($1.83 in chips) 
Seat 6: Amaral1963 ($2.21 in chips) 
Seat 7: jablon4881 ($0.71 in chips) 
Seat 8: Dorex2007 ($2.75 in chips) 
kuznez-ufa: posts small blind $0.01
Roma_O._777: posts big blind $0.02
*** HOLE CARDS ***
Dealt to Dorex2007 [4h 7s]
kano1313: folds 
bmwmann8 leaves the table
oldguyreacts joins the table at seat #9 
Amaral1963 has timed out
Amaral1963: folds 
jablon4881 has timed out while disconnected
jablon4881: folds 
Dorex2007: folds 
luckergoodnn: raises $0.04 to $0.06
rafael-nik: calls $0.06
kuznez-ufa: calls $0.05
Roma_O._777: folds 
*** FLOP *** [5s Kh 3c]
kuznez-ufa: checks 
luckergoodnn: bets $0.06
rafael-nik: folds 
kuznez-ufa: folds 
Uncalled bet ($0.06) returned to luckergoodnn
luckergoodnn collected $0.19 from pot
*** SUMMARY ***
Total pot $0.20 | Rake $0.01 
Board [5s Kh 3c]
Seat 1: luckergoodnn collected ($0.19)
Seat 2: rafael-nik (button) folded on the Flop
Seat 3: kuznez-ufa (small blind) folded on the Flop
Seat 4: Roma_O._777 (big blind) folded before Flop
Seat 5: kano1313 folded before Flop (didn't bet)
Seat 6: Amaral1963 folded before Flop (didn't bet)
Seat 7: jablon4881 folded before Flop (didn't bet)
Seat 8: Dorex2007 folded before Flop (didn't bet)



PokerStars Hand #226258548303:  Hold'em No Limit ($0.01/$0.02 USD) - 2021/04/27 15:06:20 PT [2021/04/27 18:06:20 ET]
Table 'Bowell III' 9-max Seat #3 is the button
Seat 1: luckergoodnn ($2.47 in chips) 
Seat 2: rafael-nik ($1.35 in chips) 
Seat 3: kuznez-ufa ($1.81 in chips) 
Seat 4: Roma_O._777 ($1.44 in chips) 
Seat 5: kano1313 ($1.83 in chips) 
Seat 6: Amaral1963 ($2.21 in chips) 
Seat 8: Dorex2007 ($2.75 in chips) 
Roma_O._777: posts small blind $0.01
kano1313: posts big blind $0.02
oldguyreacts: sits out 
*** HOLE CARDS ***
Dealt to Dorex2007 [6c 9c]
Amaral1963: folds 
Dorex2007: folds 
luckergoodnn: folds 
rafael-nik: calls $0.02
kuznez-ufa: calls $0.02
Roma_O._777: calls $0.01
kano1313: checks 
*** FLOP *** [Th 5h 9d]
Roma_O._777: checks 
kano1313: checks 
rafael-nik: bets $0.04
kuznez-ufa: raises $0.06 to $0.10
Roma_O._777: folds 
kano1313: folds 
rafael-nik: calls $0.06
*** TURN *** [Th 5h 9d] [4s]
rafael-nik: bets $0.04
kuznez-ufa: raises $0.05 to $0.09
rafael-nik: calls $0.05
*** RIVER *** [Th 5h 9d 4s] [Jd]
rafael-nik: bets $0.04
luckergoodnn leaves the table
kuznez-ufa: calls $0.04
*** SHOW DOWN ***
rafael-nik: shows [Jh 8h] (a pair of Jacks)
kuznez-ufa: mucks hand 
rafael-nik collected $0.52 from pot
*** SUMMARY ***
Total pot $0.54 | Rake $0.02 
Board [Th 5h 9d 4s Jd]
Seat 1: luckergoodnn folded before Flop (didn't bet)
Seat 2: rafael-nik showed [Jh 8h] and won ($0.52) with a pair of Jacks
Seat 3: kuznez-ufa (button) mucked [7d Tc]
Seat 4: Roma_O._777 (small blind) folded on the Flop
Seat 5: kano1313 (big blind) folded on the Flop
Seat 6: Amaral1963 folded before Flop (didn't bet)
Seat 8: Dorex2007 folded before Flop (didn't bet)



PokerStars Hand #226258583294:  Hold'em No Limit ($0.01/$0.02 USD) - 2021/04/27 15:07:29 PT [2021/04/27 18:07:29 ET]
Table 'Bowell III' 9-max Seat #4 is the button
Seat 2: rafael-nik ($1.62 in chips) 
Seat 3: kuznez-ufa ($1.56 in chips) 
Seat 4: Roma_O._777 ($1.42 in chips) 
Seat 5: kano1313 ($1.86 in chips) 
Seat 6: Amaral1963 ($2.21 in chips) 
Seat 8: Dorex2007 ($2.75 in chips) 
kano1313: posts small blind $0.01
Amaral1963: posts big blind $0.02
oldguyreacts: sits out 
*** HOLE CARDS ***
Dealt to Dorex2007 [2s 4c]
Dorex2007: folds 
rafael-nik: raises $0.02 to $0.04
Halloqueen joins the table at seat #1 
kuznez-ufa: raises $0.06 to $0.10
Roma_O._777: folds 
kano1313: folds 
jablon4881 is disconnected 
Amaral1963: folds 
rafael-nik: calls $0.06
*** FLOP *** [4d 9c Qh]
rafael-nik: checks 
kuznez-ufa: bets $0.15
rafael-nik: folds 
Uncalled bet ($0.15) returned to kuznez-ufa
kuznez-ufa collected $0.22 from pot
kuznez-ufa: doesn't show hand 
*** SUMMARY ***
Total pot $0.23 | Rake $0.01 
Board [4d 9c Qh]
Seat 2: rafael-nik folded on the Flop
Seat 3: kuznez-ufa collected ($0.22)
Seat 4: Roma_O._777 (button) folded before Flop (didn't bet)
Seat 5: kano1313 (small blind) folded before Flop
Seat 6: Amaral1963 (big blind) folded before Flop
Seat 8: Dorex2007 folded before Flop (didn't bet)



PokerStars Hand #226258628769:  Hold'em No Limit ($0.01/$0.02 USD) - 2021/04/27 15:09:00 PT [2021/04/27 18:09:00 ET]
Table 'Bowell III' 9-max Seat #5 is the button
Seat 2: rafael-nik ($1.52 in chips) 
Seat 3: kuznez-ufa ($1.68 in chips) 
Seat 4: Roma_O._777 ($1.42 in chips) 
Seat 5: kano1313 ($1.85 in chips) 
Seat 6: Amaral1963 ($2.19 in chips) 
Seat 8: Dorex2007 ($2.75 in chips) 
Amaral1963: posts small blind $0.01
jablon4881 has timed out while disconnected
jablon4881: is sitting out 
Dorex2007: posts big blind $0.02
oldguyreacts: sits out 
Halloqueen: sits out 
*** HOLE CARDS ***
Dealt to Dorex2007 [5h 2d]
rafael-nik: calls $0.02
kuznez-ufa: folds 
Roma_O._777: calls $0.02
kano1313: folds 
Amaral1963: raises $0.08 to $0.10
Dorex2007: folds 
rafael-nik: folds 
Roma_O._777: calls $0.08
*** FLOP *** [9h Ah Ac]
Amaral1963: bets $0.12
Roma_O._777: calls $0.12
*** TURN *** [9h Ah Ac] [Kd]
Amaral1963: checks 
Roma_O._777: checks 
*** RIVER *** [9h Ah Ac Kd] [9d]
Amaral1963: bets $0.08
Roma_O._777: raises $0.31 to $0.39
Amaral1963 has timed out
Amaral1963: folds 
Uncalled bet ($0.31) returned to Roma_O._777
Roma_O._777 collected $0.62 from pot
Roma_O._777: doesn't show hand 
*** SUMMARY ***
Total pot $0.64 | Rake $0.02 
Board [9h Ah Ac Kd 9d]
Seat 2: rafael-nik folded before Flop
Seat 3: kuznez-ufa folded before Flop (didn't bet)
Seat 4: Roma_O._777 collected ($0.62)
Seat 5: kano1313 (button) folded before Flop (didn't bet)
Seat 6: Amaral1963 (small blind) folded on the River
Seat 8: Dorex2007 (big blind) folded before Flop



PokerStars Hand #226258681016:  Hold'em No Limit ($0.01/$0.02 USD) - 2021/04/27 15:10:45 PT [2021/04/27 18:10:45 ET]
Table 'Bowell III' 9-max Seat #8 is the button
Seat 2: rafael-nik ($1.50 in chips) 
Seat 3: kuznez-ufa ($1.68 in chips) 
Seat 4: Roma_O._777 ($1.74 in chips) 
Seat 5: kano1313 ($1.85 in chips) 
Seat 8: Dorex2007 ($2.73 in chips) 
rafael-nik: posts small blind $0.01
kuznez-ufa: posts big blind $0.02
*** HOLE CARDS ***
Dealt to Dorex2007 [Qc 4s]
Roma_O._777: calls $0.02
kano1313: folds 
Dorex2007: folds 
rafael-nik: calls $0.01
kuznez-ufa: checks 
*** FLOP *** [6d 9s 6c]
rafael-nik: checks 
kuznez-ufa: checks 
Roma_O._777: checks 
*** TURN *** [6d 9s 6c] [Jh]
rafael-nik: checks 
kuznez-ufa: checks 
Roma_O._777: checks 
*** RIVER *** [6d 9s 6c Jh] [3c]
rafael-nik: checks 
kuznez-ufa: checks 
Roma_O._777: checks 
*** SHOW DOWN ***
rafael-nik: shows [Qd 7h] (a pair of Sixes)
kuznez-ufa: shows [Kh 8s] (a pair of Sixes - King kicker)
Roma_O._777: shows [3d Td] (two pair, Sixes and Threes)
Roma_O._777 collected $0.06 from pot
*** SUMMARY ***
Total pot $0.06 | Rake $0 
Board [6d 9s 6c Jh 3c]
Seat 2: rafael-nik (small blind) showed [Qd 7h] and lost with a pair of Sixes
Seat 3: kuznez-ufa (big blind) showed [Kh 8s] and lost with a pair of Sixes
Seat 4: Roma_O._777 showed [3d Td] and won ($0.06) with two pair, Sixes and Threes
Seat 5: kano1313 folded before Flop (didn't bet)
Seat 8: Dorex2007 (button) folded before Flop (didn't bet)



PokerStars Hand #226258715581:  Hold'em No Limit ($0.01/$0.02 USD) - 2021/04/27 15:11:53 PT [2021/04/27 18:11:53 ET]
Table 'Bowell III' 9-max Seat #2 is the button
Seat 2: rafael-nik ($1.48 in chips) 
Seat 3: kuznez-ufa ($1.66 in chips) 
Seat 4: Roma_O._777 ($1.78 in chips) 
Seat 5: kano1313 ($1.85 in chips) 
Seat 6: Amaral1963 ($1.89 in chips) 
Seat 8: Dorex2007 ($2.73 in chips) 
kuznez-ufa: posts small blind $0.01
Roma_O._777: posts big blind $0.02
oldguyreacts: sits out 
Halloqueen: sits out 
*** HOLE CARDS ***
Dealt to Dorex2007 [Kh 5h]
kano1313: raises $0.04 to $0.06
Amaral1963: folds 
Dorex2007: folds 
rafael-nik: calls $0.06
kuznez-ufa: folds 
Roma_O._777: calls $0.04
*** FLOP *** [7c 6c Jd]
Roma_O._777: checks 
kano1313: checks 
rafael-nik: bets $0.09
Roma_O._777: folds 
kano1313: folds 
Uncalled bet ($0.09) returned to rafael-nik
rafael-nik collected $0.18 from pot
rafael-nik: doesn't show hand 
*** SUMMARY ***
Total pot $0.19 | Rake $0.01 
Board [7c 6c Jd]
Seat 2: rafael-nik (button) collected ($0.18)
Seat 3: kuznez-ufa (small blind) folded before Flop
Seat 4: Roma_O._777 (big blind) folded on the Flop
Seat 5: kano1313 folded on the Flop
Seat 6: Amaral1963 folded before Flop (didn't bet)
Seat 8: Dorex2007 folded before Flop (didn't bet)



PokerStars Hand #226258733501:  Hold'em No Limit ($0.01/$0.02 USD) - 2021/04/27 15:12:26 PT [2021/04/27 18:12:26 ET]
Table 'Bowell III' 9-max Seat #3 is the button
Seat 2: rafael-nik ($1.60 in chips) 
Seat 3: kuznez-ufa ($1.65 in chips) 
Seat 4: Roma_O._777 ($1.72 in chips) 
Seat 5: kano1313 ($1.79 in chips) 
Seat 6: Amaral1963 ($1.89 in chips) 
Seat 8: Dorex2007 ($2.73 in chips) 
Roma_O._777: posts small blind $0.01
kano1313: posts big blind $0.02
oldguyreacts: sits out 
Halloqueen: sits out 
*** HOLE CARDS ***
Dealt to Dorex2007 [Qh 3d]
Amaral1963: folds 
Dorex2007: folds 
rafael-nik: folds 
kuznez-ufa: calls $0.02
Roma_O._777: raises $0.06 to $0.08
kano1313: folds 
kuznez-ufa: folds 
Uncalled bet ($0.06) returned to Roma_O._777
Roma_O._777 collected $0.06 from pot
Roma_O._777: doesn't show hand 
*** SUMMARY ***
Total pot $0.06 | Rake $0 
Seat 2: rafael-nik folded before Flop (didn't bet)
Seat 3: kuznez-ufa (button) folded before Flop
Seat 4: Roma_O._777 (small blind) collected ($0.06)
Seat 5: kano1313 (big blind) folded before Flop
Seat 6: Amaral1963 folded before Flop (didn't bet)
Seat 8: Dorex2007 folded before Flop (didn't bet)



PokerStars Hand #226258746537:  Hold'em No Limit ($0.01/$0.02 USD) - 2021/04/27 15:12:52 PT [2021/04/27 18:12:52 ET]
Table 'Bowell III' 9-max Seat #4 is the button
Seat 2: rafael-nik ($1.60 in chips) 
Seat 3: kuznez-ufa ($1.63 in chips) 
Seat 4: Roma_O._777 ($1.76 in chips) 
Seat 5: kano1313 ($1.82 in chips) 
Seat 6: Amaral1963 ($1.89 in chips) 
Seat 8: Dorex2007 ($2.73 in chips) 
kano1313: posts small blind $0.01
Amaral1963: posts big blind $0.02
oldguyreacts: sits out 
Halloqueen: sits out 
*** HOLE CARDS ***
Dealt to Dorex2007 [Kd Kh]
Dorex2007: raises $0.04 to $0.06
rafael-nik: folds 
kuznez-ufa: calls $0.06
Roma_O._777: folds 
kano1313: folds 
Amaral1963: folds 
*** FLOP *** [Ad 9c 3c]
Dorex2007: bets $0.09
kuznez-ufa: folds 
Uncalled bet ($0.09) returned to Dorex2007
Dorex2007 collected $0.14 from pot
Dorex2007: doesn't show hand 
*** SUMMARY ***
Total pot $0.15 | Rake $0.01 
Board [Ad 9c 3c]
Seat 2: rafael-nik folded before Flop (didn't bet)
Seat 3: kuznez-ufa folded on the Flop
Seat 4: Roma_O._777 (button) folded before Flop (didn't bet)
Seat 5: kano1313 (small blind) folded before Flop
Seat 6: Amaral1963 (big blind) folded before Flop
Seat 8: Dorex2007 collected ($0.14)



PokerStars Hand #226258763160:  Hold'em No Limit ($0.01/$0.02 USD) - 2021/04/27 15:13:26 PT [2021/04/27 18:13:26 ET]
Table 'Bowell III' 9-max Seat #5 is the button
Seat 2: rafael-nik ($1.60 in chips) 
Seat 3: kuznez-ufa ($1.57 in chips) 
Seat 4: Roma_O._777 ($1.76 in chips) 
Seat 5: kano1313 ($1.81 in chips) 
Seat 6: Amaral1963 ($1.87 in chips) 
Seat 8: Dorex2007 ($2.81 in chips) 
Amaral1963: posts small blind $0.01
Dorex2007: posts big blind $0.02
oldguyreacts: sits out 
Halloqueen: sits out 
*** HOLE CARDS ***
Dealt to Dorex2007 [3d 7h]
rafael-nik: calls $0.02
kuznez-ufa: folds 
Roma_O._777: folds 
kano1313: raises $0.04 to $0.06
Amaral1963: folds 
Dorex2007: folds 
rafael-nik: calls $0.04
*** FLOP *** [Qc Jc 9h]
rafael-nik: checks 
kano1313: bets $0.08
rafael-nik: calls $0.08
*** TURN *** [Qc Jc 9h] [6h]
rafael-nik: checks 
kano1313: checks 
*** RIVER *** [Qc Jc 9h 6h] [Ts]
rafael-nik: checks 
kano1313: bets $0.30
rafael-nik: calls $0.30
*** SHOW DOWN ***
kano1313: shows [Kd Ad] (a straight, Ten to Ace)
rafael-nik: mucks hand 
kano1313 collected $0.88 from pot
*** SUMMARY ***
Total pot $0.91 | Rake $0.03 
Board [Qc Jc 9h 6h Ts]
Seat 2: rafael-nik mucked [8c As]
Seat 3: kuznez-ufa folded before Flop (didn't bet)
Seat 4: Roma_O._777 folded before Flop (didn't bet)
Seat 5: kano1313 (button) showed [Kd Ad] and won ($0.88) with a straight, Ten to Ace
Seat 6: Amaral1963 (small blind) folded before Flop
Seat 8: Dorex2007 (big blind) folded before Flop



PokerStars Hand #226258801711:  Hold'em No Limit ($0.01/$0.02 USD) - 2021/04/27 15:14:46 PT [2021/04/27 18:14:46 ET]
Table 'Bowell III' 9-max Seat #6 is the button
Seat 2: rafael-nik ($1.16 in chips) 
Seat 3: kuznez-ufa ($1.57 in chips) 
Seat 4: Roma_O._777 ($1.76 in chips) 
Seat 5: kano1313 ($2.25 in chips) 
Seat 6: Amaral1963 ($1.86 in chips) 
Seat 8: Dorex2007 ($2.79 in chips) 
Seat 9: oldguyreacts ($2 in chips) 
Dorex2007: posts small blind $0.01
oldguyreacts: posts big blind $0.02
Halloqueen: sits out 
*** HOLE CARDS ***
Dealt to Dorex2007 [Ah 4h]
rafael-nik: folds 
kuznez-ufa: calls $0.02
Roma_O._777: folds 
kano1313: calls $0.02
Amaral1963: calls $0.02
Dorex2007: calls $0.01
oldguyreacts: raises $0.12 to $0.14
kuznez-ufa: folds 
kano1313: folds 
Amaral1963: folds 
Dorex2007: folds 
Uncalled bet ($0.12) returned to oldguyreacts
oldguyreacts collected $0.10 from pot
oldguyreacts: doesn't show hand 
*** SUMMARY ***
Total pot $0.10 | Rake $0 
Seat 2: rafael-nik folded before Flop (didn't bet)
Seat 3: kuznez-ufa folded before Flop
Seat 4: Roma_O._777 folded before Flop (didn't bet)
Seat 5: kano1313 folded before Flop
Seat 6: Amaral1963 (button) folded before Flop
Seat 8: Dorex2007 (small blind) folded before Flop
Seat 9: oldguyreacts (big blind) collected ($0.10)



PokerStars Hand #226258832065:  Hold'em No Limit ($0.01/$0.02 USD) - 2021/04/27 15:15:28 PT [2021/04/27 18:15:28 ET]
Table 'Bowell III' 9-max Seat #8 is the button
Seat 1: Halloqueen ($0.80 in chips) 
Seat 3: kuznez-ufa ($1.55 in chips) 
Seat 4: Roma_O._777 ($1.76 in chips) 
Seat 5: kano1313 ($2.23 in chips) 
Seat 6: Amaral1963 ($1.84 in chips) 
Seat 8: Dorex2007 ($2.77 in chips) 
Seat 9: oldguyreacts ($2.08 in chips) 
oldguyreacts: posts small blind $0.01
Halloqueen: posts big blind $0.02
*** HOLE CARDS ***
Dealt to Dorex2007 [2h 3h]
kuznez-ufa: raises $0.04 to $0.06
Roma_O._777: folds 
kano1313: folds 
Amaral1963: calls $0.06
Dorex2007: folds 
oldguyreacts: folds 
Halloqueen: calls $0.04
*** FLOP *** [6s 7c Td]
Halloqueen: checks 
kuznez-ufa: bets $0.09
Amaral1963 has timed out
Amaral1963: folds 
Halloqueen: calls $0.09
*** TURN *** [6s 7c Td] [Th]
Halloqueen: bets $0.18
kuznez-ufa: raises $1.22 to $1.40 and is all-in
Halloqueen: folds 
Uncalled bet ($1.22) returned to kuznez-ufa
kuznez-ufa collected $0.70 from pot
kuznez-ufa: doesn't show hand 
*** SUMMARY ***
Total pot $0.73 | Rake $0.03 
Board [6s 7c Td Th]
Seat 1: Halloqueen (big blind) folded on the Turn
Seat 3: kuznez-ufa collected ($0.70)
Seat 4: Roma_O._777 folded before Flop (didn't bet)
Seat 5: kano1313 folded before Flop (didn't bet)
Seat 6: Amaral1963 folded on the Flop
Seat 8: Dorex2007 (button) folded before Flop (didn't bet)
Seat 9: oldguyreacts (small blind) folded before Flop



PokerStars Hand #226258866116:  Hold'em No Limit ($0.01/$0.02 USD) - 2021/04/27 15:16:39 PT [2021/04/27 18:16:39 ET]
Table 'Bowell III' 9-max Seat #9 is the button
Seat 1: Halloqueen ($0.47 in chips) 
Seat 3: kuznez-ufa ($1.92 in chips) 
Seat 4: Roma_O._777 ($1.76 in chips) 
Seat 5: kano1313 ($2.23 in chips) 
Seat 6: Amaral1963 ($1.78 in chips) 
Seat 8: Dorex2007 ($2.77 in chips) 
Seat 9: oldguyreacts ($2.07 in chips) 
Halloqueen: posts small blind $0.01
kuznez-ufa: posts big blind $0.02
*** HOLE CARDS ***
Dealt to Dorex2007 [4h 3d]
Roma_O._777: raises $0.04 to $0.06
kano1313: calls $0.06
Amaral1963: calls $0.06
Dorex2007: folds 
oldguyreacts: folds 
Halloqueen: folds 
kuznez-ufa: folds 
*** FLOP *** [9c Kd 4s]
Roma_O._777: checks 
kano1313: checks 
Amaral1963: bets $0.10
Roma_O._777: folds 
kano1313: folds 
Uncalled bet ($0.10) returned to Amaral1963
Amaral1963 collected $0.20 from pot
*** SUMMARY ***
Total pot $0.21 | Rake $0.01 
Board [9c Kd 4s]
Seat 1: Halloqueen (small blind) folded before Flop
Seat 3: kuznez-ufa (big blind) folded before Flop
Seat 4: Roma_O._777 folded on the Flop
Seat 5: kano1313 folded on the Flop
Seat 6: Amaral1963 collected ($0.20)
Seat 8: Dorex2007 folded before Flop (didn't bet)
Seat 9: oldguyreacts (button) folded before Flop (didn't bet)



PokerStars Hand #226258885854:  Hold'em No Limit ($0.01/$0.02 USD) - 2021/04/27 15:17:20 PT [2021/04/27 18:17:20 ET]
Table 'Bowell III' 9-max Seat #1 is the button
Seat 1: Halloqueen ($0.46 in chips) 
Seat 3: kuznez-ufa ($1.90 in chips) 
Seat 4: Roma_O._777 ($1.70 in chips) 
Seat 5: kano1313 ($2.17 in chips) 
Seat 6: Amaral1963 ($1.92 in chips) 
Seat 8: Dorex2007 ($2.77 in chips) 
Seat 9: oldguyreacts ($2.07 in chips) 
kuznez-ufa: posts small blind $0.01
Roma_O._777: posts big blind $0.02
*** HOLE CARDS ***
Dealt to Dorex2007 [2h Kd]
kano1313: folds 
Amaral1963: raises $0.02 to $0.04
Dorex2007: folds 
oldguyreacts: calls $0.04
Halloqueen: folds 
kuznez-ufa: folds 
Roma_O._777: calls $0.02
*** FLOP *** [5c 3d 8s]
Roma_O._777: bets $0.07
jablon4881 leaves the table
Amaral1963 has timed out
Amaral1963: folds 
oldguyreacts: folds 
Uncalled bet ($0.07) returned to Roma_O._777
Roma_O._777 collected $0.13 from pot
Roma_O._777: doesn't show hand 
*** SUMMARY ***
Total pot $0.13 | Rake $0 
Board [5c 3d 8s]
Seat 1: Halloqueen (button) folded before Flop (didn't bet)
Seat 3: kuznez-ufa (small blind) folded before Flop
Seat 4: Roma_O._777 (big blind) collected ($0.13)
Seat 5: kano1313 folded before Flop (didn't bet)
Seat 6: Amaral1963 folded on the Flop
Seat 8: Dorex2007 folded before Flop (didn't bet)
Seat 9: oldguyreacts folded on the Flop



PokerStars Hand #226258910346:  Hold'em No Limit ($0.01/$0.02 USD) - 2021/04/27 15:18:12 PT [2021/04/27 18:18:12 ET]
Table 'Bowell III' 9-max Seat #3 is the button
Seat 1: Halloqueen ($0.46 in chips) 
Seat 3: kuznez-ufa ($1.89 in chips) 
Seat 5: kano1313 ($2.17 in chips) 
Seat 6: Amaral1963 ($1.88 in chips) 
Seat 8: Dorex2007 ($2.77 in chips) 
Seat 9: oldguyreacts ($2.03 in chips) 
kano1313: posts small blind $0.01
Amaral1963: posts big blind $0.02
*** HOLE CARDS ***
Dealt to Dorex2007 [Kh Qh]
Dorex2007: raises $0.04 to $0.06
oldguyreacts: folds 
Halloqueen: folds 
kuznez-ufa: folds 
Roma_O._777 is disconnected 
kano1313: folds 
Amaral1963: folds 
Uncalled bet ($0.04) returned to Dorex2007
Dorex2007 collected $0.05 from pot
Dorex2007: doesn't show hand 
*** SUMMARY ***
Total pot $0.05 | Rake $0 
Seat 1: Halloqueen folded before Flop (didn't bet)
Seat 3: kuznez-ufa (button) folded before Flop (didn't bet)
Seat 5: kano1313 (small blind) folded before Flop
Seat 6: Amaral1963 (big blind) folded before Flop
Seat 8: Dorex2007 collected ($0.05)
Seat 9: oldguyreacts folded before Flop (didn't bet)



PokerStars Hand #226258921569:  Hold'em No Limit ($0.01/$0.02 USD) - 2021/04/27 15:18:35 PT [2021/04/27 18:18:35 ET]
Table 'Bowell III' 9-max Seat #5 is the button
Seat 1: Halloqueen ($0.46 in chips) 
Seat 3: kuznez-ufa ($1.89 in chips) 
Seat 5: kano1313 ($2.16 in chips) 
Seat 6: Amaral1963 ($1.86 in chips) 
Seat 8: Dorex2007 ($2.80 in chips) 
Seat 9: oldguyreacts ($2.03 in chips) 
Amaral1963: posts small blind $0.01
Dorex2007: posts big blind $0.02
*** HOLE CARDS ***
Dealt to Dorex2007 [Kc 9d]
oldguyreacts: folds 
Halloqueen: folds 
kuznez-ufa: calls $0.02
kano1313: folds 
Amaral1963: calls $0.01
Dorex2007: checks 
*** FLOP *** [2c Jd Jc]
Amaral1963: checks 
Dorex2007: checks 
kuznez-ufa: checks 
*** TURN *** [2c Jd Jc] [8h]
Amaral1963: checks 
Dorex2007: checks 
kuznez-ufa: checks 
*** RIVER *** [2c Jd Jc 8h] [Th]
Amaral1963 has timed out
Amaral1963: checks 
Santana Carlos joins the table at seat #7 
Dorex2007: checks 
kuznez-ufa: checks 
*** SHOW DOWN ***
Amaral1963: shows [Qd 9h] (a straight, Eight to Queen)
Dorex2007: mucks hand 
kuznez-ufa: mucks hand 
Amaral1963 collected $0.06 from pot
*** SUMMARY ***
Total pot $0.06 | Rake $0 
Board [2c Jd Jc 8h Th]
Seat 1: Halloqueen folded before Flop (didn't bet)
Seat 3: kuznez-ufa mucked [4h 6h]
Seat 5: kano1313 (button) folded before Flop (didn't bet)
Seat 6: Amaral1963 (small blind) showed [Qd 9h] and won ($0.06) with a straight, Eight to Queen
Seat 8: Dorex2007 (big blind) mucked [Kc 9d]
Seat 9: oldguyreacts folded before Flop (didn't bet)



PokerStars Hand #226258967754:  Hold'em No Limit ($0.01/$0.02 USD) - 2021/04/27 15:20:06 PT [2021/04/27 18:20:06 ET]
Table 'Bowell III' 9-max Seat #6 is the button
Seat 1: Halloqueen ($0.46 in chips) 
Seat 3: kuznez-ufa ($1.87 in chips) 
Seat 6: Amaral1963 ($1.90 in chips) 
Seat 8: Dorex2007 ($2.78 in chips) 
Seat 9: oldguyreacts ($2.03 in chips) 
Dorex2007: posts small blind $0.01
oldguyreacts: posts big blind $0.02
*** HOLE CARDS ***
Dealt to Dorex2007 [Kh 4h]
Halloqueen: folds 
kuznez-ufa: calls $0.02
Amaral1963: folds 
Dorex2007: calls $0.01
oldguyreacts: checks 
*** FLOP *** [7c Ah Js]
Dorex2007: checks 
oldguyreacts: checks 
kuznez-ufa: checks 
*** TURN *** [7c Ah Js] [6h]
Dorex2007: bets $0.06
oldguyreacts: folds 
kuznez-ufa: calls $0.06
*** RIVER *** [7c Ah Js 6h] [Td]
Dorex2007: checks 
kuznez-ufa: checks 
*** SHOW DOWN ***
Dorex2007: shows [Kh 4h] (high card Ace)
kuznez-ufa: shows [Th Qc] (a pair of Tens)
kuznez-ufa collected $0.17 from pot
*** SUMMARY ***
Total pot $0.18 | Rake $0.01 
Board [7c Ah Js 6h Td]
Seat 1: Halloqueen folded before Flop (didn't bet)
Seat 3: kuznez-ufa showed [Th Qc] and won ($0.17) with a pair of Tens
Seat 6: Amaral1963 (button) folded before Flop (didn't bet)
Seat 8: Dorex2007 (small blind) showed [Kh 4h] and lost with high card Ace
Seat 9: oldguyreacts (big blind) folded on the Turn



PokerStars Hand #226258996423:  Hold'em No Limit ($0.01/$0.02 USD) - 2021/04/27 15:21:07 PT [2021/04/27 18:21:07 ET]
Table 'Bowell III' 9-max Seat #8 is the button
Seat 1: Halloqueen ($0.46 in chips) 
Seat 3: kuznez-ufa ($1.96 in chips) 
Seat 6: Amaral1963 ($1.90 in chips) 
Seat 7: Santana Carlos ($2 in chips) 
Seat 8: Dorex2007 ($2.70 in chips) 
Seat 9: oldguyreacts ($2.01 in chips) 
oldguyreacts: posts small blind $0.01
Halloqueen: posts big blind $0.02
Santana Carlos: posts big blind $0.02
*** HOLE CARDS ***
Dealt to Dorex2007 [Ac Ks]
kuznez-ufa: folds 
Amaral1963: raises $0.07 to $0.09
Santana Carlos: folds 
Dorex2007: raises $0.19 to $0.28
oldguyreacts: folds 
Halloqueen: raises $0.18 to $0.46 and is all-in
Amaral1963: raises $1.44 to $1.90 and is all-in
Dorex2007: calls $1.62
Amaral1963 has timed out
*** FLOP *** [Th 5c 7h]
*** TURN *** [Th 5c 7h] [7s]
*** RIVER *** [Th 5c 7h 7s] [4c]
*** SHOW DOWN ***
Amaral1963: shows [Kd Kh] (two pair, Kings and Sevens)
Dorex2007: shows [Ac Ks] (a pair of Sevens)
Amaral1963 collected $2.78 from side pot
Halloqueen: shows [Ah As] (two pair, Aces and Sevens)
Halloqueen collected $1.36 from main pot
Dorex2007 cashed out the hand for $0.48
*** SUMMARY ***
Total pot $4.29 Main pot $1.36. Side pot $2.78. | Rake $0.15 
Board [Th 5c 7h 7s 4c]
Seat 1: Halloqueen (big blind) showed [Ah As] and won ($1.36) with two pair, Aces and Sevens
Seat 3: kuznez-ufa folded before Flop (didn't bet)
Seat 6: Amaral1963 showed [Kd Kh] and won ($2.78) with two pair, Kings and Sevens
Seat 7: Santana Carlos folded before Flop (didn't bet)
Seat 8: Dorex2007 (button) showed [Ac Ks] and lost with a pair of Sevens (cashed out).
Seat 9: oldguyreacts (small blind) folded before Flop



PokerStars Hand #226259022987:  Hold'em No Limit ($0.01/$0.02 USD) - 2021/04/27 15:22:04 PT [2021/04/27 18:22:04 ET]
Table 'Bowell III' 9-max Seat #9 is the button
Seat 1: Halloqueen ($1.36 in chips) 
Seat 2: rafael-nik ($1.16 in chips) 
Seat 3: kuznez-ufa ($1.96 in chips) 
Seat 6: Amaral1963 ($2.78 in chips) 
Seat 7: Santana Carlos ($2 in chips) 
Seat 8: Dorex2007 ($1.28 in chips) 
Seat 9: oldguyreacts ($2 in chips) 
Halloqueen: posts small blind $0.01
rafael-nik: posts big blind $0.02
*** HOLE CARDS ***
Dealt to Dorex2007 [2d 5s]
kuznez-ufa: calls $0.02
Amaral1963 has timed out
Amaral1963: folds 
Santana Carlos: folds 
Dorex2007: folds 
oldguyreacts: folds 
Halloqueen: raises $0.04 to $0.06
rafael-nik: calls $0.04
kuznez-ufa: calls $0.04
*** FLOP *** [Ks 2h 4c]
Halloqueen: checks 
rafael-nik: checks 
kuznez-ufa: checks 
*** TURN *** [Ks 2h 4c] [5h]
Halloqueen: bets $0.02
rafael-nik: calls $0.02
kuznez-ufa: calls $0.02
*** RIVER *** [Ks 2h 4c 5h] [Js]
Halloqueen: checks 
rafael-nik: checks 
kuznez-ufa: checks 
*** SHOW DOWN ***
Halloqueen: shows [Th As] (high card Ace)
rafael-nik: shows [4d Qs] (a pair of Fours)
kuznez-ufa: shows [Jc Ah] (a pair of Jacks)
kuznez-ufa collected $0.23 from pot
*** SUMMARY ***
Total pot $0.24 | Rake $0.01 
Board [Ks 2h 4c 5h Js]
Seat 1: Halloqueen (small blind) showed [Th As] and lost with high card Ace
Seat 2: rafael-nik (big blind) showed [4d Qs] and lost with a pair of Fours
Seat 3: kuznez-ufa showed [Jc Ah] and won ($0.23) with a pair of Jacks
Seat 6: Amaral1963 folded before Flop (didn't bet)
Seat 7: Santana Carlos folded before Flop (didn't bet)
Seat 8: Dorex2007 folded before Flop (didn't bet)
Seat 9: oldguyreacts (button) folded before Flop (didn't bet)



PokerStars Hand #226259057487:  Hold'em No Limit ($0.01/$0.02 USD) - 2021/04/27 15:23:18 PT [2021/04/27 18:23:18 ET]
Table 'Bowell III' 9-max Seat #1 is the button
Seat 1: Halloqueen ($1.28 in chips) 
Seat 2: rafael-nik ($1.08 in chips) 
Seat 3: kuznez-ufa ($2.11 in chips) 
Seat 5: kano1313 ($2.16 in chips) 
Seat 6: Amaral1963 ($2.78 in chips) 
Seat 7: Santana Carlos ($2 in chips) 
Seat 8: Dorex2007 ($2 in chips) 
Seat 9: oldguyreacts ($2 in chips) 
rafael-nik: posts small blind $0.01
kuznez-ufa: posts big blind $0.02
*** HOLE CARDS ***
Dealt to Dorex2007 [Ah 3h]
kano1313: folds 
Amaral1963 has timed out
Amaral1963: folds 
Santana Carlos: calls $0.02
Dorex2007: calls $0.02
oldguyreacts: folds 
Halloqueen: folds 
rafael-nik: calls $0.01
kuznez-ufa: checks 
*** FLOP *** [3s 7h As]
rafael-nik: bets $0.04
kuznez-ufa: calls $0.04
Santana Carlos: folds 
Dorex2007: raises $0.14 to $0.18
rafael-nik: calls $0.14
kuznez-ufa: calls $0.14
*** TURN *** [3s 7h As] [5c]
rafael-nik: checks 
kuznez-ufa: bets $0.50
Dorex2007: raises $1.30 to $1.80 and is all-in
rafael-nik: folds 
kuznez-ufa: calls $1.30
*** RIVER *** [3s 7h As 5c] [4c]
*** SHOW DOWN ***
kuznez-ufa: shows [Ac 3d] (two pair, Aces and Threes)
Dorex2007: shows [Ah 3h] (two pair, Aces and Threes)
kuznez-ufa collected $2.04 from pot
Dorex2007 collected $2.03 from pot
*** SUMMARY ***
Total pot $4.22 | Rake $0.15 
Board [3s 7h As 5c 4c]
Seat 1: Halloqueen (button) folded before Flop (didn't bet)
Seat 2: rafael-nik (small blind) folded on the Turn
Seat 3: kuznez-ufa (big blind) showed [Ac 3d] and won ($2.04) with two pair, Aces and Threes
Seat 5: kano1313 folded before Flop (didn't bet)
Seat 6: Amaral1963 folded before Flop (didn't bet)
Seat 7: Santana Carlos folded on the Flop
Seat 8: Dorex2007 showed [Ah 3h] and won ($2.03) with two pair, Aces and Threes
Seat 9: oldguyreacts folded before Flop (didn't bet)



PokerStars Hand #226259126790:  Hold'em No Limit ($0.01/$0.02 USD) - 2021/04/27 15:25:49 PT [2021/04/27 18:25:49 ET]
Table 'Bowell III' 9-max Seat #2 is the button
Seat 1: Halloqueen ($1.28 in chips) 
Seat 2: rafael-nik ($0.88 in chips) 
Seat 3: kuznez-ufa ($2.15 in chips) 
Seat 5: kano1313 ($2.16 in chips) 
Seat 6: Amaral1963 ($2.78 in chips) 
Seat 7: Santana Carlos ($2 in chips) 
Seat 8: Dorex2007 ($2.03 in chips) 
Seat 9: oldguyreacts ($2 in chips) 
kuznez-ufa: posts small blind $0.01
kano1313: posts big blind $0.02
*** HOLE CARDS ***
Dealt to Dorex2007 [8s 7s]
Amaral1963: raises $0.02 to $0.04
Santana Carlos: raises $0.08 to $0.12
Dorex2007: folds 
oldguyreacts: folds 
Halloqueen: folds 
rafael-nik: folds 
kuznez-ufa: folds 
kano1313: folds 
Amaral1963: folds 
Uncalled bet ($0.08) returned to Santana Carlos
Santana Carlos collected $0.11 from pot
*** SUMMARY ***
Total pot $0.11 | Rake $0 
Seat 1: Halloqueen folded before Flop (didn't bet)
Seat 2: rafael-nik (button) folded before Flop (didn't bet)
Seat 3: kuznez-ufa (small blind) folded before Flop
Seat 5: kano1313 (big blind) folded before Flop
Seat 6: Amaral1963 folded before Flop
Seat 7: Santana Carlos collected ($0.11)
Seat 8: Dorex2007 folded before Flop (didn't bet)
Seat 9: oldguyreacts folded before Flop (didn't bet)



PokerStars Hand #226259143567:  Hold'em No Limit ($0.01/$0.02 USD) - 2021/04/27 15:26:25 PT [2021/04/27 18:26:25 ET]
Table 'Bowell III' 9-max Seat #3 is the button
Seat 1: Halloqueen ($1.28 in chips) 
Seat 2: rafael-nik ($0.88 in chips) 
Seat 3: kuznez-ufa ($2.14 in chips) 
Seat 5: kano1313 ($2.14 in chips) 
Seat 6: Amaral1963 ($2.74 in chips) 
Seat 7: Santana Carlos ($2.07 in chips) 
Seat 8: Dorex2007 ($2.03 in chips) 
Seat 9: oldguyreacts ($2 in chips) 
kano1313: posts small blind $0.01
Amaral1963: posts big blind $0.02
*** HOLE CARDS ***
Dealt to Dorex2007 [Jc Th]
Santana Carlos: raises $0.03 to $0.05
Dorex2007: folds 
oldguyreacts: calls $0.05
Halloqueen: folds 
rafael-nik: folds 
kuznez-ufa: folds 
kano1313: folds 
Amaral1963: folds 
*** FLOP *** [5c Kd 5s]
Santana Carlos: bets $0.07
oldguyreacts: calls $0.07
*** TURN *** [5c Kd 5s] [2d]
Santana Carlos: bets $0.13
oldguyreacts: folds 
Uncalled bet ($0.13) returned to Santana Carlos
Santana Carlos collected $0.26 from pot
*** SUMMARY ***
Total pot $0.27 | Rake $0.01 
Board [5c Kd 5s 2d]
Seat 1: Halloqueen folded before Flop (didn't bet)
Seat 2: rafael-nik folded before Flop (didn't bet)
Seat 3: kuznez-ufa (button) folded before Flop (didn't bet)
Seat 5: kano1313 (small blind) folded before Flop
Seat 6: Amaral1963 (big blind) folded before Flop
Seat 7: Santana Carlos collected ($0.26)
Seat 8: Dorex2007 folded before Flop (didn't bet)
Seat 9: oldguyreacts folded on the Turn



PokerStars Hand #226259169169:  Hold'em No Limit ($0.01/$0.02 USD) - 2021/04/27 15:27:21 PT [2021/04/27 18:27:21 ET]
Table 'Bowell III' 9-max Seat #5 is the button
Seat 1: Halloqueen ($1.28 in chips) 
Seat 2: rafael-nik ($0.88 in chips) 
Seat 3: kuznez-ufa ($2.14 in chips) 
Seat 5: kano1313 ($2.13 in chips) 
Seat 6: Amaral1963 ($2.72 in chips) 
Seat 7: Santana Carlos ($2.21 in chips) 
Seat 8: Dorex2007 ($2.03 in chips) 
Seat 9: oldguyreacts ($2 in chips) 
Amaral1963: posts small blind $0.01
Santana Carlos: posts big blind $0.02
*** HOLE CARDS ***
Dealt to Dorex2007 [6s Td]
Dorex2007: folds 
oldguyreacts: folds 
Halloqueen: folds 
rafael-nik: calls $0.02
kuznez-ufa: calls $0.02
kano1313: folds 
Amaral1963: calls $0.01
Santana Carlos: checks 
*** FLOP *** [Jc 6d 9h]
Amaral1963: checks 
Santana Carlos: checks 
rafael-nik: checks 
kuznez-ufa: checks 
*** TURN *** [Jc 6d 9h] [Qc]
Amaral1963: bets $0.08
Santana Carlos: folds 
rafael-nik: folds 
kuznez-ufa: folds 
Uncalled bet ($0.08) returned to Amaral1963
Amaral1963 collected $0.08 from pot
*** SUMMARY ***
Total pot $0.08 | Rake $0 
Board [Jc 6d 9h Qc]
Seat 1: Halloqueen folded before Flop (didn't bet)
Seat 2: rafael-nik folded on the Turn
Seat 3: kuznez-ufa folded on the Turn
Seat 5: kano1313 (button) folded before Flop (didn't bet)
Seat 6: Amaral1963 (small blind) collected ($0.08)
Seat 7: Santana Carlos (big blind) folded on the Turn
Seat 8: Dorex2007 folded before Flop (didn't bet)
Seat 9: oldguyreacts folded before Flop (didn't bet)



PokerStars Hand #226259194072:  Hold'em No Limit ($0.01/$0.02 USD) - 2021/04/27 15:28:17 PT [2021/04/27 18:28:17 ET]
Table 'Bowell III' 9-max Seat #6 is the button
Seat 1: Halloqueen ($1.28 in chips) 
Seat 2: rafael-nik ($0.86 in chips) 
Seat 3: kuznez-ufa ($2.12 in chips) 
Seat 5: kano1313 ($2.13 in chips) 
Seat 6: Amaral1963 ($2.78 in chips) 
Seat 7: Santana Carlos ($2.19 in chips) 
Seat 8: Dorex2007 ($2.03 in chips) 
Seat 9: oldguyreacts ($2 in chips) 
Santana Carlos: posts small blind $0.01
Dorex2007: posts big blind $0.02
*** HOLE CARDS ***
Dealt to Dorex2007 [6h 6d]
oldguyreacts: folds 
Halloqueen: folds 
Roma_O._777 leaves the table
rafael-nik: folds 
kuznez-ufa: calls $0.02
kano1313: folds 
Amaral1963: raises $0.04 to $0.06
Santana Carlos: folds 
Dorex2007: calls $0.04
cppocker30 joins the table at seat #4 
kuznez-ufa: folds 
*** FLOP *** [Ad 9c Kc]
Dorex2007: checks 
Amaral1963: bets $0.07
Dorex2007: folds 
Uncalled bet ($0.07) returned to Amaral1963
Amaral1963 collected $0.14 from pot
*** SUMMARY ***
Total pot $0.15 | Rake $0.01 
Board [Ad 9c Kc]
Seat 1: Halloqueen folded before Flop (didn't bet)
Seat 2: rafael-nik folded before Flop (didn't bet)
Seat 3: kuznez-ufa folded before Flop
Seat 5: kano1313 folded before Flop (didn't bet)
Seat 6: Amaral1963 (button) collected ($0.14)
Seat 7: Santana Carlos (small blind) folded before Flop
Seat 8: Dorex2007 (big blind) folded on the Flop
Seat 9: oldguyreacts folded before Flop (didn't bet)



PokerStars Hand #226259216306:  Hold'em No Limit ($0.01/$0.02 USD) - 2021/04/27 15:29:06 PT [2021/04/27 18:29:06 ET]
Table 'Bowell III' 9-max Seat #8 is the button
Seat 2: rafael-nik ($0.86 in chips) 
Seat 3: kuznez-ufa ($2.10 in chips) 
Seat 5: kano1313 ($2.13 in chips) 
Seat 6: Amaral1963 ($2.86 in chips) 
Seat 8: Dorex2007 ($1.97 in chips) 
Seat 9: oldguyreacts ($2 in chips) 
oldguyreacts: posts small blind $0.01
Halloqueen: is sitting out 
rafael-nik: posts big blind $0.02
cppocker30: sits out 
*** HOLE CARDS ***
Dealt to Dorex2007 [4c 5c]
kuznez-ufa: folds 
kano1313: folds 
Amaral1963: calls $0.02
Dorex2007: calls $0.02
oldguyreacts: folds 
rafael-nik: checks 
*** FLOP *** [7h 8h 5d]
Halloqueen leaves the table
rafael-nik: checks 
Amaral1963: bets $0.04
Dorex2007: calls $0.04
rafael-nik: folds 
*** TURN *** [7h 8h 5d] [6h]
Amaral1963: bets $0.14
Dorex2007: calls $0.14
*** RIVER *** [7h 8h 5d 6h] [8d]
Amaral1963: bets $0.41
Dorex2007 said, "hmmmm"
Dorex2007: calls $0.41
*** SHOW DOWN ***
Amaral1963: shows [9h 8c] (a straight, Five to Nine)
Dorex2007: mucks hand 
Amaral1963 collected $1.21 from pot
*** SUMMARY ***
Total pot $1.25 | Rake $0.04 
Board [7h 8h 5d 6h 8d]
Seat 2: rafael-nik (big blind) folded on the Flop
Seat 3: kuznez-ufa folded before Flop (didn't bet)
Seat 5: kano1313 folded before Flop (didn't bet)
Seat 6: Amaral1963 showed [9h 8c] and won ($1.21) with a straight, Five to Nine
Seat 8: Dorex2007 (button) mucked [4c 5c]
Seat 9: oldguyreacts (small blind) folded before Flop



PokerStars Hand #226259262489:  Hold'em No Limit ($0.01/$0.02 USD) - 2021/04/27 15:30:47 PT [2021/04/27 18:30:47 ET]
Table 'Bowell III' 9-max Seat #9 is the button
Seat 2: rafael-nik ($0.84 in chips) 
Seat 3: kuznez-ufa ($2.10 in chips) 
Seat 5: kano1313 ($2.13 in chips) 
Seat 6: Amaral1963 ($3.46 in chips) 
Seat 7: Santana Carlos ($2.18 in chips) 
Seat 8: Dorex2007 ($1.36 in chips) 
Seat 9: oldguyreacts ($2 in chips) 
rafael-nik: posts small blind $0.01
kuznez-ufa: posts big blind $0.02
cppocker30: sits out 
*** HOLE CARDS ***
Dealt to Dorex2007 [8h Tc]
kano1313: folds 
palmrobert60 joins the table at seat #1 
Amaral1963 has timed out
Amaral1963: folds 
Santana Carlos: raises $0.05 to $0.07
Dorex2007: folds 
oldguyreacts: folds 
rafael-nik: calls $0.06
kuznez-ufa: calls $0.05
*** FLOP *** [4c 6h 9s]
rafael-nik: checks 
kuznez-ufa: checks 
Santana Carlos: bets $0.10
rafael-nik: folds 
kuznez-ufa: folds 
Uncalled bet ($0.10) returned to Santana Carlos
Santana Carlos collected $0.20 from pot
*** SUMMARY ***
Total pot $0.21 | Rake $0.01 
Board [4c 6h 9s]
Seat 2: rafael-nik (small blind) folded on the Flop
Seat 3: kuznez-ufa (big blind) folded on the Flop
Seat 5: kano1313 folded before Flop (didn't bet)
Seat 6: Amaral1963 folded before Flop (didn't bet)
Seat 7: Santana Carlos collected ($0.20)
Seat 8: Dorex2007 folded before Flop (didn't bet)
Seat 9: oldguyreacts (button) folded before Flop (didn't bet)



PokerStars Hand #226259290305:  Hold'em No Limit ($0.01/$0.02 USD) - 2021/04/27 15:31:48 PT [2021/04/27 18:31:48 ET]
Table 'Bowell III' 9-max Seat #2 is the button
Seat 1: palmrobert60 ($2 in chips) 
Seat 2: rafael-nik ($0.77 in chips) 
Seat 3: kuznez-ufa ($2.03 in chips) 
Seat 4: cppocker30 ($1.20 in chips) 
Seat 5: kano1313 ($2.13 in chips) 
Seat 6: Amaral1963 ($3.46 in chips) 
Seat 7: Santana Carlos ($2.31 in chips) 
Seat 8: Dorex2007 ($2 in chips) 
Seat 9: oldguyreacts ($2 in chips) 
kuznez-ufa: posts small blind $0.01
cppocker30: posts big blind $0.02
palmrobert60: posts big blind $0.02
*** HOLE CARDS ***
Dealt to Dorex2007 [8c 6s]
kano1313: folds 
Amaral1963 has timed out
Amaral1963: folds 
Santana Carlos: folds 
Dorex2007: folds 
oldguyreacts: folds 
palmrobert60: checks 
rafael-nik: raises $0.07 to $0.09
kuznez-ufa: folds 
cppocker30: folds 
palmrobert60: folds 
Uncalled bet ($0.07) returned to rafael-nik
rafael-nik collected $0.07 from pot
rafael-nik: doesn't show hand 
*** SUMMARY ***
Total pot $0.07 | Rake $0 
Seat 1: palmrobert60 folded before Flop (didn't bet)
Seat 2: rafael-nik (button) collected ($0.07)
Seat 3: kuznez-ufa (small blind) folded before Flop
Seat 4: cppocker30 (big blind) folded before Flop
Seat 5: kano1313 folded before Flop (didn't bet)
Seat 6: Amaral1963 folded before Flop (didn't bet)
Seat 7: Santana Carlos folded before Flop (didn't bet)
Seat 8: Dorex2007 folded before Flop (didn't bet)
Seat 9: oldguyreacts folded before Flop (didn't bet)



PokerStars Hand #226259310230:  Hold'em No Limit ($0.01/$0.02 USD) - 2021/04/27 15:32:33 PT [2021/04/27 18:32:33 ET]
Table 'Bowell III' 9-max Seat #3 is the button
Seat 1: palmrobert60 ($1.98 in chips) 
Seat 2: rafael-nik ($0.82 in chips) 
Seat 3: kuznez-ufa ($2.02 in chips) 
Seat 4: cppocker30 ($1.18 in chips) 
Seat 5: kano1313 ($2.13 in chips) 
Seat 6: Amaral1963 ($3.46 in chips) 
Seat 7: Santana Carlos ($2.31 in chips) 
Seat 8: Dorex2007 ($2 in chips) 
Seat 9: oldguyreacts ($2 in chips) 
cppocker30: posts small blind $0.01
kano1313: posts big blind $0.02
*** HOLE CARDS ***
Dealt to Dorex2007 [7s 4d]
Amaral1963: calls $0.02
Santana Carlos: folds 
Dorex2007: folds 
oldguyreacts: folds 
palmrobert60: folds 
rafael-nik: raises $0.04 to $0.06
kuznez-ufa: folds 
cppocker30: folds 
kano1313: raises $0.16 to $0.22
Amaral1963: folds 
rafael-nik: raises $0.60 to $0.82 and is all-in
kano1313: folds 
Uncalled bet ($0.60) returned to rafael-nik
rafael-nik collected $0.47 from pot
rafael-nik: doesn't show hand 
*** SUMMARY ***
Total pot $0.47 | Rake $0 
Seat 1: palmrobert60 folded before Flop (didn't bet)
Seat 2: rafael-nik collected ($0.47)
Seat 3: kuznez-ufa (button) folded before Flop (didn't bet)
Seat 4: cppocker30 (small blind) folded before Flop
Seat 5: kano1313 (big blind) folded before Flop
Seat 6: Amaral1963 folded before Flop
Seat 7: Santana Carlos folded before Flop (didn't bet)
Seat 8: Dorex2007 folded before Flop (didn't bet)
Seat 9: oldguyreacts folded before Flop (didn't bet)



PokerStars Hand #226259338137:  Hold'em No Limit ($0.01/$0.02 USD) - 2021/04/27 15:33:34 PT [2021/04/27 18:33:34 ET]
Table 'Bowell III' 9-max Seat #4 is the button
Seat 1: palmrobert60 ($1.98 in chips) 
Seat 2: rafael-nik ($1.07 in chips) 
Seat 3: kuznez-ufa ($2.02 in chips) 
Seat 4: cppocker30 ($1.17 in chips) 
Seat 5: kano1313 ($1.91 in chips) 
Seat 6: Amaral1963 ($3.44 in chips) 
Seat 7: Santana Carlos ($2.31 in chips) 
Seat 8: Dorex2007 ($2 in chips) 
Seat 9: oldguyreacts ($2 in chips) 
kano1313: posts small blind $0.01
Amaral1963: posts big blind $0.02
*** HOLE CARDS ***
Dealt to Dorex2007 [6s Qs]
Santana Carlos: folds 
Dorex2007: folds 
oldguyreacts: raises $0.04 to $0.06
palmrobert60: folds 
rafael-nik: folds 
kuznez-ufa: folds 
cppocker30: folds 
kano1313: folds 
Amaral1963: folds 
Uncalled bet ($0.04) returned to oldguyreacts
oldguyreacts collected $0.05 from pot
oldguyreacts: doesn't show hand 
*** SUMMARY ***
Total pot $0.05 | Rake $0 
Seat 1: palmrobert60 folded before Flop (didn't bet)
Seat 2: rafael-nik folded before Flop (didn't bet)
Seat 3: kuznez-ufa folded before Flop (didn't bet)
Seat 4: cppocker30 (button) folded before Flop (didn't bet)
Seat 5: kano1313 (small blind) folded before Flop
Seat 6: Amaral1963 (big blind) folded before Flop
Seat 7: Santana Carlos folded before Flop (didn't bet)
Seat 8: Dorex2007 folded before Flop (didn't bet)
Seat 9: oldguyreacts collected ($0.05)



PokerStars Hand #226259368246:  Hold'em No Limit ($0.01/$0.02 USD) - 2021/04/27 15:34:19 PT [2021/04/27 18:34:19 ET]
Table 'Bowell III' 9-max Seat #5 is the button
Seat 1: palmrobert60 ($1.98 in chips) 
Seat 2: rafael-nik ($1.07 in chips) 
Seat 3: kuznez-ufa ($2.02 in chips) 
Seat 4: cppocker30 ($1.17 in chips) 
Seat 5: kano1313 ($1.90 in chips) 
Seat 6: Amaral1963 ($3.42 in chips) 
Seat 7: Santana Carlos ($2.31 in chips) 
Seat 8: Dorex2007 ($2 in chips) 
Seat 9: oldguyreacts ($2.03 in chips) 
Amaral1963: posts small blind $0.01
Santana Carlos: posts big blind $0.02
*** HOLE CARDS ***
Dealt to Dorex2007 [Jh 4c]
Dorex2007: folds 
oldguyreacts: folds 
palmrobert60: calls $0.02
rafael-nik: folds 
kuznez-ufa: folds 
cppocker30: raises $1.15 to $1.17 and is all-in
kano1313: folds 
Amaral1963: folds 
Santana Carlos: folds 
palmrobert60: folds 
Uncalled bet ($1.15) returned to cppocker30
cppocker30 collected $0.07 from pot
cppocker30: doesn't show hand 
*** SUMMARY ***
Total pot $0.07 | Rake $0 
Seat 1: palmrobert60 folded before Flop
Seat 2: rafael-nik folded before Flop (didn't bet)
Seat 3: kuznez-ufa folded before Flop (didn't bet)
Seat 4: cppocker30 collected ($0.07)
Seat 5: kano1313 (button) folded before Flop (didn't bet)
Seat 6: Amaral1963 (small blind) folded before Flop
Seat 7: Santana Carlos (big blind) folded before Flop
Seat 8: Dorex2007 folded before Flop (didn't bet)
Seat 9: oldguyreacts folded before Flop (didn't bet)



PokerStars Hand #226259389489:  Hold'em No Limit ($0.01/$0.02 USD) - 2021/04/27 15:35:07 PT [2021/04/27 18:35:07 ET]
Table 'Bowell III' 9-max Seat #6 is the button
Seat 1: palmrobert60 ($1.96 in chips) 
Seat 2: rafael-nik ($1.07 in chips) 
Seat 3: kuznez-ufa ($2.02 in chips) 
Seat 4: cppocker30 ($1.22 in chips) 
Seat 5: kano1313 ($1.90 in chips) 
Seat 6: Amaral1963 ($3.41 in chips) 
Seat 7: Santana Carlos ($2.29 in chips) 
Seat 8: Dorex2007 ($2 in chips) 
Seat 9: oldguyreacts ($2.03 in chips) 
Santana Carlos: posts small blind $0.01
Dorex2007: posts big blind $0.02
*** HOLE CARDS ***
Dealt to Dorex2007 [As 7h]
oldguyreacts: folds 
palmrobert60: folds 
rafael-nik: folds 
kuznez-ufa: calls $0.02
cppocker30: folds 
kano1313: folds 
Amaral1963: folds 
Santana Carlos: raises $0.08 to $0.10
Dorex2007: folds 
kuznez-ufa: folds 
Uncalled bet ($0.08) returned to Santana Carlos
Santana Carlos collected $0.06 from pot
*** SUMMARY ***
Total pot $0.06 | Rake $0 
Seat 1: palmrobert60 folded before Flop (didn't bet)
Seat 2: rafael-nik folded before Flop (didn't bet)
Seat 3: kuznez-ufa folded before Flop
Seat 4: cppocker30 folded before Flop (didn't bet)
Seat 5: kano1313 folded before Flop (didn't bet)
Seat 6: Amaral1963 (button) folded before Flop (didn't bet)
Seat 7: Santana Carlos (small blind) collected ($0.06)
Seat 8: Dorex2007 (big blind) folded before Flop
Seat 9: oldguyreacts folded before Flop (didn't bet)



PokerStars Hand #226259405201:  Hold'em No Limit ($0.01/$0.02 USD) - 2021/04/27 15:35:42 PT [2021/04/27 18:35:42 ET]
Table 'Bowell III' 9-max Seat #7 is the button
Seat 1: palmrobert60 ($1.96 in chips) 
Seat 2: rafael-nik ($1.07 in chips) 
Seat 3: kuznez-ufa ($2 in chips) 
Seat 4: cppocker30 ($1.22 in chips) 
Seat 5: kano1313 ($1.90 in chips) 
Seat 6: Amaral1963 ($3.41 in chips) 
Seat 7: Santana Carlos ($2.33 in chips) 
Seat 8: Dorex2007 ($1.98 in chips) 
Seat 9: oldguyreacts ($2.03 in chips) 
Dorex2007: posts small blind $0.01
oldguyreacts: posts big blind $0.02
*** HOLE CARDS ***
Dealt to Dorex2007 [Qs 3h]
palmrobert60: folds 
rafael-nik: folds 
kuznez-ufa: calls $0.02
cppocker30: raises $1.20 to $1.22 and is all-in
kano1313: folds 
Amaral1963: folds 
Santana Carlos: folds 
Dorex2007: folds 
oldguyreacts: folds 
kuznez-ufa: folds 
Uncalled bet ($1.20) returned to cppocker30
cppocker30 collected $0.07 from pot
cppocker30: doesn't show hand 
*** SUMMARY ***
Total pot $0.07 | Rake $0 
Seat 1: palmrobert60 folded before Flop (didn't bet)
Seat 2: rafael-nik folded before Flop (didn't bet)
Seat 3: kuznez-ufa folded before Flop
Seat 4: cppocker30 collected ($0.07)
Seat 5: kano1313 folded before Flop (didn't bet)
Seat 6: Amaral1963 folded before Flop (didn't bet)
Seat 7: Santana Carlos (button) folded before Flop (didn't bet)
Seat 8: Dorex2007 (small blind) folded before Flop
Seat 9: oldguyreacts (big blind) folded before Flop



PokerStars Hand #226259422331:  Hold'em No Limit ($0.01/$0.02 USD) - 2021/04/27 15:36:20 PT [2021/04/27 18:36:20 ET]
Table 'Bowell III' 9-max Seat #8 is the button
Seat 1: palmrobert60 ($1.96 in chips) 
Seat 2: rafael-nik ($1.07 in chips) 
Seat 3: kuznez-ufa ($1.98 in chips) 
Seat 4: cppocker30 ($1.27 in chips) 
Seat 5: kano1313 ($1.90 in chips) 
Seat 6: Amaral1963 ($3.41 in chips) 
Seat 8: Dorex2007 ($1.97 in chips) 
Seat 9: oldguyreacts ($2.01 in chips) 
oldguyreacts: posts small blind $0.01
palmrobert60: posts big blind $0.02
*** HOLE CARDS ***
Dealt to Dorex2007 [3s 2s]
rafael-nik: folds 
kuznez-ufa: calls $0.02
cppocker30: folds 
kano1313: folds 
Amaral1963: calls $0.02
Dorex2007: folds 
oldguyreacts: folds 
palmrobert60: checks 
*** FLOP *** [4s 4h Ts]
palmrobert60: checks 
kuznez-ufa: checks 
Amaral1963: checks 
*** TURN *** [4s 4h Ts] [Qh]
palmrobert60: checks 
kuznez-ufa: checks 
Amaral1963: checks 
*** RIVER *** [4s 4h Ts Qh] [8c]
palmrobert60: bets $0.07
kuznez-ufa: folds 
Amaral1963: folds 
Uncalled bet ($0.07) returned to palmrobert60
palmrobert60 collected $0.07 from pot
palmrobert60: doesn't show hand 
*** SUMMARY ***
Total pot $0.07 | Rake $0 
Board [4s 4h Ts Qh 8c]
Seat 1: palmrobert60 (big blind) collected ($0.07)
Seat 2: rafael-nik folded before Flop (didn't bet)
Seat 3: kuznez-ufa folded on the River
Seat 4: cppocker30 folded before Flop (didn't bet)
Seat 5: kano1313 folded before Flop (didn't bet)
Seat 6: Amaral1963 folded on the River
Seat 8: Dorex2007 (button) folded before Flop (didn't bet)
Seat 9: oldguyreacts (small blind) folded before Flop



PokerStars Hand #226259456624:  Hold'em No Limit ($0.01/$0.02 USD) - 2021/04/27 15:37:37 PT [2021/04/27 18:37:37 ET]
Table 'Bowell III' 9-max Seat #9 is the button
Seat 1: palmrobert60 ($2.01 in chips) 
Seat 2: rafael-nik ($1.07 in chips) 
Seat 3: kuznez-ufa ($1.96 in chips) 
Seat 4: cppocker30 ($1.27 in chips) 
Seat 5: kano1313 ($1.90 in chips) 
Seat 6: Amaral1963 ($3.39 in chips) 
Seat 8: Dorex2007 ($1.97 in chips) 
Seat 9: oldguyreacts ($2 in chips) 
palmrobert60: posts small blind $0.01
rafael-nik: posts big blind $0.02
*** HOLE CARDS ***
Dealt to Dorex2007 [2d Tc]
kuznez-ufa has timed out
kuznez-ufa: folds 
cppocker30: folds 
kano1313: folds 
Amaral1963 has timed out
Amaral1963: folds 
Dorex2007: folds 
oldguyreacts: folds 
palmrobert60: calls $0.01
rafael-nik: checks 
*** FLOP *** [Ah 5c Ac]
palmrobert60: checks 
rafael-nik: checks 
*** TURN *** [Ah 5c Ac] [7h]
palmrobert60: bets $0.04
rafael-nik: folds 
Uncalled bet ($0.04) returned to palmrobert60
palmrobert60 collected $0.04 from pot
*** SUMMARY ***
Total pot $0.04 | Rake $0 
Board [Ah 5c Ac 7h]
Seat 1: palmrobert60 (small blind) collected ($0.04)
Seat 2: rafael-nik (big blind) folded on the Turn
Seat 3: kuznez-ufa folded before Flop (didn't bet)
Seat 4: cppocker30 folded before Flop (didn't bet)
Seat 5: kano1313 folded before Flop (didn't bet)
Seat 6: Amaral1963 folded before Flop (didn't bet)
Seat 8: Dorex2007 folded before Flop (didn't bet)
Seat 9: oldguyreacts (button) folded before Flop (didn't bet)



PokerStars Hand #226259478967:  Hold'em No Limit ($0.01/$0.02 USD) - 2021/04/27 15:38:28 PT [2021/04/27 18:38:28 ET]
Table 'Bowell III' 9-max Seat #1 is the button
Seat 1: palmrobert60 ($2.03 in chips) 
Seat 2: rafael-nik ($1.05 in chips) 
Seat 3: kuznez-ufa ($1.96 in chips) 
Seat 4: cppocker30 ($1.27 in chips) 
Seat 5: kano1313 ($1.90 in chips) 
Seat 6: Amaral1963 ($3.39 in chips) 
Seat 7: Santana Carlos ($2.33 in chips) 
Seat 8: Dorex2007 ($1.97 in chips) 
Seat 9: oldguyreacts ($2 in chips) 
rafael-nik: posts small blind $0.01
kuznez-ufa: posts big blind $0.02
*** HOLE CARDS ***
Dealt to Dorex2007 [7d Ac]
cppocker30: folds 
kano1313: folds 
Amaral1963: folds 
Santana Carlos: folds 
Dorex2007: folds 
oldguyreacts: folds 
palmrobert60: calls $0.02
rafael-nik: raises $0.06 to $0.08
kuznez-ufa: folds 
palmrobert60: folds 
Uncalled bet ($0.06) returned to rafael-nik
rafael-nik collected $0.06 from pot
rafael-nik: doesn't show hand 
*** SUMMARY ***
Total pot $0.06 | Rake $0 
Seat 1: palmrobert60 (button) folded before Flop
Seat 2: rafael-nik (small blind) collected ($0.06)
Seat 3: kuznez-ufa (big blind) folded before Flop
Seat 4: cppocker30 folded before Flop (didn't bet)
Seat 5: kano1313 folded before Flop (didn't bet)
Seat 6: Amaral1963 folded before Flop (didn't bet)
Seat 7: Santana Carlos folded before Flop (didn't bet)
Seat 8: Dorex2007 folded before Flop (didn't bet)
Seat 9: oldguyreacts folded before Flop (didn't bet)



PokerStars Hand #226259494683:  Hold'em No Limit ($0.01/$0.02 USD) - 2021/04/27 15:39:03 PT [2021/04/27 18:39:03 ET]
Table 'Bowell III' 9-max Seat #2 is the button
Seat 1: palmrobert60 ($2.01 in chips) 
Seat 2: rafael-nik ($1.09 in chips) 
Seat 3: kuznez-ufa ($1.94 in chips) 
Seat 4: cppocker30 ($1.27 in chips) 
Seat 5: kano1313 ($1.90 in chips) 
Seat 6: Amaral1963 ($3.39 in chips) 
Seat 7: Santana Carlos ($2.33 in chips) 
Seat 8: Dorex2007 ($1.97 in chips) 
Seat 9: oldguyreacts ($2 in chips) 
kuznez-ufa: posts small blind $0.01
cppocker30: posts big blind $0.02
*** HOLE CARDS ***
Dealt to Dorex2007 [Jh Kh]
kano1313: folds 
Amaral1963: folds 
Santana Carlos: folds 
Dorex2007: raises $0.04 to $0.06
oldguyreacts: calls $0.06
palmrobert60: folds 
rafael-nik: folds 
kuznez-ufa: folds 
cppocker30: calls $0.04
*** FLOP *** [3d 5s 6s]
cppocker30: checks 
Dorex2007: bets $0.18
oldguyreacts: folds 
cppocker30: folds 
Uncalled bet ($0.18) returned to Dorex2007
Dorex2007 collected $0.18 from pot
Dorex2007: doesn't show hand 
*** SUMMARY ***
Total pot $0.19 | Rake $0.01 
Board [3d 5s 6s]
Seat 1: palmrobert60 folded before Flop (didn't bet)
Seat 2: rafael-nik (button) folded before Flop (didn't bet)
Seat 3: kuznez-ufa (small blind) folded before Flop
Seat 4: cppocker30 (big blind) folded on the Flop
Seat 5: kano1313 folded before Flop (didn't bet)
Seat 6: Amaral1963 folded before Flop (didn't bet)
Seat 7: Santana Carlos folded before Flop (didn't bet)
Seat 8: Dorex2007 collected ($0.18)
Seat 9: oldguyreacts folded on the Flop



PokerStars Hand #226259517376:  Hold'em No Limit ($0.01/$0.02 USD) - 2021/04/27 15:39:55 PT [2021/04/27 18:39:55 ET]
Table 'Bowell III' 9-max Seat #3 is the button
Seat 1: palmrobert60 ($2.01 in chips) 
Seat 2: rafael-nik ($1.09 in chips) 
Seat 3: kuznez-ufa ($1.93 in chips) 
Seat 4: cppocker30 ($1.21 in chips) 
Seat 5: kano1313 ($1.90 in chips) 
Seat 6: Amaral1963 ($3.39 in chips) 
Seat 7: Santana Carlos ($2.33 in chips) 
Seat 8: Dorex2007 ($2.09 in chips) 
Seat 9: oldguyreacts ($2 in chips) 
cppocker30: posts small blind $0.01
kano1313: posts big blind $0.02
*** HOLE CARDS ***
Dealt to Dorex2007 [Ts As]
Amaral1963: folds 
Santana Carlos: folds 
Dorex2007: raises $0.04 to $0.06
oldguyreacts: raises $0.12 to $0.18
palmrobert60: folds 
rafael-nik: folds 
kuznez-ufa: folds 
cppocker30: folds 
kano1313: folds 
Dorex2007: calls $0.12
*** FLOP *** [3c Jd 7s]
Dorex2007: checks 
oldguyreacts: bets $0.25
Dorex2007: folds 
Uncalled bet ($0.25) returned to oldguyreacts
oldguyreacts collected $0.38 from pot
oldguyreacts: doesn't show hand 
*** SUMMARY ***
Total pot $0.39 | Rake $0.01 
Board [3c Jd 7s]
Seat 1: palmrobert60 folded before Flop (didn't bet)
Seat 2: rafael-nik folded before Flop (didn't bet)
Seat 3: kuznez-ufa (button) folded before Flop (didn't bet)
Seat 4: cppocker30 (small blind) folded before Flop
Seat 5: kano1313 (big blind) folded before Flop
Seat 6: Amaral1963 folded before Flop (didn't bet)
Seat 7: Santana Carlos folded before Flop (didn't bet)
Seat 8: Dorex2007 folded on the Flop
Seat 9: oldguyreacts collected ($0.38)



PokerStars Hand #226259534102:  Hold'em No Limit ($0.01/$0.02 USD) - 2021/04/27 15:40:33 PT [2021/04/27 18:40:33 ET]
Table 'Bowell III' 9-max Seat #4 is the button
Seat 1: palmrobert60 ($2.01 in chips) 
Seat 2: rafael-nik ($1.09 in chips) 
Seat 3: kuznez-ufa ($1.93 in chips) 
Seat 4: cppocker30 ($1.20 in chips) 
Seat 5: kano1313 ($1.88 in chips) 
Seat 6: Amaral1963 ($3.39 in chips) 
Seat 7: Santana Carlos ($2.33 in chips) 
Seat 8: Dorex2007 ($1.91 in chips) 
Seat 9: oldguyreacts ($2.20 in chips) 
kano1313: posts small blind $0.01
Amaral1963: posts big blind $0.02
*** HOLE CARDS ***
Dealt to Dorex2007 [3c Ah]
Santana Carlos: folds 
Dorex2007: folds 
oldguyreacts: folds 
palmrobert60: folds 
rafael-nik: calls $0.02
kuznez-ufa: folds 
cppocker30: raises $1.18 to $1.20 and is all-in
kano1313: folds 
Amaral1963: folds 
Santana Carlos leaves the table
rafael-nik: folds 
Uncalled bet ($1.18) returned to cppocker30
cppocker30 collected $0.07 from pot
cppocker30: doesn't show hand 
*** SUMMARY ***
Total pot $0.07 | Rake $0 
Seat 1: palmrobert60 folded before Flop (didn't bet)
Seat 2: rafael-nik folded before Flop
Seat 3: kuznez-ufa folded before Flop (didn't bet)
Seat 4: cppocker30 (button) collected ($0.07)
Seat 5: kano1313 (small blind) folded before Flop
Seat 6: Amaral1963 (big blind) folded before Flop
Seat 7: Santana Carlos folded before Flop (didn't bet)
Seat 8: Dorex2007 folded before Flop (didn't bet)
Seat 9: oldguyreacts folded before Flop (didn't bet)



PokerStars Hand #226259555241:  Hold'em No Limit ($0.01/$0.02 USD) - 2021/04/27 15:41:21 PT [2021/04/27 18:41:21 ET]
Table 'Bowell III' 9-max Seat #5 is the button
Seat 1: palmrobert60 ($2.01 in chips) 
Seat 2: rafael-nik ($1.07 in chips) 
Seat 3: kuznez-ufa ($1.93 in chips) 
Seat 4: cppocker30 ($1.25 in chips) 
Seat 5: kano1313 ($1.87 in chips) 
Seat 6: Amaral1963 ($3.37 in chips) 
Seat 8: Dorex2007 ($2 in chips) 
Seat 9: oldguyreacts ($2.20 in chips) 
Amaral1963: posts small blind $0.01
Dorex2007: posts big blind $0.02
*** HOLE CARDS ***
Dealt to Dorex2007 [Tc Qs]
oldguyreacts: folds 
palmrobert60: folds 
rafael-nik: folds 
trueJamaican joins the table at seat #7 
kuznez-ufa: raises $0.04 to $0.06
cppocker30: folds 
kano1313: folds 
Amaral1963: calls $0.05
Dorex2007: calls $0.04
*** FLOP *** [4h 3c 5h]
Amaral1963: bets $0.02
Dorex2007: calls $0.02
kuznez-ufa: raises $0.05 to $0.07
Amaral1963: folds 
Dorex2007: folds 
Uncalled bet ($0.05) returned to kuznez-ufa
kuznez-ufa collected $0.23 from pot
kuznez-ufa: doesn't show hand 
*** SUMMARY ***
Total pot $0.24 | Rake $0.01 
Board [4h 3c 5h]
Seat 1: palmrobert60 folded before Flop (didn't bet)
Seat 2: rafael-nik folded before Flop (didn't bet)
Seat 3: kuznez-ufa collected ($0.23)
Seat 4: cppocker30 folded before Flop (didn't bet)
Seat 5: kano1313 (button) folded before Flop (didn't bet)
Seat 6: Amaral1963 (small blind) folded on the Flop
Seat 8: Dorex2007 (big blind) folded on the Flop
Seat 9: oldguyreacts folded before Flop (didn't bet)



PokerStars Hand #226259578082:  Hold'em No Limit ($0.01/$0.02 USD) - 2021/04/27 15:42:14 PT [2021/04/27 18:42:14 ET]
Table 'Bowell III' 9-max Seat #6 is the button
Seat 1: palmrobert60 ($2.01 in chips) 
Seat 2: rafael-nik ($1.07 in chips) 
Seat 3: kuznez-ufa ($2.08 in chips) 
Seat 4: cppocker30 ($1.25 in chips) 
Seat 5: kano1313 ($1.87 in chips) 
Seat 6: Amaral1963 ($3.29 in chips) 
Seat 8: Dorex2007 ($1.92 in chips) 
Seat 9: oldguyreacts ($2.20 in chips) 
Dorex2007: posts small blind $0.01
oldguyreacts: posts big blind $0.02
*** HOLE CARDS ***
Dealt to Dorex2007 [6h Qd]
palmrobert60: calls $0.02
rafael-nik: calls $0.02
kuznez-ufa: folds 
cppocker30: folds 
kano1313: folds 
Amaral1963: folds 
Dorex2007: calls $0.01
oldguyreacts: raises $0.12 to $0.14
palmrobert60: calls $0.12
rafael-nik: folds 
Dorex2007: folds 
*** FLOP *** [3h Ts Kd]
oldguyreacts: bets $0.21
palmrobert60: folds 
Uncalled bet ($0.21) returned to oldguyreacts
oldguyreacts collected $0.31 from pot
oldguyreacts: doesn't show hand 
*** SUMMARY ***
Total pot $0.32 | Rake $0.01 
Board [3h Ts Kd]
Seat 1: palmrobert60 folded on the Flop
Seat 2: rafael-nik folded before Flop
Seat 3: kuznez-ufa folded before Flop (didn't bet)
Seat 4: cppocker30 folded before Flop (didn't bet)
Seat 5: kano1313 folded before Flop (didn't bet)
Seat 6: Amaral1963 (button) folded before Flop (didn't bet)
Seat 8: Dorex2007 (small blind) folded before Flop
Seat 9: oldguyreacts (big blind) collected ($0.31)



PokerStars Hand #226259603033:  Hold'em No Limit ($0.01/$0.02 USD) - 2021/04/27 15:43:11 PT [2021/04/27 18:43:11 ET]
Table 'Bowell III' 9-max Seat #8 is the button
Seat 1: palmrobert60 ($1.87 in chips) 
Seat 2: rafael-nik ($1.05 in chips) 
Seat 3: kuznez-ufa ($2.08 in chips) 
Seat 4: cppocker30 ($1.25 in chips) 
Seat 5: kano1313 ($1.87 in chips) 
Seat 6: Amaral1963 ($3.29 in chips) 
Seat 8: Dorex2007 ($1.98 in chips) 
Seat 9: oldguyreacts ($2.37 in chips) 
oldguyreacts: posts small blind $0.01
palmrobert60: posts big blind $0.02
trueJamaican: sits out 
*** HOLE CARDS ***
Dealt to Dorex2007 [Th Kh]
rafael-nik: calls $0.02
kuznez-ufa: folds 
cppocker30: folds 
kano1313: folds 
Amaral1963 has timed out
Amaral1963: folds 
Dorex2007: raises $0.04 to $0.06
oldguyreacts: folds 
palmrobert60: calls $0.04
rafael-nik: calls $0.04
*** FLOP *** [5h 3d As]
palmrobert60: checks 
rafael-nik: checks 
Dorex2007: bets $0.18
palmrobert60: calls $0.18
rafael-nik: folds 
*** TURN *** [5h 3d As] [Ac]
palmrobert60: checks 
Dorex2007: bets $0.53
palmrobert60: calls $0.53
*** RIVER *** [5h 3d As Ac] [Jc]
palmrobert60: checks 
Dorex2007: bets $1.21 and is all-in
palmrobert60: calls $1.10 and is all-in
Uncalled bet ($0.11) returned to Dorex2007
*** SHOW DOWN ***
Dorex2007: shows [Th Kh] (a pair of Aces)
palmrobert60: shows [Td Ah] (three of a kind, Aces)
palmrobert60 collected $3.68 from pot
*** SUMMARY ***
Total pot $3.81 | Rake $0.13 
Board [5h 3d As Ac Jc]
Seat 1: palmrobert60 (big blind) showed [Td Ah] and won ($3.68) with three of a kind, Aces
Seat 2: rafael-nik folded on the Flop
Seat 3: kuznez-ufa folded before Flop (didn't bet)
Seat 4: cppocker30 folded before Flop (didn't bet)
Seat 5: kano1313 folded before Flop (didn't bet)
Seat 6: Amaral1963 folded before Flop (didn't bet)
Seat 8: Dorex2007 (button) showed [Th Kh] and lost with a pair of Aces
Seat 9: oldguyreacts (small blind) folded before Flop



