PokerStars Hand #227009043078:  Hold'em No Limit ($0.01/$0.02 USD) - 2021/05/23 13:25:53 PT [2021/05/23 16:25:53 ET]
Table 'Crocus III' 9-max Seat #8 is the button
Seat 1: Dorex2007 ($2 in chips) 
Seat 2: SuperTrampoz ($0.59 in chips) 
Seat 3: eagleow ($2.02 in chips) 
Seat 4: Theo53842 ($1.98 in chips) 
Seat 5: AAAlexan ($1.60 in chips) 
Seat 7: nefastibu! ($1.96 in chips) 
Seat 8: FilMiami ($0.54 in chips) 
Seat 9: WLOLW rrrrr ($3.60 in chips) 
WLOLW rrrrr: posts small blind $0.01
Dorex2007: posts big blind $0.02
pokereule754: sits out 
*** HOLE CARDS ***
Dealt to Dorex2007 [6s Ah]
SuperTrampoz: folds 
eagleow: folds 
Theo53842: folds 
AAAlexan: calls $0.02
nefastibu!: folds 
FilMiami: raises $0.06 to $0.08
WLOLW rrrrr: calls $0.07
Dorex2007: folds 
AAAlexan: calls $0.06
*** FLOP *** [Kd Qs 2c]
WLOLW rrrrr: checks 
AAAlexan: bets $0.02
FilMiami: calls $0.02
WLOLW rrrrr: calls $0.02
*** TURN *** [Kd Qs 2c] [6d]
WLOLW rrrrr: checks 
AAAlexan: bets $0.04
FilMiami: calls $0.04
WLOLW rrrrr: calls $0.04
*** RIVER *** [Kd Qs 2c 6d] [7c]
WLOLW rrrrr: checks 
AAAlexan: bets $0.08
FilMiami: calls $0.08
WLOLW rrrrr: calls $0.08
*** SHOW DOWN ***
AAAlexan: shows [3h 2d] (a pair of Deuces)
FilMiami: shows [4h 4d] (a pair of Fours)
WLOLW rrrrr: shows [8h 8s] (a pair of Eights)
WLOLW rrrrr collected $0.66 from pot
*** SUMMARY ***
Total pot $0.68 | Rake $0.02 
Board [Kd Qs 2c 6d 7c]
Seat 1: Dorex2007 (big blind) folded before Flop
Seat 2: SuperTrampoz folded before Flop (didn't bet)
Seat 3: eagleow folded before Flop (didn't bet)
Seat 4: Theo53842 folded before Flop (didn't bet)
Seat 5: AAAlexan showed [3h 2d] and lost with a pair of Deuces
Seat 7: nefastibu! folded before Flop (didn't bet)
Seat 8: FilMiami (button) showed [4h 4d] and lost with a pair of Fours
Seat 9: WLOLW rrrrr (small blind) showed [8h 8s] and won ($0.66) with a pair of Eights



PokerStars Hand #227009082111:  Hold'em No Limit ($0.01/$0.02 USD) - 2021/05/23 13:26:57 PT [2021/05/23 16:26:57 ET]
Table 'Crocus III' 9-max Seat #9 is the button
Seat 1: Dorex2007 ($1.98 in chips) 
Seat 2: SuperTrampoz ($0.59 in chips) 
Seat 3: eagleow ($2.02 in chips) 
Seat 4: Theo53842 ($1.98 in chips) 
Seat 5: AAAlexan ($1.38 in chips) 
Seat 7: nefastibu! ($1.96 in chips) 
Seat 8: FilMiami ($0.32 in chips) 
Seat 9: WLOLW rrrrr ($4.04 in chips) 
Dorex2007: posts small blind $0.01
SuperTrampoz: posts big blind $0.02
pokereule754: sits out 
*** HOLE CARDS ***
Dealt to Dorex2007 [Js 6s]
eagleow: folds 
Theo53842: folds 
AAAlexan: raises $0.05 to $0.07
nefastibu!: folds 
FilMiami: folds 
WLOLW rrrrr: calls $0.07
Dorex2007: folds 
SuperTrampoz: calls $0.05
*** FLOP *** [8h 4d Th]
SuperTrampoz: checks 
AAAlexan: bets $0.10
WLOLW rrrrr: calls $0.10
SuperTrampoz: folds 
*** TURN *** [8h 4d Th] [6c]
AAAlexan: bets $0.20
WLOLW rrrrr: raises $3.67 to $3.87 and is all-in
AAAlexan: calls $1.01 and is all-in
Uncalled bet ($2.66) returned to WLOLW rrrrr
*** RIVER *** [8h 4d Th 6c] [Ks]
*** SHOW DOWN ***
AAAlexan: shows [9h 7s] (a straight, Six to Ten)
WLOLW rrrrr: shows [8s Jd] (a pair of Eights)
AAAlexan collected $2.74 from pot
*** SUMMARY ***
Total pot $2.84 | Rake $0.10 
Board [8h 4d Th 6c Ks]
Seat 1: Dorex2007 (small blind) folded before Flop
Seat 2: SuperTrampoz (big blind) folded on the Flop
Seat 3: eagleow folded before Flop (didn't bet)
Seat 4: Theo53842 folded before Flop (didn't bet)
Seat 5: AAAlexan showed [9h 7s] and won ($2.74) with a straight, Six to Ten
Seat 7: nefastibu! folded before Flop (didn't bet)
Seat 8: FilMiami folded before Flop (didn't bet)
Seat 9: WLOLW rrrrr (button) showed [8s Jd] and lost with a pair of Eights



PokerStars Hand #227009107509:  Hold'em No Limit ($0.01/$0.02 USD) - 2021/05/23 13:27:38 PT [2021/05/23 16:27:38 ET]
Table 'Crocus III' 9-max Seat #1 is the button
Seat 1: Dorex2007 ($1.97 in chips) 
Seat 2: SuperTrampoz ($0.52 in chips) 
Seat 3: eagleow ($2.02 in chips) 
Seat 4: Theo53842 ($1.98 in chips) 
Seat 5: AAAlexan ($2.74 in chips) 
Seat 7: nefastibu! ($1.96 in chips) 
Seat 8: FilMiami ($0.32 in chips) 
Seat 9: WLOLW rrrrr ($2.66 in chips) 
SuperTrampoz: posts small blind $0.01
eagleow: posts big blind $0.02
pokereule754: sits out 
*** HOLE CARDS ***
Dealt to Dorex2007 [Ts Qs]
Theo53842: calls $0.02
AAAlexan: folds 
nefastibu!: calls $0.02
FilMiami: folds 
WLOLW rrrrr: folds 
Dorex2007: folds 
SuperTrampoz: calls $0.01
eagleow: checks 
*** FLOP *** [2d 3s 7s]
SuperTrampoz: checks 
eagleow: checks 
Theo53842: checks 
nefastibu!: checks 
*** TURN *** [2d 3s 7s] [2c]
SuperTrampoz: checks 
eagleow: checks 
Theo53842: checks 
nefastibu!: checks 
*** RIVER *** [2d 3s 7s 2c] [Jd]
SuperTrampoz: checks 
eagleow: checks 
Theo53842: checks 
nefastibu!: checks 
*** SHOW DOWN ***
SuperTrampoz: shows [6d Kd] (a pair of Deuces)
eagleow: mucks hand 
Theo53842: shows [Ac 9s] (a pair of Deuces - Ace kicker)
nefastibu!: shows [Ah Td] (a pair of Deuces - Ace+Jack+Ten kicker)
nefastibu! collected $0.08 from pot
*** SUMMARY ***
Total pot $0.08 | Rake $0 
Board [2d 3s 7s 2c Jd]
Seat 1: Dorex2007 (button) folded before Flop (didn't bet)
Seat 2: SuperTrampoz (small blind) showed [6d Kd] and lost with a pair of Deuces
Seat 3: eagleow (big blind) mucked [4d 8d]
Seat 4: Theo53842 showed [Ac 9s] and lost with a pair of Deuces
Seat 5: AAAlexan folded before Flop (didn't bet)
Seat 7: nefastibu! showed [Ah Td] and won ($0.08) with a pair of Deuces
Seat 8: FilMiami folded before Flop (didn't bet)
Seat 9: WLOLW rrrrr folded before Flop (didn't bet)



PokerStars Hand #227009130277:  Hold'em No Limit ($0.01/$0.02 USD) - 2021/05/23 13:28:16 PT [2021/05/23 16:28:16 ET]
Table 'Crocus III' 9-max Seat #2 is the button
Seat 1: Dorex2007 ($1.97 in chips) 
Seat 2: SuperTrampoz ($0.50 in chips) 
Seat 3: eagleow ($2 in chips) 
Seat 4: Theo53842 ($1.96 in chips) 
Seat 5: AAAlexan ($2.74 in chips) 
Seat 7: nefastibu! ($2.02 in chips) 
Seat 8: FilMiami ($0.32 in chips) 
Seat 9: WLOLW rrrrr ($2.66 in chips) 
eagleow: posts small blind $0.01
Theo53842: posts big blind $0.02
pokereule754: sits out 
*** HOLE CARDS ***
Dealt to Dorex2007 [6c Jh]
AAAlexan: calls $0.02
nefastibu!: folds 
FilMiami: raises $0.04 to $0.06
WLOLW rrrrr: folds 
Dorex2007: folds 
SuperTrampoz: calls $0.06
eagleow: folds 
Theo53842: folds 
AAAlexan: calls $0.04
*** FLOP *** [Js Qc 3c]
AAAlexan: checks 
FilMiami: checks 
SuperTrampoz: bets $0.10
AAAlexan: folds 
FilMiami: calls $0.10
*** TURN *** [Js Qc 3c] [Tc]
FilMiami: checks 
SuperTrampoz: bets $0.34 and is all-in
FilMiami: calls $0.16 and is all-in
Uncalled bet ($0.18) returned to SuperTrampoz
*** RIVER *** [Js Qc 3c Tc] [Qd]
*** SHOW DOWN ***
FilMiami: shows [9c 9d] (two pair, Queens and Nines)
SuperTrampoz: shows [Ts Qh] (a full house, Queens full of Tens)
SuperTrampoz collected $0.70 from pot
*** SUMMARY ***
Total pot $0.73 | Rake $0.03 
Board [Js Qc 3c Tc Qd]
Seat 1: Dorex2007 folded before Flop (didn't bet)
Seat 2: SuperTrampoz (button) showed [Ts Qh] and won ($0.70) with a full house, Queens full of Tens
Seat 3: eagleow (small blind) folded before Flop
Seat 4: Theo53842 (big blind) folded before Flop
Seat 5: AAAlexan folded on the Flop
Seat 7: nefastibu! folded before Flop (didn't bet)
Seat 8: FilMiami showed [9c 9d] and lost with two pair, Queens and Nines
Seat 9: WLOLW rrrrr folded before Flop (didn't bet)



PokerStars Hand #227009163898:  Hold'em No Limit ($0.01/$0.02 USD) - 2021/05/23 13:29:09 PT [2021/05/23 16:29:09 ET]
Table 'Crocus III' 9-max Seat #3 is the button
Seat 1: Dorex2007 ($1.97 in chips) 
Seat 2: SuperTrampoz ($0.88 in chips) 
Seat 3: eagleow ($1.99 in chips) 
Seat 4: Theo53842 ($1.94 in chips) 
Seat 5: AAAlexan ($2.68 in chips) 
Seat 7: nefastibu! ($2.02 in chips) 
Seat 9: WLOLW rrrrr ($2.66 in chips) 
Theo53842: posts small blind $0.01
AAAlexan: posts big blind $0.02
pokereule754: sits out 
*** HOLE CARDS ***
Dealt to Dorex2007 [4d 7d]
nefastibu!: calls $0.02
WLOLW rrrrr: folds 
Dorex2007: folds 
SuperTrampoz: raises $0.04 to $0.06
eagleow: folds 
Theo53842: folds 
AAAlexan: calls $0.04
nefastibu!: raises $0.06 to $0.12
SuperTrampoz: calls $0.06
AAAlexan: calls $0.06
*** FLOP *** [Kh 5h Tc]
AAAlexan: checks 
nefastibu!: bets $0.18
SuperTrampoz: calls $0.18
AAAlexan: folds 
*** TURN *** [Kh 5h Tc] [2c]
nefastibu!: bets $0.70
SuperTrampoz: folds 
Uncalled bet ($0.70) returned to nefastibu!
nefastibu! collected $0.70 from pot
nefastibu!: doesn't show hand 
*** SUMMARY ***
Total pot $0.73 | Rake $0.03 
Board [Kh 5h Tc 2c]
Seat 1: Dorex2007 folded before Flop (didn't bet)
Seat 2: SuperTrampoz folded on the Turn
Seat 3: eagleow (button) folded before Flop (didn't bet)
Seat 4: Theo53842 (small blind) folded before Flop
Seat 5: AAAlexan (big blind) folded on the Flop
Seat 7: nefastibu! collected ($0.70)
Seat 9: WLOLW rrrrr folded before Flop (didn't bet)



PokerStars Hand #227009188219:  Hold'em No Limit ($0.01/$0.02 USD) - 2021/05/23 13:29:49 PT [2021/05/23 16:29:49 ET]
Table 'Crocus III' 9-max Seat #4 is the button
Seat 1: Dorex2007 ($1.97 in chips) 
Seat 2: SuperTrampoz ($0.58 in chips) 
Seat 3: eagleow ($1.99 in chips) 
Seat 4: Theo53842 ($1.93 in chips) 
Seat 5: AAAlexan ($2.56 in chips) 
Seat 6: pokereule754 ($2 in chips) 
Seat 7: nefastibu! ($2.42 in chips) 
Seat 8: FilMiami ($0.80 in chips) 
Seat 9: WLOLW rrrrr ($2.66 in chips) 
AAAlexan: posts small blind $0.01
pokereule754: posts big blind $0.02
*** HOLE CARDS ***
Dealt to Dorex2007 [7c Qd]
nefastibu!: folds 
FilMiami: raises $0.05 to $0.07
WLOLW rrrrr: folds 
Dorex2007: folds 
SuperTrampoz: calls $0.07
eagleow: folds 
Theo53842: folds 
AAAlexan: calls $0.06
pokereule754: folds 
*** FLOP *** [8h 3c Ad]
AAAlexan: bets $0.02
FilMiami: raises $0.07 to $0.09
SuperTrampoz: folds 
AAAlexan: calls $0.07
*** TURN *** [8h 3c Ad] [6h]
AAAlexan: checks 
FilMiami: bets $0.14
AAAlexan: folds 
Uncalled bet ($0.14) returned to FilMiami
FilMiami collected $0.40 from pot
FilMiami: doesn't show hand 
*** SUMMARY ***
Total pot $0.41 | Rake $0.01 
Board [8h 3c Ad 6h]
Seat 1: Dorex2007 folded before Flop (didn't bet)
Seat 2: SuperTrampoz folded on the Flop
Seat 3: eagleow folded before Flop (didn't bet)
Seat 4: Theo53842 (button) folded before Flop (didn't bet)
Seat 5: AAAlexan (small blind) folded on the Turn
Seat 6: pokereule754 (big blind) folded before Flop
Seat 7: nefastibu! folded before Flop (didn't bet)
Seat 8: FilMiami collected ($0.40)
Seat 9: WLOLW rrrrr folded before Flop (didn't bet)



PokerStars Hand #227009212851:  Hold'em No Limit ($0.01/$0.02 USD) - 2021/05/23 13:30:30 PT [2021/05/23 16:30:30 ET]
Table 'Crocus III' 9-max Seat #5 is the button
Seat 1: Dorex2007 ($1.97 in chips) 
Seat 2: SuperTrampoz ($0.51 in chips) 
Seat 3: eagleow ($1.99 in chips) 
Seat 4: Theo53842 ($1.93 in chips) 
Seat 5: AAAlexan ($2.40 in chips) 
Seat 6: pokereule754 ($2 in chips) 
Seat 7: nefastibu! ($2.42 in chips) 
Seat 8: FilMiami ($1.04 in chips) 
Seat 9: WLOLW rrrrr ($2.66 in chips) 
pokereule754: posts small blind $0.01
nefastibu!: posts big blind $0.02
*** HOLE CARDS ***
Dealt to Dorex2007 [8h 8d]
FilMiami: folds 
WLOLW rrrrr: folds 
Dorex2007: raises $0.02 to $0.04
SuperTrampoz: calls $0.04
eagleow: folds 
Theo53842: folds 
AAAlexan: calls $0.04
pokereule754: folds 
nefastibu!: calls $0.02
*** FLOP *** [4s 7c 2s]
nefastibu!: checks 
Dorex2007: bets $0.11
SuperTrampoz: folds 
AAAlexan: calls $0.11
nefastibu!: folds 
*** TURN *** [4s 7c 2s] [5s]
Dorex2007: checks 
AAAlexan: bets $0.19
Dorex2007: calls $0.19
*** RIVER *** [4s 7c 2s 5s] [3h]
Dorex2007: bets $0.37
AAAlexan: calls $0.37
*** SHOW DOWN ***
Dorex2007: shows [8h 8d] (a pair of Eights)
AAAlexan: shows [3c 5h] (two pair, Fives and Threes)
AAAlexan collected $1.46 from pot
*** SUMMARY ***
Total pot $1.51 | Rake $0.05 
Board [4s 7c 2s 5s 3h]
Seat 1: Dorex2007 showed [8h 8d] and lost with a pair of Eights
Seat 2: SuperTrampoz folded on the Flop
Seat 3: eagleow folded before Flop (didn't bet)
Seat 4: Theo53842 folded before Flop (didn't bet)
Seat 5: AAAlexan (button) showed [3c 5h] and won ($1.46) with two pair, Fives and Threes
Seat 6: pokereule754 (small blind) folded before Flop
Seat 7: nefastibu! (big blind) folded on the Flop
Seat 8: FilMiami folded before Flop (didn't bet)
Seat 9: WLOLW rrrrr folded before Flop (didn't bet)



PokerStars Hand #227009255081:  Hold'em No Limit ($0.01/$0.02 USD) - 2021/05/23 13:31:23 PT [2021/05/23 16:31:23 ET]
Table 'Crocus III' 9-max Seat #6 is the button
Seat 1: Dorex2007 ($1.26 in chips) 
Seat 2: SuperTrampoz ($0.47 in chips) 
Seat 3: eagleow ($1.99 in chips) 
Seat 4: Theo53842 ($1.93 in chips) 
Seat 5: AAAlexan ($3.15 in chips) 
Seat 6: pokereule754 ($2 in chips) 
Seat 7: nefastibu! ($2.38 in chips) 
Seat 8: FilMiami ($1.04 in chips) 
Seat 9: WLOLW rrrrr ($2.66 in chips) 
nefastibu!: posts small blind $0.01
FilMiami: posts big blind $0.02
*** HOLE CARDS ***
Dealt to Dorex2007 [2h Th]
WLOLW rrrrr: folds 
Dorex2007: folds 
SuperTrampoz: raises $0.04 to $0.06
eagleow: folds 
Theo53842: folds 
AAAlexan: calls $0.06
pokereule754: folds 
nefastibu!: calls $0.05
FilMiami: folds 
*** FLOP *** [Td Kd 4c]
nefastibu!: checks 
SuperTrampoz: bets $0.10
AAAlexan: calls $0.10
nefastibu!: calls $0.10
*** TURN *** [Td Kd 4c] [5d]
nefastibu!: checks 
SuperTrampoz: bets $0.31 and is all-in
AAAlexan: calls $0.31
nefastibu!: folds 
*** RIVER *** [Td Kd 4c 5d] [6s]
*** SHOW DOWN ***
SuperTrampoz: shows [Jd Qc] (high card King)
AAAlexan: shows [8s Kc] (a pair of Kings)
AAAlexan cashed out the hand for $0.70 | Cash Out Fee $0.01
*** SUMMARY ***
Total pot $1.12 | Rake $0.04 
Board [Td Kd 4c 5d 6s]
Seat 1: Dorex2007 folded before Flop (didn't bet)
Seat 2: SuperTrampoz showed [Jd Qc] and lost with high card King
Seat 3: eagleow folded before Flop (didn't bet)
Seat 4: Theo53842 folded before Flop (didn't bet)
Seat 5: AAAlexan showed [8s Kc] and won ($1.08) with a pair of Kings (pot not awarded as player cashed out)
Seat 6: pokereule754 (button) folded before Flop (didn't bet)
Seat 7: nefastibu! (small blind) folded on the Turn
Seat 8: FilMiami (big blind) folded before Flop
Seat 9: WLOLW rrrrr folded before Flop (didn't bet)



PokerStars Hand #227009286442:  Hold'em No Limit ($0.01/$0.02 USD) - 2021/05/23 13:32:15 PT [2021/05/23 16:32:15 ET]
Table 'Crocus III' 9-max Seat #7 is the button
Seat 1: Dorex2007 ($2 in chips) 
Seat 3: eagleow ($1.99 in chips) 
Seat 4: Theo53842 ($1.93 in chips) 
Seat 5: AAAlexan ($3.38 in chips) 
Seat 6: pokereule754 ($2 in chips) 
Seat 7: nefastibu! ($2.22 in chips) 
Seat 8: FilMiami ($1.02 in chips) 
Seat 9: WLOLW rrrrr ($2.66 in chips) 
FilMiami: posts small blind $0.01
WLOLW rrrrr: posts big blind $0.02
*** HOLE CARDS ***
Dealt to Dorex2007 [6d 7s]
SuperTrampoz leaves the table
Dorex2007: folds 
eagleow: folds 
Johnson141 joins the table at seat #2 
Theo53842: folds 
AAAlexan: calls $0.02
pokereule754: folds 
nefastibu!: folds 
FilMiami: raises $0.06 to $0.08
WLOLW rrrrr: folds 
AAAlexan: calls $0.06
*** FLOP *** [6h 2h 4c]
FilMiami: checks 
AAAlexan: checks 
*** TURN *** [6h 2h 4c] [Jc]
FilMiami: checks 
AAAlexan: checks 
*** RIVER *** [6h 2h 4c Jc] [Js]
FilMiami: checks 
AAAlexan: bets $0.08
FilMiami: calls $0.08
*** SHOW DOWN ***
AAAlexan: shows [8d Ac] (a pair of Jacks)
FilMiami: shows [Ah Ts] (a pair of Jacks - Ace+Ten kicker)
FilMiami collected $0.33 from pot
*** SUMMARY ***
Total pot $0.34 | Rake $0.01 
Board [6h 2h 4c Jc Js]
Seat 1: Dorex2007 folded before Flop (didn't bet)
Seat 3: eagleow folded before Flop (didn't bet)
Seat 4: Theo53842 folded before Flop (didn't bet)
Seat 5: AAAlexan showed [8d Ac] and lost with a pair of Jacks
Seat 6: pokereule754 folded before Flop (didn't bet)
Seat 7: nefastibu! (button) folded before Flop (didn't bet)
Seat 8: FilMiami (small blind) showed [Ah Ts] and won ($0.33) with a pair of Jacks
Seat 9: WLOLW rrrrr (big blind) folded before Flop



PokerStars Hand #227009339483:  Hold'em No Limit ($0.01/$0.02 USD) - 2021/05/23 13:33:40 PT [2021/05/23 16:33:40 ET]
Table 'Crocus III' 9-max Seat #8 is the button
Seat 1: Dorex2007 ($2 in chips) 
Seat 3: eagleow ($1.99 in chips) 
Seat 4: Theo53842 ($1.93 in chips) 
Seat 5: AAAlexan ($3.22 in chips) 
Seat 6: pokereule754 ($2 in chips) 
Seat 7: nefastibu! ($2.22 in chips) 
Seat 8: FilMiami ($1.19 in chips) 
Seat 9: WLOLW rrrrr ($2.64 in chips) 
WLOLW rrrrr: posts small blind $0.01
Dorex2007: posts big blind $0.02
Johnson141: sits out 
*** HOLE CARDS ***
Dealt to Dorex2007 [Jd 6d]
eagleow: folds 
Theo53842: folds 
AAAlexan: calls $0.02
pokereule754: folds 
Johnson141 leaves the table
nefastibu!: calls $0.02
FilMiami: raises $0.10 to $0.12
WLOLW rrrrr: folds 
Adr3nochrome joins the table at seat #2 
Dorex2007: folds 
AAAlexan: folds 
nefastibu!: raises $0.10 to $0.22
FilMiami: calls $0.10
*** FLOP *** [8s 7h 9c]
nefastibu!: bets $0.24
FilMiami: folds 
Uncalled bet ($0.24) returned to nefastibu!
nefastibu! collected $0.47 from pot
nefastibu!: doesn't show hand 
*** SUMMARY ***
Total pot $0.49 | Rake $0.02 
Board [8s 7h 9c]
Seat 1: Dorex2007 (big blind) folded before Flop
Seat 3: eagleow folded before Flop (didn't bet)
Seat 4: Theo53842 folded before Flop (didn't bet)
Seat 5: AAAlexan folded before Flop
Seat 6: pokereule754 folded before Flop (didn't bet)
Seat 7: nefastibu! collected ($0.47)
Seat 8: FilMiami (button) folded on the Flop
Seat 9: WLOLW rrrrr (small blind) folded before Flop



PokerStars Hand #227009370445:  Hold'em No Limit ($0.01/$0.02 USD) - 2021/05/23 13:34:31 PT [2021/05/23 16:34:31 ET]
Table 'Crocus III' 9-max Seat #9 is the button
Seat 1: Dorex2007 ($1.98 in chips) 
Seat 2: Adr3nochrome ($2 in chips) 
Seat 3: eagleow ($1.99 in chips) 
Seat 4: Theo53842 ($1.93 in chips) 
Seat 5: AAAlexan ($3.20 in chips) 
Seat 6: pokereule754 ($2 in chips) 
Seat 7: nefastibu! ($2.47 in chips) 
Seat 8: FilMiami ($0.97 in chips) 
Seat 9: WLOLW rrrrr ($2.63 in chips) 
Dorex2007: posts small blind $0.01
Adr3nochrome: posts big blind $0.02
*** HOLE CARDS ***
Dealt to Dorex2007 [2h 3c]
eagleow: folds 
Theo53842: folds 
AAAlexan: raises $0.05 to $0.07
pokereule754: folds 
nefastibu!: folds 
FilMiami: calls $0.07
WLOLW rrrrr: raises $0.23 to $0.30
Dorex2007: folds 
Adr3nochrome: folds 
AAAlexan: calls $0.23
FilMiami: folds 
*** FLOP *** [Kd 5c 7s]
AAAlexan: checks 
WLOLW rrrrr: bets $0.45
AAAlexan: folds 
Uncalled bet ($0.45) returned to WLOLW rrrrr
WLOLW rrrrr collected $0.68 from pot
WLOLW rrrrr: doesn't show hand 
*** SUMMARY ***
Total pot $0.70 | Rake $0.02 
Board [Kd 5c 7s]
Seat 1: Dorex2007 (small blind) folded before Flop
Seat 2: Adr3nochrome (big blind) folded before Flop
Seat 3: eagleow folded before Flop (didn't bet)
Seat 4: Theo53842 folded before Flop (didn't bet)
Seat 5: AAAlexan folded on the Flop
Seat 6: pokereule754 folded before Flop (didn't bet)
Seat 7: nefastibu! folded before Flop (didn't bet)
Seat 8: FilMiami folded before Flop
Seat 9: WLOLW rrrrr (button) collected ($0.68)



PokerStars Hand #227009393065:  Hold'em No Limit ($0.01/$0.02 USD) - 2021/05/23 13:35:08 PT [2021/05/23 16:35:08 ET]
Table 'Crocus III' 9-max Seat #1 is the button
Seat 1: Dorex2007 ($1.97 in chips) 
Seat 2: Adr3nochrome ($1.98 in chips) 
Seat 3: eagleow ($1.99 in chips) 
Seat 4: Theo53842 ($1.93 in chips) 
Seat 5: AAAlexan ($2.90 in chips) 
Seat 6: pokereule754 ($2 in chips) 
Seat 7: nefastibu! ($2.47 in chips) 
Seat 8: FilMiami ($0.90 in chips) 
Seat 9: WLOLW rrrrr ($3.01 in chips) 
Adr3nochrome: posts small blind $0.01
eagleow: posts big blind $0.02
*** HOLE CARDS ***
Dealt to Dorex2007 [9h 3h]
Theo53842 has timed out
Theo53842: folds 
AAAlexan: raises $0.06 to $0.08
pokereule754: calls $0.08
nefastibu!: folds 
FilMiami: folds 
WLOLW rrrrr: folds 
Dorex2007: folds 
Adr3nochrome: folds 
eagleow: raises $0.17 to $0.25
AAAlexan: calls $0.17
pokereule754: folds 
*** FLOP *** [Qd Qs Qc]
eagleow: checks 
AAAlexan: checks 
*** TURN *** [Qd Qs Qc] [8h]
eagleow: bets $0.57
AAAlexan: folds 
Uncalled bet ($0.57) returned to eagleow
eagleow collected $0.57 from pot
eagleow: doesn't show hand 
*** SUMMARY ***
Total pot $0.59 | Rake $0.02 
Board [Qd Qs Qc 8h]
Seat 1: Dorex2007 (button) folded before Flop (didn't bet)
Seat 2: Adr3nochrome (small blind) folded before Flop
Seat 3: eagleow (big blind) collected ($0.57)
Seat 4: Theo53842 folded before Flop (didn't bet)
Seat 5: AAAlexan folded on the Turn
Seat 6: pokereule754 folded before Flop
Seat 7: nefastibu! folded before Flop (didn't bet)
Seat 8: FilMiami folded before Flop (didn't bet)
Seat 9: WLOLW rrrrr folded before Flop (didn't bet)



PokerStars Hand #227009420094:  Hold'em No Limit ($0.01/$0.02 USD) - 2021/05/23 13:35:51 PT [2021/05/23 16:35:51 ET]
Table 'Crocus III' 9-max Seat #2 is the button
Seat 1: Dorex2007 ($1.97 in chips) 
Seat 2: Adr3nochrome ($1.97 in chips) 
Seat 3: eagleow ($2.31 in chips) 
Seat 4: Theo53842 ($1.93 in chips) 
Seat 5: AAAlexan ($2.65 in chips) 
Seat 6: pokereule754 ($2 in chips) 
Seat 7: nefastibu! ($2.47 in chips) 
Seat 8: FilMiami ($0.90 in chips) 
Seat 9: WLOLW rrrrr ($3.01 in chips) 
eagleow: posts small blind $0.01
Theo53842: posts big blind $0.02
*** HOLE CARDS ***
Dealt to Dorex2007 [6h Th]
AAAlexan: raises $0.05 to $0.07
pokereule754: folds 
nefastibu!: folds 
FilMiami: folds 
WLOLW rrrrr: folds 
Dorex2007: folds 
Adr3nochrome: folds 
eagleow: folds 
Theo53842: folds 
Uncalled bet ($0.05) returned to AAAlexan
AAAlexan collected $0.05 from pot
AAAlexan: doesn't show hand 
*** SUMMARY ***
Total pot $0.05 | Rake $0 
Seat 1: Dorex2007 folded before Flop (didn't bet)
Seat 2: Adr3nochrome (button) folded before Flop (didn't bet)
Seat 3: eagleow (small blind) folded before Flop
Seat 4: Theo53842 (big blind) folded before Flop
Seat 5: AAAlexan collected ($0.05)
Seat 6: pokereule754 folded before Flop (didn't bet)
Seat 7: nefastibu! folded before Flop (didn't bet)
Seat 8: FilMiami folded before Flop (didn't bet)
Seat 9: WLOLW rrrrr folded before Flop (didn't bet)



PokerStars Hand #227009431855:  Hold'em No Limit ($0.01/$0.02 USD) - 2021/05/23 13:36:10 PT [2021/05/23 16:36:10 ET]
Table 'Crocus III' 9-max Seat #3 is the button
Seat 1: Dorex2007 ($1.97 in chips) 
Seat 2: Adr3nochrome ($1.97 in chips) 
Seat 3: eagleow ($2.30 in chips) 
Seat 4: Theo53842 ($1.91 in chips) 
Seat 5: AAAlexan ($2.68 in chips) 
Seat 6: pokereule754 ($2 in chips) 
Seat 7: nefastibu! ($2.47 in chips) 
Seat 8: FilMiami ($0.90 in chips) 
Seat 9: WLOLW rrrrr ($3.01 in chips) 
Theo53842: posts small blind $0.01
AAAlexan: posts big blind $0.02
*** HOLE CARDS ***
Dealt to Dorex2007 [7h 5h]
pokereule754: folds 
nefastibu!: folds 
FilMiami: folds 
WLOLW rrrrr: folds 
Dorex2007: folds 
Adr3nochrome: raises $0.04 to $0.06
eagleow: folds 
Theo53842: folds 
AAAlexan: calls $0.04
*** FLOP *** [4c Tc 2s]
AAAlexan: checks 
Adr3nochrome: checks 
*** TURN *** [4c Tc 2s] [Qd]
AAAlexan: checks 
Adr3nochrome: checks 
*** RIVER *** [4c Tc 2s Qd] [2c]
AAAlexan: checks 
Adr3nochrome: checks 
*** SHOW DOWN ***
AAAlexan: shows [9h 7c] (a pair of Deuces)
Adr3nochrome: shows [Ac Kd] (a pair of Deuces - Ace kicker)
Adr3nochrome collected $0.13 from pot
*** SUMMARY ***
Total pot $0.13 | Rake $0 
Board [4c Tc 2s Qd 2c]
Seat 1: Dorex2007 folded before Flop (didn't bet)
Seat 2: Adr3nochrome showed [Ac Kd] and won ($0.13) with a pair of Deuces
Seat 3: eagleow (button) folded before Flop (didn't bet)
Seat 4: Theo53842 (small blind) folded before Flop
Seat 5: AAAlexan (big blind) showed [9h 7c] and lost with a pair of Deuces
Seat 6: pokereule754 folded before Flop (didn't bet)
Seat 7: nefastibu! folded before Flop (didn't bet)
Seat 8: FilMiami folded before Flop (didn't bet)
Seat 9: WLOLW rrrrr folded before Flop (didn't bet)



PokerStars Hand #227009449953:  Hold'em No Limit ($0.01/$0.02 USD) - 2021/05/23 13:36:40 PT [2021/05/23 16:36:40 ET]
Table 'Crocus III' 9-max Seat #4 is the button
Seat 1: Dorex2007 ($1.97 in chips) 
Seat 2: Adr3nochrome ($2.04 in chips) 
Seat 3: eagleow ($2.30 in chips) 
Seat 4: Theo53842 ($1.90 in chips) 
Seat 5: AAAlexan ($2.62 in chips) 
Seat 6: pokereule754 ($2 in chips) 
Seat 7: nefastibu! ($2.47 in chips) 
Seat 8: FilMiami ($0.90 in chips) 
Seat 9: WLOLW rrrrr ($3.01 in chips) 
AAAlexan: posts small blind $0.01
pokereule754: posts big blind $0.02
*** HOLE CARDS ***
Dealt to Dorex2007 [Qs 2c]
nefastibu!: calls $0.02
FilMiami: folds 
WLOLW rrrrr: raises $0.10 to $0.12
Dorex2007: folds 
Adr3nochrome: folds 
eagleow: folds 
Theo53842: folds 
AAAlexan: folds 
pokereule754: folds 
nefastibu!: calls $0.10
*** FLOP *** [6d Jc 6s]
AAAlexan leaves the table
nefastibu!: checks 
WLOLW rrrrr: bets $0.17
nefastibu!: folds 
Uncalled bet ($0.17) returned to WLOLW rrrrr
WLOLW rrrrr collected $0.26 from pot
WLOLW rrrrr: doesn't show hand 
*** SUMMARY ***
Total pot $0.27 | Rake $0.01 
Board [6d Jc 6s]
Seat 1: Dorex2007 folded before Flop (didn't bet)
Seat 2: Adr3nochrome folded before Flop (didn't bet)
Seat 3: eagleow folded before Flop (didn't bet)
Seat 4: Theo53842 (button) folded before Flop (didn't bet)
Seat 5: AAAlexan (small blind) folded before Flop
Seat 6: pokereule754 (big blind) folded before Flop
Seat 7: nefastibu! folded on the Flop
Seat 8: FilMiami folded before Flop (didn't bet)
Seat 9: WLOLW rrrrr collected ($0.26)



PokerStars Hand #227009472575:  Hold'em No Limit ($0.01/$0.02 USD) - 2021/05/23 13:37:18 PT [2021/05/23 16:37:18 ET]
Table 'Crocus III' 9-max Seat #6 is the button
Seat 1: Dorex2007 ($1.97 in chips) 
Seat 2: Adr3nochrome ($2.04 in chips) 
Seat 3: eagleow ($2.30 in chips) 
Seat 4: Theo53842 ($1.90 in chips) 
Seat 6: pokereule754 ($2 in chips) 
Seat 7: nefastibu! ($2.35 in chips) 
Seat 8: FilMiami ($0.90 in chips) 
Seat 9: WLOLW rrrrr ($3.15 in chips) 
nefastibu!: posts small blind $0.01
FilMiami: posts big blind $0.02
*** HOLE CARDS ***
Dealt to Dorex2007 [Td Kh]
WLOLW rrrrr: folds 
Dorex2007: folds 
Adr3nochrome: folds 
eagleow: calls $0.02
Theo53842: calls $0.02
pokereule754: calls $0.02
nefastibu!: raises $0.04 to $0.06
FilMiami: calls $0.04
eagleow: calls $0.04
Theo53842: calls $0.04
pokereule754: folds 
*** FLOP *** [9d 7d 5d]
nefastibu!: bets $0.25
FilMiami: folds 
eagleow: calls $0.25
Theo53842: folds 
*** TURN *** [9d 7d 5d] [Ah]
nefastibu!: checks 
eagleow: bets $0.21
nefastibu!: calls $0.21
*** RIVER *** [9d 7d 5d Ah] [9s]
nefastibu!: checks 
eagleow: bets $1.14
nefastibu!: folds 
Uncalled bet ($1.14) returned to eagleow
eagleow collected $1.14 from pot
eagleow: doesn't show hand 
*** SUMMARY ***
Total pot $1.18 | Rake $0.04 
Board [9d 7d 5d Ah 9s]
Seat 1: Dorex2007 folded before Flop (didn't bet)
Seat 2: Adr3nochrome folded before Flop (didn't bet)
Seat 3: eagleow collected ($1.14)
Seat 4: Theo53842 folded on the Flop
Seat 6: pokereule754 (button) folded before Flop
Seat 7: nefastibu! (small blind) folded on the River
Seat 8: FilMiami (big blind) folded on the Flop
Seat 9: WLOLW rrrrr folded before Flop (didn't bet)



PokerStars Hand #227009515309:  Hold'em No Limit ($0.01/$0.02 USD) - 2021/05/23 13:38:29 PT [2021/05/23 16:38:29 ET]
Table 'Crocus III' 9-max Seat #7 is the button
Seat 1: Dorex2007 ($1.97 in chips) 
Seat 2: Adr3nochrome ($2.04 in chips) 
Seat 3: eagleow ($2.92 in chips) 
Seat 4: Theo53842 ($1.84 in chips) 
Seat 6: pokereule754 ($2 in chips) 
Seat 7: nefastibu! ($1.83 in chips) 
Seat 8: FilMiami ($0.84 in chips) 
Seat 9: WLOLW rrrrr ($3.15 in chips) 
FilMiami: posts small blind $0.01
WLOLW rrrrr: posts big blind $0.02
*** HOLE CARDS ***
Dealt to Dorex2007 [3h 7h]
Dorex2007: folds 
Adr3nochrome: folds 
eagleow: folds 
Theo53842: calls $0.02
pokereule754: calls $0.02
nefastibu!: raises $0.02 to $0.04
FilMiami: folds 
WLOLW rrrrr: folds 
Theo53842: calls $0.02
pokereule754: calls $0.02
*** FLOP *** [Ac 6h 7c]
Theo53842: checks 
pokereule754: checks 
nefastibu!: checks 
*** TURN *** [Ac 6h 7c] [8h]
Theo53842: checks 
pokereule754: checks 
nefastibu!: checks 
*** RIVER *** [Ac 6h 7c 8h] [Qh]
Theo53842: bets $0.02
pokereule754: folds 
nefastibu!: folds 
Uncalled bet ($0.02) returned to Theo53842
Theo53842 collected $0.14 from pot
Theo53842: doesn't show hand 
*** SUMMARY ***
Total pot $0.15 | Rake $0.01 
Board [Ac 6h 7c 8h Qh]
Seat 1: Dorex2007 folded before Flop (didn't bet)
Seat 2: Adr3nochrome folded before Flop (didn't bet)
Seat 3: eagleow folded before Flop (didn't bet)
Seat 4: Theo53842 collected ($0.14)
Seat 6: pokereule754 folded on the River
Seat 7: nefastibu! (button) folded on the River
Seat 8: FilMiami (small blind) folded before Flop
Seat 9: WLOLW rrrrr (big blind) folded before Flop



PokerStars Hand #227009546297:  Hold'em No Limit ($0.01/$0.02 USD) - 2021/05/23 13:39:20 PT [2021/05/23 16:39:20 ET]
Table 'Crocus III' 9-max Seat #8 is the button
Seat 1: Dorex2007 ($1.97 in chips) 
Seat 2: Adr3nochrome ($2.04 in chips) 
Seat 3: eagleow ($2.92 in chips) 
Seat 4: Theo53842 ($1.94 in chips) 
Seat 6: pokereule754 ($2 in chips) 
Seat 7: nefastibu! ($1.79 in chips) 
Seat 8: FilMiami ($0.83 in chips) 
Seat 9: WLOLW rrrrr ($3.13 in chips) 
WLOLW rrrrr: posts small blind $0.01
Dorex2007: posts big blind $0.02
*** HOLE CARDS ***
Dealt to Dorex2007 [Ks 8s]
Adr3nochrome: calls $0.02
eagleow: calls $0.02
Theo53842: calls $0.02
pokereule754: folds 
nefastibu! has timed out
nefastibu!: folds 
FilMiami: calls $0.02
WLOLW rrrrr: calls $0.01
CitizenPU joins the table at seat #5 
Dorex2007: checks 
*** FLOP *** [Th 3d 4d]
WLOLW rrrrr: checks 
Dorex2007: checks 
Adr3nochrome: checks 
eagleow: bets $0.06
Theo53842: calls $0.06
FilMiami: folds 
WLOLW rrrrr: folds 
Dorex2007: folds 
Adr3nochrome: folds 
*** TURN *** [Th 3d 4d] [7h]
eagleow: bets $0.11
Theo53842: calls $0.11
*** RIVER *** [Th 3d 4d 7h] [9h]
eagleow: bets $0.22
Theo53842: folds 
Uncalled bet ($0.22) returned to eagleow
eagleow collected $0.44 from pot
eagleow: doesn't show hand 
*** SUMMARY ***
Total pot $0.46 | Rake $0.02 
Board [Th 3d 4d 7h 9h]
Seat 1: Dorex2007 (big blind) folded on the Flop
Seat 2: Adr3nochrome folded on the Flop
Seat 3: eagleow collected ($0.44)
Seat 4: Theo53842 folded on the River
Seat 6: pokereule754 folded before Flop (didn't bet)
Seat 7: nefastibu! folded before Flop (didn't bet)
Seat 8: FilMiami (button) folded on the Flop
Seat 9: WLOLW rrrrr (small blind) folded on the Flop



PokerStars Hand #227009597995:  Hold'em No Limit ($0.01/$0.02 USD) - 2021/05/23 13:40:47 PT [2021/05/23 16:40:47 ET]
Table 'Crocus III' 9-max Seat #9 is the button
Seat 1: Dorex2007 ($1.95 in chips) 
Seat 2: Adr3nochrome ($2.02 in chips) 
Seat 3: eagleow ($3.17 in chips) 
Seat 4: Theo53842 ($1.75 in chips) 
Seat 6: pokereule754 ($2 in chips) 
Seat 7: nefastibu! ($1.79 in chips) 
Seat 8: FilMiami ($0.81 in chips) 
Seat 9: WLOLW rrrrr ($3.11 in chips) 
Dorex2007: posts small blind $0.01
Adr3nochrome: posts big blind $0.02
CitizenPU: sits out 
*** HOLE CARDS ***
Dealt to Dorex2007 [Tc 8d]
eagleow: folds 
Theo53842: raises $0.02 to $0.04
pokereule754: folds 
nefastibu!: folds 
FilMiami: calls $0.04
WLOLW rrrrr: raises $0.10 to $0.14
Dorex2007: folds 
Adr3nochrome: folds 
Theo53842: calls $0.10
FilMiami: calls $0.10
*** FLOP *** [4c 7h 8c]
Theo53842: checks 
FilMiami: checks 
WLOLW rrrrr: bets $0.43
Theo53842: calls $0.43
FilMiami: folds 
*** TURN *** [4c 7h 8c] [Th]
Theo53842: checks 
WLOLW rrrrr: bets $2.54 and is all-in
Theo53842: folds 
Uncalled bet ($2.54) returned to WLOLW rrrrr
WLOLW rrrrr collected $1.26 from pot
WLOLW rrrrr: doesn't show hand 
*** SUMMARY ***
Total pot $1.31 | Rake $0.05 
Board [4c 7h 8c Th]
Seat 1: Dorex2007 (small blind) folded before Flop
Seat 2: Adr3nochrome (big blind) folded before Flop
Seat 3: eagleow folded before Flop (didn't bet)
Seat 4: Theo53842 folded on the Turn
Seat 6: pokereule754 folded before Flop (didn't bet)
Seat 7: nefastibu! folded before Flop (didn't bet)
Seat 8: FilMiami folded on the Flop
Seat 9: WLOLW rrrrr (button) collected ($1.26)



PokerStars Hand #227009632747:  Hold'em No Limit ($0.01/$0.02 USD) - 2021/05/23 13:41:47 PT [2021/05/23 16:41:47 ET]
Table 'Crocus III' 9-max Seat #1 is the button
Seat 1: Dorex2007 ($1.94 in chips) 
Seat 2: Adr3nochrome ($2 in chips) 
Seat 3: eagleow ($3.17 in chips) 
Seat 4: Theo53842 ($1.18 in chips) 
Seat 6: pokereule754 ($2 in chips) 
Seat 7: nefastibu! ($1.79 in chips) 
Seat 8: FilMiami ($0.67 in chips) 
Seat 9: WLOLW rrrrr ($3.80 in chips) 
Adr3nochrome: posts small blind $0.01
eagleow: posts big blind $0.02
CitizenPU: sits out 
*** HOLE CARDS ***
Dealt to Dorex2007 [Ts 6s]
Theo53842: calls $0.02
pokereule754: folds 
nefastibu!: folds 
FilMiami: folds 
WLOLW rrrrr: folds 
Dorex2007: folds 
Adr3nochrome: folds 
eagleow: checks 
*** FLOP *** [Td 3s 6d]
eagleow: checks 
Theo53842: checks 
*** TURN *** [Td 3s 6d] [8c]
eagleow: checks 
Theo53842: checks 
*** RIVER *** [Td 3s 6d 8c] [5s]
eagleow: checks 
Theo53842: checks 
*** SHOW DOWN ***
eagleow: shows [4s 5c] (a pair of Fives)
Theo53842: mucks hand 
eagleow collected $0.05 from pot
*** SUMMARY ***
Total pot $0.05 | Rake $0 
Board [Td 3s 6d 8c 5s]
Seat 1: Dorex2007 (button) folded before Flop (didn't bet)
Seat 2: Adr3nochrome (small blind) folded before Flop
Seat 3: eagleow (big blind) showed [4s 5c] and won ($0.05) with a pair of Fives
Seat 4: Theo53842 mucked [9d Js]
Seat 6: pokereule754 folded before Flop (didn't bet)
Seat 7: nefastibu! folded before Flop (didn't bet)
Seat 8: FilMiami folded before Flop (didn't bet)
Seat 9: WLOLW rrrrr folded before Flop (didn't bet)



PokerStars Hand #227009731085:  Hold'em No Limit ($0.01/$0.02 USD) - 2021/05/23 13:44:34 PT [2021/05/23 16:44:34 ET]
Table 'Crocus III' 9-max Seat #6 is the button
Seat 1: Dorex2007 ($1.94 in chips) 
Seat 2: Adr3nochrome ($1.61 in chips) 
Seat 3: eagleow ($3.19 in chips) 
Seat 4: Theo53842 ($1.22 in chips) 
Seat 5: CitizenPU ($2.41 in chips) 
Seat 6: pokereule754 ($2 in chips) 
Seat 7: nefastibu! ($1.67 in chips) 
Seat 8: FilMiami ($0.70 in chips) 
Seat 9: WLOLW rrrrr ($3.80 in chips) 
nefastibu!: posts small blind $0.01
FilMiami: posts big blind $0.02
*** HOLE CARDS ***
Dealt to Dorex2007 [Kh Ah]
WLOLW rrrrr: folds 
Dorex2007: raises $0.04 to $0.06
Adr3nochrome: folds 
eagleow: folds 
Theo53842: folds 
CitizenPU: folds 
pokereule754: calls $0.06
nefastibu!: folds 
FilMiami: calls $0.04
*** FLOP *** [Ad Jd 4s]
FilMiami: checks 
Dorex2007: checks 
pokereule754: checks 
*** TURN *** [Ad Jd 4s] [2s]
FilMiami: checks 
Dorex2007: bets $0.09
pokereule754: folds 
FilMiami: folds 
Uncalled bet ($0.09) returned to Dorex2007
Dorex2007 collected $0.18 from pot
Dorex2007: doesn't show hand 
*** SUMMARY ***
Total pot $0.19 | Rake $0.01 
Board [Ad Jd 4s 2s]
Seat 1: Dorex2007 collected ($0.18)
Seat 2: Adr3nochrome folded before Flop (didn't bet)
Seat 3: eagleow folded before Flop (didn't bet)
Seat 4: Theo53842 folded before Flop (didn't bet)
Seat 5: CitizenPU folded before Flop (didn't bet)
Seat 6: pokereule754 (button) folded on the Turn
Seat 7: nefastibu! (small blind) folded before Flop
Seat 8: FilMiami (big blind) folded on the Turn
Seat 9: WLOLW rrrrr folded before Flop (didn't bet)



PokerStars Hand #227009759743:  Hold'em No Limit ($0.01/$0.02 USD) - 2021/05/23 13:45:23 PT [2021/05/23 16:45:23 ET]
Table 'Crocus III' 9-max Seat #7 is the button
Seat 1: Dorex2007 ($2.06 in chips) 
Seat 2: Adr3nochrome ($2 in chips) 
Seat 3: eagleow ($3.19 in chips) 
Seat 4: Theo53842 ($1.22 in chips) 
Seat 5: CitizenPU ($2.41 in chips) 
Seat 6: pokereule754 ($2 in chips) 
Seat 7: nefastibu! ($1.66 in chips) 
Seat 8: FilMiami ($0.64 in chips) 
Seat 9: WLOLW rrrrr ($3.80 in chips) 
FilMiami: posts small blind $0.01
WLOLW rrrrr: posts big blind $0.02
*** HOLE CARDS ***
Dealt to Dorex2007 [Kh As]
Dorex2007: raises $0.04 to $0.06
Adr3nochrome: folds 
eagleow: folds 
Theo53842: folds 
CitizenPU: folds 
pokereule754: folds 
nefastibu!: folds 
FilMiami: folds 
WLOLW rrrrr: folds 
Uncalled bet ($0.04) returned to Dorex2007
Dorex2007 collected $0.05 from pot
Dorex2007: doesn't show hand 
*** SUMMARY ***
Total pot $0.05 | Rake $0 
Seat 1: Dorex2007 collected ($0.05)
Seat 2: Adr3nochrome folded before Flop (didn't bet)
Seat 3: eagleow folded before Flop (didn't bet)
Seat 4: Theo53842 folded before Flop (didn't bet)
Seat 5: CitizenPU folded before Flop (didn't bet)
Seat 6: pokereule754 folded before Flop (didn't bet)
Seat 7: nefastibu! (button) folded before Flop (didn't bet)
Seat 8: FilMiami (small blind) folded before Flop
Seat 9: WLOLW rrrrr (big blind) folded before Flop



PokerStars Hand #227009791741:  Hold'em No Limit ($0.01/$0.02 USD) - 2021/05/23 13:46:07 PT [2021/05/23 16:46:07 ET]
Table 'Crocus III' 9-max Seat #8 is the button
Seat 1: Dorex2007 ($2.09 in chips) 
Seat 2: Adr3nochrome ($2 in chips) 
Seat 3: eagleow ($3.19 in chips) 
Seat 4: Theo53842 ($1.22 in chips) 
Seat 5: CitizenPU ($2.41 in chips) 
Seat 6: pokereule754 ($2 in chips) 
Seat 7: nefastibu! ($1.66 in chips) 
Seat 8: FilMiami ($0.63 in chips) 
Seat 9: WLOLW rrrrr ($3.78 in chips) 
WLOLW rrrrr: posts small blind $0.01
Dorex2007: posts big blind $0.02
*** HOLE CARDS ***
Dealt to Dorex2007 [Kh 3d]
Adr3nochrome: raises $0.04 to $0.06
eagleow: folds 
Theo53842: folds 
CitizenPU: folds 
pokereule754: folds 
nefastibu!: folds 
FilMiami: folds 
WLOLW rrrrr: calls $0.05
Dorex2007: folds 
*** FLOP *** [Qc Ah Kc]
WLOLW rrrrr: checks 
Adr3nochrome: checks 
*** TURN *** [Qc Ah Kc] [Th]
WLOLW rrrrr: checks 
Adr3nochrome: checks 
*** RIVER *** [Qc Ah Kc Th] [6c]
WLOLW rrrrr: checks 
Adr3nochrome: checks 
*** SHOW DOWN ***
WLOLW rrrrr: shows [Tc Kd] (two pair, Kings and Tens)
Adr3nochrome: mucks hand 
WLOLW rrrrr collected $0.14 from pot
*** SUMMARY ***
Total pot $0.14 | Rake $0 
Board [Qc Ah Kc Th 6c]
Seat 1: Dorex2007 (big blind) folded before Flop
Seat 2: Adr3nochrome mucked [8c 8s]
Seat 3: eagleow folded before Flop (didn't bet)
Seat 4: Theo53842 folded before Flop (didn't bet)
Seat 5: CitizenPU folded before Flop (didn't bet)
Seat 6: pokereule754 folded before Flop (didn't bet)
Seat 7: nefastibu! folded before Flop (didn't bet)
Seat 8: FilMiami (button) folded before Flop (didn't bet)
Seat 9: WLOLW rrrrr (small blind) showed [Tc Kd] and won ($0.14) with two pair, Kings and Tens



PokerStars Hand #227009821679:  Hold'em No Limit ($0.01/$0.02 USD) - 2021/05/23 13:46:58 PT [2021/05/23 16:46:58 ET]
Table 'Crocus III' 9-max Seat #9 is the button
Seat 1: Dorex2007 ($2.07 in chips) 
Seat 2: Adr3nochrome ($1.94 in chips) 
Seat 3: eagleow ($3.19 in chips) 
Seat 4: Theo53842 ($1.22 in chips) 
Seat 5: CitizenPU ($2.41 in chips) 
Seat 6: pokereule754 ($2 in chips) 
Seat 7: nefastibu! ($1.66 in chips) 
Seat 8: FilMiami ($0.63 in chips) 
Seat 9: WLOLW rrrrr ($3.86 in chips) 
Dorex2007: posts small blind $0.01
Adr3nochrome: posts big blind $0.02
*** HOLE CARDS ***
Dealt to Dorex2007 [6c Qs]
eagleow: folds 
Theo53842: folds 
CitizenPU: folds 
pokereule754: folds 
nefastibu!: folds 
FilMiami: raises $0.05 to $0.07
WLOLW rrrrr: folds 
Dorex2007: folds 
Adr3nochrome: folds 
Uncalled bet ($0.05) returned to FilMiami
FilMiami collected $0.05 from pot
FilMiami: doesn't show hand 
*** SUMMARY ***
Total pot $0.05 | Rake $0 
Seat 1: Dorex2007 (small blind) folded before Flop
Seat 2: Adr3nochrome (big blind) folded before Flop
Seat 3: eagleow folded before Flop (didn't bet)
Seat 4: Theo53842 folded before Flop (didn't bet)
Seat 5: CitizenPU folded before Flop (didn't bet)
Seat 6: pokereule754 folded before Flop (didn't bet)
Seat 7: nefastibu! folded before Flop (didn't bet)
Seat 8: FilMiami collected ($0.05)
Seat 9: WLOLW rrrrr (button) folded before Flop (didn't bet)



PokerStars Hand #227009836733:  Hold'em No Limit ($0.01/$0.02 USD) - 2021/05/23 13:47:24 PT [2021/05/23 16:47:24 ET]
Table 'Crocus III' 9-max Seat #1 is the button
Seat 1: Dorex2007 ($2.06 in chips) 
Seat 2: Adr3nochrome ($1.92 in chips) 
Seat 3: eagleow ($3.19 in chips) 
Seat 4: Theo53842 ($1.22 in chips) 
Seat 5: CitizenPU ($2.41 in chips) 
Seat 6: pokereule754 ($2 in chips) 
Seat 7: nefastibu! ($1.66 in chips) 
Seat 8: FilMiami ($0.66 in chips) 
Seat 9: WLOLW rrrrr ($3.86 in chips) 
Adr3nochrome: posts small blind $0.01
eagleow: posts big blind $0.02
*** HOLE CARDS ***
Dealt to Dorex2007 [8s 4h]
Theo53842: calls $0.02
CitizenPU: folds 
pokereule754: folds 
nefastibu!: calls $0.02
FilMiami: folds 
WLOLW rrrrr: folds 
Dorex2007: folds 
Adr3nochrome: folds 
eagleow: checks 
*** FLOP *** [Kd Th 7h]
eagleow: checks 
Theo53842: bets $0.02
nefastibu!: folds 
eagleow: folds 
Uncalled bet ($0.02) returned to Theo53842
Theo53842 collected $0.07 from pot
Theo53842: doesn't show hand 
*** SUMMARY ***
Total pot $0.07 | Rake $0 
Board [Kd Th 7h]
Seat 1: Dorex2007 (button) folded before Flop (didn't bet)
Seat 2: Adr3nochrome (small blind) folded before Flop
Seat 3: eagleow (big blind) folded on the Flop
Seat 4: Theo53842 collected ($0.07)
Seat 5: CitizenPU folded before Flop (didn't bet)
Seat 6: pokereule754 folded before Flop (didn't bet)
Seat 7: nefastibu! folded on the Flop
Seat 8: FilMiami folded before Flop (didn't bet)
Seat 9: WLOLW rrrrr folded before Flop (didn't bet)



PokerStars Hand #227009855679:  Hold'em No Limit ($0.01/$0.02 USD) - 2021/05/23 13:47:56 PT [2021/05/23 16:47:56 ET]
Table 'Crocus III' 9-max Seat #2 is the button
Seat 1: Dorex2007 ($2.06 in chips) 
Seat 2: Adr3nochrome ($1.91 in chips) 
Seat 3: eagleow ($3.17 in chips) 
Seat 4: Theo53842 ($1.27 in chips) 
Seat 5: CitizenPU ($2.41 in chips) 
Seat 6: pokereule754 ($2 in chips) 
Seat 7: nefastibu! ($1.64 in chips) 
Seat 8: FilMiami ($0.66 in chips) 
Seat 9: WLOLW rrrrr ($3.86 in chips) 
eagleow: posts small blind $0.01
Theo53842: posts big blind $0.02
*** HOLE CARDS ***
Dealt to Dorex2007 [8s Ah]
CitizenPU: folds 
pokereule754: folds 
nefastibu!: folds 
FilMiami: raises $0.05 to $0.07
WLOLW rrrrr: folds 
Dorex2007: folds 
Adr3nochrome: folds 
eagleow: calls $0.06
Theo53842: folds 
*** FLOP *** [9d 7s Tc]
eagleow: checks 
FilMiami: bets $0.10
eagleow: folds 
Uncalled bet ($0.10) returned to FilMiami
FilMiami collected $0.15 from pot
FilMiami: doesn't show hand 
*** SUMMARY ***
Total pot $0.16 | Rake $0.01 
Board [9d 7s Tc]
Seat 1: Dorex2007 folded before Flop (didn't bet)
Seat 2: Adr3nochrome (button) folded before Flop (didn't bet)
Seat 3: eagleow (small blind) folded on the Flop
Seat 4: Theo53842 (big blind) folded before Flop
Seat 5: CitizenPU folded before Flop (didn't bet)
Seat 6: pokereule754 folded before Flop (didn't bet)
Seat 7: nefastibu! folded before Flop (didn't bet)
Seat 8: FilMiami collected ($0.15)
Seat 9: WLOLW rrrrr folded before Flop (didn't bet)



PokerStars Hand #227009879981:  Hold'em No Limit ($0.01/$0.02 USD) - 2021/05/23 13:48:38 PT [2021/05/23 16:48:38 ET]
Table 'Crocus III' 9-max Seat #3 is the button
Seat 1: Dorex2007 ($2.06 in chips) 
Seat 2: Adr3nochrome ($1.91 in chips) 
Seat 3: eagleow ($3.10 in chips) 
Seat 4: Theo53842 ($1.25 in chips) 
Seat 5: CitizenPU ($2.41 in chips) 
Seat 7: nefastibu! ($1.64 in chips) 
Seat 8: FilMiami ($0.74 in chips) 
Seat 9: WLOLW rrrrr ($3.86 in chips) 
Theo53842: posts small blind $0.01
CitizenPU: posts big blind $0.02
*** HOLE CARDS ***
Dealt to Dorex2007 [3d 7c]
nefastibu!: calls $0.02
FilMiami: folds 
WLOLW rrrrr: folds 
Dorex2007: folds 
Adr3nochrome: folds 
eagleow: folds 
Theo53842: raises $0.04 to $0.06
CitizenPU: folds 
nefastibu!: calls $0.04
*** FLOP *** [Kh Ts 7h]
Theo53842: bets $0.07
nefastibu!: raises $0.07 to $0.14
Theo53842: calls $0.07
*** TURN *** [Kh Ts 7h] [8c]
Theo53842: checks 
nefastibu!: checks 
*** RIVER *** [Kh Ts 7h 8c] [Qd]
Theo53842: bets $0.06
nefastibu!: calls $0.06
*** SHOW DOWN ***
Theo53842: shows [Ac Qc] (a pair of Queens)
nefastibu!: mucks hand 
Theo53842 collected $0.52 from pot
*** SUMMARY ***
Total pot $0.54 | Rake $0.02 
Board [Kh Ts 7h 8c Qd]
Seat 1: Dorex2007 folded before Flop (didn't bet)
Seat 2: Adr3nochrome folded before Flop (didn't bet)
Seat 3: eagleow (button) folded before Flop (didn't bet)
Seat 4: Theo53842 (small blind) showed [Ac Qc] and won ($0.52) with a pair of Queens
Seat 5: CitizenPU (big blind) folded before Flop
Seat 7: nefastibu! mucked [Js Tc]
Seat 8: FilMiami folded before Flop (didn't bet)
Seat 9: WLOLW rrrrr folded before Flop (didn't bet)



PokerStars Hand #227009913651:  Hold'em No Limit ($0.01/$0.02 USD) - 2021/05/23 13:49:36 PT [2021/05/23 16:49:36 ET]
Table 'Crocus III' 9-max Seat #4 is the button
Seat 1: Dorex2007 ($2.06 in chips) 
Seat 2: Adr3nochrome ($1.91 in chips) 
Seat 3: eagleow ($3.10 in chips) 
Seat 4: Theo53842 ($1.51 in chips) 
Seat 5: CitizenPU ($2.39 in chips) 
Seat 7: nefastibu! ($1.38 in chips) 
Seat 8: FilMiami ($0.74 in chips) 
Seat 9: WLOLW rrrrr ($3.86 in chips) 
CitizenPU: posts small blind $0.01
nefastibu!: posts big blind $0.02
*** HOLE CARDS ***
Dealt to Dorex2007 [Ad 6d]
FilMiami: folds 
WLOLW rrrrr: folds 
Dorex2007: raises $0.04 to $0.06
Adr3nochrome: folds 
eagleow: folds 
Theo53842: calls $0.06
CitizenPU: calls $0.05
nefastibu!: folds 
*** FLOP *** [Tc Ac 8h]
CitizenPU: checks 
Dorex2007: checks 
Theo53842: checks 
*** TURN *** [Tc Ac 8h] [Qc]
CitizenPU: checks 
Dorex2007: bets $0.10
Theo53842: folds 
CitizenPU: folds 
Uncalled bet ($0.10) returned to Dorex2007
Dorex2007 collected $0.19 from pot
Dorex2007: doesn't show hand 
*** SUMMARY ***
Total pot $0.20 | Rake $0.01 
Board [Tc Ac 8h Qc]
Seat 1: Dorex2007 collected ($0.19)
Seat 2: Adr3nochrome folded before Flop (didn't bet)
Seat 3: eagleow folded before Flop (didn't bet)
Seat 4: Theo53842 (button) folded on the Turn
Seat 5: CitizenPU (small blind) folded on the Turn
Seat 7: nefastibu! (big blind) folded before Flop
Seat 8: FilMiami folded before Flop (didn't bet)
Seat 9: WLOLW rrrrr folded before Flop (didn't bet)



PokerStars Hand #227009941357:  Hold'em No Limit ($0.01/$0.02 USD) - 2021/05/23 13:50:24 PT [2021/05/23 16:50:24 ET]
Table 'Crocus III' 9-max Seat #5 is the button
Seat 1: Dorex2007 ($2.19 in chips) 
Seat 2: Adr3nochrome ($1.91 in chips) 
Seat 3: eagleow ($3.10 in chips) 
Seat 4: Theo53842 ($1.45 in chips) 
Seat 5: CitizenPU ($2.33 in chips) 
Seat 7: nefastibu! ($1.36 in chips) 
Seat 8: FilMiami ($0.74 in chips) 
Seat 9: WLOLW rrrrr ($3.86 in chips) 
nefastibu!: posts small blind $0.01
FilMiami: posts big blind $0.02
*** HOLE CARDS ***
Dealt to Dorex2007 [6d Jh]
WLOLW rrrrr has timed out
WLOLW rrrrr: folds 
Dorex2007: folds 
Adr3nochrome: folds 
eagleow: folds 
Theo53842: folds 
CitizenPU: folds 
nefastibu!: calls $0.01
FilMiami: raises $0.04 to $0.06
nefastibu!: calls $0.04
*** FLOP *** [8c Kh 4s]
nefastibu!: checks 
FilMiami: bets $0.07
nefastibu!: folds 
Uncalled bet ($0.07) returned to FilMiami
FilMiami collected $0.12 from pot
FilMiami: doesn't show hand 
*** SUMMARY ***
Total pot $0.12 | Rake $0 
Board [8c Kh 4s]
Seat 1: Dorex2007 folded before Flop (didn't bet)
Seat 2: Adr3nochrome folded before Flop (didn't bet)
Seat 3: eagleow folded before Flop (didn't bet)
Seat 4: Theo53842 folded before Flop (didn't bet)
Seat 5: CitizenPU (button) folded before Flop (didn't bet)
Seat 7: nefastibu! (small blind) folded on the Flop
Seat 8: FilMiami (big blind) collected ($0.12)
Seat 9: WLOLW rrrrr folded before Flop (didn't bet)



PokerStars Hand #227009968088:  Hold'em No Limit ($0.01/$0.02 USD) - 2021/05/23 13:51:10 PT [2021/05/23 16:51:10 ET]
Table 'Crocus III' 9-max Seat #7 is the button
Seat 1: Dorex2007 ($2.19 in chips) 
Seat 2: Adr3nochrome ($1.91 in chips) 
Seat 3: eagleow ($3.10 in chips) 
Seat 4: Theo53842 ($1.45 in chips) 
Seat 5: CitizenPU ($2.33 in chips) 
Seat 7: nefastibu! ($1.30 in chips) 
Seat 8: FilMiami ($0.80 in chips) 
FilMiami: posts small blind $0.01
Dorex2007: posts big blind $0.02
*** HOLE CARDS ***
Dealt to Dorex2007 [2c Td]
Adr3nochrome: raises $0.04 to $0.06
eagleow: folds 
Theo53842: folds 
CitizenPU: folds 
nefastibu!: calls $0.06
FilMiami: folds 
Dorex2007: folds 
*** FLOP *** [3d Tc Ts]
Adr3nochrome: checks 
nefastibu!: checks 
*** TURN *** [3d Tc Ts] [Kh]
Adr3nochrome: checks 
nefastibu!: checks 
*** RIVER *** [3d Tc Ts Kh] [7s]
Adr3nochrome: checks 
nefastibu!: checks 
*** SHOW DOWN ***
Adr3nochrome: shows [Ah Qh] (a pair of Tens)
nefastibu!: mucks hand 
Adr3nochrome collected $0.14 from pot
*** SUMMARY ***
Total pot $0.15 | Rake $0.01 
Board [3d Tc Ts Kh 7s]
Seat 1: Dorex2007 (big blind) folded before Flop
Seat 2: Adr3nochrome showed [Ah Qh] and won ($0.14) with a pair of Tens
Seat 3: eagleow folded before Flop (didn't bet)
Seat 4: Theo53842 folded before Flop (didn't bet)
Seat 5: CitizenPU folded before Flop (didn't bet)
Seat 7: nefastibu! (button) mucked [Qd 8s]
Seat 8: FilMiami (small blind) folded before Flop



PokerStars Hand #227009989122:  Hold'em No Limit ($0.01/$0.02 USD) - 2021/05/23 13:51:46 PT [2021/05/23 16:51:46 ET]
Table 'Crocus III' 9-max Seat #8 is the button
Seat 1: Dorex2007 ($2.17 in chips) 
Seat 2: Adr3nochrome ($1.99 in chips) 
Seat 3: eagleow ($3.10 in chips) 
Seat 4: Theo53842 ($1.45 in chips) 
Seat 5: CitizenPU ($2.33 in chips) 
Seat 7: nefastibu! ($1.24 in chips) 
Seat 8: FilMiami ($0.79 in chips) 
Dorex2007: posts small blind $0.01
Adr3nochrome: posts big blind $0.02
*** HOLE CARDS ***
Dealt to Dorex2007 [Tc 4s]
eagleow: folds 
Theo53842: calls $0.02
CitizenPU: folds 
nefastibu!: folds 
nefastibu! leaves the table
airdestiny joins the table at seat #7 
FilMiami: raises $0.07 to $0.09
Dorex2007: folds 
Adr3nochrome: folds 
Theo53842: calls $0.07
*** FLOP *** [9s 9h Kh]
Theo53842: checks 
FilMiami: bets $0.07
Theo53842: folds 
Uncalled bet ($0.07) returned to FilMiami
FilMiami collected $0.20 from pot
FilMiami: doesn't show hand 
*** SUMMARY ***
Total pot $0.21 | Rake $0.01 
Board [9s 9h Kh]
Seat 1: Dorex2007 (small blind) folded before Flop
Seat 2: Adr3nochrome (big blind) folded before Flop
Seat 3: eagleow folded before Flop (didn't bet)
Seat 4: Theo53842 folded on the Flop
Seat 5: CitizenPU folded before Flop (didn't bet)
Seat 7: nefastibu! folded before Flop (didn't bet)
Seat 8: FilMiami (button) collected ($0.20)



PokerStars Hand #227010014402:  Hold'em No Limit ($0.01/$0.02 USD) - 2021/05/23 13:52:30 PT [2021/05/23 16:52:30 ET]
Table 'Crocus III' 9-max Seat #1 is the button
Seat 1: Dorex2007 ($2.16 in chips) 
Seat 2: Adr3nochrome ($1.97 in chips) 
Seat 3: eagleow ($3.10 in chips) 
Seat 4: Theo53842 ($1.36 in chips) 
Seat 5: CitizenPU ($2.33 in chips) 
Seat 8: FilMiami ($0.90 in chips) 
Adr3nochrome: posts small blind $0.01
eagleow: posts big blind $0.02
pokereule754: sits out 
airdestiny: sits out 
*** HOLE CARDS ***
Dealt to Dorex2007 [6h 6s]
Theo53842: folds 
CitizenPU: folds 
FilMiami: folds 
Dorex2007: calls $0.02
Adr3nochrome: folds 
eagleow: checks 
*** FLOP *** [5s Kc 9c]
eagleow: checks 
Dorex2007: checks 
*** TURN *** [5s Kc 9c] [9h]
eagleow: checks 
Dorex2007: bets $0.03
eagleow: folds 
Uncalled bet ($0.03) returned to Dorex2007
Dorex2007 collected $0.05 from pot
Dorex2007: doesn't show hand 
*** SUMMARY ***
Total pot $0.05 | Rake $0 
Board [5s Kc 9c 9h]
Seat 1: Dorex2007 (button) collected ($0.05)
Seat 2: Adr3nochrome (small blind) folded before Flop
Seat 3: eagleow (big blind) folded on the Turn
Seat 4: Theo53842 folded before Flop (didn't bet)
Seat 5: CitizenPU folded before Flop (didn't bet)
Seat 8: FilMiami folded before Flop (didn't bet)



PokerStars Hand #227010030515:  Hold'em No Limit ($0.01/$0.02 USD) - 2021/05/23 13:52:57 PT [2021/05/23 16:52:57 ET]
Table 'Crocus III' 9-max Seat #2 is the button
Seat 1: Dorex2007 ($2.19 in chips) 
Seat 2: Adr3nochrome ($1.96 in chips) 
Seat 3: eagleow ($3.08 in chips) 
Seat 4: Theo53842 ($1.36 in chips) 
Seat 5: CitizenPU ($2.33 in chips) 
Seat 8: FilMiami ($0.90 in chips) 
eagleow: posts small blind $0.01
Theo53842: posts big blind $0.02
pokereule754: sits out 
airdestiny: sits out 
*** HOLE CARDS ***
Dealt to Dorex2007 [3s 5c]
CitizenPU: folds 
FilMiami: raises $0.05 to $0.07
Dorex2007: folds 
Adr3nochrome: folds 
eagleow: raises $0.08 to $0.15
Theo53842: folds 
FilMiami: calls $0.08
*** FLOP *** [Qh 3d 6h]
eagleow: bets $0.15
FilMiami: calls $0.15
*** TURN *** [Qh 3d 6h] [4h]
eagleow: bets $0.30
FilMiami: calls $0.30
*** RIVER *** [Qh 3d 6h 4h] [Jc]
eagleow: checks 
FilMiami: bets $0.30 and is all-in
eagleow: calls $0.30
*** SHOW DOWN ***
FilMiami: shows [Ah Th] (a flush, Ace high)
eagleow: shows [Kd Ks] (a pair of Kings)
FilMiami collected $1.76 from pot
*** SUMMARY ***
Total pot $1.82 | Rake $0.06 
Board [Qh 3d 6h 4h Jc]
Seat 1: Dorex2007 folded before Flop (didn't bet)
Seat 2: Adr3nochrome (button) folded before Flop (didn't bet)
Seat 3: eagleow (small blind) showed [Kd Ks] and lost with a pair of Kings
Seat 4: Theo53842 (big blind) folded before Flop
Seat 5: CitizenPU folded before Flop (didn't bet)
Seat 8: FilMiami showed [Ah Th] and won ($1.76) with a flush, Ace high



PokerStars Hand #227010073989:  Hold'em No Limit ($0.01/$0.02 USD) - 2021/05/23 13:53:56 PT [2021/05/23 16:53:56 ET]
Table 'Crocus III' 9-max Seat #3 is the button
Seat 1: Dorex2007 ($2.19 in chips) 
Seat 2: Adr3nochrome ($1.96 in chips) 
Seat 3: eagleow ($2.18 in chips) 
Seat 4: Theo53842 ($1.34 in chips) 
Seat 5: CitizenPU ($2.33 in chips) 
Seat 8: FilMiami ($1.76 in chips) 
Theo53842: posts small blind $0.01
CitizenPU: posts big blind $0.02
pokereule754: sits out 
airdestiny: sits out 
WLOLW rrrrr: sits out 
*** HOLE CARDS ***
Dealt to Dorex2007 [3d Qd]
FilMiami: folds 
Dorex2007: folds 
Adr3nochrome: folds 
eagleow: folds 
Theo53842: calls $0.01
CitizenPU: checks 
*** FLOP *** [4c 3s Qc]
Theo53842: checks 
CitizenPU: bets $0.04
Theo53842: folds 
Uncalled bet ($0.04) returned to CitizenPU
CitizenPU collected $0.04 from pot
CitizenPU: doesn't show hand 
*** SUMMARY ***
Total pot $0.04 | Rake $0 
Board [4c 3s Qc]
Seat 1: Dorex2007 folded before Flop (didn't bet)
Seat 2: Adr3nochrome folded before Flop (didn't bet)
Seat 3: eagleow (button) folded before Flop (didn't bet)
Seat 4: Theo53842 (small blind) folded on the Flop
Seat 5: CitizenPU (big blind) collected ($0.04)
Seat 8: FilMiami folded before Flop (didn't bet)



PokerStars Hand #227010094328:  Hold'em No Limit ($0.01/$0.02 USD) - 2021/05/23 13:54:31 PT [2021/05/23 16:54:31 ET]
Table 'Crocus III' 9-max Seat #4 is the button
Seat 1: Dorex2007 ($2.19 in chips) 
Seat 2: Adr3nochrome ($1.96 in chips) 
Seat 3: eagleow ($2.18 in chips) 
Seat 4: Theo53842 ($1.32 in chips) 
Seat 5: CitizenPU ($2.35 in chips) 
Seat 6: pokereule754 ($2 in chips) 
Seat 8: FilMiami ($1.76 in chips) 
CitizenPU: posts small blind $0.01
pokereule754: posts big blind $0.02
airdestiny: sits out 
WLOLW rrrrr: sits out 
*** HOLE CARDS ***
Dealt to Dorex2007 [4d 5h]
FilMiami: folds 
Dorex2007: folds 
Adr3nochrome: folds 
eagleow: folds 
Theo53842: folds 
CitizenPU: raises $0.06 to $0.08
pokereule754: folds 
Uncalled bet ($0.06) returned to CitizenPU
CitizenPU collected $0.04 from pot
CitizenPU: doesn't show hand 
*** SUMMARY ***
Total pot $0.04 | Rake $0 
Seat 1: Dorex2007 folded before Flop (didn't bet)
Seat 2: Adr3nochrome folded before Flop (didn't bet)
Seat 3: eagleow folded before Flop (didn't bet)
Seat 4: Theo53842 (button) folded before Flop (didn't bet)
Seat 5: CitizenPU (small blind) collected ($0.04)
Seat 6: pokereule754 (big blind) folded before Flop
Seat 8: FilMiami folded before Flop (didn't bet)



PokerStars Hand #227010102585:  Hold'em No Limit ($0.01/$0.02 USD) - 2021/05/23 13:54:46 PT [2021/05/23 16:54:46 ET]
Table 'Crocus III' 9-max Seat #5 is the button
Seat 1: Dorex2007 ($2.19 in chips) 
Seat 2: Adr3nochrome ($1.96 in chips) 
Seat 3: eagleow ($2.18 in chips) 
Seat 4: Theo53842 ($1.32 in chips) 
Seat 5: CitizenPU ($2.37 in chips) 
Seat 6: pokereule754 ($2 in chips) 
Seat 7: airdestiny ($2 in chips) 
Seat 8: FilMiami ($1.76 in chips) 
pokereule754: posts small blind $0.01
airdestiny: posts big blind $0.02
WLOLW rrrrr: sits out 
*** HOLE CARDS ***
Dealt to Dorex2007 [3d 6s]
FilMiami: folds 
Dorex2007: folds 
Adr3nochrome: folds 
FilMiami leaves the table
eagleow: folds 
Theo53842: calls $0.02
CitizenPU: calls $0.02
pokereule754: calls $0.01
airdestiny: checks 
*** FLOP *** [Th Js 2d]
pokereule754: checks 
airdestiny: bets $0.08
Theo53842: folds 
CitizenPU: folds 
pokereule754: folds 
Uncalled bet ($0.08) returned to airdestiny
airdestiny collected $0.08 from pot
airdestiny: doesn't show hand 
*** SUMMARY ***
Total pot $0.08 | Rake $0 
Board [Th Js 2d]
Seat 1: Dorex2007 folded before Flop (didn't bet)
Seat 2: Adr3nochrome folded before Flop (didn't bet)
Seat 3: eagleow folded before Flop (didn't bet)
Seat 4: Theo53842 folded on the Flop
Seat 5: CitizenPU (button) folded on the Flop
Seat 6: pokereule754 (small blind) folded on the Flop
Seat 7: airdestiny (big blind) collected ($0.08)
Seat 8: FilMiami folded before Flop (didn't bet)



PokerStars Hand #227010122246:  Hold'em No Limit ($0.01/$0.02 USD) - 2021/05/23 13:55:29 PT [2021/05/23 16:55:29 ET]
Table 'Crocus III' 9-max Seat #6 is the button
Seat 1: Dorex2007 ($2.19 in chips) 
Seat 2: Adr3nochrome ($1.96 in chips) 
Seat 3: eagleow ($2.18 in chips) 
Seat 4: Theo53842 ($1.30 in chips) 
Seat 5: CitizenPU ($2.35 in chips) 
Seat 6: pokereule754 ($2 in chips) 
Seat 7: airdestiny ($2.06 in chips) 
Seat 9: WLOLW rrrrr ($3.86 in chips) 
airdestiny: posts small blind $0.01
WLOLW rrrrr: posts big blind $0.02
*** HOLE CARDS ***
Dealt to Dorex2007 [Kd 7h]
Dorex2007: folds 
Adr3nochrome: folds 
eagleow: raises $0.04 to $0.06
Theo53842: calls $0.06
CitizenPU: folds 
pokereule754: folds 
airdestiny: folds 
WLOLW rrrrr: raises $0.19 to $0.25
eagleow: calls $0.19
Theo53842: folds 
*** FLOP *** [2c Ac 3h]
WLOLW rrrrr: bets $3.61 and is all-in
eagleow: folds 
Uncalled bet ($3.61) returned to WLOLW rrrrr
WLOLW rrrrr collected $0.55 from pot
WLOLW rrrrr: doesn't show hand 
*** SUMMARY ***
Total pot $0.57 | Rake $0.02 
Board [2c Ac 3h]
Seat 1: Dorex2007 folded before Flop (didn't bet)
Seat 2: Adr3nochrome folded before Flop (didn't bet)
Seat 3: eagleow folded on the Flop
Seat 4: Theo53842 folded before Flop
Seat 5: CitizenPU folded before Flop (didn't bet)
Seat 6: pokereule754 (button) folded before Flop (didn't bet)
Seat 7: airdestiny (small blind) folded before Flop
Seat 9: WLOLW rrrrr (big blind) collected ($0.55)



PokerStars Hand #227010142787:  Hold'em No Limit ($0.01/$0.02 USD) - 2021/05/23 13:56:25 PT [2021/05/23 16:56:25 ET]
Table 'Crocus III' 9-max Seat #7 is the button
Seat 1: Dorex2007 ($2.19 in chips) 
Seat 2: Adr3nochrome ($1.96 in chips) 
Seat 3: eagleow ($1.93 in chips) 
Seat 4: Theo53842 ($1.24 in chips) 
Seat 5: CitizenPU ($2.35 in chips) 
Seat 6: pokereule754 ($2 in chips) 
Seat 7: airdestiny ($2.05 in chips) 
Seat 9: WLOLW rrrrr ($4.16 in chips) 
WLOLW rrrrr: posts small blind $0.01
Dorex2007: posts big blind $0.02
*** HOLE CARDS ***
Dealt to Dorex2007 [9d 8c]
Adr3nochrome: folds 
eagleow: folds 
Theo53842: raises $0.05 to $0.07
CitizenPU: folds 
pokereule754: folds 
loose kaboos joins the table at seat #8 
airdestiny: folds 
WLOLW rrrrr: folds 
Dorex2007: folds 
Uncalled bet ($0.05) returned to Theo53842
Theo53842 collected $0.05 from pot
Theo53842: doesn't show hand 
*** SUMMARY ***
Total pot $0.05 | Rake $0 
Seat 1: Dorex2007 (big blind) folded before Flop
Seat 2: Adr3nochrome folded before Flop (didn't bet)
Seat 3: eagleow folded before Flop (didn't bet)
Seat 4: Theo53842 collected ($0.05)
Seat 5: CitizenPU folded before Flop (didn't bet)
Seat 6: pokereule754 folded before Flop (didn't bet)
Seat 7: airdestiny (button) folded before Flop (didn't bet)
Seat 9: WLOLW rrrrr (small blind) folded before Flop



PokerStars Hand #227010151357:  Hold'em No Limit ($0.01/$0.02 USD) - 2021/05/23 13:56:49 PT [2021/05/23 16:56:49 ET]
Table 'Crocus III' 9-max Seat #9 is the button
Seat 1: Dorex2007 ($2.17 in chips) 
Seat 2: Adr3nochrome ($1.96 in chips) 
Seat 3: eagleow ($1.93 in chips) 
Seat 4: Theo53842 ($1.27 in chips) 
Seat 5: CitizenPU ($2.35 in chips) 
Seat 6: pokereule754 ($2 in chips) 
Seat 7: airdestiny ($2.05 in chips) 
Seat 8: loose kaboos ($1.60 in chips) 
Seat 9: WLOLW rrrrr ($4.15 in chips) 
Dorex2007: posts small blind $0.01
Adr3nochrome: posts big blind $0.02
loose kaboos: posts big blind $0.02
*** HOLE CARDS ***
Dealt to Dorex2007 [4s 2c]
eagleow has timed out
eagleow: folds 
Theo53842: folds 
CitizenPU: calls $0.02
pokereule754: folds 
airdestiny: folds 
loose kaboos: raises $0.02 to $0.04
WLOLW rrrrr: raises $0.02 to $0.06
Dorex2007: folds 
Adr3nochrome: calls $0.04
CitizenPU: calls $0.04
loose kaboos: calls $0.02
*** FLOP *** [7s Jh 2d]
Adr3nochrome: checks 
CitizenPU: checks 
loose kaboos: checks 
WLOLW rrrrr: bets $0.16
Adr3nochrome: folds 
CitizenPU: folds 
loose kaboos: folds 
Uncalled bet ($0.16) returned to WLOLW rrrrr
WLOLW rrrrr collected $0.24 from pot
WLOLW rrrrr: doesn't show hand 
*** SUMMARY ***
Total pot $0.25 | Rake $0.01 
Board [7s Jh 2d]
Seat 1: Dorex2007 (small blind) folded before Flop
Seat 2: Adr3nochrome (big blind) folded on the Flop
Seat 3: eagleow folded before Flop (didn't bet)
Seat 4: Theo53842 folded before Flop (didn't bet)
Seat 5: CitizenPU folded on the Flop
Seat 6: pokereule754 folded before Flop (didn't bet)
Seat 7: airdestiny folded before Flop (didn't bet)
Seat 8: loose kaboos folded on the Flop
Seat 9: WLOLW rrrrr (button) collected ($0.24)



PokerStars Hand #227010174447:  Hold'em No Limit ($0.01/$0.02 USD) - 2021/05/23 13:57:50 PT [2021/05/23 16:57:50 ET]
Table 'Crocus III' 9-max Seat #1 is the button
Seat 1: Dorex2007 ($2.16 in chips) 
Seat 2: Adr3nochrome ($1.90 in chips) 
Seat 3: eagleow ($1.93 in chips) 
Seat 4: Theo53842 ($1.27 in chips) 
Seat 5: CitizenPU ($2.29 in chips) 
Seat 6: pokereule754 ($2 in chips) 
Seat 7: airdestiny ($2.05 in chips) 
Seat 8: loose kaboos ($1.54 in chips) 
Seat 9: WLOLW rrrrr ($4.33 in chips) 
Adr3nochrome: posts small blind $0.01
eagleow: posts big blind $0.02
*** HOLE CARDS ***
Dealt to Dorex2007 [8c 2d]
Theo53842: calls $0.02
CitizenPU: folds 
pokereule754: folds 
airdestiny: folds 
loose kaboos: calls $0.02
WLOLW rrrrr: raises $0.09 to $0.11
Dorex2007: folds 
Adr3nochrome: folds 
eagleow: folds 
Theo53842: calls $0.09
loose kaboos: folds 
*** FLOP *** [4d Ac 9d]
Theo53842: checks 
WLOLW rrrrr: bets $0.17
Theo53842: folds 
Uncalled bet ($0.17) returned to WLOLW rrrrr
WLOLW rrrrr collected $0.26 from pot
WLOLW rrrrr: doesn't show hand 
*** SUMMARY ***
Total pot $0.27 | Rake $0.01 
Board [4d Ac 9d]
Seat 1: Dorex2007 (button) folded before Flop (didn't bet)
Seat 2: Adr3nochrome (small blind) folded before Flop
Seat 3: eagleow (big blind) folded before Flop
Seat 4: Theo53842 folded on the Flop
Seat 5: CitizenPU folded before Flop (didn't bet)
Seat 6: pokereule754 folded before Flop (didn't bet)
Seat 7: airdestiny folded before Flop (didn't bet)
Seat 8: loose kaboos folded before Flop
Seat 9: WLOLW rrrrr collected ($0.26)



PokerStars Hand #227010191983:  Hold'em No Limit ($0.01/$0.02 USD) - 2021/05/23 13:58:38 PT [2021/05/23 16:58:38 ET]
Table 'Crocus III' 9-max Seat #2 is the button
Seat 1: Dorex2007 ($2.16 in chips) 
Seat 2: Adr3nochrome ($1.89 in chips) 
Seat 3: eagleow ($1.91 in chips) 
Seat 4: Theo53842 ($1.16 in chips) 
Seat 5: CitizenPU ($2.29 in chips) 
Seat 6: pokereule754 ($2 in chips) 
Seat 7: airdestiny ($2.05 in chips) 
Seat 8: loose kaboos ($1.52 in chips) 
Seat 9: WLOLW rrrrr ($4.48 in chips) 
eagleow: posts small blind $0.01
Theo53842: posts big blind $0.02
*** HOLE CARDS ***
Dealt to Dorex2007 [4s Qd]
CitizenPU: folds 
pokereule754: folds 
airdestiny: raises $0.08 to $0.10
loose kaboos: folds 
WLOLW rrrrr: folds 
Dorex2007: folds 
Adr3nochrome: calls $0.10
eagleow: folds 
Theo53842: folds 
*** FLOP *** [8d Ts 3s]
airdestiny: bets $0.14
Adr3nochrome: calls $0.14
*** TURN *** [8d Ts 3s] [2s]
airdestiny: checks 
Adr3nochrome: bets $0.32
airdestiny: folds 
Uncalled bet ($0.32) returned to Adr3nochrome
Adr3nochrome collected $0.49 from pot
*** SUMMARY ***
Total pot $0.51 | Rake $0.02 
Board [8d Ts 3s 2s]
Seat 1: Dorex2007 folded before Flop (didn't bet)
Seat 2: Adr3nochrome (button) collected ($0.49)
Seat 3: eagleow (small blind) folded before Flop
Seat 4: Theo53842 (big blind) folded before Flop
Seat 5: CitizenPU folded before Flop (didn't bet)
Seat 6: pokereule754 folded before Flop (didn't bet)
Seat 7: airdestiny folded on the Turn
Seat 8: loose kaboos folded before Flop (didn't bet)
Seat 9: WLOLW rrrrr folded before Flop (didn't bet)



PokerStars Hand #227010220955:  Hold'em No Limit ($0.01/$0.02 USD) - 2021/05/23 13:59:36 PT [2021/05/23 16:59:36 ET]
Table 'Crocus III' 9-max Seat #3 is the button
Seat 1: Dorex2007 ($2.16 in chips) 
Seat 2: Adr3nochrome ($2.14 in chips) 
Seat 3: eagleow ($1.90 in chips) 
Seat 4: Theo53842 ($1.14 in chips) 
Seat 5: CitizenPU ($2.29 in chips) 
Seat 6: pokereule754 ($2 in chips) 
Seat 7: airdestiny ($2 in chips) 
Seat 8: loose kaboos ($1.52 in chips) 
Seat 9: WLOLW rrrrr ($4.48 in chips) 
Theo53842: posts small blind $0.01
CitizenPU: posts big blind $0.02
*** HOLE CARDS ***
Dealt to Dorex2007 [7s 6s]
pokereule754: folds 
airdestiny: folds 
loose kaboos: folds 
WLOLW rrrrr: folds 
Dorex2007: raises $0.02 to $0.04
Adr3nochrome: folds 
eagleow: calls $0.04
Theo53842: calls $0.03
CitizenPU: calls $0.02
*** FLOP *** [5d Jd 7d]
Theo53842: checks 
CitizenPU: checks 
Dorex2007: bets $0.08
eagleow: folds 
Theo53842: folds 
CitizenPU: folds 
Uncalled bet ($0.08) returned to Dorex2007
Dorex2007 collected $0.15 from pot
Dorex2007: doesn't show hand 
*** SUMMARY ***
Total pot $0.16 | Rake $0.01 
Board [5d Jd 7d]
Seat 1: Dorex2007 collected ($0.15)
Seat 2: Adr3nochrome folded before Flop (didn't bet)
Seat 3: eagleow (button) folded on the Flop
Seat 4: Theo53842 (small blind) folded on the Flop
Seat 5: CitizenPU (big blind) folded on the Flop
Seat 6: pokereule754 folded before Flop (didn't bet)
Seat 7: airdestiny folded before Flop (didn't bet)
Seat 8: loose kaboos folded before Flop (didn't bet)
Seat 9: WLOLW rrrrr folded before Flop (didn't bet)



PokerStars Hand #227010237651:  Hold'em No Limit ($0.01/$0.02 USD) - 2021/05/23 14:00:20 PT [2021/05/23 17:00:20 ET]
Table 'Crocus III' 9-max Seat #4 is the button
Seat 1: Dorex2007 ($2.27 in chips) 
Seat 2: Adr3nochrome ($2.14 in chips) 
Seat 3: eagleow ($1.86 in chips) 
Seat 4: Theo53842 ($1.10 in chips) 
Seat 5: CitizenPU ($2.25 in chips) 
Seat 6: pokereule754 ($2 in chips) 
Seat 7: airdestiny ($2 in chips) 
Seat 8: loose kaboos ($1.52 in chips) 
Seat 9: WLOLW rrrrr ($4.48 in chips) 
CitizenPU: posts small blind $0.01
pokereule754: posts big blind $0.02
*** HOLE CARDS ***
Dealt to Dorex2007 [Qc 5s]
airdestiny: folds 
loose kaboos: folds 
WLOLW rrrrr: raises $0.04 to $0.06
Dorex2007: folds 
Adr3nochrome: folds 
eagleow: folds 
Theo53842: folds 
CitizenPU: calls $0.05
pokereule754: folds 
*** FLOP *** [6d Th 8s]
CitizenPU: checks 
WLOLW rrrrr: bets $0.09
CitizenPU: folds 
Uncalled bet ($0.09) returned to WLOLW rrrrr
WLOLW rrrrr collected $0.14 from pot
WLOLW rrrrr: doesn't show hand 
*** SUMMARY ***
Total pot $0.14 | Rake $0 
Board [6d Th 8s]
Seat 1: Dorex2007 folded before Flop (didn't bet)
Seat 2: Adr3nochrome folded before Flop (didn't bet)
Seat 3: eagleow folded before Flop (didn't bet)
Seat 4: Theo53842 (button) folded before Flop (didn't bet)
Seat 5: CitizenPU (small blind) folded on the Flop
Seat 6: pokereule754 (big blind) folded before Flop
Seat 7: airdestiny folded before Flop (didn't bet)
Seat 8: loose kaboos folded before Flop (didn't bet)
Seat 9: WLOLW rrrrr collected ($0.14)



PokerStars Hand #227010248920:  Hold'em No Limit ($0.01/$0.02 USD) - 2021/05/23 14:00:47 PT [2021/05/23 17:00:47 ET]
Table 'Crocus III' 9-max Seat #5 is the button
Seat 1: Dorex2007 ($2.27 in chips) 
Seat 2: Adr3nochrome ($2.14 in chips) 
Seat 3: eagleow ($1.86 in chips) 
Seat 4: Theo53842 ($1.10 in chips) 
Seat 5: CitizenPU ($2.19 in chips) 
Seat 6: pokereule754 ($2 in chips) 
Seat 7: airdestiny ($2 in chips) 
Seat 8: loose kaboos ($1.52 in chips) 
Seat 9: WLOLW rrrrr ($4.56 in chips) 
pokereule754: posts small blind $0.01
airdestiny: posts big blind $0.02
*** HOLE CARDS ***
Dealt to Dorex2007 [6s 4c]
loose kaboos: calls $0.02
WLOLW rrrrr: folds 
Dorex2007: folds 
Adr3nochrome: folds 
eagleow: calls $0.02
Theo53842: calls $0.02
CitizenPU: raises $0.06 to $0.08
pokereule754: folds 
airdestiny: folds 
loose kaboos: calls $0.06
eagleow: calls $0.06
Theo53842: calls $0.06
*** FLOP *** [2s 9h Kh]
loose kaboos: checks 
eagleow: checks 
Theo53842: checks 
CitizenPU: checks 
*** TURN *** [2s 9h Kh] [Qs]
loose kaboos: checks 
eagleow: checks 
Theo53842: checks 
CitizenPU: checks 
*** RIVER *** [2s 9h Kh Qs] [7s]
loose kaboos: checks 
eagleow: checks 
Theo53842: checks 
CitizenPU: bets $0.20
loose kaboos: folds 
eagleow: folds 
Theo53842: folds 
Uncalled bet ($0.20) returned to CitizenPU
CitizenPU collected $0.34 from pot
CitizenPU: doesn't show hand 
*** SUMMARY ***
Total pot $0.35 | Rake $0.01 
Board [2s 9h Kh Qs 7s]
Seat 1: Dorex2007 folded before Flop (didn't bet)
Seat 2: Adr3nochrome folded before Flop (didn't bet)
Seat 3: eagleow folded on the River
Seat 4: Theo53842 folded on the River
Seat 5: CitizenPU (button) collected ($0.34)
Seat 6: pokereule754 (small blind) folded before Flop
Seat 7: airdestiny (big blind) folded before Flop
Seat 8: loose kaboos folded on the River
Seat 9: WLOLW rrrrr folded before Flop (didn't bet)



PokerStars Hand #227010285108:  Hold'em No Limit ($0.01/$0.02 USD) - 2021/05/23 14:02:01 PT [2021/05/23 17:02:01 ET]
Table 'Crocus III' 9-max Seat #6 is the button
Seat 1: Dorex2007 ($2.27 in chips) 
Seat 2: Adr3nochrome ($2.14 in chips) 
Seat 3: eagleow ($1.78 in chips) 
Seat 4: Theo53842 ($1.02 in chips) 
Seat 5: CitizenPU ($2.45 in chips) 
Seat 6: pokereule754 ($2 in chips) 
Seat 7: airdestiny ($2 in chips) 
Seat 8: loose kaboos ($1.44 in chips) 
Seat 9: WLOLW rrrrr ($4.56 in chips) 
airdestiny: posts small blind $0.01
loose kaboos: posts big blind $0.02
*** HOLE CARDS ***
Dealt to Dorex2007 [Jc Kd]
WLOLW rrrrr: folds 
Dorex2007: folds 
Adr3nochrome: folds 
eagleow: folds 
Theo53842: folds 
CitizenPU: folds 
pokereule754: folds 
Theo53842 leaves the table
airdestiny: raises $0.06 to $0.08
loose kaboos: folds 
Uncalled bet ($0.06) returned to airdestiny
airdestiny collected $0.04 from pot
airdestiny: doesn't show hand 
*** SUMMARY ***
Total pot $0.04 | Rake $0 
Seat 1: Dorex2007 folded before Flop (didn't bet)
Seat 2: Adr3nochrome folded before Flop (didn't bet)
Seat 3: eagleow folded before Flop (didn't bet)
Seat 4: Theo53842 folded before Flop (didn't bet)
Seat 5: CitizenPU folded before Flop (didn't bet)
Seat 6: pokereule754 (button) folded before Flop (didn't bet)
Seat 7: airdestiny (small blind) collected ($0.04)
Seat 8: loose kaboos (big blind) folded before Flop
Seat 9: WLOLW rrrrr folded before Flop (didn't bet)



PokerStars Hand #227010300198:  Hold'em No Limit ($0.01/$0.02 USD) - 2021/05/23 14:02:28 PT [2021/05/23 17:02:28 ET]
Table 'Crocus III' 9-max Seat #7 is the button
Seat 1: Dorex2007 ($2.27 in chips) 
Seat 2: Adr3nochrome ($2.14 in chips) 
Seat 3: eagleow ($1.78 in chips) 
Seat 5: CitizenPU ($2.45 in chips) 
Seat 6: pokereule754 ($2 in chips) 
Seat 7: airdestiny ($2.02 in chips) 
Seat 8: loose kaboos ($1.42 in chips) 
Seat 9: WLOLW rrrrr ($4.56 in chips) 
loose kaboos: posts small blind $0.01
WLOLW rrrrr: posts big blind $0.02
*** HOLE CARDS ***
Dealt to Dorex2007 [2c 5s]
4FR*XakeP joins the table at seat #4 
Dorex2007: folds 
Adr3nochrome: folds 
eagleow: folds 
CitizenPU: folds 
pokereule754: calls $0.02
airdestiny: folds 
loose kaboos: calls $0.01
WLOLW rrrrr: checks 
*** FLOP *** [Kh Tc 2s]
loose kaboos: checks 
WLOLW rrrrr: checks 
pokereule754: checks 
*** TURN *** [Kh Tc 2s] [3h]
loose kaboos: checks 
WLOLW rrrrr: checks 
pokereule754: checks 
*** RIVER *** [Kh Tc 2s 3h] [6d]
loose kaboos: checks 
WLOLW rrrrr: checks 
pokereule754: checks 
*** SHOW DOWN ***
loose kaboos: shows [Qc 9d] (high card King)
WLOLW rrrrr: shows [7c Ac] (high card Ace)
pokereule754: mucks hand 
WLOLW rrrrr collected $0.06 from pot
*** SUMMARY ***
Total pot $0.06 | Rake $0 
Board [Kh Tc 2s 3h 6d]
Seat 1: Dorex2007 folded before Flop (didn't bet)
Seat 2: Adr3nochrome folded before Flop (didn't bet)
Seat 3: eagleow folded before Flop (didn't bet)
Seat 5: CitizenPU folded before Flop (didn't bet)
Seat 6: pokereule754 mucked [Qd Js]
Seat 7: airdestiny (button) folded before Flop (didn't bet)
Seat 8: loose kaboos (small blind) showed [Qc 9d] and lost with high card King
Seat 9: WLOLW rrrrr (big blind) showed [7c Ac] and won ($0.06) with high card Ace



PokerStars Hand #227010328561:  Hold'em No Limit ($0.01/$0.02 USD) - 2021/05/23 14:03:18 PT [2021/05/23 17:03:18 ET]
Table 'Crocus III' 9-max Seat #8 is the button
Seat 1: Dorex2007 ($2.27 in chips) 
Seat 2: Adr3nochrome ($2.14 in chips) 
Seat 3: eagleow ($1.78 in chips) 
Seat 5: CitizenPU ($2.45 in chips) 
Seat 6: pokereule754 ($2 in chips) 
Seat 7: airdestiny ($2.02 in chips) 
Seat 8: loose kaboos ($1.40 in chips) 
Seat 9: WLOLW rrrrr ($4.60 in chips) 
WLOLW rrrrr: posts small blind $0.01
Dorex2007: posts big blind $0.02
4FR*XakeP: sits out 
*** HOLE CARDS ***
Dealt to Dorex2007 [7c Ah]
Adr3nochrome: folds 
eagleow: folds 
CitizenPU: folds 
pokereule754: folds 
airdestiny has timed out
airdestiny: folds 
loose kaboos: folds 
WLOLW rrrrr: folds 
Uncalled bet ($0.01) returned to Dorex2007
Dorex2007 collected $0.02 from pot
Dorex2007: doesn't show hand 
*** SUMMARY ***
Total pot $0.02 | Rake $0 
Seat 1: Dorex2007 (big blind) collected ($0.02)
Seat 2: Adr3nochrome folded before Flop (didn't bet)
Seat 3: eagleow folded before Flop (didn't bet)
Seat 5: CitizenPU folded before Flop (didn't bet)
Seat 6: pokereule754 folded before Flop (didn't bet)
Seat 7: airdestiny folded before Flop (didn't bet)
Seat 8: loose kaboos (button) folded before Flop (didn't bet)
Seat 9: WLOLW rrrrr (small blind) folded before Flop



PokerStars Hand #227010341518:  Hold'em No Limit ($0.01/$0.02 USD) - 2021/05/23 14:03:41 PT [2021/05/23 17:03:41 ET]
Table 'Crocus III' 9-max Seat #9 is the button
Seat 1: Dorex2007 ($2.28 in chips) 
Seat 2: Adr3nochrome ($2.14 in chips) 
Seat 3: eagleow ($1.78 in chips) 
Seat 5: CitizenPU ($2.45 in chips) 
Seat 6: pokereule754 ($2 in chips) 
Seat 8: loose kaboos ($1.40 in chips) 
Seat 9: WLOLW rrrrr ($4.59 in chips) 
Dorex2007: posts small blind $0.01
Adr3nochrome: posts big blind $0.02
4FR*XakeP: sits out 
*** HOLE CARDS ***
Dealt to Dorex2007 [7d 7h]
eagleow: calls $0.02
CitizenPU: folds 
pokereule754: folds 
loose kaboos: calls $0.02
WLOLW rrrrr: folds 
Dorex2007: calls $0.01
Adr3nochrome: checks 
*** FLOP *** [8d Ah 9h]
Dorex2007: checks 
Adr3nochrome: checks 
eagleow: checks 
loose kaboos: bets $0.04
Dorex2007: folds 
Adr3nochrome: calls $0.04
eagleow: calls $0.04
*** TURN *** [8d Ah 9h] [5h]
Adr3nochrome: checks 
eagleow: checks 
loose kaboos: checks 
*** RIVER *** [8d Ah 9h 5h] [Jc]
Adr3nochrome: bets $0.24
eagleow: folds 
loose kaboos: folds 
Uncalled bet ($0.24) returned to Adr3nochrome
Adr3nochrome collected $0.19 from pot
*** SUMMARY ***
Total pot $0.20 | Rake $0.01 
Board [8d Ah 9h 5h Jc]
Seat 1: Dorex2007 (small blind) folded on the Flop
Seat 2: Adr3nochrome (big blind) collected ($0.19)
Seat 3: eagleow folded on the River
Seat 5: CitizenPU folded before Flop (didn't bet)
Seat 6: pokereule754 folded before Flop (didn't bet)
Seat 8: loose kaboos folded on the River
Seat 9: WLOLW rrrrr (button) folded before Flop (didn't bet)



PokerStars Hand #227010381429:  Hold'em No Limit ($0.01/$0.02 USD) - 2021/05/23 14:04:50 PT [2021/05/23 17:04:50 ET]
Table 'Crocus III' 9-max Seat #1 is the button
Seat 1: Dorex2007 ($2.26 in chips) 
Seat 2: Adr3nochrome ($2.27 in chips) 
Seat 3: eagleow ($1.72 in chips) 
Seat 5: CitizenPU ($2.45 in chips) 
Seat 6: pokereule754 ($2 in chips) 
Seat 7: airdestiny ($2.02 in chips) 
Seat 8: loose kaboos ($1.34 in chips) 
Seat 9: WLOLW rrrrr ($4.59 in chips) 
Adr3nochrome: posts small blind $0.01
eagleow: posts big blind $0.02
4FR*XakeP: sits out 
*** HOLE CARDS ***
Dealt to Dorex2007 [6d 7h]
CitizenPU: raises $0.04 to $0.06
pokereule754: folds 
airdestiny: folds 
loose kaboos: folds 
WLOLW rrrrr: folds 
Dorex2007: folds 
Adr3nochrome: folds 
eagleow: calls $0.04
*** FLOP *** [7d 6c Jh]
eagleow: bets $0.06
CitizenPU: calls $0.06
*** TURN *** [7d 6c Jh] [Kc]
eagleow: checks 
CitizenPU: bets $0.16
eagleow: raises $0.16 to $0.32
CitizenPU: calls $0.16
*** RIVER *** [7d 6c Jh Kc] [Ah]
eagleow: bets $0.86
CitizenPU: folds 
Uncalled bet ($0.86) returned to eagleow
eagleow collected $0.86 from pot
eagleow: doesn't show hand 
*** SUMMARY ***
Total pot $0.89 | Rake $0.03 
Board [7d 6c Jh Kc Ah]
Seat 1: Dorex2007 (button) folded before Flop (didn't bet)
Seat 2: Adr3nochrome (small blind) folded before Flop
Seat 3: eagleow (big blind) collected ($0.86)
Seat 5: CitizenPU folded on the River
Seat 6: pokereule754 folded before Flop (didn't bet)
Seat 7: airdestiny folded before Flop (didn't bet)
Seat 8: loose kaboos folded before Flop (didn't bet)
Seat 9: WLOLW rrrrr folded before Flop (didn't bet)



PokerStars Hand #227010427205:  Hold'em No Limit ($0.01/$0.02 USD) - 2021/05/23 14:05:52 PT [2021/05/23 17:05:52 ET]
Table 'Crocus III' 9-max Seat #2 is the button
Seat 1: Dorex2007 ($2.26 in chips) 
Seat 2: Adr3nochrome ($2.26 in chips) 
Seat 3: eagleow ($2.14 in chips) 
Seat 4: 4FR*XakeP ($1.60 in chips) 
Seat 5: CitizenPU ($2.01 in chips) 
Seat 6: pokereule754 ($2 in chips) 
Seat 7: airdestiny ($2.02 in chips) 
Seat 8: loose kaboos ($1.34 in chips) 
Seat 9: WLOLW rrrrr ($4.59 in chips) 
eagleow: posts small blind $0.01
4FR*XakeP: posts big blind $0.02
*** HOLE CARDS ***
Dealt to Dorex2007 [6c Js]
CitizenPU: folds 
pokereule754: folds 
airdestiny: folds 
loose kaboos: calls $0.02
WLOLW rrrrr: folds 
Dorex2007: folds 
Adr3nochrome: folds 
eagleow: calls $0.01
4FR*XakeP: checks 
*** FLOP *** [2c Kc 7d]
eagleow: checks 
4FR*XakeP: checks 
loose kaboos: checks 
*** TURN *** [2c Kc 7d] [2h]
eagleow: checks 
4FR*XakeP: checks 
loose kaboos: bets $0.03
eagleow: calls $0.03
4FR*XakeP: folds 
*** RIVER *** [2c Kc 7d 2h] [Kd]
eagleow: checks 
loose kaboos: checks 
*** SHOW DOWN ***
eagleow: shows [9c Ac] (two pair, Kings and Deuces)
loose kaboos: shows [Ad Tc] (two pair, Kings and Deuces)
eagleow collected $0.06 from pot
loose kaboos collected $0.06 from pot
*** SUMMARY ***
Total pot $0.12 | Rake $0 
Board [2c Kc 7d 2h Kd]
Seat 1: Dorex2007 folded before Flop (didn't bet)
Seat 2: Adr3nochrome (button) folded before Flop (didn't bet)
Seat 3: eagleow (small blind) showed [9c Ac] and won ($0.06) with two pair, Kings and Deuces
Seat 4: 4FR*XakeP (big blind) folded on the Turn
Seat 5: CitizenPU folded before Flop (didn't bet)
Seat 6: pokereule754 folded before Flop (didn't bet)
Seat 7: airdestiny folded before Flop (didn't bet)
Seat 8: loose kaboos showed [Ad Tc] and won ($0.06) with two pair, Kings and Deuces
Seat 9: WLOLW rrrrr folded before Flop (didn't bet)



PokerStars Hand #227010460119:  Hold'em No Limit ($0.01/$0.02 USD) - 2021/05/23 14:06:49 PT [2021/05/23 17:06:49 ET]
Table 'Crocus III' 9-max Seat #3 is the button
Seat 1: Dorex2007 ($2.26 in chips) 
Seat 2: Adr3nochrome ($2.26 in chips) 
Seat 3: eagleow ($2.15 in chips) 
Seat 4: 4FR*XakeP ($2 in chips) 
Seat 5: CitizenPU ($2.01 in chips) 
Seat 6: pokereule754 ($2 in chips) 
Seat 7: airdestiny ($2.02 in chips) 
Seat 8: loose kaboos ($1.35 in chips) 
Seat 9: WLOLW rrrrr ($4.59 in chips) 
4FR*XakeP: posts small blind $0.01
CitizenPU: posts big blind $0.02
*** HOLE CARDS ***
Dealt to Dorex2007 [As 8h]
pokereule754: folds 
airdestiny: folds 
loose kaboos: folds 
WLOLW rrrrr: folds 
Dorex2007: folds 
Adr3nochrome: folds 
eagleow: folds 
4FR*XakeP: folds 
Uncalled bet ($0.01) returned to CitizenPU
CitizenPU collected $0.02 from pot
CitizenPU: doesn't show hand 
*** SUMMARY ***
Total pot $0.02 | Rake $0 
Seat 1: Dorex2007 folded before Flop (didn't bet)
Seat 2: Adr3nochrome folded before Flop (didn't bet)
Seat 3: eagleow (button) folded before Flop (didn't bet)
Seat 4: 4FR*XakeP (small blind) folded before Flop
Seat 5: CitizenPU (big blind) collected ($0.02)
Seat 6: pokereule754 folded before Flop (didn't bet)
Seat 7: airdestiny folded before Flop (didn't bet)
Seat 8: loose kaboos folded before Flop (didn't bet)
Seat 9: WLOLW rrrrr folded before Flop (didn't bet)



PokerStars Hand #227010473380:  Hold'em No Limit ($0.01/$0.02 USD) - 2021/05/23 14:07:12 PT [2021/05/23 17:07:12 ET]
Table 'Crocus III' 9-max Seat #4 is the button
Seat 1: Dorex2007 ($2.26 in chips) 
Seat 2: Adr3nochrome ($2.26 in chips) 
Seat 3: eagleow ($2.15 in chips) 
Seat 4: 4FR*XakeP ($1.99 in chips) 
Seat 5: CitizenPU ($2.02 in chips) 
Seat 6: pokereule754 ($2 in chips) 
Seat 7: airdestiny ($2.02 in chips) 
Seat 8: loose kaboos ($1.35 in chips) 
Seat 9: WLOLW rrrrr ($4.59 in chips) 
CitizenPU: posts small blind $0.01
pokereule754: posts big blind $0.02
*** HOLE CARDS ***
Dealt to Dorex2007 [8d Ad]
airdestiny has timed out
airdestiny: folds 
loose kaboos: folds 
WLOLW rrrrr: raises $0.04 to $0.06
Dorex2007: folds 
Adr3nochrome: folds 
eagleow: folds 
4FR*XakeP: folds 
CitizenPU: folds 
pokereule754: folds 
Uncalled bet ($0.04) returned to WLOLW rrrrr
WLOLW rrrrr collected $0.05 from pot
WLOLW rrrrr: doesn't show hand 
*** SUMMARY ***
Total pot $0.05 | Rake $0 
Seat 1: Dorex2007 folded before Flop (didn't bet)
Seat 2: Adr3nochrome folded before Flop (didn't bet)
Seat 3: eagleow folded before Flop (didn't bet)
Seat 4: 4FR*XakeP (button) folded before Flop (didn't bet)
Seat 5: CitizenPU (small blind) folded before Flop
Seat 6: pokereule754 (big blind) folded before Flop
Seat 7: airdestiny folded before Flop (didn't bet)
Seat 8: loose kaboos folded before Flop (didn't bet)
Seat 9: WLOLW rrrrr collected ($0.05)



PokerStars Hand #227010492249:  Hold'em No Limit ($0.01/$0.02 USD) - 2021/05/23 14:07:45 PT [2021/05/23 17:07:45 ET]
Table 'Crocus III' 9-max Seat #5 is the button
Seat 1: Dorex2007 ($2.26 in chips) 
Seat 2: Adr3nochrome ($2.26 in chips) 
Seat 3: eagleow ($2.15 in chips) 
Seat 4: 4FR*XakeP ($1.99 in chips) 
Seat 5: CitizenPU ($2.01 in chips) 
Seat 6: pokereule754 ($2 in chips) 
Seat 8: loose kaboos ($1.35 in chips) 
Seat 9: WLOLW rrrrr ($4.62 in chips) 
pokereule754: posts small blind $0.01
loose kaboos: posts big blind $0.02
*** HOLE CARDS ***
Dealt to Dorex2007 [Ah Qh]
WLOLW rrrrr: folds 
Dorex2007: raises $0.04 to $0.06
Adr3nochrome: folds 
eagleow: folds 
4FR*XakeP: folds 
CitizenPU: folds 
pokereule754: folds 
loose kaboos: calls $0.04
*** FLOP *** [8d 6s Ks]
loose kaboos: checks 
Dorex2007: checks 
*** TURN *** [8d 6s Ks] [4s]
loose kaboos: bets $0.02
Dorex2007: calls $0.02
*** RIVER *** [8d 6s Ks 4s] [Qs]
loose kaboos: bets $0.02
Dorex2007: calls $0.02
*** SHOW DOWN ***
loose kaboos: shows [9s Ts] (a flush, King high)
Dorex2007: mucks hand 
loose kaboos collected $0.20 from pot
*** SUMMARY ***
Total pot $0.21 | Rake $0.01 
Board [8d 6s Ks 4s Qs]
Seat 1: Dorex2007 mucked [Ah Qh]
Seat 2: Adr3nochrome folded before Flop (didn't bet)
Seat 3: eagleow folded before Flop (didn't bet)
Seat 4: 4FR*XakeP folded before Flop (didn't bet)
Seat 5: CitizenPU (button) folded before Flop (didn't bet)
Seat 6: pokereule754 (small blind) folded before Flop
Seat 8: loose kaboos (big blind) showed [9s Ts] and won ($0.20) with a flush, King high
Seat 9: WLOLW rrrrr folded before Flop (didn't bet)



PokerStars Hand #227010512329:  Hold'em No Limit ($0.01/$0.02 USD) - 2021/05/23 14:08:20 PT [2021/05/23 17:08:20 ET]
Table 'Crocus III' 9-max Seat #6 is the button
Seat 1: Dorex2007 ($2.16 in chips) 
Seat 2: Adr3nochrome ($2.26 in chips) 
Seat 3: eagleow ($2.15 in chips) 
Seat 4: 4FR*XakeP ($1.99 in chips) 
Seat 5: CitizenPU ($2.01 in chips) 
Seat 6: pokereule754 ($2 in chips) 
Seat 8: loose kaboos ($1.45 in chips) 
Seat 9: WLOLW rrrrr ($4.62 in chips) 
loose kaboos: posts small blind $0.01
WLOLW rrrrr: posts big blind $0.02
*** HOLE CARDS ***
Dealt to Dorex2007 [5d 3h]
Dorex2007: folds 
Adr3nochrome: folds 
eagleow: calls $0.02
4FR*XakeP: raises $0.02 to $0.04
CitizenPU: folds 
pokereule754: folds 
loose kaboos: calls $0.03
pokereule754 leaves the table
WLOLW rrrrr: calls $0.02
eagleow: calls $0.02
*** FLOP *** [6d 3d 8c]
loose kaboos: checks 
WLOLW rrrrr: bets $0.08
chain38 joins the table at seat #6 
eagleow: folds 
4FR*XakeP: raises $0.08 to $0.16
loose kaboos has timed out
loose kaboos: folds 
WLOLW rrrrr: calls $0.08
*** TURN *** [6d 3d 8c] [8d]
WLOLW rrrrr: checks 
4FR*XakeP: checks 
*** RIVER *** [6d 3d 8c 8d] [6h]
WLOLW rrrrr: bets $0.31
4FR*XakeP: calls $0.31
*** SHOW DOWN ***
WLOLW rrrrr: shows [6s Ah] (a full house, Sixes full of Eights)
4FR*XakeP: shows [8h 7h] (a full house, Eights full of Sixes)
4FR*XakeP collected $1.06 from pot
*** SUMMARY ***
Total pot $1.10 | Rake $0.04 
Board [6d 3d 8c 8d 6h]
Seat 1: Dorex2007 folded before Flop (didn't bet)
Seat 2: Adr3nochrome folded before Flop (didn't bet)
Seat 3: eagleow folded on the Flop
Seat 4: 4FR*XakeP showed [8h 7h] and won ($1.06) with a full house, Eights full of Sixes
Seat 5: CitizenPU folded before Flop (didn't bet)
Seat 6: pokereule754 (button) folded before Flop (didn't bet)
Seat 8: loose kaboos (small blind) folded on the Flop
Seat 9: WLOLW rrrrr (big blind) showed [6s Ah] and lost with a full house, Sixes full of Eights



PokerStars Hand #227010565783:  Hold'em No Limit ($0.01/$0.02 USD) - 2021/05/23 14:09:53 PT [2021/05/23 17:09:53 ET]
Table 'Crocus III' 9-max Seat #8 is the button
Seat 1: Dorex2007 ($2.16 in chips) 
Seat 2: Adr3nochrome ($2.26 in chips) 
Seat 3: eagleow ($2.11 in chips) 
Seat 4: 4FR*XakeP ($2.54 in chips) 
Seat 5: CitizenPU ($2.01 in chips) 
Seat 6: chain38 ($0.80 in chips) 
Seat 8: loose kaboos ($1.41 in chips) 
Seat 9: WLOLW rrrrr ($4.11 in chips) 
WLOLW rrrrr: posts small blind $0.01
Dorex2007: posts big blind $0.02
chain38: posts big blind $0.02
airdestiny: sits out 
*** HOLE CARDS ***
Dealt to Dorex2007 [As 4s]
Adr3nochrome: folds 
eagleow: folds 
4FR*XakeP: folds 
CitizenPU: calls $0.02
chain38: checks 
loose kaboos: calls $0.02
WLOLW rrrrr: calls $0.01
Dorex2007: checks 
*** FLOP *** [Th 9d 2s]
WLOLW rrrrr: bets $0.05
Dorex2007: folds 
CitizenPU: calls $0.05
chain38: folds 
loose kaboos: calls $0.05
*** TURN *** [Th 9d 2s] [Kc]
WLOLW rrrrr: checks 
CitizenPU: checks 
loose kaboos: checks 
*** RIVER *** [Th 9d 2s Kc] [6c]
WLOLW rrrrr: bets $0.12
CitizenPU: raises $0.36 to $0.48
loose kaboos: folds 
WLOLW rrrrr: folds 
Uncalled bet ($0.36) returned to CitizenPU
CitizenPU collected $0.47 from pot
CitizenPU: doesn't show hand 
*** SUMMARY ***
Total pot $0.49 | Rake $0.02 
Board [Th 9d 2s Kc 6c]
Seat 1: Dorex2007 (big blind) folded on the Flop
Seat 2: Adr3nochrome folded before Flop (didn't bet)
Seat 3: eagleow folded before Flop (didn't bet)
Seat 4: 4FR*XakeP folded before Flop (didn't bet)
Seat 5: CitizenPU collected ($0.47)
Seat 6: chain38 folded on the Flop (didn't bet)
Seat 8: loose kaboos (button) folded on the River
Seat 9: WLOLW rrrrr (small blind) folded on the River



PokerStars Hand #227010612166:  Hold'em No Limit ($0.01/$0.02 USD) - 2021/05/23 14:11:15 PT [2021/05/23 17:11:15 ET]
Table 'Crocus III' 9-max Seat #9 is the button
Seat 1: Dorex2007 ($2.14 in chips) 
Seat 2: Adr3nochrome ($2.26 in chips) 
Seat 3: eagleow ($2.11 in chips) 
Seat 4: 4FR*XakeP ($2.54 in chips) 
Seat 5: CitizenPU ($2.29 in chips) 
Seat 6: chain38 ($0.78 in chips) 
Seat 8: loose kaboos ($1.34 in chips) 
Seat 9: WLOLW rrrrr ($3.92 in chips) 
Dorex2007: posts small blind $0.01
Adr3nochrome: posts big blind $0.02
airdestiny: sits out 
*** HOLE CARDS ***
Dealt to Dorex2007 [Jh Kh]
eagleow: folds 
4FR*XakeP: folds 
CitizenPU: raises $0.04 to $0.06
chain38: folds 
loose kaboos: folds 
WLOLW rrrrr: calls $0.06
Dorex2007: calls $0.05
Adr3nochrome: calls $0.04
*** FLOP *** [7s Ks Ah]
Dorex2007: checks 
Adr3nochrome: checks 
CitizenPU: checks 
WLOLW rrrrr: checks 
*** TURN *** [7s Ks Ah] [6s]
Dorex2007: checks 
Adr3nochrome: checks 
CitizenPU: checks 
WLOLW rrrrr: bets $0.15
Dorex2007: folds 
Adr3nochrome: folds 
CitizenPU: folds 
Uncalled bet ($0.15) returned to WLOLW rrrrr
WLOLW rrrrr collected $0.23 from pot
WLOLW rrrrr: doesn't show hand 
*** SUMMARY ***
Total pot $0.24 | Rake $0.01 
Board [7s Ks Ah 6s]
Seat 1: Dorex2007 (small blind) folded on the Turn
Seat 2: Adr3nochrome (big blind) folded on the Turn
Seat 3: eagleow folded before Flop (didn't bet)
Seat 4: 4FR*XakeP folded before Flop (didn't bet)
Seat 5: CitizenPU folded on the Turn
Seat 6: chain38 folded before Flop (didn't bet)
Seat 8: loose kaboos folded before Flop (didn't bet)
Seat 9: WLOLW rrrrr (button) collected ($0.23)



PokerStars Hand #227010641993:  Hold'em No Limit ($0.01/$0.02 USD) - 2021/05/23 14:12:07 PT [2021/05/23 17:12:07 ET]
Table 'Crocus III' 9-max Seat #1 is the button
Seat 1: Dorex2007 ($2.08 in chips) 
Seat 2: Adr3nochrome ($2.20 in chips) 
Seat 3: eagleow ($2.11 in chips) 
Seat 4: 4FR*XakeP ($2.54 in chips) 
Seat 5: CitizenPU ($2.23 in chips) 
Seat 6: chain38 ($0.78 in chips) 
Seat 8: loose kaboos ($1.34 in chips) 
Seat 9: WLOLW rrrrr ($4.09 in chips) 
Adr3nochrome: posts small blind $0.01
eagleow: posts big blind $0.02
airdestiny: sits out 
*** HOLE CARDS ***
Dealt to Dorex2007 [6h 5d]
4FR*XakeP: folds 
CitizenPU: calls $0.02
chain38: calls $0.02
loose kaboos has timed out
loose kaboos: folds 
WLOLW rrrrr: folds 
Dorex2007: folds 
loose kaboos is disconnected 
Adr3nochrome: calls $0.01
eagleow: checks 
*** FLOP *** [Ac Qd 3c]
Adr3nochrome: bets $0.05
eagleow: folds 
CitizenPU: calls $0.05
loose kaboos leaves the table
chain38: calls $0.05
*** TURN *** [Ac Qd 3c] [Jh]
Adr3nochrome: bets $0.17
CitizenPU: calls $0.17
chain38: folds 
*** RIVER *** [Ac Qd 3c Jh] [3h]
Adr3nochrome: bets $0.28
boarddiver joins the table at seat #8 
CitizenPU: folds 
Uncalled bet ($0.28) returned to Adr3nochrome
Adr3nochrome collected $0.55 from pot
*** SUMMARY ***
Total pot $0.57 | Rake $0.02 
Board [Ac Qd 3c Jh 3h]
Seat 1: Dorex2007 (button) folded before Flop (didn't bet)
Seat 2: Adr3nochrome (small blind) collected ($0.55)
Seat 3: eagleow (big blind) folded on the Flop
Seat 4: 4FR*XakeP folded before Flop (didn't bet)
Seat 5: CitizenPU folded on the River
Seat 6: chain38 folded on the Turn
Seat 8: loose kaboos folded before Flop (didn't bet)
Seat 9: WLOLW rrrrr folded before Flop (didn't bet)



PokerStars Hand #227010693913:  Hold'em No Limit ($0.01/$0.02 USD) - 2021/05/23 14:13:40 PT [2021/05/23 17:13:40 ET]
Table 'Crocus III' 9-max Seat #2 is the button
Seat 1: Dorex2007 ($2.08 in chips) 
Seat 2: Adr3nochrome ($2.51 in chips) 
Seat 3: eagleow ($2.09 in chips) 
Seat 4: 4FR*XakeP ($2.54 in chips) 
Seat 5: CitizenPU ($2 in chips) 
Seat 6: chain38 ($0.71 in chips) 
Seat 8: boarddiver ($2 in chips) 
Seat 9: WLOLW rrrrr ($4.09 in chips) 
eagleow: posts small blind $0.01
4FR*XakeP: posts big blind $0.02
airdestiny: sits out 
boarddiver: posts big blind $0.02
*** HOLE CARDS ***
Dealt to Dorex2007 [Jh 6s]
CitizenPU: folds 
chain38: calls $0.02
boarddiver: checks 
WLOLW rrrrr: raises $0.09 to $0.11
Dorex2007: folds 
Adr3nochrome: folds 
eagleow: folds 
4FR*XakeP: folds 
chain38: calls $0.09
boarddiver: folds 
*** FLOP *** [Js 6c 4c]
CitizenPU leaves the table
chain38: checks 
WLOLW rrrrr: bets $0.17
chain38: folds 
Uncalled bet ($0.17) returned to WLOLW rrrrr
WLOLW rrrrr collected $0.26 from pot
WLOLW rrrrr: doesn't show hand 
*** SUMMARY ***
Total pot $0.27 | Rake $0.01 
Board [Js 6c 4c]
Seat 1: Dorex2007 folded before Flop (didn't bet)
Seat 2: Adr3nochrome (button) folded before Flop (didn't bet)
Seat 3: eagleow (small blind) folded before Flop
Seat 4: 4FR*XakeP (big blind) folded before Flop
Seat 5: CitizenPU folded before Flop (didn't bet)
Seat 6: chain38 folded on the Flop
Seat 8: boarddiver folded before Flop (didn't bet)
Seat 9: WLOLW rrrrr collected ($0.26)



PokerStars Hand #227010716928:  Hold'em No Limit ($0.01/$0.02 USD) - 2021/05/23 14:14:21 PT [2021/05/23 17:14:21 ET]
Table 'Crocus III' 9-max Seat #3 is the button
Seat 1: Dorex2007 ($2.08 in chips) 
Seat 2: Adr3nochrome ($2.51 in chips) 
Seat 3: eagleow ($2.08 in chips) 
Seat 4: 4FR*XakeP ($2.52 in chips) 
Seat 6: chain38 ($0.60 in chips) 
Seat 8: boarddiver ($1.98 in chips) 
Seat 9: WLOLW rrrrr ($4.24 in chips) 
4FR*XakeP: posts small blind $0.01
chain38: posts big blind $0.02
airdestiny: sits out 
*** HOLE CARDS ***
Dealt to Dorex2007 [Jc 2c]
boarddiver: calls $0.02
WLOLW rrrrr: raises $0.04 to $0.06
Dorex2007: folds 
Adr3nochrome: calls $0.06
eagleow: calls $0.06
4FR*XakeP: folds 
Ia cucaracha joins the table at seat #5 
chain38: folds 
boarddiver: calls $0.04
*** FLOP *** [2d 4h 4c]
boarddiver: checks 
WLOLW rrrrr: bets $0.17
Adr3nochrome: calls $0.17
eagleow: folds 
boarddiver: calls $0.17
*** TURN *** [2d 4h 4c] [3h]
boarddiver: checks 
WLOLW rrrrr: bets $0.50
Adr3nochrome: calls $0.50
boarddiver: calls $0.50
*** RIVER *** [2d 4h 4c 3h] [Td]
boarddiver: checks 
WLOLW rrrrr: checks 
Adr3nochrome: checks 
*** SHOW DOWN ***
boarddiver: shows [8s 8d] (two pair, Eights and Fours)
WLOLW rrrrr: mucks hand 
Adr3nochrome: shows [Js Jh] (two pair, Jacks and Fours)
Adr3nochrome collected $2.20 from pot
*** SUMMARY ***
Total pot $2.28 | Rake $0.08 
Board [2d 4h 4c 3h Td]
Seat 1: Dorex2007 folded before Flop (didn't bet)
Seat 2: Adr3nochrome showed [Js Jh] and won ($2.20) with two pair, Jacks and Fours
Seat 3: eagleow (button) folded on the Flop
Seat 4: 4FR*XakeP (small blind) folded before Flop
Seat 6: chain38 (big blind) folded before Flop
Seat 8: boarddiver showed [8s 8d] and lost with two pair, Eights and Fours
Seat 9: WLOLW rrrrr mucked [5s 5h]



PokerStars Hand #227010774732:  Hold'em No Limit ($0.01/$0.02 USD) - 2021/05/23 14:15:51 PT [2021/05/23 17:15:51 ET]
Table 'Crocus III' 9-max Seat #4 is the button
Seat 1: Dorex2007 ($2.08 in chips) 
Seat 2: Adr3nochrome ($3.98 in chips) 
Seat 3: eagleow ($2.02 in chips) 
Seat 4: 4FR*XakeP ($2.51 in chips) 
Seat 6: chain38 ($0.58 in chips) 
Seat 7: airdestiny ($2.02 in chips) 
Seat 8: boarddiver ($1.25 in chips) 
Seat 9: WLOLW rrrrr ($3.51 in chips) 
chain38: posts small blind $0.01
airdestiny: posts big blind $0.02
*** HOLE CARDS ***
Dealt to Dorex2007 [Jd 7s]
boarddiver: folds 
WLOLW rrrrr: folds 
Dorex2007: folds 
Adr3nochrome: folds 
eagleow: folds 
4FR*XakeP: raises $0.04 to $0.06
chain38: folds 
airdestiny: folds 
Uncalled bet ($0.04) returned to 4FR*XakeP
4FR*XakeP collected $0.05 from pot
4FR*XakeP: doesn't show hand 
*** SUMMARY ***
Total pot $0.05 | Rake $0 
Seat 1: Dorex2007 folded before Flop (didn't bet)
Seat 2: Adr3nochrome folded before Flop (didn't bet)
Seat 3: eagleow folded before Flop (didn't bet)
Seat 4: 4FR*XakeP (button) collected ($0.05)
Seat 6: chain38 (small blind) folded before Flop
Seat 7: airdestiny (big blind) folded before Flop
Seat 8: boarddiver folded before Flop (didn't bet)
Seat 9: WLOLW rrrrr folded before Flop (didn't bet)



PokerStars Hand #227010785378:  Hold'em No Limit ($0.01/$0.02 USD) - 2021/05/23 14:16:10 PT [2021/05/23 17:16:10 ET]
Table 'Crocus III' 9-max Seat #6 is the button
Seat 1: Dorex2007 ($2.08 in chips) 
Seat 2: Adr3nochrome ($3.98 in chips) 
Seat 3: eagleow ($2.02 in chips) 
Seat 4: 4FR*XakeP ($2.54 in chips) 
Seat 5: Ia cucaracha ($2 in chips) 
Seat 6: chain38 ($0.57 in chips) 
Seat 7: airdestiny ($2 in chips) 
Seat 8: boarddiver ($1.25 in chips) 
Seat 9: WLOLW rrrrr ($3.51 in chips) 
airdestiny: posts small blind $0.01
boarddiver: posts big blind $0.02
Ia cucaracha: posts big blind $0.02
*** HOLE CARDS ***
Dealt to Dorex2007 [Js 6h]
WLOLW rrrrr: folds 
Dorex2007: folds 
Adr3nochrome: folds 
eagleow: folds 
4FR*XakeP: folds 
Ia cucaracha: checks 
chain38: calls $0.02
airdestiny: folds 
boarddiver: checks 
*** FLOP *** [Jh 8s 5c]
boarddiver: checks 
Ia cucaracha: checks 
chain38: checks 
*** TURN *** [Jh 8s 5c] [Ad]
boarddiver: checks 
Ia cucaracha: checks 
chain38: checks 
*** RIVER *** [Jh 8s 5c Ad] [8d]
boarddiver: bets $0.07
Ia cucaracha: folds 
chain38: folds 
Uncalled bet ($0.07) returned to boarddiver
boarddiver collected $0.07 from pot
boarddiver: doesn't show hand 
*** SUMMARY ***
Total pot $0.07 | Rake $0 
Board [Jh 8s 5c Ad 8d]
Seat 1: Dorex2007 folded before Flop (didn't bet)
Seat 2: Adr3nochrome folded before Flop (didn't bet)
Seat 3: eagleow folded before Flop (didn't bet)
Seat 4: 4FR*XakeP folded before Flop (didn't bet)
Seat 5: Ia cucaracha folded on the River (didn't bet)
Seat 6: chain38 (button) folded on the River
Seat 7: airdestiny (small blind) folded before Flop
Seat 8: boarddiver (big blind) collected ($0.07)
Seat 9: WLOLW rrrrr folded before Flop (didn't bet)



PokerStars Hand #227010824921:  Hold'em No Limit ($0.01/$0.02 USD) - 2021/05/23 14:17:13 PT [2021/05/23 17:17:13 ET]
Table 'Crocus III' 9-max Seat #7 is the button
Seat 1: Dorex2007 ($2.08 in chips) 
Seat 2: Adr3nochrome ($3.98 in chips) 
Seat 3: eagleow ($2.02 in chips) 
Seat 4: 4FR*XakeP ($2.54 in chips) 
Seat 5: Ia cucaracha ($1.98 in chips) 
Seat 6: chain38 ($0.55 in chips) 
Seat 7: airdestiny ($2 in chips) 
Seat 8: boarddiver ($1.30 in chips) 
Seat 9: WLOLW rrrrr ($3.51 in chips) 
boarddiver: posts small blind $0.01
WLOLW rrrrr: posts big blind $0.02
*** HOLE CARDS ***
Dealt to Dorex2007 [As 3s]
Dorex2007: folds 
Adr3nochrome: folds 
eagleow: folds 
4FR*XakeP: folds 
Ia cucaracha: folds 
chain38: calls $0.02
airdestiny: raises $0.08 to $0.10
boarddiver: folds 
WLOLW rrrrr: folds 
chain38: calls $0.08
*** FLOP *** [Ah 3d 2h]
chain38: checks 
airdestiny: bets $0.14
chain38: folds 
Uncalled bet ($0.14) returned to airdestiny
airdestiny collected $0.22 from pot
airdestiny: doesn't show hand 
*** SUMMARY ***
Total pot $0.23 | Rake $0.01 
Board [Ah 3d 2h]
Seat 1: Dorex2007 folded before Flop (didn't bet)
Seat 2: Adr3nochrome folded before Flop (didn't bet)
Seat 3: eagleow folded before Flop (didn't bet)
Seat 4: 4FR*XakeP folded before Flop (didn't bet)
Seat 5: Ia cucaracha folded before Flop (didn't bet)
Seat 6: chain38 folded on the Flop
Seat 7: airdestiny (button) collected ($0.22)
Seat 8: boarddiver (small blind) folded before Flop
Seat 9: WLOLW rrrrr (big blind) folded before Flop



PokerStars Hand #227010842925:  Hold'em No Limit ($0.01/$0.02 USD) - 2021/05/23 14:17:46 PT [2021/05/23 17:17:46 ET]
Table 'Crocus III' 9-max Seat #8 is the button
Seat 1: Dorex2007 ($2.08 in chips) 
Seat 2: Adr3nochrome ($3.98 in chips) 
Seat 3: eagleow ($2.02 in chips) 
Seat 4: 4FR*XakeP ($2.54 in chips) 
Seat 5: Ia cucaracha ($1.98 in chips) 
Seat 6: chain38 ($0.45 in chips) 
Seat 7: airdestiny ($2.12 in chips) 
Seat 8: boarddiver ($1.29 in chips) 
Seat 9: WLOLW rrrrr ($3.49 in chips) 
WLOLW rrrrr: posts small blind $0.01
Dorex2007: posts big blind $0.02
*** HOLE CARDS ***
Dealt to Dorex2007 [Ah 7c]
Adr3nochrome: folds 
eagleow: folds 
4FR*XakeP: folds 
Ia cucaracha: folds 
chain38: folds 
airdestiny: folds 
boarddiver: folds 
WLOLW rrrrr: folds 
Uncalled bet ($0.01) returned to Dorex2007
Dorex2007 collected $0.02 from pot
Dorex2007: doesn't show hand 
*** SUMMARY ***
Total pot $0.02 | Rake $0 
Seat 1: Dorex2007 (big blind) collected ($0.02)
Seat 2: Adr3nochrome folded before Flop (didn't bet)
Seat 3: eagleow folded before Flop (didn't bet)
Seat 4: 4FR*XakeP folded before Flop (didn't bet)
Seat 5: Ia cucaracha folded before Flop (didn't bet)
Seat 6: chain38 folded before Flop (didn't bet)
Seat 7: airdestiny folded before Flop (didn't bet)
Seat 8: boarddiver (button) folded before Flop (didn't bet)
Seat 9: WLOLW rrrrr (small blind) folded before Flop



PokerStars Hand #227010851936:  Hold'em No Limit ($0.01/$0.02 USD) - 2021/05/23 14:18:01 PT [2021/05/23 17:18:01 ET]
Table 'Crocus III' 9-max Seat #9 is the button
Seat 1: Dorex2007 ($2.09 in chips) 
Seat 2: Adr3nochrome ($3.98 in chips) 
Seat 3: eagleow ($2.02 in chips) 
Seat 4: 4FR*XakeP ($2.54 in chips) 
Seat 5: Ia cucaracha ($1.98 in chips) 
Seat 6: chain38 ($0.45 in chips) 
Seat 7: airdestiny ($2.12 in chips) 
Seat 8: boarddiver ($1.29 in chips) 
Seat 9: WLOLW rrrrr ($3.48 in chips) 
Dorex2007: posts small blind $0.01
Adr3nochrome: posts big blind $0.02
*** HOLE CARDS ***
Dealt to Dorex2007 [9s 4c]
eagleow: folds 
4FR*XakeP: folds 
Ia cucaracha: folds 
chain38: calls $0.02
airdestiny: folds 
boarddiver: calls $0.02
WLOLW rrrrr: raises $0.10 to $0.12
Dorex2007: folds 
Adr3nochrome: folds 
chain38: folds 
boarddiver: calls $0.10
*** FLOP *** [8s Tc 2s]
boarddiver: checks 
WLOLW rrrrr: bets $0.28
boarddiver: calls $0.28
*** TURN *** [8s Tc 2s] [9d]
boarddiver: checks 
WLOLW rrrrr: bets $0.89
boarddiver: folds 
Uncalled bet ($0.89) returned to WLOLW rrrrr
WLOLW rrrrr collected $0.82 from pot
WLOLW rrrrr: doesn't show hand 
*** SUMMARY ***
Total pot $0.85 | Rake $0.03 
Board [8s Tc 2s 9d]
Seat 1: Dorex2007 (small blind) folded before Flop
Seat 2: Adr3nochrome (big blind) folded before Flop
Seat 3: eagleow folded before Flop (didn't bet)
Seat 4: 4FR*XakeP folded before Flop (didn't bet)
Seat 5: Ia cucaracha folded before Flop (didn't bet)
Seat 6: chain38 folded before Flop
Seat 7: airdestiny folded before Flop (didn't bet)
Seat 8: boarddiver folded on the Turn
Seat 9: WLOLW rrrrr (button) collected ($0.82)



PokerStars Hand #227010896714:  Hold'em No Limit ($0.01/$0.02 USD) - 2021/05/23 14:19:22 PT [2021/05/23 17:19:22 ET]
Table 'Crocus III' 9-max Seat #1 is the button
Seat 1: Dorex2007 ($2.08 in chips) 
Seat 2: Adr3nochrome ($3.96 in chips) 
Seat 3: eagleow ($2.02 in chips) 
Seat 4: 4FR*XakeP ($2.54 in chips) 
Seat 5: Ia cucaracha ($1.98 in chips) 
Seat 6: chain38 ($0.43 in chips) 
Seat 7: airdestiny ($2.12 in chips) 
Seat 8: boarddiver ($0.89 in chips) 
Seat 9: WLOLW rrrrr ($3.90 in chips) 
Adr3nochrome: posts small blind $0.01
eagleow: posts big blind $0.02
*** HOLE CARDS ***
Dealt to Dorex2007 [3h 7d]
4FR*XakeP has timed out
4FR*XakeP: folds 
Ia cucaracha: folds 
chain38: folds 
airdestiny: folds 
boarddiver: calls $0.02
WLOLW rrrrr: calls $0.02
Dorex2007: folds 
Adr3nochrome: folds 
eagleow: checks 
*** FLOP *** [Td Ad As]
eagleow: checks 
boarddiver: checks 
WLOLW rrrrr: bets $0.07
eagleow: folds 
boarddiver: folds 
Uncalled bet ($0.07) returned to WLOLW rrrrr
WLOLW rrrrr collected $0.07 from pot
WLOLW rrrrr: doesn't show hand 
*** SUMMARY ***
Total pot $0.07 | Rake $0 
Board [Td Ad As]
Seat 1: Dorex2007 (button) folded before Flop (didn't bet)
Seat 2: Adr3nochrome (small blind) folded before Flop
Seat 3: eagleow (big blind) folded on the Flop
Seat 4: 4FR*XakeP folded before Flop (didn't bet)
Seat 5: Ia cucaracha folded before Flop (didn't bet)
Seat 6: chain38 folded before Flop (didn't bet)
Seat 7: airdestiny folded before Flop (didn't bet)
Seat 8: boarddiver folded on the Flop
Seat 9: WLOLW rrrrr collected ($0.07)



PokerStars Hand #227010921701:  Hold'em No Limit ($0.01/$0.02 USD) - 2021/05/23 14:20:06 PT [2021/05/23 17:20:06 ET]
Table 'Crocus III' 9-max Seat #2 is the button
Seat 1: Dorex2007 ($2.08 in chips) 
Seat 2: Adr3nochrome ($3.95 in chips) 
Seat 3: eagleow ($2 in chips) 
Seat 5: Ia cucaracha ($1.98 in chips) 
Seat 6: chain38 ($0.43 in chips) 
Seat 7: airdestiny ($2.12 in chips) 
Seat 8: boarddiver ($0.87 in chips) 
Seat 9: WLOLW rrrrr ($3.95 in chips) 
eagleow: posts small blind $0.01
4FR*XakeP: is sitting out 
Ia cucaracha: posts big blind $0.02
*** HOLE CARDS ***
Dealt to Dorex2007 [8d 2c]
4FR*XakeP leaves the table
chain38: calls $0.02
airdestiny: raises $0.08 to $0.10
boarddiver: folds 
WLOLW rrrrr: folds 
WLOLW rrrrr leaves the table
Dorex2007: folds 
Adr3nochrome: folds 
eagleow: calls $0.09
Ia cucaracha: folds 
chain38: calls $0.08
*** FLOP *** [Jd 9h Ah]
eagleow: checks 
chain38: checks 
airdestiny: checks 
*** TURN *** [Jd 9h Ah] [2h]
eagleow: checks 
chain38: bets $0.04
ps123 joins the table at seat #4 
Yeah!Gotcha! joins the table at seat #9 
airdestiny: folds 
eagleow: calls $0.04
*** RIVER *** [Jd 9h Ah 2h] [Qd]
eagleow: checks 
chain38: checks 
*** SHOW DOWN ***
eagleow: shows [5d 5s] (a pair of Fives)
chain38: shows [Td Js] (a pair of Jacks)
chain38 collected $0.39 from pot
*** SUMMARY ***
Total pot $0.40 | Rake $0.01 
Board [Jd 9h Ah 2h Qd]
Seat 1: Dorex2007 folded before Flop (didn't bet)
Seat 2: Adr3nochrome (button) folded before Flop (didn't bet)
Seat 3: eagleow (small blind) showed [5d 5s] and lost with a pair of Fives
Seat 5: Ia cucaracha (big blind) folded before Flop
Seat 6: chain38 showed [Td Js] and won ($0.39) with a pair of Jacks
Seat 7: airdestiny folded on the Turn
Seat 8: boarddiver folded before Flop (didn't bet)
Seat 9: WLOLW rrrrr folded before Flop (didn't bet)



PokerStars Hand #227010950793:  Hold'em No Limit ($0.01/$0.02 USD) - 2021/05/23 14:20:59 PT [2021/05/23 17:20:59 ET]
Table 'Crocus III' 9-max Seat #3 is the button
Seat 1: Dorex2007 ($2.08 in chips) 
Seat 2: Adr3nochrome ($3.95 in chips) 
Seat 3: eagleow ($1.86 in chips) 
Seat 5: Ia cucaracha ($1.96 in chips) 
Seat 6: chain38 ($0.68 in chips) 
Seat 7: airdestiny ($2.02 in chips) 
Seat 8: boarddiver ($0.87 in chips) 
Ia cucaracha: posts small blind $0.01
chain38: posts big blind $0.02
Yeah!Gotcha!: sits out 
*** HOLE CARDS ***
Dealt to Dorex2007 [Qs Jd]
airdestiny: folds 
boarddiver: calls $0.02
Dorex2007: folds 
Adr3nochrome: folds 
eagleow: folds 
Ia cucaracha: calls $0.01
chain38: checks 
*** FLOP *** [8c Th 3s]
Ia cucaracha: checks 
chain38: checks 
boarddiver: checks 
*** TURN *** [8c Th 3s] [Ad]
Ia cucaracha: checks 
chain38: bets $0.04
boarddiver: folds 
Ia cucaracha: folds 
Uncalled bet ($0.04) returned to chain38
chain38 collected $0.06 from pot
chain38: doesn't show hand 
*** SUMMARY ***
Total pot $0.06 | Rake $0 
Board [8c Th 3s Ad]
Seat 1: Dorex2007 folded before Flop (didn't bet)
Seat 2: Adr3nochrome folded before Flop (didn't bet)
Seat 3: eagleow (button) folded before Flop (didn't bet)
Seat 5: Ia cucaracha (small blind) folded on the Turn
Seat 6: chain38 (big blind) collected ($0.06)
Seat 7: airdestiny folded before Flop (didn't bet)
Seat 8: boarddiver folded on the Turn



PokerStars Hand #227010981514:  Hold'em No Limit ($0.01/$0.02 USD) - 2021/05/23 14:21:54 PT [2021/05/23 17:21:54 ET]
Table 'Crocus III' 9-max Seat #5 is the button
Seat 1: Dorex2007 ($2.08 in chips) 
Seat 2: Adr3nochrome ($3.95 in chips) 
Seat 3: eagleow ($1.86 in chips) 
Seat 4: ps123 ($1.60 in chips) 
Seat 5: Ia cucaracha ($1.94 in chips) 
Seat 6: chain38 ($0.72 in chips) 
Seat 7: airdestiny ($2.02 in chips) 
Seat 8: boarddiver ($0.85 in chips) 
chain38: posts small blind $0.01
airdestiny: posts big blind $0.02
Yeah!Gotcha!: sits out 
ps123: posts big blind $0.02
*** HOLE CARDS ***
Dealt to Dorex2007 [Th 3s]
boarddiver: folds 
Dorex2007: folds 
Adr3nochrome: folds 
eagleow: folds 
ps123: checks 
Ia cucaracha: folds 
chain38: calls $0.01
airdestiny: checks 
*** FLOP *** [2h 5h Qd]
chain38: checks 
airdestiny: checks 
ps123: checks 
*** TURN *** [2h 5h Qd] [Jh]
chain38: checks 
airdestiny: checks 
ps123: checks 
*** RIVER *** [2h 5h Qd Jh] [9h]
chain38: checks 
airdestiny: checks 
ps123: checks 
*** SHOW DOWN ***
chain38: shows [9c 4h] (a flush, Jack high)
airdestiny: mucks hand 
ps123: mucks hand 
chain38 collected $0.06 from pot
*** SUMMARY ***
Total pot $0.06 | Rake $0 
Board [2h 5h Qd Jh 9h]
Seat 1: Dorex2007 folded before Flop (didn't bet)
Seat 2: Adr3nochrome folded before Flop (didn't bet)
Seat 3: eagleow folded before Flop (didn't bet)
Seat 4: ps123 mucked [Td As]
Seat 5: Ia cucaracha (button) folded before Flop (didn't bet)
Seat 6: chain38 (small blind) showed [9c 4h] and won ($0.06) with a flush, Jack high
Seat 7: airdestiny (big blind) mucked [6d 4s]
Seat 8: boarddiver folded before Flop (didn't bet)



PokerStars Hand #227011005820:  Hold'em No Limit ($0.01/$0.02 USD) - 2021/05/23 14:22:38 PT [2021/05/23 17:22:38 ET]
Table 'Crocus III' 9-max Seat #6 is the button
Seat 1: Dorex2007 ($2.08 in chips) 
Seat 2: Adr3nochrome ($3.95 in chips) 
Seat 3: eagleow ($1.86 in chips) 
Seat 4: ps123 ($1.58 in chips) 
Seat 5: Ia cucaracha ($2 in chips) 
Seat 6: chain38 ($0.76 in chips) 
Seat 7: airdestiny ($2 in chips) 
Seat 8: boarddiver ($0.85 in chips) 
airdestiny: posts small blind $0.01
boarddiver: posts big blind $0.02
Yeah!Gotcha!: sits out 
*** HOLE CARDS ***
Dealt to Dorex2007 [2d 8c]
Dorex2007: folds 
Adr3nochrome: folds 
eagleow: folds 
ps123: folds 
Ia cucaracha: folds 
chain38: calls $0.02
airdestiny: folds 
boarddiver: raises $0.04 to $0.06
chain38: calls $0.04
*** FLOP *** [Qs 9h Qd]
boarddiver: checks 
chain38: bets $0.13
boarddiver: calls $0.13
*** TURN *** [Qs 9h Qd] [6h]
boarddiver: checks 
chain38: bets $0.19
boarddiver: calls $0.19
*** RIVER *** [Qs 9h Qd 6h] [Ac]
boarddiver: bets $0.47 and is all-in
chain38: calls $0.38 and is all-in
Uncalled bet ($0.09) returned to boarddiver
*** SHOW DOWN ***
boarddiver: shows [Ah Kh] (two pair, Aces and Queens)
chain38: shows [9s As] (two pair, Aces and Queens - lower kicker)
boarddiver collected $1.48 from pot
*** SUMMARY ***
Total pot $1.53 | Rake $0.05 
Board [Qs 9h Qd 6h Ac]
Seat 1: Dorex2007 folded before Flop (didn't bet)
Seat 2: Adr3nochrome folded before Flop (didn't bet)
Seat 3: eagleow folded before Flop (didn't bet)
Seat 4: ps123 folded before Flop (didn't bet)
Seat 5: Ia cucaracha folded before Flop (didn't bet)
Seat 6: chain38 (button) showed [9s As] and lost with two pair, Aces and Queens
Seat 7: airdestiny (small blind) folded before Flop
Seat 8: boarddiver (big blind) showed [Ah Kh] and won ($1.48) with two pair, Aces and Queens



PokerStars Hand #227011035215:  Hold'em No Limit ($0.01/$0.02 USD) - 2021/05/23 14:23:31 PT [2021/05/23 17:23:31 ET]
Table 'Crocus III' 9-max Seat #7 is the button
Seat 1: Dorex2007 ($2.08 in chips) 
Seat 2: Adr3nochrome ($3.95 in chips) 
Seat 3: eagleow ($1.86 in chips) 
Seat 4: ps123 ($1.58 in chips) 
Seat 5: Ia cucaracha ($2 in chips) 
Seat 7: airdestiny ($2 in chips) 
Seat 8: boarddiver ($1.57 in chips) 
Seat 9: Yeah!Gotcha! ($2 in chips) 
boarddiver: posts small blind $0.01
Yeah!Gotcha!: posts big blind $0.02
*** HOLE CARDS ***
Dealt to Dorex2007 [3h 2d]
Dorex2007: folds 
Adr3nochrome: folds 
eagleow: folds 
ps123: calls $0.02
Ia cucaracha: folds 
airdestiny: raises $0.08 to $0.10
boarddiver: folds 
Yeah!Gotcha!: folds 
ps123: folds 
Uncalled bet ($0.08) returned to airdestiny
airdestiny collected $0.07 from pot
airdestiny: doesn't show hand 
*** SUMMARY ***
Total pot $0.07 | Rake $0 
Seat 1: Dorex2007 folded before Flop (didn't bet)
Seat 2: Adr3nochrome folded before Flop (didn't bet)
Seat 3: eagleow folded before Flop (didn't bet)
Seat 4: ps123 folded before Flop
Seat 5: Ia cucaracha folded before Flop (didn't bet)
Seat 7: airdestiny (button) collected ($0.07)
Seat 8: boarddiver (small blind) folded before Flop
Seat 9: Yeah!Gotcha! (big blind) folded before Flop



PokerStars Hand #227011046893:  Hold'em No Limit ($0.01/$0.02 USD) - 2021/05/23 14:23:52 PT [2021/05/23 17:23:52 ET]
Table 'Crocus III' 9-max Seat #8 is the button
Seat 1: Dorex2007 ($2.08 in chips) 
Seat 2: Adr3nochrome ($3.95 in chips) 
Seat 3: eagleow ($1.86 in chips) 
Seat 4: ps123 ($1.56 in chips) 
Seat 5: Ia cucaracha ($2 in chips) 
Seat 6: chain38 ($0.80 in chips) 
Seat 7: airdestiny ($2.05 in chips) 
Seat 8: boarddiver ($1.56 in chips) 
Seat 9: Yeah!Gotcha! ($2 in chips) 
Yeah!Gotcha!: posts small blind $0.01
Dorex2007: posts big blind $0.02
*** HOLE CARDS ***
Dealt to Dorex2007 [4d Jh]
Adr3nochrome: folds 
eagleow: folds 
ps123: folds 
Ia cucaracha: folds 
chain38: calls $0.02
Adr3nochrome leaves the table
airdestiny has timed out
airdestiny: folds 
boarddiver: folds 
Yeah!Gotcha!: folds 
Dorex2007: checks 
*** FLOP *** [2s 7h 5h]
Dorex2007: checks 
chain38: bets $0.05
Dorex2007: folds 
Uncalled bet ($0.05) returned to chain38
chain38 collected $0.05 from pot
chain38: doesn't show hand 
*** SUMMARY ***
Total pot $0.05 | Rake $0 
Board [2s 7h 5h]
Seat 1: Dorex2007 (big blind) folded on the Flop
Seat 2: Adr3nochrome folded before Flop (didn't bet)
Seat 3: eagleow folded before Flop (didn't bet)
Seat 4: ps123 folded before Flop (didn't bet)
Seat 5: Ia cucaracha folded before Flop (didn't bet)
Seat 6: chain38 collected ($0.05)
Seat 7: airdestiny folded before Flop (didn't bet)
Seat 8: boarddiver (button) folded before Flop (didn't bet)
Seat 9: Yeah!Gotcha! (small blind) folded before Flop



PokerStars Hand #227011068893:  Hold'em No Limit ($0.01/$0.02 USD) - 2021/05/23 14:24:31 PT [2021/05/23 17:24:31 ET]
Table 'Crocus III' 9-max Seat #9 is the button
Seat 1: Dorex2007 ($2.06 in chips) 
Seat 4: ps123 ($1.56 in chips) 
Seat 5: Ia cucaracha ($2 in chips) 
Seat 6: chain38 ($0.83 in chips) 
Seat 8: boarddiver ($1.56 in chips) 
Seat 9: Yeah!Gotcha! ($2 in chips) 
Dorex2007: posts small blind $0.01
eagleow: is sitting out 
ps123: posts big blind $0.02
*** HOLE CARDS ***
Dealt to Dorex2007 [6h Ts]
Ia cucaracha: folds 
chain38: folds 
boarddiver: folds 
Yeah!Gotcha!: raises $0.02 to $0.04
Dorex2007: folds 
ps123: folds 
Uncalled bet ($0.02) returned to Yeah!Gotcha!
Yeah!Gotcha! collected $0.05 from pot
Yeah!Gotcha!: doesn't show hand 
*** SUMMARY ***
Total pot $0.05 | Rake $0 
Seat 1: Dorex2007 (small blind) folded before Flop
Seat 4: ps123 (big blind) folded before Flop
Seat 5: Ia cucaracha folded before Flop (didn't bet)
Seat 6: chain38 folded before Flop (didn't bet)
Seat 8: boarddiver folded before Flop (didn't bet)
Seat 9: Yeah!Gotcha! (button) collected ($0.05)



PokerStars Hand #227011076081:  Hold'em No Limit ($0.01/$0.02 USD) - 2021/05/23 14:24:44 PT [2021/05/23 17:24:44 ET]
Table 'Crocus III' 9-max Seat #1 is the button
Seat 1: Dorex2007 ($2.05 in chips) 
Seat 4: ps123 ($1.54 in chips) 
Seat 5: Ia cucaracha ($2 in chips) 
Seat 6: chain38 ($0.83 in chips) 
Seat 8: boarddiver ($1.56 in chips) 
Seat 9: Yeah!Gotcha! ($2.03 in chips) 
ps123: posts small blind $0.01
Ia cucaracha: posts big blind $0.02
*** HOLE CARDS ***
Dealt to Dorex2007 [Jc 6s]
chain38: calls $0.02
boarddiver: folds 
Yeah!Gotcha!: folds 
Dorex2007: folds 
ps123: calls $0.01
Ia cucaracha: checks 
*** FLOP *** [7s Js 8h]
ps123: checks 
eagleow leaves the table
Ia cucaracha: checks 
chain38: bets $0.06
ps123: folds 
Ia cucaracha: folds 
Uncalled bet ($0.06) returned to chain38
chain38 collected $0.06 from pot
chain38: doesn't show hand 
*** SUMMARY ***
Total pot $0.06 | Rake $0 
Board [7s Js 8h]
Seat 1: Dorex2007 (button) folded before Flop (didn't bet)
Seat 4: ps123 (small blind) folded on the Flop
Seat 5: Ia cucaracha (big blind) folded on the Flop
Seat 6: chain38 collected ($0.06)
Seat 8: boarddiver folded before Flop (didn't bet)
Seat 9: Yeah!Gotcha! folded before Flop (didn't bet)



PokerStars Hand #227011089726:  Hold'em No Limit ($0.01/$0.02 USD) - 2021/05/23 14:25:09 PT [2021/05/23 17:25:09 ET]
Table 'Crocus III' 9-max Seat #4 is the button
Seat 1: Dorex2007 ($2.05 in chips) 
Seat 4: ps123 ($1.52 in chips) 
Seat 5: Ia cucaracha ($1.98 in chips) 
Seat 6: chain38 ($0.87 in chips) 
Seat 8: boarddiver ($1.56 in chips) 
Seat 9: Yeah!Gotcha! ($2.03 in chips) 
Ia cucaracha: posts small blind $0.01
chain38: posts big blind $0.02
*** HOLE CARDS ***
Dealt to Dorex2007 [Ts 4s]
boarddiver: folds 
Yeah!Gotcha!: folds 
Dorex2007: folds 
ps123: folds 
Ia cucaracha: calls $0.01
chain38: checks 
*** FLOP *** [Td 8d Ah]
Wonglecrosr joins the table at seat #2 
Ia cucaracha: checks 
chain38: bets $0.06
Ia cucaracha: folds 
Uncalled bet ($0.06) returned to chain38
chain38 collected $0.04 from pot
chain38: doesn't show hand 
*** SUMMARY ***
Total pot $0.04 | Rake $0 
Board [Td 8d Ah]
Seat 1: Dorex2007 folded before Flop (didn't bet)
Seat 4: ps123 (button) folded before Flop (didn't bet)
Seat 5: Ia cucaracha (small blind) folded on the Flop
Seat 6: chain38 (big blind) collected ($0.04)
Seat 8: boarddiver folded before Flop (didn't bet)
Seat 9: Yeah!Gotcha! folded before Flop (didn't bet)



PokerStars Hand #227011102916:  Hold'em No Limit ($0.01/$0.02 USD) - 2021/05/23 14:25:32 PT [2021/05/23 17:25:32 ET]
Table 'Crocus III' 9-max Seat #5 is the button
Seat 1: Dorex2007 ($2.05 in chips) 
Seat 4: ps123 ($1.52 in chips) 
Seat 5: Ia cucaracha ($1.96 in chips) 
Seat 6: chain38 ($0.89 in chips) 
Seat 8: boarddiver ($1.56 in chips) 
Seat 9: Yeah!Gotcha! ($2.03 in chips) 
chain38: posts small blind $0.01
boarddiver: posts big blind $0.02
Wonglecrosr: sits out 
*** HOLE CARDS ***
Dealt to Dorex2007 [8s Qd]
Yeah!Gotcha!: folds 
Dorex2007: folds 
ps123: folds 
Ia cucaracha: raises $0.04 to $0.06
chain38: calls $0.05
boarddiver: calls $0.04
*** FLOP *** [6h 5c Qc]
chain38: checks 
boarddiver: checks 
Ia cucaracha: checks 
*** TURN *** [6h 5c Qc] [Jh]
chain38: bets $0.02
boarddiver: calls $0.02
Ia cucaracha: calls $0.02
*** RIVER *** [6h 5c Qc Jh] [Td]
chain38: bets $0.14
boarddiver: folds 
Ia cucaracha: folds 
Uncalled bet ($0.14) returned to chain38
chain38 collected $0.23 from pot
chain38: doesn't show hand 
*** SUMMARY ***
Total pot $0.24 | Rake $0.01 
Board [6h 5c Qc Jh Td]
Seat 1: Dorex2007 folded before Flop (didn't bet)
Seat 4: ps123 folded before Flop (didn't bet)
Seat 5: Ia cucaracha (button) folded on the River
Seat 6: chain38 (small blind) collected ($0.23)
Seat 8: boarddiver (big blind) folded on the River
Seat 9: Yeah!Gotcha! folded before Flop (didn't bet)



PokerStars Hand #227011131726:  Hold'em No Limit ($0.01/$0.02 USD) - 2021/05/23 14:26:24 PT [2021/05/23 17:26:24 ET]
Table 'Crocus III' 9-max Seat #6 is the button
Seat 1: Dorex2007 ($2.05 in chips) 
Seat 4: ps123 ($1.52 in chips) 
Seat 5: Ia cucaracha ($1.92 in chips) 
Seat 6: chain38 ($1.04 in chips) 
Seat 8: boarddiver ($1.48 in chips) 
Seat 9: Yeah!Gotcha! ($2.03 in chips) 
boarddiver: posts small blind $0.01
Yeah!Gotcha!: posts big blind $0.02
Wonglecrosr: sits out 
*** HOLE CARDS ***
Dealt to Dorex2007 [9d As]
Dorex2007: folds 
ps123: folds 
Ia cucaracha: raises $0.04 to $0.06
chain38: folds 
boarddiver: folds 
Yeah!Gotcha!: folds 
Uncalled bet ($0.04) returned to Ia cucaracha
Ia cucaracha collected $0.05 from pot
Ia cucaracha: doesn't show hand 
*** SUMMARY ***
Total pot $0.05 | Rake $0 
Seat 1: Dorex2007 folded before Flop (didn't bet)
Seat 4: ps123 folded before Flop (didn't bet)
Seat 5: Ia cucaracha collected ($0.05)
Seat 6: chain38 (button) folded before Flop (didn't bet)
Seat 8: boarddiver (small blind) folded before Flop
Seat 9: Yeah!Gotcha! (big blind) folded before Flop



PokerStars Hand #227011137436:  Hold'em No Limit ($0.01/$0.02 USD) - 2021/05/23 14:26:34 PT [2021/05/23 17:26:34 ET]
Table 'Crocus III' 9-max Seat #8 is the button
Seat 1: Dorex2007 ($2.05 in chips) 
Seat 4: ps123 ($1.52 in chips) 
Seat 5: Ia cucaracha ($2 in chips) 
Seat 6: chain38 ($1.04 in chips) 
Seat 8: boarddiver ($1.47 in chips) 
Seat 9: Yeah!Gotcha! ($2.01 in chips) 
Yeah!Gotcha!: posts small blind $0.01
Dorex2007: posts big blind $0.02
Wonglecrosr: sits out 
airdestiny: sits out 
*** HOLE CARDS ***
Dealt to Dorex2007 [Qh 8h]
ps123: folds 
Ia cucaracha: raises $0.04 to $0.06
chain38: folds 
boarddiver: calls $0.06
Yeah!Gotcha!: folds 
Dorex2007: calls $0.04
*** FLOP *** [4c 9s 8c]
chain38 leaves the table
Dorex2007: bets $0.09
Ia cucaracha: folds 
boarddiver: raises $0.09 to $0.18
Dorex2007: calls $0.09
*** TURN *** [4c 9s 8c] [As]
Dorex2007: bets $0.27
boarddiver: raises $0.27 to $0.54
Dorex2007: folds 
Uncalled bet ($0.27) returned to boarddiver
boarddiver collected $1.05 from pot
boarddiver: doesn't show hand 
*** SUMMARY ***
Total pot $1.09 | Rake $0.04 
Board [4c 9s 8c As]
Seat 1: Dorex2007 (big blind) folded on the Turn
Seat 4: ps123 folded before Flop (didn't bet)
Seat 5: Ia cucaracha folded on the Flop
Seat 6: chain38 folded before Flop (didn't bet)
Seat 8: boarddiver (button) collected ($1.05)
Seat 9: Yeah!Gotcha! (small blind) folded before Flop



PokerStars Hand #227011167056:  Hold'em No Limit ($0.01/$0.02 USD) - 2021/05/23 14:27:19 PT [2021/05/23 17:27:19 ET]
Table 'Crocus III' 9-max Seat #9 is the button
Seat 1: Dorex2007 ($1.54 in chips) 
Seat 2: Wonglecrosr ($2 in chips) 
Seat 4: ps123 ($1.52 in chips) 
Seat 5: Ia cucaracha ($2 in chips) 
Seat 8: boarddiver ($2.01 in chips) 
Seat 9: Yeah!Gotcha! ($2 in chips) 
Dorex2007: posts small blind $0.01
Wonglecrosr: posts big blind $0.02
airdestiny: sits out 
*** HOLE CARDS ***
Dealt to Dorex2007 [3d 2s]
ps123: folds 
Ia cucaracha: folds 
boarddiver: calls $0.02
Yeah!Gotcha!: raises $0.04 to $0.06
Dorex2007: folds 
Wonglecrosr: folds 
boarddiver: calls $0.04
*** FLOP *** [6h 5c 2h]
boarddiver: checks 
Yeah!Gotcha!: checks 
*** TURN *** [6h 5c 2h] [9h]
boarddiver: bets $0.07
Yeah!Gotcha!: calls $0.07
*** RIVER *** [6h 5c 2h 9h] [3c]
boarddiver: bets $0.14
Yeah!Gotcha!: calls $0.14
*** SHOW DOWN ***
boarddiver: shows [9d Qd] (a pair of Nines)
Yeah!Gotcha!: shows [Ac 9c] (a pair of Nines - Ace kicker)
Yeah!Gotcha! collected $0.55 from pot
*** SUMMARY ***
Total pot $0.57 | Rake $0.02 
Board [6h 5c 2h 9h 3c]
Seat 1: Dorex2007 (small blind) folded before Flop
Seat 2: Wonglecrosr (big blind) folded before Flop
Seat 4: ps123 folded before Flop (didn't bet)
Seat 5: Ia cucaracha folded before Flop (didn't bet)
Seat 8: boarddiver showed [9d Qd] and lost with a pair of Nines
Seat 9: Yeah!Gotcha! (button) showed [Ac 9c] and won ($0.55) with a pair of Nines



PokerStars Hand #227011188410:  Hold'em No Limit ($0.01/$0.02 USD) - 2021/05/23 14:27:58 PT [2021/05/23 17:27:58 ET]
Table 'Crocus III' 9-max Seat #1 is the button
Seat 1: Dorex2007 ($1.99 in chips) 
Seat 2: Wonglecrosr ($2 in chips) 
Seat 4: ps123 ($1.52 in chips) 
Seat 5: Ia cucaracha ($2 in chips) 
Seat 8: boarddiver ($1.74 in chips) 
Seat 9: Yeah!Gotcha! ($2.28 in chips) 
Wonglecrosr: posts small blind $0.01
ps123: posts big blind $0.02
airdestiny: sits out 
*** HOLE CARDS ***
Dealt to Dorex2007 [Td Kc]
Ia cucaracha: folds 
boarddiver: folds 
Yeah!Gotcha!: folds 
Dorex2007: raises $0.04 to $0.06
Wonglecrosr: folds 
ps123: folds 
Uncalled bet ($0.04) returned to Dorex2007
Dorex2007 collected $0.05 from pot
Dorex2007: doesn't show hand 
*** SUMMARY ***
Total pot $0.05 | Rake $0 
Seat 1: Dorex2007 (button) collected ($0.05)
Seat 2: Wonglecrosr (small blind) folded before Flop
Seat 4: ps123 (big blind) folded before Flop
Seat 5: Ia cucaracha folded before Flop (didn't bet)
Seat 8: boarddiver folded before Flop (didn't bet)
Seat 9: Yeah!Gotcha! folded before Flop (didn't bet)



PokerStars Hand #227011195847:  Hold'em No Limit ($0.01/$0.02 USD) - 2021/05/23 14:28:11 PT [2021/05/23 17:28:11 ET]
Table 'Crocus III' 9-max Seat #2 is the button
Seat 1: Dorex2007 ($2.02 in chips) 
Seat 2: Wonglecrosr ($2 in chips) 
Seat 4: ps123 ($1.50 in chips) 
Seat 5: Ia cucaracha ($2 in chips) 
Seat 8: boarddiver ($1.74 in chips) 
Seat 9: Yeah!Gotcha! ($2.28 in chips) 
ps123: posts small blind $0.01
Ia cucaracha: posts big blind $0.02
airdestiny: sits out 
*** HOLE CARDS ***
Dealt to Dorex2007 [4h 9d]
boarddiver: calls $0.02
Yeah!Gotcha!: folds 
Dorex2007: folds 
Wonglecrosr: folds 
ps123: folds 
Ia cucaracha: checks 
*** FLOP *** [Ad 4d 6c]
Ia cucaracha: checks 
boarddiver: bets $0.05
Ia cucaracha: calls $0.05
*** TURN *** [Ad 4d 6c] [3s]
Ia cucaracha: checks 
boarddiver: bets $0.14
Ia cucaracha: folds 
Uncalled bet ($0.14) returned to boarddiver
boarddiver collected $0.14 from pot
boarddiver: doesn't show hand 
*** SUMMARY ***
Total pot $0.15 | Rake $0.01 
Board [Ad 4d 6c 3s]
Seat 1: Dorex2007 folded before Flop (didn't bet)
Seat 2: Wonglecrosr (button) folded before Flop (didn't bet)
Seat 4: ps123 (small blind) folded before Flop
Seat 5: Ia cucaracha (big blind) folded on the Turn
Seat 8: boarddiver collected ($0.14)
Seat 9: Yeah!Gotcha! folded before Flop (didn't bet)



PokerStars Hand #227011210323:  Hold'em No Limit ($0.01/$0.02 USD) - 2021/05/23 14:28:37 PT [2021/05/23 17:28:37 ET]
Table 'Crocus III' 9-max Seat #4 is the button
Seat 1: Dorex2007 ($2.02 in chips) 
Seat 2: Wonglecrosr ($2 in chips) 
Seat 4: ps123 ($1.49 in chips) 
Seat 5: Ia cucaracha ($1.93 in chips) 
Seat 7: airdestiny ($2.05 in chips) 
Seat 8: boarddiver ($1.81 in chips) 
Seat 9: Yeah!Gotcha! ($2.28 in chips) 
Ia cucaracha: posts small blind $0.01
airdestiny: posts big blind $0.02
*** HOLE CARDS ***
Dealt to Dorex2007 [Kh 8d]
boarddiver: folds 
Yeah!Gotcha!: folds 
Dorex2007: folds 
Wonglecrosr: folds 
ps123: folds 
Ia cucaracha: calls $0.01
airdestiny: checks 
*** FLOP *** [Ad Kd 4c]
Ia cucaracha: checks 
airdestiny: checks 
*** TURN *** [Ad Kd 4c] [8c]
Ia cucaracha: checks 
josejuniorsc joins the table at seat #6 
airdestiny: checks 
*** RIVER *** [Ad Kd 4c 8c] [Js]
Ia cucaracha: bets $0.02
airdestiny: folds 
Uncalled bet ($0.02) returned to Ia cucaracha
Ia cucaracha collected $0.04 from pot
Ia cucaracha: doesn't show hand 
*** SUMMARY ***
Total pot $0.04 | Rake $0 
Board [Ad Kd 4c 8c Js]
Seat 1: Dorex2007 folded before Flop (didn't bet)
Seat 2: Wonglecrosr folded before Flop (didn't bet)
Seat 4: ps123 (button) folded before Flop (didn't bet)
Seat 5: Ia cucaracha (small blind) collected ($0.04)
Seat 7: airdestiny (big blind) folded on the River
Seat 8: boarddiver folded before Flop (didn't bet)
Seat 9: Yeah!Gotcha! folded before Flop (didn't bet)



PokerStars Hand #227011244812:  Hold'em No Limit ($0.01/$0.02 USD) - 2021/05/23 14:29:40 PT [2021/05/23 17:29:40 ET]
Table 'Crocus III' 9-max Seat #5 is the button
Seat 1: Dorex2007 ($2.02 in chips) 
Seat 2: Wonglecrosr ($2 in chips) 
Seat 4: ps123 ($1.49 in chips) 
Seat 5: Ia cucaracha ($2 in chips) 
Seat 7: airdestiny ($2.03 in chips) 
Seat 8: boarddiver ($1.81 in chips) 
Seat 9: Yeah!Gotcha! ($2.28 in chips) 
airdestiny: posts small blind $0.01
boarddiver: posts big blind $0.02
*** HOLE CARDS ***
Dealt to Dorex2007 [4d 6c]
Yeah!Gotcha!: raises $0.03 to $0.05
Dorex2007: folds 
Wonglecrosr: folds 
ps123: folds 
Ia cucaracha: folds 
airdestiny: folds 
boarddiver: folds 
Uncalled bet ($0.03) returned to Yeah!Gotcha!
Yeah!Gotcha! collected $0.05 from pot
Yeah!Gotcha!: doesn't show hand 
*** SUMMARY ***
Total pot $0.05 | Rake $0 
Seat 1: Dorex2007 folded before Flop (didn't bet)
Seat 2: Wonglecrosr folded before Flop (didn't bet)
Seat 4: ps123 folded before Flop (didn't bet)
Seat 5: Ia cucaracha (button) folded before Flop (didn't bet)
Seat 7: airdestiny (small blind) folded before Flop
Seat 8: boarddiver (big blind) folded before Flop
Seat 9: Yeah!Gotcha! collected ($0.05)



PokerStars Hand #227011257584:  Hold'em No Limit ($0.01/$0.02 USD) - 2021/05/23 14:30:04 PT [2021/05/23 17:30:04 ET]
Table 'Crocus III' 9-max Seat #7 is the button
Seat 1: Dorex2007 ($2.02 in chips) 
Seat 2: Wonglecrosr ($2 in chips) 
Seat 4: ps123 ($1.49 in chips) 
Seat 5: Ia cucaracha ($2 in chips) 
Seat 6: josejuniorsc ($2 in chips) 
Seat 7: airdestiny ($2.02 in chips) 
Seat 8: boarddiver ($1.79 in chips) 
Seat 9: Yeah!Gotcha! ($2.31 in chips) 
boarddiver: posts small blind $0.01
Yeah!Gotcha!: posts big blind $0.02
Pepono101 joins the table at seat #3 
josejuniorsc: posts big blind $0.02
*** HOLE CARDS ***
Dealt to Dorex2007 [Jc 4c]
Dorex2007: folds 
Wonglecrosr: folds 
ps123: folds 
Ia cucaracha: folds 
josejuniorsc: checks 
airdestiny: folds 
boarddiver: folds 
Yeah!Gotcha!: checks 
*** FLOP *** [5d Ac As]
Yeah!Gotcha!: checks 
josejuniorsc: checks 
*** TURN *** [5d Ac As] [Qh]
Yeah!Gotcha!: checks 
josejuniorsc: checks 
*** RIVER *** [5d Ac As Qh] [Ks]
Yeah!Gotcha!: checks 
josejuniorsc: checks 
*** SHOW DOWN ***
Yeah!Gotcha!: shows [8h 5h] (two pair, Aces and Fives)
josejuniorsc: shows [Jd 5s] (two pair, Aces and Fives)
Yeah!Gotcha! collected $0.03 from pot
josejuniorsc collected $0.02 from pot
*** SUMMARY ***
Total pot $0.05 | Rake $0 
Board [5d Ac As Qh Ks]
Seat 1: Dorex2007 folded before Flop (didn't bet)
Seat 2: Wonglecrosr folded before Flop (didn't bet)
Seat 4: ps123 folded before Flop (didn't bet)
Seat 5: Ia cucaracha folded before Flop (didn't bet)
Seat 6: josejuniorsc showed [Jd 5s] and won ($0.02) with two pair, Aces and Fives
Seat 7: airdestiny (button) folded before Flop (didn't bet)
Seat 8: boarddiver (small blind) folded before Flop
Seat 9: Yeah!Gotcha! (big blind) showed [8h 5h] and won ($0.03) with two pair, Aces and Fives



PokerStars Hand #227011292964:  Hold'em No Limit ($0.01/$0.02 USD) - 2021/05/23 14:30:57 PT [2021/05/23 17:30:57 ET]
Table 'Crocus III' 9-max Seat #8 is the button
Seat 1: Dorex2007 ($2.02 in chips) 
Seat 2: Wonglecrosr ($2 in chips) 
Seat 3: Pepono101 ($2 in chips) 
Seat 4: ps123 ($1.49 in chips) 
Seat 5: Ia cucaracha ($2 in chips) 
Seat 6: josejuniorsc ($2 in chips) 
Seat 7: airdestiny ($2.02 in chips) 
Seat 8: boarddiver ($1.78 in chips) 
Seat 9: Yeah!Gotcha! ($2.32 in chips) 
Yeah!Gotcha!: posts small blind $0.01
Dorex2007: posts big blind $0.02
Pepono101: posts big blind $0.02
*** HOLE CARDS ***
Dealt to Dorex2007 [4h Kd]
Wonglecrosr: raises $0.06 to $0.08
Pepono101: folds 
ps123: folds 
Ia cucaracha: folds 
josejuniorsc: folds 
airdestiny: folds 
boarddiver: folds 
Yeah!Gotcha!: folds 
Dorex2007: folds 
Uncalled bet ($0.06) returned to Wonglecrosr
Wonglecrosr collected $0.07 from pot
Wonglecrosr: doesn't show hand 
*** SUMMARY ***
Total pot $0.07 | Rake $0 
Seat 1: Dorex2007 (big blind) folded before Flop
Seat 2: Wonglecrosr collected ($0.07)
Seat 3: Pepono101 folded before Flop (didn't bet)
Seat 4: ps123 folded before Flop (didn't bet)
Seat 5: Ia cucaracha folded before Flop (didn't bet)
Seat 6: josejuniorsc folded before Flop (didn't bet)
Seat 7: airdestiny folded before Flop (didn't bet)
Seat 8: boarddiver (button) folded before Flop (didn't bet)
Seat 9: Yeah!Gotcha! (small blind) folded before Flop



PokerStars Hand #227011306395:  Hold'em No Limit ($0.01/$0.02 USD) - 2021/05/23 14:31:22 PT [2021/05/23 17:31:22 ET]
Table 'Crocus III' 9-max Seat #9 is the button
Seat 1: Dorex2007 ($2 in chips) 
Seat 2: Wonglecrosr ($2.05 in chips) 
Seat 3: Pepono101 ($1.98 in chips) 
Seat 4: ps123 ($1.49 in chips) 
Seat 5: Ia cucaracha ($2 in chips) 
Seat 6: josejuniorsc ($2 in chips) 
Seat 7: airdestiny ($2.02 in chips) 
Seat 8: boarddiver ($1.78 in chips) 
Seat 9: Yeah!Gotcha! ($2.31 in chips) 
Dorex2007: posts small blind $0.01
Wonglecrosr: posts big blind $0.02
*** HOLE CARDS ***
Dealt to Dorex2007 [Jh 7s]
Pepono101: raises $0.07 to $0.09
ps123: folds 
Ia cucaracha: folds 
josejuniorsc: folds 
airdestiny: folds 
boarddiver: folds 
Yeah!Gotcha!: folds 
Dorex2007: folds 
Wonglecrosr: folds 
Uncalled bet ($0.07) returned to Pepono101
Pepono101 collected $0.05 from pot
Pepono101: doesn't show hand 
*** SUMMARY ***
Total pot $0.05 | Rake $0 
Seat 1: Dorex2007 (small blind) folded before Flop
Seat 2: Wonglecrosr (big blind) folded before Flop
Seat 3: Pepono101 collected ($0.05)
Seat 4: ps123 folded before Flop (didn't bet)
Seat 5: Ia cucaracha folded before Flop (didn't bet)
Seat 6: josejuniorsc folded before Flop (didn't bet)
Seat 7: airdestiny folded before Flop (didn't bet)
Seat 8: boarddiver folded before Flop (didn't bet)
Seat 9: Yeah!Gotcha! (button) folded before Flop (didn't bet)



PokerStars Hand #227011324909:  Hold'em No Limit ($0.01/$0.02 USD) - 2021/05/23 14:31:56 PT [2021/05/23 17:31:56 ET]
Table 'Crocus III' 9-max Seat #1 is the button
Seat 1: Dorex2007 ($1.99 in chips) 
Seat 2: Wonglecrosr ($2.03 in chips) 
Seat 3: Pepono101 ($2.01 in chips) 
Seat 4: ps123 ($1.49 in chips) 
Seat 5: Ia cucaracha ($2 in chips) 
Seat 6: josejuniorsc ($2 in chips) 
Seat 7: airdestiny ($2.02 in chips) 
Seat 8: boarddiver ($1.78 in chips) 
Seat 9: Yeah!Gotcha! ($2.31 in chips) 
Wonglecrosr: posts small blind $0.01
Pepono101: posts big blind $0.02
*** HOLE CARDS ***
Dealt to Dorex2007 [2c 3c]
ps123: folds 
Ia cucaracha: calls $0.02
josejuniorsc: folds 
airdestiny: folds 
boarddiver: calls $0.02
Yeah!Gotcha! has timed out
Yeah!Gotcha!: folds 
Dorex2007: calls $0.02
Wonglecrosr: calls $0.01
Pepono101: checks 
*** FLOP *** [2h 4s 9s]
Wonglecrosr: checks 
Yeah!Gotcha! leaves the table
Pepono101: bets $0.03
Ia cucaracha: calls $0.03
Chaka3101 joins the table at seat #9 
boarddiver: calls $0.03
Dorex2007: calls $0.03
Wonglecrosr: folds 
*** TURN *** [2h 4s 9s] [2d]
Pepono101: bets $0.21
Ia cucaracha: folds 
boarddiver: calls $0.21
Dorex2007: raises $1.73 to $1.94 and is all-in
Pepono101: folds 
boarddiver: folds 
Uncalled bet ($1.73) returned to Dorex2007
Dorex2007 collected $0.82 from pot
Dorex2007: doesn't show hand 
*** SUMMARY ***
Total pot $0.85 | Rake $0.03 
Board [2h 4s 9s 2d]
Seat 1: Dorex2007 (button) collected ($0.82)
Seat 2: Wonglecrosr (small blind) folded on the Flop
Seat 3: Pepono101 (big blind) folded on the Turn
Seat 4: ps123 folded before Flop (didn't bet)
Seat 5: Ia cucaracha folded on the Turn
Seat 6: josejuniorsc folded before Flop (didn't bet)
Seat 7: airdestiny folded before Flop (didn't bet)
Seat 8: boarddiver folded on the Turn
Seat 9: Yeah!Gotcha! folded before Flop (didn't bet)



PokerStars Hand #227011385330:  Hold'em No Limit ($0.01/$0.02 USD) - 2021/05/23 14:33:48 PT [2021/05/23 17:33:48 ET]
Table 'Crocus III' 9-max Seat #2 is the button
Seat 1: Dorex2007 ($2.55 in chips) 
Seat 2: Wonglecrosr ($2.01 in chips) 
Seat 3: Pepono101 ($1.75 in chips) 
Seat 4: ps123 ($1.49 in chips) 
Seat 5: Ia cucaracha ($1.95 in chips) 
Seat 6: josejuniorsc ($2 in chips) 
Seat 7: airdestiny ($2.02 in chips) 
Seat 8: boarddiver ($1.52 in chips) 
Seat 9: Chaka3101 ($0.99 in chips) 
Pepono101: posts small blind $0.01
ps123: posts big blind $0.02
Chaka3101: posts big blind $0.02
*** HOLE CARDS ***
Dealt to Dorex2007 [7h 2d]
Ia cucaracha: folds 
josejuniorsc: folds 
airdestiny: raises $0.08 to $0.10
boarddiver: calls $0.10
Chaka3101: folds 
Dorex2007: folds 
Wonglecrosr: folds 
Pepono101: folds 
ps123: folds 
*** FLOP *** [3h 4c As]
airdestiny: checks 
boarddiver: bets $0.12
airdestiny: folds 
Uncalled bet ($0.12) returned to boarddiver
boarddiver collected $0.24 from pot
boarddiver: doesn't show hand 
*** SUMMARY ***
Total pot $0.25 | Rake $0.01 
Board [3h 4c As]
Seat 1: Dorex2007 folded before Flop (didn't bet)
Seat 2: Wonglecrosr (button) folded before Flop (didn't bet)
Seat 3: Pepono101 (small blind) folded before Flop
Seat 4: ps123 (big blind) folded before Flop
Seat 5: Ia cucaracha folded before Flop (didn't bet)
Seat 6: josejuniorsc folded before Flop (didn't bet)
Seat 7: airdestiny folded on the Flop
Seat 8: boarddiver collected ($0.24)
Seat 9: Chaka3101 folded before Flop (didn't bet)



PokerStars Hand #227011412102:  Hold'em No Limit ($0.01/$0.02 USD) - 2021/05/23 14:34:38 PT [2021/05/23 17:34:38 ET]
Table 'Crocus III' 9-max Seat #3 is the button
Seat 1: Dorex2007 ($2.55 in chips) 
Seat 2: Wonglecrosr ($2.01 in chips) 
Seat 3: Pepono101 ($1.74 in chips) 
Seat 4: ps123 ($1.47 in chips) 
Seat 5: Ia cucaracha ($1.95 in chips) 
Seat 6: josejuniorsc ($2 in chips) 
Seat 7: airdestiny ($2 in chips) 
Seat 8: boarddiver ($1.66 in chips) 
Seat 9: Chaka3101 ($0.97 in chips) 
ps123: posts small blind $0.01
Ia cucaracha: posts big blind $0.02
*** HOLE CARDS ***
Dealt to Dorex2007 [Qc 4c]
josejuniorsc: folds 
airdestiny: folds 
boarddiver: folds 
Chaka3101: raises $0.02 to $0.04
Dorex2007: folds 
Wonglecrosr: folds 
Pepono101: calls $0.04
ps123: folds 
Ia cucaracha: raises $0.08 to $0.12
Chaka3101: raises $0.08 to $0.20
Pepono101: folds 
Ia cucaracha: raises $1.75 to $1.95 and is all-in
Chaka3101: calls $0.77 and is all-in
Uncalled bet ($0.98) returned to Ia cucaracha
*** FLOP *** [9c 6d 3c]
*** TURN *** [9c 6d 3c] [5d]
*** RIVER *** [9c 6d 3c 5d] [Td]
*** SHOW DOWN ***
Ia cucaracha: shows [Ks Ah] (high card Ace)
Chaka3101: shows [Jh Js] (a pair of Jacks)
Chaka3101 collected $1.92 from pot
*** SUMMARY ***
Total pot $1.99 | Rake $0.07 
Board [9c 6d 3c 5d Td]
Seat 1: Dorex2007 folded before Flop (didn't bet)
Seat 2: Wonglecrosr folded before Flop (didn't bet)
Seat 3: Pepono101 (button) folded before Flop
Seat 4: ps123 (small blind) folded before Flop
Seat 5: Ia cucaracha (big blind) showed [Ks Ah] and lost with high card Ace
Seat 6: josejuniorsc folded before Flop (didn't bet)
Seat 7: airdestiny folded before Flop (didn't bet)
Seat 8: boarddiver folded before Flop (didn't bet)
Seat 9: Chaka3101 showed [Jh Js] and won ($1.92) with a pair of Jacks



PokerStars Hand #227011441231:  Hold'em No Limit ($0.01/$0.02 USD) - 2021/05/23 14:35:31 PT [2021/05/23 17:35:31 ET]
Table 'Crocus III' 9-max Seat #4 is the button
Seat 1: Dorex2007 ($2.55 in chips) 
Seat 2: Wonglecrosr ($2.01 in chips) 
Seat 3: Pepono101 ($1.70 in chips) 
Seat 4: ps123 ($1.46 in chips) 
Seat 5: Ia cucaracha ($0.98 in chips) 
Seat 6: josejuniorsc ($2 in chips) 
Seat 7: airdestiny ($2 in chips) 
Seat 8: boarddiver ($1.66 in chips) 
Seat 9: Chaka3101 ($1.92 in chips) 
Ia cucaracha: posts small blind $0.01
josejuniorsc: posts big blind $0.02
*** HOLE CARDS ***
Dealt to Dorex2007 [5c 2c]
airdestiny has timed out
airdestiny: folds 
boarddiver: folds 
Chaka3101: folds 
Dorex2007: folds 
Wonglecrosr: raises $0.04 to $0.06
Pepono101: folds 
ps123: folds 
Ia cucaracha: calls $0.05
josejuniorsc: folds 
*** FLOP *** [2h Js 9h]
Ia cucaracha: checks 
Wonglecrosr: bets $0.08
Ia cucaracha: folds 
Uncalled bet ($0.08) returned to Wonglecrosr
Wonglecrosr collected $0.14 from pot
Wonglecrosr: doesn't show hand 
*** SUMMARY ***
Total pot $0.14 | Rake $0 
Board [2h Js 9h]
Seat 1: Dorex2007 folded before Flop (didn't bet)
Seat 2: Wonglecrosr collected ($0.14)
Seat 3: Pepono101 folded before Flop (didn't bet)
Seat 4: ps123 (button) folded before Flop (didn't bet)
Seat 5: Ia cucaracha (small blind) folded on the Flop
Seat 6: josejuniorsc (big blind) folded before Flop
Seat 7: airdestiny folded before Flop (didn't bet)
Seat 8: boarddiver folded before Flop (didn't bet)
Seat 9: Chaka3101 folded before Flop (didn't bet)



PokerStars Hand #227011462206:  Hold'em No Limit ($0.01/$0.02 USD) - 2021/05/23 14:36:10 PT [2021/05/23 17:36:10 ET]
Table 'Crocus III' 9-max Seat #5 is the button
Seat 1: Dorex2007 ($2.55 in chips) 
Seat 2: Wonglecrosr ($2.09 in chips) 
Seat 3: Pepono101 ($1.70 in chips) 
Seat 4: ps123 ($1.46 in chips) 
Seat 5: Ia cucaracha ($1.94 in chips) 
Seat 6: josejuniorsc ($1.98 in chips) 
Seat 8: boarddiver ($1.66 in chips) 
Seat 9: Chaka3101 ($1.92 in chips) 
josejuniorsc: posts small blind $0.01
boarddiver: posts big blind $0.02
*** HOLE CARDS ***
Dealt to Dorex2007 [8s 6h]
Chaka3101: folds 
Dorex2007: folds 
Wonglecrosr: folds 
Pepono101: folds 
ps123: folds 
Ia cucaracha: raises $0.04 to $0.06
josejuniorsc: folds 
boarddiver: folds 
Uncalled bet ($0.04) returned to Ia cucaracha
Ia cucaracha collected $0.05 from pot
Ia cucaracha: doesn't show hand 
*** SUMMARY ***
Total pot $0.05 | Rake $0 
Seat 1: Dorex2007 folded before Flop (didn't bet)
Seat 2: Wonglecrosr folded before Flop (didn't bet)
Seat 3: Pepono101 folded before Flop (didn't bet)
Seat 4: ps123 folded before Flop (didn't bet)
Seat 5: Ia cucaracha (button) collected ($0.05)
Seat 6: josejuniorsc (small blind) folded before Flop
Seat 8: boarddiver (big blind) folded before Flop
Seat 9: Chaka3101 folded before Flop (didn't bet)



PokerStars Hand #227011474345:  Hold'em No Limit ($0.01/$0.02 USD) - 2021/05/23 14:36:33 PT [2021/05/23 17:36:33 ET]
Table 'Crocus III' 9-max Seat #6 is the button
Seat 1: Dorex2007 ($2.55 in chips) 
Seat 2: Wonglecrosr ($2.09 in chips) 
Seat 3: Pepono101 ($1.70 in chips) 
Seat 4: ps123 ($1.46 in chips) 
Seat 5: Ia cucaracha ($1.97 in chips) 
Seat 6: josejuniorsc ($1.97 in chips) 
Seat 8: boarddiver ($1.64 in chips) 
Seat 9: Chaka3101 ($1.92 in chips) 
boarddiver: posts small blind $0.01
Chaka3101: posts big blind $0.02
*** HOLE CARDS ***
Dealt to Dorex2007 [Td Kc]
Dorex2007: folds 
Wonglecrosr: folds 
Pepono101: raises $0.02 to $0.04
ps123: folds 
Ia cucaracha: folds 
josejuniorsc: folds 
boarddiver: calls $0.03
Chaka3101: folds 
*** FLOP *** [6h 2s 6d]
boarddiver: checks 
Pepono101: bets $0.07
boarddiver: raises $0.07 to $0.14
Pepono101: folds 
Uncalled bet ($0.07) returned to boarddiver
boarddiver collected $0.23 from pot
boarddiver: doesn't show hand 
*** SUMMARY ***
Total pot $0.24 | Rake $0.01 
Board [6h 2s 6d]
Seat 1: Dorex2007 folded before Flop (didn't bet)
Seat 2: Wonglecrosr folded before Flop (didn't bet)
Seat 3: Pepono101 folded on the Flop
Seat 4: ps123 folded before Flop (didn't bet)
Seat 5: Ia cucaracha folded before Flop (didn't bet)
Seat 6: josejuniorsc (button) folded before Flop (didn't bet)
Seat 8: boarddiver (small blind) collected ($0.23)
Seat 9: Chaka3101 (big blind) folded before Flop



PokerStars Hand #227011499346:  Hold'em No Limit ($0.01/$0.02 USD) - 2021/05/23 14:37:21 PT [2021/05/23 17:37:21 ET]
Table 'Crocus III' 9-max Seat #8 is the button
Seat 1: Dorex2007 ($2.55 in chips) 
Seat 2: Wonglecrosr ($2.09 in chips) 
Seat 3: Pepono101 ($1.59 in chips) 
Seat 4: ps123 ($1.46 in chips) 
Seat 5: Ia cucaracha ($1.97 in chips) 
Seat 6: josejuniorsc ($1.97 in chips) 
Seat 8: boarddiver ($1.76 in chips) 
Seat 9: Chaka3101 ($1.90 in chips) 
Chaka3101: posts small blind $0.01
Dorex2007: posts big blind $0.02
*** HOLE CARDS ***
Dealt to Dorex2007 [Jc 3d]
Wonglecrosr: folds 
Pepono101: folds 
ps123: folds 
Ia cucaracha: folds 
josejuniorsc: calls $0.02
boarddiver: calls $0.02
Chaka3101: calls $0.01
Dorex2007: checks 
*** FLOP *** [As 6s 6c]
Chaka3101: checks 
Dorex2007: checks 
josejuniorsc: checks 
boarddiver: checks 
*** TURN *** [As 6s 6c] [Qs]
Chaka3101: checks 
Dorex2007: checks 
josejuniorsc: checks 
boarddiver: checks 
*** RIVER *** [As 6s 6c Qs] [9d]
Chaka3101: checks 
Dorex2007: checks 
josejuniorsc: checks 
boarddiver: checks 
*** SHOW DOWN ***
Chaka3101: shows [2h 3s] (a pair of Sixes)
Dorex2007: shows [Jc 3d] (a pair of Sixes - Ace+Queen+Jack kicker)
josejuniorsc: shows [Kc Ts] (a pair of Sixes - Ace+King kicker)
boarddiver: shows [Qd Tc] (two pair, Queens and Sixes)
boarddiver collected $0.08 from pot
*** SUMMARY ***
Total pot $0.08 | Rake $0 
Board [As 6s 6c Qs 9d]
Seat 1: Dorex2007 (big blind) showed [Jc 3d] and lost with a pair of Sixes
Seat 2: Wonglecrosr folded before Flop (didn't bet)
Seat 3: Pepono101 folded before Flop (didn't bet)
Seat 4: ps123 folded before Flop (didn't bet)
Seat 5: Ia cucaracha folded before Flop (didn't bet)
Seat 6: josejuniorsc showed [Kc Ts] and lost with a pair of Sixes
Seat 8: boarddiver (button) showed [Qd Tc] and won ($0.08) with two pair, Queens and Sixes
Seat 9: Chaka3101 (small blind) showed [2h 3s] and lost with a pair of Sixes



PokerStars Hand #227011551001:  Hold'em No Limit ($0.01/$0.02 USD) - 2021/05/23 14:38:47 PT [2021/05/23 17:38:47 ET]
Table 'Crocus III' 9-max Seat #9 is the button
Seat 1: Dorex2007 ($2.53 in chips) 
Seat 2: Wonglecrosr ($2.09 in chips) 
Seat 3: Pepono101 ($1.59 in chips) 
Seat 4: ps123 ($1.46 in chips) 
Seat 5: Ia cucaracha ($1.97 in chips) 
Seat 6: josejuniorsc ($1.95 in chips) 
Seat 8: boarddiver ($1.82 in chips) 
Seat 9: Chaka3101 ($1.88 in chips) 
Dorex2007: posts small blind $0.01
Wonglecrosr: posts big blind $0.02
*** HOLE CARDS ***
Dealt to Dorex2007 [7d Kh]
Pepono101: folds 
ps123: folds 
Ia cucaracha: folds 
josejuniorsc: folds 
boarddiver: folds 
Chaka3101 has timed out
Chaka3101: folds 
Dorex2007: calls $0.01
Wonglecrosr: checks 
*** FLOP *** [5h 7c Qc]
Dorex2007: bets $0.03
Wonglecrosr: folds 
Uncalled bet ($0.03) returned to Dorex2007
Dorex2007 collected $0.04 from pot
Dorex2007: doesn't show hand 
*** SUMMARY ***
Total pot $0.04 | Rake $0 
Board [5h 7c Qc]
Seat 1: Dorex2007 (small blind) collected ($0.04)
Seat 2: Wonglecrosr (big blind) folded on the Flop
Seat 3: Pepono101 folded before Flop (didn't bet)
Seat 4: ps123 folded before Flop (didn't bet)
Seat 5: Ia cucaracha folded before Flop (didn't bet)
Seat 6: josejuniorsc folded before Flop (didn't bet)
Seat 8: boarddiver folded before Flop (didn't bet)
Seat 9: Chaka3101 (button) folded before Flop (didn't bet)



PokerStars Hand #227011572142:  Hold'em No Limit ($0.01/$0.02 USD) - 2021/05/23 14:39:28 PT [2021/05/23 17:39:28 ET]
Table 'Crocus III' 9-max Seat #1 is the button
Seat 1: Dorex2007 ($2.55 in chips) 
Seat 2: Wonglecrosr ($2.07 in chips) 
Seat 3: Pepono101 ($1.59 in chips) 
Seat 4: ps123 ($1.46 in chips) 
Seat 5: Ia cucaracha ($1.97 in chips) 
Seat 6: josejuniorsc ($1.95 in chips) 
Seat 8: boarddiver ($1.82 in chips) 
Seat 9: Chaka3101 ($1.88 in chips) 
Wonglecrosr: posts small blind $0.01
Pepono101: posts big blind $0.02
*** HOLE CARDS ***
Dealt to Dorex2007 [9d As]
ps123: folds 
Ia cucaracha: folds 
josejuniorsc: folds 
boarddiver: folds 
Chaka3101: raises $0.02 to $0.04
Dorex2007: folds 
Wonglecrosr: folds 
Pepono101: folds 
Uncalled bet ($0.02) returned to Chaka3101
Chaka3101 collected $0.05 from pot
Chaka3101: doesn't show hand 
*** SUMMARY ***
Total pot $0.05 | Rake $0 
Seat 1: Dorex2007 (button) folded before Flop (didn't bet)
Seat 2: Wonglecrosr (small blind) folded before Flop
Seat 3: Pepono101 (big blind) folded before Flop
Seat 4: ps123 folded before Flop (didn't bet)
Seat 5: Ia cucaracha folded before Flop (didn't bet)
Seat 6: josejuniorsc folded before Flop (didn't bet)
Seat 8: boarddiver folded before Flop (didn't bet)
Seat 9: Chaka3101 collected ($0.05)



PokerStars Hand #227011587313:  Hold'em No Limit ($0.01/$0.02 USD) - 2021/05/23 14:39:56 PT [2021/05/23 17:39:56 ET]
Table 'Crocus III' 9-max Seat #2 is the button
Seat 1: Dorex2007 ($2.55 in chips) 
Seat 2: Wonglecrosr ($2.06 in chips) 
Seat 3: Pepono101 ($1.57 in chips) 
Seat 4: ps123 ($1.46 in chips) 
Seat 5: Ia cucaracha ($1.97 in chips) 
Seat 6: josejuniorsc ($1.95 in chips) 
Seat 8: boarddiver ($1.82 in chips) 
Seat 9: Chaka3101 ($1.91 in chips) 
Pepono101: posts small blind $0.01
ps123: posts big blind $0.02
*** HOLE CARDS ***
Dealt to Dorex2007 [8h 9h]
Ia cucaracha: folds 
josejuniorsc: folds 
boarddiver: calls $0.02
Chaka3101: calls $0.02
Dorex2007: calls $0.02
Wonglecrosr: folds 
Pepono101: calls $0.01
ps123: checks 
*** FLOP *** [6s 7s 7h]
Pepono101: checks 
ps123: checks 
boarddiver: bets $0.05
Chaka3101: folds 
Dorex2007: calls $0.05
Pepono101: folds 
ps123: folds 
*** TURN *** [6s 7s 7h] [9c]
boarddiver: bets $0.10
Dorex2007: calls $0.10
*** RIVER *** [6s 7s 7h 9c] [5c]
boarddiver: bets $0.20
Dorex2007: calls $0.20
*** SHOW DOWN ***
boarddiver: shows [Ah 7d] (three of a kind, Sevens)
Dorex2007: shows [8h 9h] (a straight, Five to Nine)
Dorex2007 collected $0.77 from pot
*** SUMMARY ***
Total pot $0.80 | Rake $0.03 
Board [6s 7s 7h 9c 5c]
Seat 1: Dorex2007 showed [8h 9h] and won ($0.77) with a straight, Five to Nine
Seat 2: Wonglecrosr (button) folded before Flop (didn't bet)
Seat 3: Pepono101 (small blind) folded on the Flop
Seat 4: ps123 (big blind) folded on the Flop
Seat 5: Ia cucaracha folded before Flop (didn't bet)
Seat 6: josejuniorsc folded before Flop (didn't bet)
Seat 8: boarddiver showed [Ah 7d] and lost with three of a kind, Sevens
Seat 9: Chaka3101 folded on the Flop



PokerStars Hand #227011617493:  Hold'em No Limit ($0.01/$0.02 USD) - 2021/05/23 14:40:54 PT [2021/05/23 17:40:54 ET]
Table 'Crocus III' 9-max Seat #3 is the button
Seat 1: Dorex2007 ($2.95 in chips) 
Seat 2: Wonglecrosr ($2.06 in chips) 
Seat 3: Pepono101 ($1.55 in chips) 
Seat 4: ps123 ($1.44 in chips) 
Seat 5: Ia cucaracha ($1.97 in chips) 
Seat 6: josejuniorsc ($1.95 in chips) 
Seat 8: boarddiver ($1.45 in chips) 
Seat 9: Chaka3101 ($1.89 in chips) 
ps123: posts small blind $0.01
Ia cucaracha: posts big blind $0.02
airdestiny: sits out 
*** HOLE CARDS ***
Dealt to Dorex2007 [5d 3c]
josejuniorsc: folds 
boarddiver: folds 
Chaka3101: folds 
Dorex2007: folds 
Wonglecrosr: raises $0.06 to $0.08
Pepono101: folds 
ps123: folds 
Ia cucaracha: folds 
Uncalled bet ($0.06) returned to Wonglecrosr
Wonglecrosr collected $0.05 from pot
Wonglecrosr: doesn't show hand 
*** SUMMARY ***
Total pot $0.05 | Rake $0 
Seat 1: Dorex2007 folded before Flop (didn't bet)
Seat 2: Wonglecrosr collected ($0.05)
Seat 3: Pepono101 (button) folded before Flop (didn't bet)
Seat 4: ps123 (small blind) folded before Flop
Seat 5: Ia cucaracha (big blind) folded before Flop
Seat 6: josejuniorsc folded before Flop (didn't bet)
Seat 8: boarddiver folded before Flop (didn't bet)
Seat 9: Chaka3101 folded before Flop (didn't bet)



PokerStars Hand #227011629019:  Hold'em No Limit ($0.01/$0.02 USD) - 2021/05/23 14:41:16 PT [2021/05/23 17:41:16 ET]
Table 'Crocus III' 9-max Seat #4 is the button
Seat 1: Dorex2007 ($2.95 in chips) 
Seat 2: Wonglecrosr ($2.09 in chips) 
Seat 3: Pepono101 ($1.55 in chips) 
Seat 4: ps123 ($1.43 in chips) 
Seat 5: Ia cucaracha ($1.95 in chips) 
Seat 6: josejuniorsc ($1.95 in chips) 
Seat 8: boarddiver ($1.45 in chips) 
Seat 9: Chaka3101 ($1.89 in chips) 
Ia cucaracha: posts small blind $0.01
josejuniorsc: posts big blind $0.02
airdestiny: sits out 
*** HOLE CARDS ***
Dealt to Dorex2007 [7c 2h]
boarddiver: folds 
Chaka3101: calls $0.02
Dorex2007: folds 
Wonglecrosr: folds 
Pepono101: calls $0.02
ps123: folds 
Ia cucaracha: raises $0.06 to $0.08
josejuniorsc: folds 
Chaka3101: calls $0.06
Pepono101: folds 
*** FLOP *** [5s Th Td]
Ia cucaracha: bets $0.08
Chaka3101: calls $0.08
*** TURN *** [5s Th Td] [3d]
Ia cucaracha: bets $0.14
Chaka3101: calls $0.14
*** RIVER *** [5s Th Td 3d] [8c]
Ia cucaracha: bets $0.35
Chaka3101: folds 
Uncalled bet ($0.35) returned to Ia cucaracha
Ia cucaracha collected $0.62 from pot
Ia cucaracha: doesn't show hand 
*** SUMMARY ***
Total pot $0.64 | Rake $0.02 
Board [5s Th Td 3d 8c]
Seat 1: Dorex2007 folded before Flop (didn't bet)
Seat 2: Wonglecrosr folded before Flop (didn't bet)
Seat 3: Pepono101 folded before Flop
Seat 4: ps123 (button) folded before Flop (didn't bet)
Seat 5: Ia cucaracha (small blind) collected ($0.62)
Seat 6: josejuniorsc (big blind) folded before Flop
Seat 8: boarddiver folded before Flop (didn't bet)
Seat 9: Chaka3101 folded on the River



PokerStars Hand #227011664434:  Hold'em No Limit ($0.01/$0.02 USD) - 2021/05/23 14:42:24 PT [2021/05/23 17:42:24 ET]
Table 'Crocus III' 9-max Seat #5 is the button
Seat 1: Dorex2007 ($2.95 in chips) 
Seat 2: Wonglecrosr ($2.09 in chips) 
Seat 3: Pepono101 ($1.53 in chips) 
Seat 4: ps123 ($1.43 in chips) 
Seat 5: Ia cucaracha ($2.27 in chips) 
Seat 6: josejuniorsc ($1.93 in chips) 
Seat 7: airdestiny ($2 in chips) 
Seat 8: boarddiver ($1.45 in chips) 
Seat 9: Chaka3101 ($1.59 in chips) 
josejuniorsc: posts small blind $0.01
airdestiny: posts big blind $0.02
*** HOLE CARDS ***
Dealt to Dorex2007 [5s 2d]
boarddiver: folds 
Chaka3101: folds 
Dorex2007: folds 
Wonglecrosr: folds 
Pepono101: raises $0.04 to $0.06
ps123: folds 
Ia cucaracha: folds 
josejuniorsc: calls $0.05
airdestiny: calls $0.04
*** FLOP *** [7h 3h 3s]
josejuniorsc: checks 
airdestiny: checks 
Pepono101: bets $0.08
josejuniorsc: folds 
airdestiny: folds 
Uncalled bet ($0.08) returned to Pepono101
Pepono101 collected $0.17 from pot
Pepono101: doesn't show hand 
*** SUMMARY ***
Total pot $0.18 | Rake $0.01 
Board [7h 3h 3s]
Seat 1: Dorex2007 folded before Flop (didn't bet)
Seat 2: Wonglecrosr folded before Flop (didn't bet)
Seat 3: Pepono101 collected ($0.17)
Seat 4: ps123 folded before Flop (didn't bet)
Seat 5: Ia cucaracha (button) folded before Flop (didn't bet)
Seat 6: josejuniorsc (small blind) folded on the Flop
Seat 7: airdestiny (big blind) folded on the Flop
Seat 8: boarddiver folded before Flop (didn't bet)
Seat 9: Chaka3101 folded before Flop (didn't bet)



PokerStars Hand #227011699408:  Hold'em No Limit ($0.01/$0.02 USD) - 2021/05/23 14:43:32 PT [2021/05/23 17:43:32 ET]
Table 'Crocus III' 9-max Seat #6 is the button
Seat 1: Dorex2007 ($2.95 in chips) 
Seat 2: Wonglecrosr ($2.09 in chips) 
Seat 3: Pepono101 ($1.64 in chips) 
Seat 4: ps123 ($1.43 in chips) 
Seat 5: Ia cucaracha ($2.27 in chips) 
Seat 6: josejuniorsc ($1.87 in chips) 
Seat 7: airdestiny ($2 in chips) 
Seat 8: boarddiver ($1.45 in chips) 
Seat 9: Chaka3101 ($1.59 in chips) 
airdestiny: posts small blind $0.01
boarddiver: posts big blind $0.02
*** HOLE CARDS ***
Dealt to Dorex2007 [Jh Jc]
Chaka3101: folds 
Dorex2007: raises $0.04 to $0.06
Wonglecrosr: folds 
Pepono101: calls $0.06
ps123: folds 
Ia cucaracha: folds 
josejuniorsc: folds 
airdestiny: folds 
boarddiver: folds 
*** FLOP *** [As 9s 7s]
Dorex2007: checks 
Pepono101: checks 
*** TURN *** [As 9s 7s] [7h]
Dorex2007: checks 
Pepono101: checks 
*** RIVER *** [As 9s 7s 7h] [Ks]
Dorex2007: bets $0.14
Pepono101: folds 
Uncalled bet ($0.14) returned to Dorex2007
Dorex2007 collected $0.14 from pot
Dorex2007: doesn't show hand 
*** SUMMARY ***
Total pot $0.15 | Rake $0.01 
Board [As 9s 7s 7h Ks]
Seat 1: Dorex2007 collected ($0.14)
Seat 2: Wonglecrosr folded before Flop (didn't bet)
Seat 3: Pepono101 folded on the River
Seat 4: ps123 folded before Flop (didn't bet)
Seat 5: Ia cucaracha folded before Flop (didn't bet)
Seat 6: josejuniorsc (button) folded before Flop (didn't bet)
Seat 7: airdestiny (small blind) folded before Flop
Seat 8: boarddiver (big blind) folded before Flop
Seat 9: Chaka3101 folded before Flop (didn't bet)



PokerStars Hand #227011725129:  Hold'em No Limit ($0.01/$0.02 USD) - 2021/05/23 14:44:21 PT [2021/05/23 17:44:21 ET]
Table 'Crocus III' 9-max Seat #7 is the button
Seat 1: Dorex2007 ($3.03 in chips) 
Seat 2: Wonglecrosr ($2.09 in chips) 
Seat 3: Pepono101 ($1.58 in chips) 
Seat 4: ps123 ($1.43 in chips) 
Seat 5: Ia cucaracha ($2.27 in chips) 
Seat 6: josejuniorsc ($1.87 in chips) 
Seat 7: airdestiny ($2 in chips) 
Seat 8: boarddiver ($1.43 in chips) 
Seat 9: Chaka3101 ($1.59 in chips) 
boarddiver: posts small blind $0.01
Chaka3101: posts big blind $0.02
*** HOLE CARDS ***
Dealt to Dorex2007 [5s Td]
Dorex2007: folds 
Wonglecrosr: folds 
Pepono101: folds 
ps123: folds 
Ia cucaracha: folds 
josejuniorsc: folds 
airdestiny has timed out
airdestiny: folds 
boarddiver: calls $0.01
Chaka3101: checks 
*** FLOP *** [3c 2h 4d]
boarddiver: checks 
Chaka3101: checks 
*** TURN *** [3c 2h 4d] [8c]
boarddiver: checks 
Chaka3101: checks 
*** RIVER *** [3c 2h 4d 8c] [6d]
boarddiver: checks 
Chaka3101: checks 
*** SHOW DOWN ***
boarddiver: shows [9h Qd] (high card Queen)
Chaka3101: shows [Jh 5c] (a straight, Deuce to Six)
Chaka3101 collected $0.04 from pot
*** SUMMARY ***
Total pot $0.04 | Rake $0 
Board [3c 2h 4d 8c 6d]
Seat 1: Dorex2007 folded before Flop (didn't bet)
Seat 2: Wonglecrosr folded before Flop (didn't bet)
Seat 3: Pepono101 folded before Flop (didn't bet)
Seat 4: ps123 folded before Flop (didn't bet)
Seat 5: Ia cucaracha folded before Flop (didn't bet)
Seat 6: josejuniorsc folded before Flop (didn't bet)
Seat 7: airdestiny (button) folded before Flop (didn't bet)
Seat 8: boarddiver (small blind) showed [9h Qd] and lost with high card Queen
Seat 9: Chaka3101 (big blind) showed [Jh 5c] and won ($0.04) with a straight, Deuce to Six



PokerStars Hand #227011757245:  Hold'em No Limit ($0.01/$0.02 USD) - 2021/05/23 14:45:24 PT [2021/05/23 17:45:24 ET]
Table 'Crocus III' 9-max Seat #8 is the button
Seat 1: Dorex2007 ($3.03 in chips) 
Seat 2: Wonglecrosr ($2.09 in chips) 
Seat 3: Pepono101 ($1.58 in chips) 
Seat 4: ps123 ($1.43 in chips) 
Seat 5: Ia cucaracha ($2.27 in chips) 
Seat 6: josejuniorsc ($1.87 in chips) 
Seat 8: boarddiver ($1.41 in chips) 
Seat 9: Chaka3101 ($1.61 in chips) 
Chaka3101: posts small blind $0.01
Dorex2007: posts big blind $0.02
*** HOLE CARDS ***
Dealt to Dorex2007 [Tc 5c]
Wonglecrosr: folds 
Pepono101: folds 
ps123: folds 
Ia cucaracha: folds 
josejuniorsc: folds 
boarddiver: calls $0.02
Chaka3101: calls $0.01
Dorex2007: checks 
*** FLOP *** [4c Ad Td]
Chaka3101: checks 
Dorex2007: bets $0.04
boarddiver: calls $0.04
Chaka3101: calls $0.04
*** TURN *** [4c Ad Td] [6s]
Chaka3101: checks 
Dorex2007: checks 
boarddiver: bets $0.09
Chaka3101 has timed out
Chaka3101: folds 
Dorex2007: folds 
Uncalled bet ($0.09) returned to boarddiver
boarddiver collected $0.17 from pot
boarddiver: doesn't show hand 
*** SUMMARY ***
Total pot $0.18 | Rake $0.01 
Board [4c Ad Td 6s]
Seat 1: Dorex2007 (big blind) folded on the Turn
Seat 2: Wonglecrosr folded before Flop (didn't bet)
Seat 3: Pepono101 folded before Flop (didn't bet)
Seat 4: ps123 folded before Flop (didn't bet)
Seat 5: Ia cucaracha folded before Flop (didn't bet)
Seat 6: josejuniorsc folded before Flop (didn't bet)
Seat 8: boarddiver (button) collected ($0.17)
Seat 9: Chaka3101 (small blind) folded on the Turn



PokerStars Hand #227011805024:  Hold'em No Limit ($0.01/$0.02 USD) - 2021/05/23 14:46:39 PT [2021/05/23 17:46:39 ET]
Table 'Crocus III' 9-max Seat #9 is the button
Seat 1: Dorex2007 ($2.97 in chips) 
Seat 3: Pepono101 ($1.58 in chips) 
Seat 4: ps123 ($1.43 in chips) 
Seat 5: Ia cucaracha ($2.27 in chips) 
Seat 6: josejuniorsc ($1.87 in chips) 
Seat 8: boarddiver ($1.52 in chips) 
Seat 9: Chaka3101 ($1.55 in chips) 
Dorex2007: posts small blind $0.01
Wonglecrosr: is sitting out 
Pepono101: posts big blind $0.02
*** HOLE CARDS ***
Dealt to Dorex2007 [Qh Td]
ps123: folds 
Ia cucaracha: folds 
josejuniorsc: folds 
boarddiver: calls $0.02
Chaka3101: calls $0.02
Wonglecrosr leaves the table
Dorex2007: calls $0.01
Pepono101: checks 
*** FLOP *** [Qc 9h 2h]
Dorex2007: checks 
Pepono101: checks 
boarddiver: checks 
Chaka3101: checks 
*** TURN *** [Qc 9h 2h] [8d]
Dorex2007: bets $0.04
Pepono101: folds 
boarddiver: folds 
Chaka3101: calls $0.04
*** RIVER *** [Qc 9h 2h 8d] [7s]
Sergo0333 joins the table at seat #2 
Dorex2007: checks 
Chaka3101: checks 
*** SHOW DOWN ***
Dorex2007: shows [Qh Td] (a pair of Queens)
Chaka3101: mucks hand 
Dorex2007 collected $0.15 from pot
*** SUMMARY ***
Total pot $0.16 | Rake $0.01 
Board [Qc 9h 2h 8d 7s]
Seat 1: Dorex2007 (small blind) showed [Qh Td] and won ($0.15) with a pair of Queens
Seat 3: Pepono101 (big blind) folded on the Turn
Seat 4: ps123 folded before Flop (didn't bet)
Seat 5: Ia cucaracha folded before Flop (didn't bet)
Seat 6: josejuniorsc folded before Flop (didn't bet)
Seat 8: boarddiver folded on the Turn
Seat 9: Chaka3101 (button) mucked [Ah 9c]



PokerStars Hand #227011835907:  Hold'em No Limit ($0.01/$0.02 USD) - 2021/05/23 14:47:39 PT [2021/05/23 17:47:39 ET]
Table 'Crocus III' 9-max Seat #1 is the button
Seat 1: Dorex2007 ($3.06 in chips) 
Seat 3: Pepono101 ($1.56 in chips) 
Seat 4: ps123 ($1.43 in chips) 
Seat 5: Ia cucaracha ($2.27 in chips) 
Seat 6: josejuniorsc ($1.87 in chips) 
Seat 8: boarddiver ($1.50 in chips) 
Seat 9: Chaka3101 ($1.49 in chips) 
Pepono101: posts small blind $0.01
ps123: posts big blind $0.02
*** HOLE CARDS ***
Dealt to Dorex2007 [Jh 6d]
Ia cucaracha: folds 
josejuniorsc: folds 
boarddiver: folds 
Chaka3101: calls $0.02
Dorex2007: folds 
Pepono101: calls $0.01
ps123: checks 
*** FLOP *** [8h 3h 9h]
Pepono101: checks 
josejuniorsc leaves the table
ps123: checks 
Chaka3101: checks 
*** TURN *** [8h 3h 9h] [As]
Pepono101: checks 
ps123: checks 
Sergo0333 leaves the table
Chaka3101: checks 
*** RIVER *** [8h 3h 9h As] [9c]
Pepono101: checks 
ps123: checks 
Chaka3101: checks 
*** SHOW DOWN ***
Pepono101: shows [9s 7h] (three of a kind, Nines)
ps123: mucks hand 
Chaka3101: mucks hand 
Pepono101 collected $0.06 from pot
*** SUMMARY ***
Total pot $0.06 | Rake $0 
Board [8h 3h 9h As 9c]
Seat 1: Dorex2007 (button) folded before Flop (didn't bet)
Seat 3: Pepono101 (small blind) showed [9s 7h] and won ($0.06) with three of a kind, Nines
Seat 4: ps123 (big blind) mucked [3d Kh]
Seat 5: Ia cucaracha folded before Flop (didn't bet)
Seat 6: josejuniorsc folded before Flop (didn't bet)
Seat 8: boarddiver folded before Flop (didn't bet)
Seat 9: Chaka3101 mucked [4c Jc]



PokerStars Hand #227011859716:  Hold'em No Limit ($0.01/$0.02 USD) - 2021/05/23 14:48:25 PT [2021/05/23 17:48:25 ET]
Table 'Crocus III' 9-max Seat #3 is the button
Seat 1: Dorex2007 ($3.06 in chips) 
Seat 3: Pepono101 ($1.60 in chips) 
Seat 4: ps123 ($1.41 in chips) 
Seat 5: Ia cucaracha ($2.27 in chips) 
Seat 8: boarddiver ($1.50 in chips) 
Seat 9: Chaka3101 ($1.47 in chips) 
ps123: posts small blind $0.01
Ia cucaracha: posts big blind $0.02
*** HOLE CARDS ***
Dealt to Dorex2007 [Th 2h]
boarddiver: folds 
Chaka3101: calls $0.02
Dorex2007: folds 
Pepono101: folds 
ps123: calls $0.01
Ia cucaracha: checks 
*** FLOP *** [9c Jh 6c]
ps123: checks 
Ia cucaracha: checks 
Chaka3101: checks 
*** TURN *** [9c Jh 6c] [Tc]
ps123: checks 
Ia cucaracha: checks 
airdestiny is disconnected 
Chaka3101: checks 
*** RIVER *** [9c Jh 6c Tc] [2d]
ps123: checks 
Ia cucaracha: bets $0.02
Chaka3101: calls $0.02
ps123: folds 
*** SHOW DOWN ***
Ia cucaracha: shows [6s Kd] (a pair of Sixes)
Chaka3101: mucks hand 
Ia cucaracha collected $0.10 from pot
*** SUMMARY ***
Total pot $0.10 | Rake $0 
Board [9c Jh 6c Tc 2d]
Seat 1: Dorex2007 folded before Flop (didn't bet)
Seat 3: Pepono101 (button) folded before Flop (didn't bet)
Seat 4: ps123 (small blind) folded on the River
Seat 5: Ia cucaracha (big blind) showed [6s Kd] and won ($0.10) with a pair of Sixes
Seat 8: boarddiver folded before Flop (didn't bet)
Seat 9: Chaka3101 mucked [Qh 2c]



PokerStars Hand #227011881381:  Hold'em No Limit ($0.01/$0.02 USD) - 2021/05/23 14:49:07 PT [2021/05/23 17:49:07 ET]
Table 'Crocus III' 9-max Seat #4 is the button
Seat 1: Dorex2007 ($3.06 in chips) 
Seat 3: Pepono101 ($1.60 in chips) 
Seat 4: ps123 ($1.39 in chips) 
Seat 5: Ia cucaracha ($2.33 in chips) 
Seat 8: boarddiver ($1.50 in chips) 
Seat 9: Chaka3101 ($1.43 in chips) 
Ia cucaracha: posts small blind $0.01
boarddiver: posts big blind $0.02
*** HOLE CARDS ***
Dealt to Dorex2007 [Kh 6d]
Chaka3101: folds 
Dorex2007: folds 
Pepono101: folds 
ps123: folds 
Ia cucaracha: raises $0.04 to $0.06
boarddiver: folds 
Uncalled bet ($0.04) returned to Ia cucaracha
Ia cucaracha collected $0.04 from pot
Ia cucaracha: doesn't show hand 
*** SUMMARY ***
Total pot $0.04 | Rake $0 
Seat 1: Dorex2007 folded before Flop (didn't bet)
Seat 3: Pepono101 folded before Flop (didn't bet)
Seat 4: ps123 (button) folded before Flop (didn't bet)
Seat 5: Ia cucaracha (small blind) collected ($0.04)
Seat 8: boarddiver (big blind) folded before Flop
Seat 9: Chaka3101 folded before Flop (didn't bet)



PokerStars Hand #227011892677:  Hold'em No Limit ($0.01/$0.02 USD) - 2021/05/23 14:49:29 PT [2021/05/23 17:49:29 ET]
Table 'Crocus III' 9-max Seat #5 is the button
Seat 1: Dorex2007 ($3.06 in chips) 
Seat 3: Pepono101 ($1.60 in chips) 
Seat 4: ps123 ($1.39 in chips) 
Seat 5: Ia cucaracha ($2.35 in chips) 
Seat 8: boarddiver ($1.48 in chips) 
Seat 9: Chaka3101 ($1.43 in chips) 
boarddiver: posts small blind $0.01
Chaka3101: posts big blind $0.02
*** HOLE CARDS ***
Dealt to Dorex2007 [Js 2s]
Dorex2007: folds 
Pepono101 has timed out
Pepono101: folds 
ps123: calls $0.02
Ia cucaracha: folds 
Ia cucaracha leaves the table
boarddiver: folds 
Chaka3101: checks 
*** FLOP *** [6c Jh Ac]
Chaka3101: checks 
ps123: checks 
*** TURN *** [6c Jh Ac] [Ah]
Chaka3101: checks 
ps123: checks 
*** RIVER *** [6c Jh Ac Ah] [8d]
Chaka3101: checks 
ps123: checks 
*** SHOW DOWN ***
Chaka3101: shows [Qs 3s] (a pair of Aces)
ps123: shows [Ts Th] (two pair, Aces and Tens)
ps123 collected $0.05 from pot
*** SUMMARY ***
Total pot $0.05 | Rake $0 
Board [6c Jh Ac Ah 8d]
Seat 1: Dorex2007 folded before Flop (didn't bet)
Seat 3: Pepono101 folded before Flop (didn't bet)
Seat 4: ps123 showed [Ts Th] and won ($0.05) with two pair, Aces and Tens
Seat 5: Ia cucaracha (button) folded before Flop (didn't bet)
Seat 8: boarddiver (small blind) folded before Flop
Seat 9: Chaka3101 (big blind) showed [Qs 3s] and lost with a pair of Aces



PokerStars Hand #227011910073:  Hold'em No Limit ($0.01/$0.02 USD) - 2021/05/23 14:50:02 PT [2021/05/23 17:50:02 ET]
Table 'Crocus III' 9-max Seat #8 is the button
Seat 1: Dorex2007 ($3.06 in chips) 
Seat 3: Pepono101 ($1.60 in chips) 
Seat 4: ps123 ($1.42 in chips) 
Seat 8: boarddiver ($1.47 in chips) 
Seat 9: Chaka3101 ($1.41 in chips) 
Chaka3101: posts small blind $0.01
Dorex2007: posts big blind $0.02
*** HOLE CARDS ***
Dealt to Dorex2007 [2s Ks]
Pepono101: calls $0.02
ps123: folds 
boarddiver: calls $0.02
Chaka3101: calls $0.01
Dorex2007: checks 
*** FLOP *** [4c 4h Ah]
Chaka3101: checks 
Dorex2007: checks 
Pepono101: bets $0.04
boarddiver: calls $0.04
Chaka3101: folds 
Dorex2007: folds 
*** TURN *** [4c 4h Ah] [7h]
Pepono101: bets $0.15
boarddiver: calls $0.15
*** RIVER *** [4c 4h Ah 7h] [5s]
Pepono101: checks 
boarddiver: bets $0.22
Pepono101: calls $0.22
*** SHOW DOWN ***
boarddiver: shows [Th 9h] (a flush, Ace high)
Pepono101: mucks hand 
boarddiver collected $0.87 from pot
*** SUMMARY ***
Total pot $0.90 | Rake $0.03 
Board [4c 4h Ah 7h 5s]
Seat 1: Dorex2007 (big blind) folded on the Flop
Seat 3: Pepono101 mucked [Ac 7s]
Seat 4: ps123 folded before Flop (didn't bet)
Seat 8: boarddiver (button) showed [Th 9h] and won ($0.87) with a flush, Ace high
Seat 9: Chaka3101 (small blind) folded on the Flop



PokerStars Hand #227011942804:  Hold'em No Limit ($0.01/$0.02 USD) - 2021/05/23 14:51:07 PT [2021/05/23 17:51:07 ET]
Table 'Crocus III' 9-max Seat #9 is the button
Seat 1: Dorex2007 ($3.04 in chips) 
Seat 3: Pepono101 ($1.17 in chips) 
Seat 4: ps123 ($1.42 in chips) 
Seat 8: boarddiver ($1.91 in chips) 
Seat 9: Chaka3101 ($1.39 in chips) 
Dorex2007: posts small blind $0.01
Pepono101: posts big blind $0.02
*** HOLE CARDS ***
Dealt to Dorex2007 [2d Qc]
ps123: folds 
boarddiver: calls $0.02
Chaka3101: raises $0.02 to $0.04
Dorex2007: folds 
Pepono101: calls $0.02
boarddiver: calls $0.02
*** FLOP *** [7c 3h Kd]
Pepono101: bets $0.13
boarddiver: folds 
Chaka3101: calls $0.13
*** TURN *** [7c 3h Kd] [9c]
Pepono101: bets $1 and is all-in
Chaka3101: calls $1
*** RIVER *** [7c 3h Kd 9c] [4c]
*** SHOW DOWN ***
Pepono101: shows [7h 3s] (two pair, Sevens and Threes)
Chaka3101: shows [Jc Ac] (a flush, Ace high)
Chaka3101 cashed out the hand for $0.41
*** SUMMARY ***
Total pot $2.39 | Rake $0.08 
Board [7c 3h Kd 9c 4c]
Seat 1: Dorex2007 (small blind) folded before Flop
Seat 3: Pepono101 (big blind) showed [7h 3s] and lost with two pair, Sevens and Threes
Seat 4: ps123 folded before Flop (didn't bet)
Seat 8: boarddiver folded on the Flop
Seat 9: Chaka3101 (button) showed [Jc Ac] and won ($2.31) with a flush, Ace high (pot not awarded as player cashed out)



PokerStars Hand #227011962559:  Hold'em No Limit ($0.01/$0.02 USD) - 2021/05/23 14:51:46 PT [2021/05/23 17:51:46 ET]
Table 'Crocus III' 9-max Seat #1 is the button
Seat 1: Dorex2007 ($3.03 in chips) 
Seat 4: ps123 ($1.42 in chips) 
Seat 8: boarddiver ($1.87 in chips) 
Seat 9: Chaka3101 ($0.63 in chips) 
ps123: posts small blind $0.01
boarddiver: posts big blind $0.02
*** HOLE CARDS ***
Dealt to Dorex2007 [5s 4s]
Chaka3101: folds 
Dorex2007: folds 
ps123: calls $0.01
boarddiver: checks 
*** FLOP *** [As 5h 3s]
ps123: checks 
Pepono101 leaves the table
boarddiver: bets $0.04
ps123: folds 
Uncalled bet ($0.04) returned to boarddiver
boarddiver collected $0.04 from pot
boarddiver: doesn't show hand 
*** SUMMARY ***
Total pot $0.04 | Rake $0 
Board [As 5h 3s]
Seat 1: Dorex2007 (button) folded before Flop (didn't bet)
Seat 4: ps123 (small blind) folded on the Flop
Seat 8: boarddiver (big blind) collected ($0.04)
Seat 9: Chaka3101 folded before Flop (didn't bet)



PokerStars Hand #227011974529:  Hold'em No Limit ($0.01/$0.02 USD) - 2021/05/23 14:52:10 PT [2021/05/23 17:52:10 ET]
Table 'Crocus III' 9-max Seat #4 is the button
Seat 1: Dorex2007 ($3.03 in chips) 
Seat 4: ps123 ($1.40 in chips) 
Seat 8: boarddiver ($1.89 in chips) 
Seat 9: Chaka3101 ($0.63 in chips) 
boarddiver: posts small blind $0.01
Chaka3101: posts big blind $0.02
*** HOLE CARDS ***
Dealt to Dorex2007 [Js Kc]
Dorex2007: raises $0.04 to $0.06
ps123: folds 
boarddiver: folds 
Chaka3101: calls $0.04
*** FLOP *** [Kh Qc 5s]
Chaka3101: checks 
Dorex2007: bets $0.13
Chaka3101: folds 
Uncalled bet ($0.13) returned to Dorex2007
Dorex2007 collected $0.13 from pot
Dorex2007: doesn't show hand 
*** SUMMARY ***
Total pot $0.13 | Rake $0 
Board [Kh Qc 5s]
Seat 1: Dorex2007 collected ($0.13)
Seat 4: ps123 (button) folded before Flop (didn't bet)
Seat 8: boarddiver (small blind) folded before Flop
Seat 9: Chaka3101 (big blind) folded on the Flop



