PokerStars Hand #231075300122:  Hold'em No Limit ($0.01/$0.02 USD) - 2021/11/01 21:00:16 PT [2021/11/02 0:00:16 ET]
Table 'Lobelia' 9-max Seat #9 is the button
Seat 2: xxxxxxxx_br ($1.07 in chips) 
Seat 3: black.pantherx ($2.90 in chips) 
Seat 4: santila ($2.28 in chips) 
Seat 5: Dorex2007 ($2.97 in chips) 
Seat 6: bch_12345 ($1.84 in chips) 
Seat 7: nadokesh ($2.19 in chips) 
Seat 8: Xdanielo666X ($0.78 in chips) 
Seat 9: Tenorio422 ($3.26 in chips) 
xxxxxxxx_br: posts small blind $0.01
black.pantherx: posts big blind $0.02
*** HOLE CARDS ***
Dealt to Dorex2007 [7c Kc]
santila: folds 
Dorex2007: folds 
bch_12345: raises $0.04 to $0.06
nadokesh: folds 
Xdanielo666X: folds 
Tenorio422: folds 
xxxxxxxx_br has timed out
xxxxxxxx_br: folds 
black.pantherx: calls $0.04
*** FLOP *** [2c Qs 9d]
black.pantherx: checks 
bch_12345: checks 
*** TURN *** [2c Qs 9d] [3c]
black.pantherx: checks 
bch_12345: bets $0.04
black.pantherx: folds 
Uncalled bet ($0.04) returned to bch_12345
bch_12345 collected $0.13 from pot
bch_12345: doesn't show hand 
*** SUMMARY ***
Total pot $0.13 | Rake $0 
Board [2c Qs 9d 3c]
Seat 2: xxxxxxxx_br (small blind) folded before Flop
Seat 3: black.pantherx (big blind) folded on the Turn
Seat 4: santila folded before Flop (didn't bet)
Seat 5: Dorex2007 folded before Flop (didn't bet)
Seat 6: bch_12345 collected ($0.13)
Seat 7: nadokesh folded before Flop (didn't bet)
Seat 8: Xdanielo666X folded before Flop (didn't bet)
Seat 9: Tenorio422 (button) folded before Flop (didn't bet)



PokerStars Hand #231075309099:  Hold'em No Limit ($0.01/$0.02 USD) - 2021/11/01 21:01:19 PT [2021/11/02 0:01:19 ET]
Table 'Lobelia' 9-max Seat #2 is the button
Seat 2: xxxxxxxx_br ($1.06 in chips) 
Seat 3: black.pantherx ($2.84 in chips) 
Seat 4: santila ($2.28 in chips) 
Seat 5: Dorex2007 ($2.97 in chips) 
Seat 6: bch_12345 ($1.91 in chips) 
Seat 7: nadokesh ($2.19 in chips) 
Seat 8: Xdanielo666X ($0.78 in chips) 
Seat 9: Tenorio422 ($3.26 in chips) 
black.pantherx: posts small blind $0.01
santila: posts big blind $0.02
Prefeito_zero: sits out 
*** HOLE CARDS ***
Dealt to Dorex2007 [Ac 7s]
Dorex2007: folds 
bch_12345: folds 
nadokesh: folds 
Xdanielo666X: folds 
Xdanielo666X leaves the table
Tenorio422: folds 
xxxxxxxx_br: folds 
black.pantherx: folds 
Uncalled bet ($0.01) returned to santila
santila collected $0.02 from pot
santila: doesn't show hand 
*** SUMMARY ***
Total pot $0.02 | Rake $0 
Seat 2: xxxxxxxx_br (button) folded before Flop (didn't bet)
Seat 3: black.pantherx (small blind) folded before Flop
Seat 4: santila (big blind) collected ($0.02)
Seat 5: Dorex2007 folded before Flop (didn't bet)
Seat 6: bch_12345 folded before Flop (didn't bet)
Seat 7: nadokesh folded before Flop (didn't bet)
Seat 8: Xdanielo666X folded before Flop (didn't bet)
Seat 9: Tenorio422 folded before Flop (didn't bet)



PokerStars Hand #231075311659:  Hold'em No Limit ($0.01/$0.02 USD) - 2021/11/01 21:01:36 PT [2021/11/02 0:01:36 ET]
Table 'Lobelia' 9-max Seat #3 is the button
Seat 1: Prefeito_zero ($1.60 in chips) 
Seat 2: xxxxxxxx_br ($1.06 in chips) 
Seat 3: black.pantherx ($2.83 in chips) 
Seat 4: santila ($2.29 in chips) 
Seat 5: Dorex2007 ($2.97 in chips) 
Seat 6: bch_12345 ($1.91 in chips) 
Seat 7: nadokesh ($2.19 in chips) 
Seat 9: Tenorio422 ($3.26 in chips) 
santila: posts small blind $0.01
Dorex2007: posts big blind $0.02
Prefeito_zero: posts big blind $0.02
*** HOLE CARDS ***
Dealt to Dorex2007 [Tc Ks]
bch_12345: folds 
nadokesh: folds 
Tenorio422: folds 
Prefeito_zero: checks 
xxxxxxxx_br: folds 
black.pantherx: folds 
santila: folds 
Dorex2007: checks 
*** FLOP *** [Kh Jh Js]
Dorex2007: checks 
Prefeito_zero: bets $0.02
Dorex2007: calls $0.02
*** TURN *** [Kh Jh Js] [2c]
Dorex2007: checks 
Prefeito_zero: bets $0.02
Dorex2007: calls $0.02
*** RIVER *** [Kh Jh Js 2c] [Qd]
Dorex2007: bets $0.07
Prefeito_zero: calls $0.07
*** SHOW DOWN ***
Dorex2007: shows [Tc Ks] (two pair, Kings and Jacks)
Prefeito_zero: shows [Kd 2s] (two pair, Kings and Jacks)
Dorex2007 collected $0.13 from pot
Prefeito_zero collected $0.13 from pot
*** SUMMARY ***
Total pot $0.27 | Rake $0.01 
Board [Kh Jh Js 2c Qd]
Seat 1: Prefeito_zero showed [Kd 2s] and won ($0.13) with two pair, Kings and Jacks
Seat 2: xxxxxxxx_br folded before Flop (didn't bet)
Seat 3: black.pantherx (button) folded before Flop (didn't bet)
Seat 4: santila (small blind) folded before Flop
Seat 5: Dorex2007 (big blind) showed [Tc Ks] and won ($0.13) with two pair, Kings and Jacks
Seat 6: bch_12345 folded before Flop (didn't bet)
Seat 7: nadokesh folded before Flop (didn't bet)
Seat 9: Tenorio422 folded before Flop (didn't bet)



PokerStars Hand #231075319426:  Hold'em No Limit ($0.01/$0.02 USD) - 2021/11/01 21:02:29 PT [2021/11/02 0:02:29 ET]
Table 'Lobelia' 9-max Seat #4 is the button
Seat 1: Prefeito_zero ($1.60 in chips) 
Seat 2: xxxxxxxx_br ($1.06 in chips) 
Seat 3: black.pantherx ($2.83 in chips) 
Seat 4: santila ($2.28 in chips) 
Seat 5: Dorex2007 ($2.97 in chips) 
Seat 6: bch_12345 ($1.91 in chips) 
Seat 7: nadokesh ($2.19 in chips) 
Seat 9: Tenorio422 ($3.26 in chips) 
Dorex2007: posts small blind $0.01
bch_12345: posts big blind $0.02
*** HOLE CARDS ***
Dealt to Dorex2007 [3h Ts]
nadokesh: folds 
Tenorio422: folds 
Prefeito_zero has timed out
Prefeito_zero: folds 
xxxxxxxx_br: folds 
black.pantherx: folds 
santila: folds 
Dorex2007: folds 
Uncalled bet ($0.01) returned to bch_12345
bch_12345 collected $0.02 from pot
bch_12345: doesn't show hand 
*** SUMMARY ***
Total pot $0.02 | Rake $0 
Seat 1: Prefeito_zero folded before Flop (didn't bet)
Seat 2: xxxxxxxx_br folded before Flop (didn't bet)
Seat 3: black.pantherx folded before Flop (didn't bet)
Seat 4: santila (button) folded before Flop (didn't bet)
Seat 5: Dorex2007 (small blind) folded before Flop
Seat 6: bch_12345 (big blind) collected ($0.02)
Seat 7: nadokesh folded before Flop (didn't bet)
Seat 9: Tenorio422 folded before Flop (didn't bet)



PokerStars Hand #231075323177:  Hold'em No Limit ($0.01/$0.02 USD) - 2021/11/01 21:02:54 PT [2021/11/02 0:02:54 ET]
Table 'Lobelia' 9-max Seat #5 is the button
Seat 1: Prefeito_zero ($1.60 in chips) 
Seat 2: xxxxxxxx_br ($1.06 in chips) 
Seat 3: black.pantherx ($2.83 in chips) 
Seat 4: santila ($2.28 in chips) 
Seat 5: Dorex2007 ($2.96 in chips) 
Seat 6: bch_12345 ($1.92 in chips) 
Seat 7: nadokesh ($2.19 in chips) 
Seat 9: Tenorio422 ($3.26 in chips) 
bch_12345: posts small blind $0.01
nadokesh: posts big blind $0.02
*** HOLE CARDS ***
Dealt to Dorex2007 [Qc 4c]
Tenorio422: folds 
Prefeito_zero: folds 
xxxxxxxx_br: folds 
black.pantherx: folds 
santila: folds 
Dorex2007: folds 
bch_12345: raises $0.02 to $0.04
nadokesh: folds 
Uncalled bet ($0.02) returned to bch_12345
bch_12345 collected $0.04 from pot
bch_12345: doesn't show hand 
*** SUMMARY ***
Total pot $0.04 | Rake $0 
Seat 1: Prefeito_zero folded before Flop (didn't bet)
Seat 2: xxxxxxxx_br folded before Flop (didn't bet)
Seat 3: black.pantherx folded before Flop (didn't bet)
Seat 4: santila folded before Flop (didn't bet)
Seat 5: Dorex2007 (button) folded before Flop (didn't bet)
Seat 6: bch_12345 (small blind) collected ($0.04)
Seat 7: nadokesh (big blind) folded before Flop
Seat 9: Tenorio422 folded before Flop (didn't bet)



PokerStars Hand #231075326931:  Hold'em No Limit ($0.01/$0.02 USD) - 2021/11/01 21:03:19 PT [2021/11/02 0:03:19 ET]
Table 'Lobelia' 9-max Seat #6 is the button
Seat 1: Prefeito_zero ($1.60 in chips) 
Seat 2: xxxxxxxx_br ($1.06 in chips) 
Seat 3: black.pantherx ($2.83 in chips) 
Seat 4: santila ($2.28 in chips) 
Seat 5: Dorex2007 ($2.96 in chips) 
Seat 6: bch_12345 ($1.94 in chips) 
Seat 7: nadokesh ($2.17 in chips) 
Seat 9: Tenorio422 ($3.26 in chips) 
nadokesh: posts small blind $0.01
Tenorio422: posts big blind $0.02
*** HOLE CARDS ***
Dealt to Dorex2007 [Ts 9h]
Prefeito_zero: folds 
xxxxxxxx_br: folds 
black.pantherx: folds 
santila: folds 
Dorex2007: folds 
bch_12345: folds 
nadokesh: raises $0.03 to $0.05
Tenorio422: calls $0.03
*** FLOP *** [Ah Qd 3s]
nadokesh: checks 
Tenorio422: checks 
*** TURN *** [Ah Qd 3s] [Th]
nadokesh: bets $0.07
Tenorio422: folds 
Uncalled bet ($0.07) returned to nadokesh
nadokesh collected $0.10 from pot
nadokesh: doesn't show hand 
*** SUMMARY ***
Total pot $0.10 | Rake $0 
Board [Ah Qd 3s Th]
Seat 1: Prefeito_zero folded before Flop (didn't bet)
Seat 2: xxxxxxxx_br folded before Flop (didn't bet)
Seat 3: black.pantherx folded before Flop (didn't bet)
Seat 4: santila folded before Flop (didn't bet)
Seat 5: Dorex2007 folded before Flop (didn't bet)
Seat 6: bch_12345 (button) folded before Flop (didn't bet)
Seat 7: nadokesh (small blind) collected ($0.10)
Seat 9: Tenorio422 (big blind) folded on the Turn



PokerStars Hand #231075331983:  Hold'em No Limit ($0.01/$0.02 USD) - 2021/11/01 21:03:53 PT [2021/11/02 0:03:53 ET]
Table 'Lobelia' 9-max Seat #7 is the button
Seat 1: Prefeito_zero ($1.60 in chips) 
Seat 2: xxxxxxxx_br ($1.06 in chips) 
Seat 3: black.pantherx ($2.83 in chips) 
Seat 4: santila ($2.28 in chips) 
Seat 5: Dorex2007 ($2.96 in chips) 
Seat 6: bch_12345 ($1.94 in chips) 
Seat 7: nadokesh ($2.22 in chips) 
Seat 9: Tenorio422 ($3.21 in chips) 
Tenorio422: posts small blind $0.01
Prefeito_zero: posts big blind $0.02
*** HOLE CARDS ***
Dealt to Dorex2007 [8h 2s]
88Tanatos88 joins the table at seat #8 
xxxxxxxx_br: calls $0.02
black.pantherx: folds 
santila: folds 
Dorex2007: folds 
bch_12345: raises $0.06 to $0.08
nadokesh: folds 
Tenorio422: folds 
Prefeito_zero has timed out
Prefeito_zero: folds 
xxxxxxxx_br: calls $0.06
*** FLOP *** [5s Js Qh]
xxxxxxxx_br: checks 
bch_12345: bets $0.06
xxxxxxxx_br: calls $0.06
*** TURN *** [5s Js Qh] [7d]
xxxxxxxx_br: checks 
bch_12345: checks 
*** RIVER *** [5s Js Qh 7d] [3s]
xxxxxxxx_br: checks 
bch_12345: checks 
*** SHOW DOWN ***
xxxxxxxx_br: shows [Kh 9h] (high card King)
bch_12345: shows [Ac 3c] (a pair of Threes)
bch_12345 collected $0.30 from pot
*** SUMMARY ***
Total pot $0.31 | Rake $0.01 
Board [5s Js Qh 7d 3s]
Seat 1: Prefeito_zero (big blind) folded before Flop
Seat 2: xxxxxxxx_br showed [Kh 9h] and lost with high card King
Seat 3: black.pantherx folded before Flop (didn't bet)
Seat 4: santila folded before Flop (didn't bet)
Seat 5: Dorex2007 folded before Flop (didn't bet)
Seat 6: bch_12345 showed [Ac 3c] and won ($0.30) with a pair of Threes
Seat 7: nadokesh (button) folded before Flop (didn't bet)
Seat 9: Tenorio422 (small blind) folded before Flop



PokerStars Hand #231075345478:  Hold'em No Limit ($0.01/$0.02 USD) - 2021/11/01 21:05:23 PT [2021/11/02 0:05:23 ET]
Table 'Lobelia' 9-max Seat #9 is the button
Seat 1: Prefeito_zero ($1.58 in chips) 
Seat 2: xxxxxxxx_br ($0.92 in chips) 
Seat 3: black.pantherx ($2.83 in chips) 
Seat 4: santila ($2.28 in chips) 
Seat 5: Dorex2007 ($2.96 in chips) 
Seat 6: bch_12345 ($2.10 in chips) 
Seat 7: nadokesh ($2.22 in chips) 
Seat 9: Tenorio422 ($3.20 in chips) 
Prefeito_zero: posts small blind $0.01
xxxxxxxx_br: posts big blind $0.02
88Tanatos88 has timed out
88Tanatos88: is sitting out 
*** HOLE CARDS ***
Dealt to Dorex2007 [As 5s]
88Tanatos88 is disconnected 
black.pantherx: folds 
santila: folds 
Dorex2007: folds 
bch_12345: folds 
nadokesh: folds 
Tenorio422: folds 
Prefeito_zero: calls $0.01
xxxxxxxx_br: checks 
*** FLOP *** [5d 4c Js]
Prefeito_zero: bets $0.02
xxxxxxxx_br: calls $0.02
*** TURN *** [5d 4c Js] [Ts]
Prefeito_zero: bets $0.02
xxxxxxxx_br: folds 
Uncalled bet ($0.02) returned to Prefeito_zero
Prefeito_zero collected $0.08 from pot
Prefeito_zero: doesn't show hand 
*** SUMMARY ***
Total pot $0.08 | Rake $0 
Board [5d 4c Js Ts]
Seat 1: Prefeito_zero (small blind) collected ($0.08)
Seat 2: xxxxxxxx_br (big blind) folded on the Turn
Seat 3: black.pantherx folded before Flop (didn't bet)
Seat 4: santila folded before Flop (didn't bet)
Seat 5: Dorex2007 folded before Flop (didn't bet)
Seat 6: bch_12345 folded before Flop (didn't bet)
Seat 7: nadokesh folded before Flop (didn't bet)
Seat 9: Tenorio422 (button) folded before Flop (didn't bet)



PokerStars Hand #231075353168:  Hold'em No Limit ($0.01/$0.02 USD) - 2021/11/01 21:06:15 PT [2021/11/02 0:06:15 ET]
Table 'Lobelia' 9-max Seat #1 is the button
Seat 1: Prefeito_zero ($1.62 in chips) 
Seat 2: xxxxxxxx_br ($0.88 in chips) 
Seat 3: black.pantherx ($2.83 in chips) 
Seat 4: santila ($2.28 in chips) 
Seat 5: Dorex2007 ($2.96 in chips) 
Seat 6: bch_12345 ($2.10 in chips) 
Seat 7: nadokesh ($2.22 in chips) 
Seat 9: Tenorio422 ($3.20 in chips) 
xxxxxxxx_br: posts small blind $0.01
black.pantherx: posts big blind $0.02
*** HOLE CARDS ***
Dealt to Dorex2007 [2s Qh]
santila: folds 
Dorex2007: folds 
bch_12345: folds 
nadokesh: folds 
Tenorio422: folds 
Prefeito_zero: folds 
xxxxxxxx_br: calls $0.01
black.pantherx: checks 
*** FLOP *** [Ah Ts 5h]
xxxxxxxx_br: checks 
black.pantherx: checks 
*** TURN *** [Ah Ts 5h] [Kh]
xxxxxxxx_br: bets $0.02
black.pantherx: folds 
Uncalled bet ($0.02) returned to xxxxxxxx_br
xxxxxxxx_br collected $0.04 from pot
xxxxxxxx_br: doesn't show hand 
*** SUMMARY ***
Total pot $0.04 | Rake $0 
Board [Ah Ts 5h Kh]
Seat 1: Prefeito_zero (button) folded before Flop (didn't bet)
Seat 2: xxxxxxxx_br (small blind) collected ($0.04)
Seat 3: black.pantherx (big blind) folded on the Turn
Seat 4: santila folded before Flop (didn't bet)
Seat 5: Dorex2007 folded before Flop (didn't bet)
Seat 6: bch_12345 folded before Flop (didn't bet)
Seat 7: nadokesh folded before Flop (didn't bet)
Seat 9: Tenorio422 folded before Flop (didn't bet)



PokerStars Hand #231075356914:  Hold'em No Limit ($0.01/$0.02 USD) - 2021/11/01 21:06:39 PT [2021/11/02 0:06:39 ET]
Table 'Lobelia' 9-max Seat #2 is the button
Seat 1: Prefeito_zero ($1.62 in chips) 
Seat 2: xxxxxxxx_br ($0.90 in chips) 
Seat 3: black.pantherx ($2.81 in chips) 
Seat 4: santila ($2.28 in chips) 
Seat 5: Dorex2007 ($2.96 in chips) 
Seat 6: bch_12345 ($2.10 in chips) 
Seat 7: nadokesh ($2.22 in chips) 
Seat 9: Tenorio422 ($3.20 in chips) 
black.pantherx: posts small blind $0.01
santila: posts big blind $0.02
*** HOLE CARDS ***
Dealt to Dorex2007 [Tc Qh]
Dorex2007: folds 
bch_12345: folds 
nadokesh: folds 
Tenorio422: folds 
Prefeito_zero: raises $0.04 to $0.06
xxxxxxxx_br: folds 
black.pantherx: calls $0.05
santila: folds 
*** FLOP *** [2s 5s As]
black.pantherx: bets $0.11
Prefeito_zero: folds 
Uncalled bet ($0.11) returned to black.pantherx
black.pantherx collected $0.14 from pot
black.pantherx: doesn't show hand 
*** SUMMARY ***
Total pot $0.14 | Rake $0 
Board [2s 5s As]
Seat 1: Prefeito_zero folded on the Flop
Seat 2: xxxxxxxx_br (button) folded before Flop (didn't bet)
Seat 3: black.pantherx (small blind) collected ($0.14)
Seat 4: santila (big blind) folded before Flop
Seat 5: Dorex2007 folded before Flop (didn't bet)
Seat 6: bch_12345 folded before Flop (didn't bet)
Seat 7: nadokesh folded before Flop (didn't bet)
Seat 9: Tenorio422 folded before Flop (didn't bet)



PokerStars Hand #231075361721:  Hold'em No Limit ($0.01/$0.02 USD) - 2021/11/01 21:07:11 PT [2021/11/02 0:07:11 ET]
Table 'Lobelia' 9-max Seat #3 is the button
Seat 1: Prefeito_zero ($1.56 in chips) 
Seat 2: xxxxxxxx_br ($0.90 in chips) 
Seat 3: black.pantherx ($2.89 in chips) 
Seat 4: santila ($2.26 in chips) 
Seat 5: Dorex2007 ($2.96 in chips) 
Seat 6: bch_12345 ($2.10 in chips) 
Seat 7: nadokesh ($2.22 in chips) 
Seat 9: Tenorio422 ($3.20 in chips) 
santila: posts small blind $0.01
Dorex2007: posts big blind $0.02
*** HOLE CARDS ***
Dealt to Dorex2007 [Kh 8c]
bch_12345: folds 
nadokesh: raises $0.04 to $0.06
Tenorio422: folds 
Prefeito_zero: raises $0.08 to $0.14
xxxxxxxx_br: folds 
black.pantherx: folds 
santila: folds 
Dorex2007: folds 
nadokesh: calls $0.08
*** FLOP *** [8d 4c Th]
nadokesh: checks 
Prefeito_zero: bets $0.22
nadokesh: folds 
Uncalled bet ($0.22) returned to Prefeito_zero
Prefeito_zero collected $0.30 from pot
Prefeito_zero: doesn't show hand 
*** SUMMARY ***
Total pot $0.31 | Rake $0.01 
Board [8d 4c Th]
Seat 1: Prefeito_zero collected ($0.30)
Seat 2: xxxxxxxx_br folded before Flop (didn't bet)
Seat 3: black.pantherx (button) folded before Flop (didn't bet)
Seat 4: santila (small blind) folded before Flop
Seat 5: Dorex2007 (big blind) folded before Flop
Seat 6: bch_12345 folded before Flop (didn't bet)
Seat 7: nadokesh folded on the Flop
Seat 9: Tenorio422 folded before Flop (didn't bet)



PokerStars Hand #231075367440:  Hold'em No Limit ($0.01/$0.02 USD) - 2021/11/01 21:07:49 PT [2021/11/02 0:07:49 ET]
Table 'Lobelia' 9-max Seat #4 is the button
Seat 1: Prefeito_zero ($1.72 in chips) 
Seat 2: xxxxxxxx_br ($0.90 in chips) 
Seat 3: black.pantherx ($2.89 in chips) 
Seat 4: santila ($2.25 in chips) 
Seat 5: Dorex2007 ($2.94 in chips) 
Seat 6: bch_12345 ($2.10 in chips) 
Seat 7: nadokesh ($2.08 in chips) 
Seat 9: Tenorio422 ($3.20 in chips) 
Dorex2007: posts small blind $0.01
bch_12345: posts big blind $0.02
*** HOLE CARDS ***
Dealt to Dorex2007 [5h 2d]
nadokesh: raises $0.03 to $0.05
Tenorio422: folds 
Prefeito_zero: folds 
xxxxxxxx_br: calls $0.05
black.pantherx: raises $0.18 to $0.23
santila: folds 
Dorex2007: folds 
bch_12345: folds 
nadokesh: folds 
xxxxxxxx_br: folds 
Uncalled bet ($0.18) returned to black.pantherx
black.pantherx collected $0.18 from pot
black.pantherx: doesn't show hand 
*** SUMMARY ***
Total pot $0.18 | Rake $0 
Seat 1: Prefeito_zero folded before Flop (didn't bet)
Seat 2: xxxxxxxx_br folded before Flop
Seat 3: black.pantherx collected ($0.18)
Seat 4: santila (button) folded before Flop (didn't bet)
Seat 5: Dorex2007 (small blind) folded before Flop
Seat 6: bch_12345 (big blind) folded before Flop
Seat 7: nadokesh folded before Flop
Seat 9: Tenorio422 folded before Flop (didn't bet)



PokerStars Hand #231075373600:  Hold'em No Limit ($0.01/$0.02 USD) - 2021/11/01 21:08:31 PT [2021/11/02 0:08:31 ET]
Table 'Lobelia' 9-max Seat #5 is the button
Seat 1: Prefeito_zero ($1.72 in chips) 
Seat 2: xxxxxxxx_br ($0.85 in chips) 
Seat 3: black.pantherx ($3.02 in chips) 
Seat 4: santila ($2.25 in chips) 
Seat 5: Dorex2007 ($2.93 in chips) 
Seat 6: bch_12345 ($2.08 in chips) 
Seat 7: nadokesh ($2.03 in chips) 
Seat 9: Tenorio422 ($3.20 in chips) 
bch_12345: posts small blind $0.01
nadokesh: posts big blind $0.02
*** HOLE CARDS ***
Dealt to Dorex2007 [8c 2s]
Tenorio422: folds 
Prefeito_zero: folds 
xxxxxxxx_br: folds 
black.pantherx: raises $0.05 to $0.07
santila: folds 
Dorex2007: folds 
bch_12345: folds 
nadokesh: calls $0.05
*** FLOP *** [Ks Jd 5c]
nadokesh: checks 
black.pantherx: checks 
*** TURN *** [Ks Jd 5c] [6s]
nadokesh: checks 
black.pantherx: bets $0.12
nadokesh: folds 
Uncalled bet ($0.12) returned to black.pantherx
black.pantherx collected $0.14 from pot
black.pantherx: doesn't show hand 
*** SUMMARY ***
Total pot $0.15 | Rake $0.01 
Board [Ks Jd 5c 6s]
Seat 1: Prefeito_zero folded before Flop (didn't bet)
Seat 2: xxxxxxxx_br folded before Flop (didn't bet)
Seat 3: black.pantherx collected ($0.14)
Seat 4: santila folded before Flop (didn't bet)
Seat 5: Dorex2007 (button) folded before Flop (didn't bet)
Seat 6: bch_12345 (small blind) folded before Flop
Seat 7: nadokesh (big blind) folded on the Turn
Seat 9: Tenorio422 folded before Flop (didn't bet)



PokerStars Hand #231075391318:  Hold'em No Limit ($0.01/$0.02 USD) - 2021/11/01 21:09:25 PT [2021/11/02 0:09:25 ET]
Table 'Lobelia' 9-max Seat #6 is the button
Seat 1: Prefeito_zero ($1.72 in chips) 
Seat 2: xxxxxxxx_br ($0.85 in chips) 
Seat 3: black.pantherx ($3.09 in chips) 
Seat 4: santila ($2.25 in chips) 
Seat 5: Dorex2007 ($2.93 in chips) 
Seat 6: bch_12345 ($2.07 in chips) 
Seat 7: nadokesh ($2 in chips) 
Seat 9: Tenorio422 ($3.20 in chips) 
nadokesh: posts small blind $0.01
Tenorio422: posts big blind $0.02
*** HOLE CARDS ***
Dealt to Dorex2007 [9s 3h]
Prefeito_zero: calls $0.02
xxxxxxxx_br: folds 
black.pantherx: folds 
santila: folds 
Dorex2007: folds 
bch_12345: raises $0.06 to $0.08
nadokesh: folds 
Tenorio422: folds 
Prefeito_zero: calls $0.06
*** FLOP *** [6s 7d 2s]
Prefeito_zero: checks 
bch_12345: bets $0.12
Prefeito_zero: calls $0.12
*** TURN *** [6s 7d 2s] [8c]
Prefeito_zero: checks 
bch_12345: bets $0.20
Prefeito_zero: folds 
Uncalled bet ($0.20) returned to bch_12345
bch_12345 collected $0.41 from pot
bch_12345: doesn't show hand 
*** SUMMARY ***
Total pot $0.43 | Rake $0.02 
Board [6s 7d 2s 8c]
Seat 1: Prefeito_zero folded on the Turn
Seat 2: xxxxxxxx_br folded before Flop (didn't bet)
Seat 3: black.pantherx folded before Flop (didn't bet)
Seat 4: santila folded before Flop (didn't bet)
Seat 5: Dorex2007 folded before Flop (didn't bet)
Seat 6: bch_12345 (button) collected ($0.41)
Seat 7: nadokesh (small blind) folded before Flop
Seat 9: Tenorio422 (big blind) folded before Flop



PokerStars Hand #231075398861:  Hold'em No Limit ($0.01/$0.02 USD) - 2021/11/01 21:10:16 PT [2021/11/02 0:10:16 ET]
Table 'Lobelia' 9-max Seat #7 is the button
Seat 1: Prefeito_zero ($1.52 in chips) 
Seat 2: xxxxxxxx_br ($0.85 in chips) 
Seat 3: black.pantherx ($3.09 in chips) 
Seat 4: santila ($2.25 in chips) 
Seat 5: Dorex2007 ($2.93 in chips) 
Seat 6: bch_12345 ($2.28 in chips) 
Seat 7: nadokesh ($2 in chips) 
Seat 9: Tenorio422 ($3.18 in chips) 
Tenorio422: posts small blind $0.01
Prefeito_zero: posts big blind $0.02
*** HOLE CARDS ***
Dealt to Dorex2007 [8h Ks]
xxxxxxxx_br: folds 
black.pantherx: raises $0.05 to $0.07
santila: folds 
Dorex2007: folds 
bch_12345: folds 
nadokesh: folds 
Tenorio422: folds 
Prefeito_zero: calls $0.05
*** FLOP *** [Tc As Jc]
Prefeito_zero: checks 
black.pantherx: checks 
*** TURN *** [Tc As Jc] [9c]
Prefeito_zero: checks 
black.pantherx: checks 
*** RIVER *** [Tc As Jc 9c] [6d]
Prefeito_zero: checks 
black.pantherx: checks 
*** SHOW DOWN ***
Prefeito_zero: shows [4d 4c] (a pair of Fours)
black.pantherx: shows [7s 7c] (a pair of Sevens)
black.pantherx collected $0.14 from pot
*** SUMMARY ***
Total pot $0.15 | Rake $0.01 
Board [Tc As Jc 9c 6d]
Seat 1: Prefeito_zero (big blind) showed [4d 4c] and lost with a pair of Fours
Seat 2: xxxxxxxx_br folded before Flop (didn't bet)
Seat 3: black.pantherx showed [7s 7c] and won ($0.14) with a pair of Sevens
Seat 4: santila folded before Flop (didn't bet)
Seat 5: Dorex2007 folded before Flop (didn't bet)
Seat 6: bch_12345 folded before Flop (didn't bet)
Seat 7: nadokesh (button) folded before Flop (didn't bet)
Seat 9: Tenorio422 (small blind) folded before Flop



PokerStars Hand #231075407164:  Hold'em No Limit ($0.01/$0.02 USD) - 2021/11/01 21:11:14 PT [2021/11/02 0:11:14 ET]
Table 'Lobelia' 9-max Seat #9 is the button
Seat 1: Prefeito_zero ($1.45 in chips) 
Seat 2: xxxxxxxx_br ($0.85 in chips) 
Seat 3: black.pantherx ($3.16 in chips) 
Seat 4: santila ($2.25 in chips) 
Seat 5: Dorex2007 ($2.93 in chips) 
Seat 6: bch_12345 ($2.28 in chips) 
Seat 7: nadokesh ($2 in chips) 
Seat 9: Tenorio422 ($3.17 in chips) 
Prefeito_zero: posts small blind $0.01
xxxxxxxx_br: posts big blind $0.02
*** HOLE CARDS ***
Dealt to Dorex2007 [Qd 7s]
black.pantherx: raises $0.06 to $0.08
santila: calls $0.08
Dorex2007: folds 
bch_12345: folds 
nadokesh: folds 
Tenorio422: folds 
Prefeito_zero: calls $0.07
xxxxxxxx_br: folds 
*** FLOP *** [7c Kc 9d]
Prefeito_zero: checks 
black.pantherx: bets $0.20
santila: folds 
Prefeito_zero: raises $1.17 to $1.37 and is all-in
black.pantherx: calls $1.17
*** TURN *** [7c Kc 9d] [9s]
*** RIVER *** [7c Kc 9d 9s] [4s]
*** SHOW DOWN ***
Prefeito_zero: shows [Jh Kh] (two pair, Kings and Nines)
black.pantherx: shows [9c Qc] (three of a kind, Nines)
black.pantherx collected $2.90 from pot
*** SUMMARY ***
Total pot $3 | Rake $0.10 
Board [7c Kc 9d 9s 4s]
Seat 1: Prefeito_zero (small blind) showed [Jh Kh] and lost with two pair, Kings and Nines
Seat 2: xxxxxxxx_br (big blind) folded before Flop
Seat 3: black.pantherx showed [9c Qc] and won ($2.90) with three of a kind, Nines
Seat 4: santila folded on the Flop
Seat 5: Dorex2007 folded before Flop (didn't bet)
Seat 6: bch_12345 folded before Flop (didn't bet)
Seat 7: nadokesh folded before Flop (didn't bet)
Seat 9: Tenorio422 (button) folded before Flop (didn't bet)



PokerStars Hand #231075417964:  Hold'em No Limit ($0.01/$0.02 USD) - 2021/11/01 21:12:28 PT [2021/11/02 0:12:28 ET]
Table 'Lobelia' 9-max Seat #2 is the button
Seat 2: xxxxxxxx_br ($0.83 in chips) 
Seat 3: black.pantherx ($4.61 in chips) 
Seat 4: santila ($2.17 in chips) 
Seat 5: Dorex2007 ($2.93 in chips) 
Seat 6: bch_12345 ($2.28 in chips) 
Seat 7: nadokesh ($2 in chips) 
Seat 9: Tenorio422 ($3.17 in chips) 
black.pantherx: posts small blind $0.01
santila: posts big blind $0.02
*** HOLE CARDS ***
Dealt to Dorex2007 [Ac 9d]
Dorex2007: folds 
bch_12345: folds 
nadokesh: folds 
Tenorio422: folds 
xxxxxxxx_br: folds 
Prefeito_zero leaves the table
black.pantherx: folds 
Uncalled bet ($0.01) returned to santila
santila collected $0.02 from pot
santila: doesn't show hand 
*** SUMMARY ***
Total pot $0.02 | Rake $0 
Seat 2: xxxxxxxx_br (button) folded before Flop (didn't bet)
Seat 3: black.pantherx (small blind) folded before Flop
Seat 4: santila (big blind) collected ($0.02)
Seat 5: Dorex2007 folded before Flop (didn't bet)
Seat 6: bch_12345 folded before Flop (didn't bet)
Seat 7: nadokesh folded before Flop (didn't bet)
Seat 9: Tenorio422 folded before Flop (didn't bet)



PokerStars Hand #231075420769:  Hold'em No Limit ($0.01/$0.02 USD) - 2021/11/01 21:12:48 PT [2021/11/02 0:12:48 ET]
Table 'Lobelia' 9-max Seat #3 is the button
Seat 2: xxxxxxxx_br ($0.83 in chips) 
Seat 3: black.pantherx ($4.60 in chips) 
Seat 4: santila ($2.18 in chips) 
Seat 5: Dorex2007 ($2.93 in chips) 
Seat 6: bch_12345 ($2.28 in chips) 
Seat 7: nadokesh ($2 in chips) 
Seat 9: Tenorio422 ($3.17 in chips) 
santila: posts small blind $0.01
Dorex2007: posts big blind $0.02
*** HOLE CARDS ***
Dealt to Dorex2007 [4s 4d]
bch_12345: folds 
nadokesh: folds 
Tenorio422: folds 
xxxxxxxx_br: folds 
Prefeito_zero joins the table at seat #1 
black.pantherx: raises $0.06 to $0.08
santila: calls $0.07
Prefeito_zero leaves the table
Dorex2007: folds 
*** FLOP *** [2h 3h Ad]
santila: checks 
black.pantherx: bets $0.14
santila: folds 
Uncalled bet ($0.14) returned to black.pantherx
black.pantherx collected $0.17 from pot
black.pantherx: doesn't show hand 
sofaking1973 joins the table at seat #1 
*** SUMMARY ***
Total pot $0.18 | Rake $0.01 
Board [2h 3h Ad]
Seat 2: xxxxxxxx_br folded before Flop (didn't bet)
Seat 3: black.pantherx (button) collected ($0.17)
Seat 4: santila (small blind) folded on the Flop
Seat 5: Dorex2007 (big blind) folded before Flop
Seat 6: bch_12345 folded before Flop (didn't bet)
Seat 7: nadokesh folded before Flop (didn't bet)
Seat 9: Tenorio422 folded before Flop (didn't bet)



PokerStars Hand #231075426477:  Hold'em No Limit ($0.01/$0.02 USD) - 2021/11/01 21:13:27 PT [2021/11/02 0:13:27 ET]
Table 'Lobelia' 9-max Seat #4 is the button
Seat 2: xxxxxxxx_br ($0.83 in chips) 
Seat 3: black.pantherx ($4.69 in chips) 
Seat 4: santila ($2.10 in chips) 
Seat 5: Dorex2007 ($2.91 in chips) 
Seat 6: bch_12345 ($2.28 in chips) 
Seat 7: nadokesh ($2 in chips) 
Seat 9: Tenorio422 ($3.17 in chips) 
Dorex2007: posts small blind $0.01
bch_12345: posts big blind $0.02
sofaking1973: sits out 
*** HOLE CARDS ***
Dealt to Dorex2007 [3h 9h]
nadokesh: folds 
Tenorio422: folds 
xxxxxxxx_br: folds 
black.pantherx: folds 
santila: raises $0.03 to $0.05
Dorex2007: folds 
bch_12345: folds 
Uncalled bet ($0.03) returned to santila
santila collected $0.05 from pot
santila: doesn't show hand 
*** SUMMARY ***
Total pot $0.05 | Rake $0 
Seat 2: xxxxxxxx_br folded before Flop (didn't bet)
Seat 3: black.pantherx folded before Flop (didn't bet)
Seat 4: santila (button) collected ($0.05)
Seat 5: Dorex2007 (small blind) folded before Flop
Seat 6: bch_12345 (big blind) folded before Flop
Seat 7: nadokesh folded before Flop (didn't bet)
Seat 9: Tenorio422 folded before Flop (didn't bet)



PokerStars Hand #231075430247:  Hold'em No Limit ($0.01/$0.02 USD) - 2021/11/01 21:13:53 PT [2021/11/02 0:13:53 ET]
Table 'Lobelia' 9-max Seat #5 is the button
Seat 2: xxxxxxxx_br ($0.83 in chips) 
Seat 3: black.pantherx ($4.69 in chips) 
Seat 4: santila ($2.13 in chips) 
Seat 5: Dorex2007 ($2.90 in chips) 
Seat 6: bch_12345 ($2.26 in chips) 
Seat 9: Tenorio422 ($3.17 in chips) 
bch_12345: posts small blind $0.01
nadokesh: is sitting out 
nadokesh leaves the table
Tenorio422: posts big blind $0.02
sofaking1973: sits out 
*** HOLE CARDS ***
Dealt to Dorex2007 [4h Th]
xxxxxxxx_br has timed out
xxxxxxxx_br: folds 
black.pantherx: folds 
santila: folds 
Dorex2007: folds 
bch_12345: raises $0.04 to $0.06
Tenorio422: folds 
Uncalled bet ($0.04) returned to bch_12345
bch_12345 collected $0.04 from pot
bch_12345: doesn't show hand 
*** SUMMARY ***
Total pot $0.04 | Rake $0 
Seat 2: xxxxxxxx_br folded before Flop (didn't bet)
Seat 3: black.pantherx folded before Flop (didn't bet)
Seat 4: santila folded before Flop (didn't bet)
Seat 5: Dorex2007 (button) folded before Flop (didn't bet)
Seat 6: bch_12345 (small blind) collected ($0.04)
Seat 9: Tenorio422 (big blind) folded before Flop



PokerStars Hand #231075433137:  Hold'em No Limit ($0.01/$0.02 USD) - 2021/11/01 21:14:13 PT [2021/11/02 0:14:13 ET]
Table 'Lobelia' 9-max Seat #6 is the button
Seat 2: xxxxxxxx_br ($0.83 in chips) 
Seat 3: black.pantherx ($4.69 in chips) 
Seat 4: santila ($2.13 in chips) 
Seat 5: Dorex2007 ($2.90 in chips) 
Seat 6: bch_12345 ($2.28 in chips) 
xxxxxxxx_br: posts small blind $0.01
black.pantherx: posts big blind $0.02
*** HOLE CARDS ***
Dealt to Dorex2007 [4h Kc]
santila: folds 
Dorex2007: folds 
bch_12345: raises $0.04 to $0.06
xxxxxxxx_br: folds 
black.pantherx: folds 
Uncalled bet ($0.04) returned to bch_12345
bch_12345 collected $0.05 from pot
bch_12345: doesn't show hand 
*** SUMMARY ***
Total pot $0.05 | Rake $0 
Seat 2: xxxxxxxx_br (small blind) folded before Flop
Seat 3: black.pantherx (big blind) folded before Flop
Seat 4: santila folded before Flop (didn't bet)
Seat 5: Dorex2007 folded before Flop (didn't bet)
Seat 6: bch_12345 (button) collected ($0.05)



PokerStars Hand #231075435928:  Hold'em No Limit ($0.01/$0.02 USD) - 2021/11/01 21:14:32 PT [2021/11/02 0:14:32 ET]
Table 'Lobelia' 9-max Seat #2 is the button
Seat 2: xxxxxxxx_br ($0.82 in chips) 
Seat 3: black.pantherx ($4.67 in chips) 
Seat 4: santila ($2.13 in chips) 
Seat 5: Dorex2007 ($2.90 in chips) 
Seat 6: bch_12345 ($2.31 in chips) 
black.pantherx: posts small blind $0.01
santila: posts big blind $0.02
sofaking1973: sits out 
*** HOLE CARDS ***
Dealt to Dorex2007 [Th Qd]
Dorex2007: folds 
bch_12345: folds 
xxxxxxxx_br: folds 
black.pantherx: folds 
Uncalled bet ($0.01) returned to santila
santila collected $0.02 from pot
santila: doesn't show hand 
*** SUMMARY ***
Total pot $0.02 | Rake $0 
Seat 2: xxxxxxxx_br (button) folded before Flop (didn't bet)
Seat 3: black.pantherx (small blind) folded before Flop
Seat 4: santila (big blind) collected ($0.02)
Seat 5: Dorex2007 folded before Flop (didn't bet)
Seat 6: bch_12345 folded before Flop (didn't bet)



PokerStars Hand #231075438607:  Hold'em No Limit ($0.01/$0.02 USD) - 2021/11/01 21:14:50 PT [2021/11/02 0:14:50 ET]
Table 'Lobelia' 9-max Seat #3 is the button
Seat 2: xxxxxxxx_br ($0.82 in chips) 
Seat 3: black.pantherx ($4.66 in chips) 
Seat 4: santila ($2.14 in chips) 
Seat 5: Dorex2007 ($2.90 in chips) 
Seat 6: bch_12345 ($2.31 in chips) 
santila: posts small blind $0.01
Dorex2007: posts big blind $0.02
sofaking1973: sits out 
*** HOLE CARDS ***
Dealt to Dorex2007 [2s Kc]
bch_12345: folds 
xxxxxxxx_br has timed out
xxxxxxxx_br: folds 
black.pantherx: raises $0.06 to $0.08
santila: folds 
Dorex2007: folds 
Uncalled bet ($0.06) returned to black.pantherx
black.pantherx collected $0.05 from pot
black.pantherx: doesn't show hand 
*** SUMMARY ***
Total pot $0.05 | Rake $0 
Seat 2: xxxxxxxx_br folded before Flop (didn't bet)
Seat 3: black.pantherx (button) collected ($0.05)
Seat 4: santila (small blind) folded before Flop
Seat 5: Dorex2007 (big blind) folded before Flop
Seat 6: bch_12345 folded before Flop (didn't bet)



PokerStars Hand #231075442185:  Hold'em No Limit ($0.01/$0.02 USD) - 2021/11/01 21:15:14 PT [2021/11/02 0:15:14 ET]
Table 'Lobelia' 9-max Seat #4 is the button
Seat 2: xxxxxxxx_br ($0.82 in chips) 
Seat 3: black.pantherx ($4.69 in chips) 
Seat 4: santila ($2.13 in chips) 
Seat 5: Dorex2007 ($2.88 in chips) 
Seat 6: bch_12345 ($2.31 in chips) 
Dorex2007: posts small blind $0.01
bch_12345: posts big blind $0.02
sofaking1973: sits out 
*** HOLE CARDS ***
Dealt to Dorex2007 [As 7d]
xxxxxxxx_br: folds 
black.pantherx: folds 
santila: raises $0.03 to $0.05
Dorex2007: folds 
sofaking1973 leaves the table
bch_12345: folds 
Uncalled bet ($0.03) returned to santila
santila collected $0.05 from pot
santila: doesn't show hand 
KaurisDream joins the table at seat #1 
*** SUMMARY ***
Total pot $0.05 | Rake $0 
Seat 2: xxxxxxxx_br folded before Flop (didn't bet)
Seat 3: black.pantherx folded before Flop (didn't bet)
Seat 4: santila (button) collected ($0.05)
Seat 5: Dorex2007 (small blind) folded before Flop
Seat 6: bch_12345 (big blind) folded before Flop



PokerStars Hand #231075444606:  Hold'em No Limit ($0.01/$0.02 USD) - 2021/11/01 21:15:30 PT [2021/11/02 0:15:30 ET]
Table 'Lobelia' 9-max Seat #5 is the button
Seat 1: KaurisDream ($2 in chips) 
Seat 2: xxxxxxxx_br ($0.82 in chips) 
Seat 3: black.pantherx ($4.69 in chips) 
Seat 4: santila ($2.16 in chips) 
Seat 5: Dorex2007 ($2.87 in chips) 
Seat 6: bch_12345 ($2.29 in chips) 
bch_12345: posts small blind $0.01
KaurisDream: posts big blind $0.02
*** HOLE CARDS ***
Dealt to Dorex2007 [4d Th]
xxxxxxxx_br: folds 
88Tanatos88 leaves the table
black.pantherx: raises $0.06 to $0.08
santila: folds 
Dorex2007: folds 
bch_12345: folds 
KaurisDream: calls $0.06
*** FLOP *** [3h Kd Ac]
KaurisDream: checks 
black.pantherx: bets $0.14
KaurisDream: folds 
Uncalled bet ($0.14) returned to black.pantherx
black.pantherx collected $0.16 from pot
black.pantherx: doesn't show hand 
*** SUMMARY ***
Total pot $0.17 | Rake $0.01 
Board [3h Kd Ac]
Seat 1: KaurisDream (big blind) folded on the Flop
Seat 2: xxxxxxxx_br folded before Flop (didn't bet)
Seat 3: black.pantherx collected ($0.16)
Seat 4: santila folded before Flop (didn't bet)
Seat 5: Dorex2007 (button) folded before Flop (didn't bet)
Seat 6: bch_12345 (small blind) folded before Flop



PokerStars Hand #231075450305:  Hold'em No Limit ($0.01/$0.02 USD) - 2021/11/01 21:16:09 PT [2021/11/02 0:16:09 ET]
Table 'Lobelia' 9-max Seat #6 is the button
Seat 1: KaurisDream ($1.92 in chips) 
Seat 2: xxxxxxxx_br ($0.82 in chips) 
Seat 3: black.pantherx ($4.77 in chips) 
Seat 4: santila ($2.16 in chips) 
Seat 5: Dorex2007 ($2.87 in chips) 
Seat 6: bch_12345 ($2.28 in chips) 
KaurisDream: posts small blind $0.01
xxxxxxxx_br: posts big blind $0.02
*** HOLE CARDS ***
Dealt to Dorex2007 [5s 8d]
black.pantherx: raises $0.06 to $0.08
santila: folds 
Dorex2007: folds 
mst32ro joins the table at seat #8 
bch_12345: folds 
KaurisDream: folds 
xxxxxxxx_br: folds 
Uncalled bet ($0.06) returned to black.pantherx
black.pantherx collected $0.05 from pot
black.pantherx: doesn't show hand 
*** SUMMARY ***
Total pot $0.05 | Rake $0 
Seat 1: KaurisDream (small blind) folded before Flop
Seat 2: xxxxxxxx_br (big blind) folded before Flop
Seat 3: black.pantherx collected ($0.05)
Seat 4: santila folded before Flop (didn't bet)
Seat 5: Dorex2007 folded before Flop (didn't bet)
Seat 6: bch_12345 (button) folded before Flop (didn't bet)



PokerStars Hand #231075453737:  Hold'em No Limit ($0.01/$0.02 USD) - 2021/11/01 21:16:33 PT [2021/11/02 0:16:33 ET]
Table 'Lobelia' 9-max Seat #1 is the button
Seat 1: KaurisDream ($1.91 in chips) 
Seat 2: xxxxxxxx_br ($0.80 in chips) 
Seat 3: black.pantherx ($4.80 in chips) 
Seat 4: santila ($2.16 in chips) 
Seat 5: Dorex2007 ($2.87 in chips) 
Seat 6: bch_12345 ($2.28 in chips) 
xxxxxxxx_br: posts small blind $0.01
black.pantherx: posts big blind $0.02
mst32ro: sits out 
*** HOLE CARDS ***
Dealt to Dorex2007 [2h 9h]
santila: folds 
Dorex2007: folds 
bch_12345: folds 
KaurisDream: folds 
xxxxxxxx_br: folds 
Uncalled bet ($0.01) returned to black.pantherx
black.pantherx collected $0.02 from pot
black.pantherx: doesn't show hand 
*** SUMMARY ***
Total pot $0.02 | Rake $0 
Seat 1: KaurisDream (button) folded before Flop (didn't bet)
Seat 2: xxxxxxxx_br (small blind) folded before Flop
Seat 3: black.pantherx (big blind) collected ($0.02)
Seat 4: santila folded before Flop (didn't bet)
Seat 5: Dorex2007 folded before Flop (didn't bet)
Seat 6: bch_12345 folded before Flop (didn't bet)



PokerStars Hand #231075456422:  Hold'em No Limit ($0.01/$0.02 USD) - 2021/11/01 21:16:51 PT [2021/11/02 0:16:51 ET]
Table 'Lobelia' 9-max Seat #2 is the button
Seat 1: KaurisDream ($1.91 in chips) 
Seat 2: xxxxxxxx_br ($0.79 in chips) 
Seat 3: black.pantherx ($4.81 in chips) 
Seat 4: santila ($2.16 in chips) 
Seat 5: Dorex2007 ($2.87 in chips) 
Seat 6: bch_12345 ($2.28 in chips) 
black.pantherx: posts small blind $0.01
santila: posts big blind $0.02
mst32ro: sits out 
*** HOLE CARDS ***
Dealt to Dorex2007 [Ts 9c]
Dorex2007: folds 
bch_12345: folds 
KaurisDream: folds 
xxxxxxxx_br: folds 
black.pantherx: folds 
Uncalled bet ($0.01) returned to santila
santila collected $0.02 from pot
santila: doesn't show hand 
*** SUMMARY ***
Total pot $0.02 | Rake $0 
Seat 1: KaurisDream folded before Flop (didn't bet)
Seat 2: xxxxxxxx_br (button) folded before Flop (didn't bet)
Seat 3: black.pantherx (small blind) folded before Flop
Seat 4: santila (big blind) collected ($0.02)
Seat 5: Dorex2007 folded before Flop (didn't bet)
Seat 6: bch_12345 folded before Flop (didn't bet)



PokerStars Hand #231075459883:  Hold'em No Limit ($0.01/$0.02 USD) - 2021/11/01 21:17:15 PT [2021/11/02 0:17:15 ET]
Table 'Lobelia' 9-max Seat #3 is the button
Seat 1: KaurisDream ($1.91 in chips) 
Seat 2: xxxxxxxx_br ($0.79 in chips) 
Seat 3: black.pantherx ($4.80 in chips) 
Seat 4: santila ($2.17 in chips) 
Seat 5: Dorex2007 ($2.87 in chips) 
Seat 6: bch_12345 ($2.28 in chips) 
santila: posts small blind $0.01
Dorex2007: posts big blind $0.02
mst32ro: sits out 
*** HOLE CARDS ***
Dealt to Dorex2007 [7d Ah]
bch_12345: folds 
KaurisDream: folds 
xxxxxxxx_br: folds 
black.pantherx: folds 
santila: folds 
Uncalled bet ($0.01) returned to Dorex2007
Dorex2007 collected $0.02 from pot
Dorex2007: doesn't show hand 
*** SUMMARY ***
Total pot $0.02 | Rake $0 
Seat 1: KaurisDream folded before Flop (didn't bet)
Seat 2: xxxxxxxx_br folded before Flop (didn't bet)
Seat 3: black.pantherx (button) folded before Flop (didn't bet)
Seat 4: santila (small blind) folded before Flop
Seat 5: Dorex2007 (big blind) collected ($0.02)
Seat 6: bch_12345 folded before Flop (didn't bet)



PokerStars Hand #231075463419:  Hold'em No Limit ($0.01/$0.02 USD) - 2021/11/01 21:17:40 PT [2021/11/02 0:17:40 ET]
Table 'Lobelia' 9-max Seat #4 is the button
Seat 1: KaurisDream ($2 in chips) 
Seat 2: xxxxxxxx_br ($0.79 in chips) 
Seat 3: black.pantherx ($4.80 in chips) 
Seat 4: santila ($2.16 in chips) 
Seat 5: Dorex2007 ($2.88 in chips) 
Seat 6: bch_12345 ($2.28 in chips) 
Dorex2007: posts small blind $0.01
bch_12345: posts big blind $0.02
mst32ro: sits out 
*** HOLE CARDS ***
Dealt to Dorex2007 [Ah 5c]
KaurisDream: folds 
xxxxxxxx_br: calls $0.02
black.pantherx: folds 
santila: folds 
Dorex2007: folds 
bch_12345: checks 
*** FLOP *** [Jd Kd Td]
bch_12345: checks 
xxxxxxxx_br: bets $0.02
bch_12345: folds 
Uncalled bet ($0.02) returned to xxxxxxxx_br
xxxxxxxx_br collected $0.05 from pot
xxxxxxxx_br: doesn't show hand 
*** SUMMARY ***
Total pot $0.05 | Rake $0 
Board [Jd Kd Td]
Seat 1: KaurisDream folded before Flop (didn't bet)
Seat 2: xxxxxxxx_br collected ($0.05)
Seat 3: black.pantherx folded before Flop (didn't bet)
Seat 4: santila (button) folded before Flop (didn't bet)
Seat 5: Dorex2007 (small blind) folded before Flop
Seat 6: bch_12345 (big blind) folded on the Flop



PokerStars Hand #231075469927:  Hold'em No Limit ($0.01/$0.02 USD) - 2021/11/01 21:18:25 PT [2021/11/02 0:18:25 ET]
Table 'Lobelia' 9-max Seat #5 is the button
Seat 1: KaurisDream ($2 in chips) 
Seat 2: xxxxxxxx_br ($0.82 in chips) 
Seat 3: black.pantherx ($4.80 in chips) 
Seat 4: santila ($2.16 in chips) 
Seat 5: Dorex2007 ($2.87 in chips) 
Seat 6: bch_12345 ($2.26 in chips) 
Seat 8: mst32ro ($0.80 in chips) 
bch_12345: posts small blind $0.01
mst32ro: posts big blind $0.02
*** HOLE CARDS ***
Dealt to Dorex2007 [Qd Ah]
KaurisDream: raises $0.04 to $0.06
xxxxxxxx_br: folds 
black.pantherx: folds 
santila: folds 
Dorex2007: calls $0.06
bch_12345: folds 
mst32ro: folds 
*** FLOP *** [Ad 5d 8s]
KaurisDream: bets $0.09
Dorex2007: raises $0.15 to $0.24
KaurisDream: raises $1.70 to $1.94 and is all-in
Dorex2007: calls $1.70
*** TURN *** [Ad 5d 8s] [2c]
*** RIVER *** [Ad 5d 8s 2c] [Qh]
*** SHOW DOWN ***
KaurisDream: shows [As Ks] (a pair of Aces)
Dorex2007: shows [Qd Ah] (two pair, Aces and Queens)
Dorex2007 collected $3.89 from pot
*** SUMMARY ***
Total pot $4.03 | Rake $0.14 
Board [Ad 5d 8s 2c Qh]
Seat 1: KaurisDream showed [As Ks] and lost with a pair of Aces
Seat 2: xxxxxxxx_br folded before Flop (didn't bet)
Seat 3: black.pantherx folded before Flop (didn't bet)
Seat 4: santila folded before Flop (didn't bet)
Seat 5: Dorex2007 (button) showed [Qd Ah] and won ($3.89) with two pair, Aces and Queens
Seat 6: bch_12345 (small blind) folded before Flop
Seat 8: mst32ro (big blind) folded before Flop



PokerStars Hand #231075480413:  Hold'em No Limit ($0.01/$0.02 USD) - 2021/11/01 21:19:26 PT [2021/11/02 0:19:26 ET]
Table 'Lobelia' 9-max Seat #6 is the button
Seat 1: KaurisDream ($2 in chips) 
Seat 2: xxxxxxxx_br ($0.82 in chips) 
Seat 3: black.pantherx ($4.80 in chips) 
Seat 4: santila ($2.16 in chips) 
Seat 5: Dorex2007 ($4.76 in chips) 
Seat 6: bch_12345 ($2.25 in chips) 
Seat 8: mst32ro ($0.78 in chips) 
mst32ro: posts small blind $0.01
KaurisDream: posts big blind $0.02
*** HOLE CARDS ***
Dealt to Dorex2007 [Ks 2s]
xxxxxxxx_br has timed out
xxxxxxxx_br: folds 
black.pantherx: folds 
santila: folds 
Dorex2007: folds 
Dorex2007 said, "sucked out, but I'll take it"
bch_12345: raises $0.04 to $0.06
mst32ro: folds 
KaurisDream: folds 
Uncalled bet ($0.04) returned to bch_12345
bch_12345 collected $0.05 from pot
bch_12345: doesn't show hand 
*** SUMMARY ***
Total pot $0.05 | Rake $0 
Seat 1: KaurisDream (big blind) folded before Flop
Seat 2: xxxxxxxx_br folded before Flop (didn't bet)
Seat 3: black.pantherx folded before Flop (didn't bet)
Seat 4: santila folded before Flop (didn't bet)
Seat 5: Dorex2007 folded before Flop (didn't bet)
Seat 6: bch_12345 (button) collected ($0.05)
Seat 8: mst32ro (small blind) folded before Flop



PokerStars Hand #231075484134:  Hold'em No Limit ($0.01/$0.02 USD) - 2021/11/01 21:19:52 PT [2021/11/02 0:19:52 ET]
Table 'Lobelia' 9-max Seat #8 is the button
Seat 1: KaurisDream ($2 in chips) 
Seat 2: xxxxxxxx_br ($0.82 in chips) 
Seat 3: black.pantherx ($4.80 in chips) 
Seat 4: santila ($2.16 in chips) 
Seat 5: Dorex2007 ($4.76 in chips) 
Seat 6: bch_12345 ($2.28 in chips) 
Seat 8: mst32ro ($0.77 in chips) 
KaurisDream: posts small blind $0.01
xxxxxxxx_br: posts big blind $0.02
*** HOLE CARDS ***
Dealt to Dorex2007 [7s 8s]
black.pantherx: folds 
santila: folds 
brainyJ23 joins the table at seat #7 
Dorex2007: folds 
bch_12345: folds 
mst32ro: folds 
KaurisDream: raises $0.04 to $0.06
xxxxxxxx_br: calls $0.04
*** FLOP *** [3h 5c 3d]
KaurisDream: bets $0.08
xxxxxxxx_br: folds 
Uncalled bet ($0.08) returned to KaurisDream
KaurisDream collected $0.12 from pot
KaurisDream: doesn't show hand 
*** SUMMARY ***
Total pot $0.12 | Rake $0 
Board [3h 5c 3d]
Seat 1: KaurisDream (small blind) collected ($0.12)
Seat 2: xxxxxxxx_br (big blind) folded on the Flop
Seat 3: black.pantherx folded before Flop (didn't bet)
Seat 4: santila folded before Flop (didn't bet)
Seat 5: Dorex2007 folded before Flop (didn't bet)
Seat 6: bch_12345 folded before Flop (didn't bet)
Seat 8: mst32ro (button) folded before Flop (didn't bet)



PokerStars Hand #231075491909:  Hold'em No Limit ($0.01/$0.02 USD) - 2021/11/01 21:20:46 PT [2021/11/02 0:20:46 ET]
Table 'Lobelia' 9-max Seat #1 is the button
Seat 1: KaurisDream ($2.06 in chips) 
Seat 2: xxxxxxxx_br ($0.76 in chips) 
Seat 3: black.pantherx ($4.80 in chips) 
Seat 4: santila ($2.16 in chips) 
Seat 5: Dorex2007 ($4.76 in chips) 
Seat 6: bch_12345 ($2.28 in chips) 
Seat 7: brainyJ23 ($1.60 in chips) 
Seat 8: mst32ro ($0.77 in chips) 
xxxxxxxx_br: posts small blind $0.01
black.pantherx: posts big blind $0.02
brainyJ23: posts big blind $0.02
Tenorio422: sits out 
*** HOLE CARDS ***
Dealt to Dorex2007 [4h 5d]
santila: folds 
Dorex2007: folds 
bch_12345: folds 
brainyJ23: checks 
mst32ro: folds 
KaurisDream: folds 
xxxxxxxx_br: calls $0.01
black.pantherx: checks 
*** FLOP *** [Tc 6d 5c]
xxxxxxxx_br: checks 
black.pantherx: checks 
brainyJ23: checks 
*** TURN *** [Tc 6d 5c] [2h]
xxxxxxxx_br: bets $0.04
black.pantherx: folds 
brainyJ23: folds 
Uncalled bet ($0.04) returned to xxxxxxxx_br
xxxxxxxx_br collected $0.06 from pot
xxxxxxxx_br: doesn't show hand 
*** SUMMARY ***
Total pot $0.06 | Rake $0 
Board [Tc 6d 5c 2h]
Seat 1: KaurisDream (button) folded before Flop (didn't bet)
Seat 2: xxxxxxxx_br (small blind) collected ($0.06)
Seat 3: black.pantherx (big blind) folded on the Turn
Seat 4: santila folded before Flop (didn't bet)
Seat 5: Dorex2007 folded before Flop (didn't bet)
Seat 6: bch_12345 folded before Flop (didn't bet)
Seat 7: brainyJ23 folded on the Turn (didn't bet)
Seat 8: mst32ro folded before Flop (didn't bet)



