PokerStars Hand #237167900076:  Hold'em No Limit ($0.01/$0.02 USD) - 2022/07/04 19:00:04 PT [2022/07/04 22:00:04 ET]
Table 'Romilda III' 9-max Seat #2 is the button
Seat 1: Dorex2007 ($2 in chips) 
Seat 2: noborin ($4.82 in chips) 
Seat 4: I With You ($2 in chips) 
Seat 5: jrengifo13 ($1.99 in chips) 
Seat 7: ZINABRIADO ($0.97 in chips) 
Seat 8: maxito40 ($1.65 in chips) 
Seat 9: maggiebrasil ($1.35 in chips) 
I With You: posts small blind $0.01
jrengifo13: posts big blind $0.02
alma1980: sits out 
Dorex2007: posts big blind $0.02
*** HOLE CARDS ***
Dealt to Dorex2007 [8s Ts]
ZINABRIADO has timed out
ZINABRIADO: folds 
maxito40: calls $0.02
maggiebrasil: calls $0.02
Dorex2007: checks 
noborin: folds 
I With You: calls $0.01
jrengifo13: checks 
*** FLOP *** [7c 7h As]
I With You: checks 
jrengifo13: checks 
maxito40: checks 
maggiebrasil: checks 
Dorex2007: checks 
*** TURN *** [7c 7h As] [Qd]
I With You: checks 
jrengifo13: checks 
maxito40: bets $0.02
maggiebrasil: folds 
Dorex2007: folds 
I With You: folds 
jrengifo13: folds 
Uncalled bet ($0.02) returned to maxito40
maxito40 collected $0.10 from pot
*** SUMMARY ***
Total pot $0.10 | Rake $0 
Board [7c 7h As Qd]
Seat 1: Dorex2007 folded on the Turn (didn't bet)
Seat 2: noborin (button) folded before Flop (didn't bet)
Seat 4: I With You (small blind) folded on the Turn
Seat 5: jrengifo13 (big blind) folded on the Turn
Seat 7: ZINABRIADO folded before Flop (didn't bet)
Seat 8: maxito40 collected ($0.10)
Seat 9: maggiebrasil folded on the Turn



PokerStars Hand #237167916363:  Hold'em No Limit ($0.01/$0.02 USD) - 2022/07/04 19:01:40 PT [2022/07/04 22:01:40 ET]
Table 'Romilda III' 9-max Seat #4 is the button
Seat 1: Dorex2007 ($2 in chips) 
Seat 2: noborin ($4.82 in chips) 
Seat 3: veronica1290 ($0.41 in chips) 
Seat 4: I With You ($2 in chips) 
Seat 5: jrengifo13 ($1.97 in chips) 
Seat 6: alma1980 ($2 in chips) 
Seat 7: ZINABRIADO ($0.97 in chips) 
Seat 8: maxito40 ($1.73 in chips) 
Seat 9: maggiebrasil ($1.33 in chips) 
jrengifo13: posts small blind $0.01
alma1980: posts big blind $0.02
veronica1290: posts small & big blinds $0.03
*** HOLE CARDS ***
Dealt to Dorex2007 [9d Ac]
ZINABRIADO: folds 
maxito40: calls $0.02
maggiebrasil: folds 
Dorex2007 has timed out
Dorex2007: folds 
noborin: raises $0.02 to $0.04
veronica1290: calls $0.02
I With You: folds 
jrengifo13: calls $0.03
alma1980: calls $0.02
maxito40: calls $0.02
*** FLOP *** [Kd 3d 4s]
jrengifo13: checks 
alma1980: bets $0.13
maxito40: folds 
noborin: folds 
veronica1290: folds 
jrengifo13: folds 
Uncalled bet ($0.13) returned to alma1980
alma1980 collected $0.20 from pot
*** SUMMARY ***
Total pot $0.21 | Rake $0.01 
Board [Kd 3d 4s]
Seat 1: Dorex2007 folded before Flop (didn't bet)
Seat 2: noborin folded on the Flop
Seat 3: veronica1290 folded on the Flop
Seat 4: I With You (button) folded before Flop (didn't bet)
Seat 5: jrengifo13 (small blind) folded on the Flop
Seat 6: alma1980 (big blind) collected ($0.20)
Seat 7: ZINABRIADO folded before Flop (didn't bet)
Seat 8: maxito40 folded on the Flop
Seat 9: maggiebrasil folded before Flop (didn't bet)



PokerStars Hand #237167927230:  Hold'em No Limit ($0.01/$0.02 USD) - 2022/07/04 19:02:38 PT [2022/07/04 22:02:38 ET]
Table 'Romilda III' 9-max Seat #5 is the button
Seat 1: Dorex2007 ($2 in chips) 
Seat 2: noborin ($4.78 in chips) 
Seat 3: veronica1290 ($0.36 in chips) 
Seat 4: I With You ($2 in chips) 
Seat 5: jrengifo13 ($1.93 in chips) 
Seat 6: alma1980 ($2.16 in chips) 
Seat 7: ZINABRIADO ($0.97 in chips) 
Seat 8: maxito40 ($1.69 in chips) 
Seat 9: maggiebrasil ($1.33 in chips) 
alma1980: posts small blind $0.01
ZINABRIADO: posts big blind $0.02
*** HOLE CARDS ***
Dealt to Dorex2007 [Qc 3s]
maxito40: folds 
maggiebrasil: folds 
Dorex2007: folds 
noborin: calls $0.02
veronica1290: raises $0.34 to $0.36 and is all-in
I With You: folds 
jrengifo13: folds 
alma1980: folds 
ZINABRIADO: folds 
noborin: folds 
Uncalled bet ($0.34) returned to veronica1290
veronica1290 collected $0.07 from pot
*** SUMMARY ***
Total pot $0.07 | Rake $0 
Seat 1: Dorex2007 folded before Flop (didn't bet)
Seat 2: noborin folded before Flop
Seat 3: veronica1290 collected ($0.07)
Seat 4: I With You folded before Flop (didn't bet)
Seat 5: jrengifo13 (button) folded before Flop (didn't bet)
Seat 6: alma1980 (small blind) folded before Flop
Seat 7: ZINABRIADO (big blind) folded before Flop
Seat 8: maxito40 folded before Flop (didn't bet)
Seat 9: maggiebrasil folded before Flop (didn't bet)



PokerStars Hand #237167931377:  Hold'em No Limit ($0.01/$0.02 USD) - 2022/07/04 19:03:01 PT [2022/07/04 22:03:01 ET]
Table 'Romilda III' 9-max Seat #6 is the button
Seat 1: Dorex2007 ($2 in chips) 
Seat 2: noborin ($4.76 in chips) 
Seat 3: veronica1290 ($0.41 in chips) 
Seat 4: I With You ($2 in chips) 
Seat 5: jrengifo13 ($1.93 in chips) 
Seat 6: alma1980 ($2.15 in chips) 
Seat 7: ZINABRIADO ($0.95 in chips) 
Seat 8: maxito40 ($1.69 in chips) 
Seat 9: maggiebrasil ($1.33 in chips) 
ZINABRIADO: posts small blind $0.01
maxito40: posts big blind $0.02
*** HOLE CARDS ***
Dealt to Dorex2007 [3s 5s]
maggiebrasil: raises $0.02 to $0.04
Dorex2007: folds 
noborin: folds 
veronica1290: folds 
I With You: calls $0.04
jrengifo13: calls $0.04
alma1980: folds 
ZINABRIADO: folds 
maxito40: folds 
*** FLOP *** [Ad 4c Ac]
maggiebrasil: checks 
I With You: checks 
jrengifo13: bets $0.07
maggiebrasil: calls $0.07
I With You: folds 
*** TURN *** [Ad 4c Ac] [2h]
maggiebrasil: checks 
jrengifo13: bets $0.14
maggiebrasil: calls $0.14
*** RIVER *** [Ad 4c Ac 2h] [Td]
maggiebrasil: checks 
jrengifo13: bets $0.27
maggiebrasil: calls $0.27
*** SHOW DOWN ***
jrengifo13: shows [9d Qc] (a pair of Aces)
maggiebrasil: shows [5h Ah] (three of a kind, Aces)
maggiebrasil collected $1.07 from pot
*** SUMMARY ***
Total pot $1.11 | Rake $0.04 
Board [Ad 4c Ac 2h Td]
Seat 1: Dorex2007 folded before Flop (didn't bet)
Seat 2: noborin folded before Flop (didn't bet)
Seat 3: veronica1290 folded before Flop (didn't bet)
Seat 4: I With You folded on the Flop
Seat 5: jrengifo13 showed [9d Qc] and lost with a pair of Aces
Seat 6: alma1980 (button) folded before Flop (didn't bet)
Seat 7: ZINABRIADO (small blind) folded before Flop
Seat 8: maxito40 (big blind) folded before Flop
Seat 9: maggiebrasil showed [5h Ah] and won ($1.07) with three of a kind, Aces



PokerStars Hand #237167944231:  Hold'em No Limit ($0.01/$0.02 USD) - 2022/07/04 19:04:11 PT [2022/07/04 22:04:11 ET]
Table 'Romilda III' 9-max Seat #7 is the button
Seat 1: Dorex2007 ($2 in chips) 
Seat 2: noborin ($4.76 in chips) 
Seat 3: veronica1290 ($0.41 in chips) 
Seat 4: I With You ($2 in chips) 
Seat 5: jrengifo13 ($1.41 in chips) 
Seat 6: alma1980 ($2.15 in chips) 
Seat 7: ZINABRIADO ($0.94 in chips) 
Seat 8: maxito40 ($1.67 in chips) 
Seat 9: maggiebrasil ($1.88 in chips) 
maxito40: posts small blind $0.01
maggiebrasil: posts big blind $0.02
*** HOLE CARDS ***
Dealt to Dorex2007 [6s 7h]
Dorex2007: folds 
noborin: folds 
veronica1290: folds 
I With You: calls $0.02
jrengifo13: raises $0.04 to $0.06
alma1980: folds 
ZINABRIADO: folds 
maxito40: folds 
maggiebrasil: raises $1.82 to $1.88 and is all-in
I With You: folds 
jrengifo13: calls $1.35 and is all-in
Uncalled bet ($0.47) returned to maggiebrasil
*** FLOP *** [3c 3h 2c]
*** TURN *** [3c 3h 2c] [Ts]
*** RIVER *** [3c 3h 2c Ts] [3d]
*** SHOW DOWN ***
maggiebrasil: shows [Ac Ks] (three of a kind, Threes)
jrengifo13: shows [Ad Js] (three of a kind, Threes - lower kicker)
maggiebrasil collected $2.75 from pot
*** SUMMARY ***
Total pot $2.85 | Rake $0.10 
Board [3c 3h 2c Ts 3d]
Seat 1: Dorex2007 folded before Flop (didn't bet)
Seat 2: noborin folded before Flop (didn't bet)
Seat 3: veronica1290 folded before Flop (didn't bet)
Seat 4: I With You folded before Flop
Seat 5: jrengifo13 showed [Ad Js] and lost with three of a kind, Threes
Seat 6: alma1980 folded before Flop (didn't bet)
Seat 7: ZINABRIADO (button) folded before Flop (didn't bet)
Seat 8: maxito40 (small blind) folded before Flop
Seat 9: maggiebrasil (big blind) showed [Ac Ks] and won ($2.75) with three of a kind, Threes



PokerStars Hand #237167954246:  Hold'em No Limit ($0.01/$0.02 USD) - 2022/07/04 19:05:05 PT [2022/07/04 22:05:05 ET]
Table 'Romilda III' 9-max Seat #9 is the button
Seat 1: Dorex2007 ($2 in chips) 
Seat 2: noborin ($4.76 in chips) 
Seat 3: veronica1290 ($0.41 in chips) 
Seat 4: I With You ($2 in chips) 
Seat 6: alma1980 ($2.15 in chips) 
Seat 7: ZINABRIADO ($0.94 in chips) 
Seat 9: maggiebrasil ($3.22 in chips) 
Dorex2007: posts small blind $0.01
noborin: posts big blind $0.02
*** HOLE CARDS ***
Dealt to Dorex2007 [3s 7h]
veronica1290: folds 
I With You: folds 
jrengifo13 leaves the table
alma1980: raises $0.04 to $0.06
ZINABRIADO: folds 
maggiebrasil: folds 
Dorex2007: folds 
noborin: calls $0.04
*** FLOP *** [8s 5h Qd]
noborin: checks 
alma1980: bets $0.09
noborin: raises $0.09 to $0.18
Zakeeeu joins the table at seat #5 
alma1980: calls $0.09
*** TURN *** [8s 5h Qd] [Qs]
noborin: checks 
alma1980: bets $0.16
noborin: folds 
Uncalled bet ($0.16) returned to alma1980
alma1980 collected $0.47 from pot
*** SUMMARY ***
Total pot $0.49 | Rake $0.02 
Board [8s 5h Qd Qs]
Seat 1: Dorex2007 (small blind) folded before Flop
Seat 2: noborin (big blind) folded on the Turn
Seat 3: veronica1290 folded before Flop (didn't bet)
Seat 4: I With You folded before Flop (didn't bet)
Seat 6: alma1980 collected ($0.47)
Seat 7: ZINABRIADO folded before Flop (didn't bet)
Seat 9: maggiebrasil (button) folded before Flop (didn't bet)



PokerStars Hand #237167964335:  Hold'em No Limit ($0.01/$0.02 USD) - 2022/07/04 19:05:59 PT [2022/07/04 22:05:59 ET]
Table 'Romilda III' 9-max Seat #1 is the button
Seat 1: Dorex2007 ($2 in chips) 
Seat 2: noborin ($4.52 in chips) 
Seat 3: veronica1290 ($0.41 in chips) 
Seat 4: I With You ($2 in chips) 
Seat 6: alma1980 ($2.38 in chips) 
Seat 7: ZINABRIADO ($0.94 in chips) 
Seat 9: maggiebrasil ($3.22 in chips) 
noborin: posts small blind $0.01
veronica1290: posts big blind $0.02
Zakeeeu: sits out 
*** HOLE CARDS ***
Dealt to Dorex2007 [Kh Jd]
I With You: calls $0.02
alma1980: folds 
ZINABRIADO: folds 
maggiebrasil: folds 
Dorex2007: calls $0.02
noborin: calls $0.01
veronica1290: checks 
*** FLOP *** [2h 2d Ks]
noborin: checks 
veronica1290: checks 
I With You: checks 
Dorex2007: bets $0.08
noborin: folds 
veronica1290: calls $0.08
I With You: folds 
*** TURN *** [2h 2d Ks] [9h]
veronica1290: checks 
Dorex2007: bets $0.23
veronica1290: folds 
Uncalled bet ($0.23) returned to Dorex2007
Dorex2007 collected $0.23 from pot
*** SUMMARY ***
Total pot $0.24 | Rake $0.01 
Board [2h 2d Ks 9h]
Seat 1: Dorex2007 (button) collected ($0.23)
Seat 2: noborin (small blind) folded on the Flop
Seat 3: veronica1290 (big blind) folded on the Turn
Seat 4: I With You folded on the Flop
Seat 6: alma1980 folded before Flop (didn't bet)
Seat 7: ZINABRIADO folded before Flop (didn't bet)
Seat 9: maggiebrasil folded before Flop (didn't bet)



PokerStars Hand #237167978237:  Hold'em No Limit ($0.01/$0.02 USD) - 2022/07/04 19:06:51 PT [2022/07/04 22:06:51 ET]
Table 'Romilda III' 9-max Seat #2 is the button
Seat 1: Dorex2007 ($2.13 in chips) 
Seat 2: noborin ($4.50 in chips) 
Seat 3: veronica1290 ($0.31 in chips) 
Seat 4: I With You ($2 in chips) 
Seat 5: Zakeeeu ($2 in chips) 
Seat 6: alma1980 ($2.38 in chips) 
Seat 7: ZINABRIADO ($0.94 in chips) 
Seat 9: maggiebrasil ($3.22 in chips) 
veronica1290: posts small blind $0.01
I With You: posts big blind $0.02
Zakeeeu: posts big blind $0.02
*** HOLE CARDS ***
Dealt to Dorex2007 [9c Ac]
Zakeeeu: checks 
alma1980: raises $0.07 to $0.09
ZINABRIADO: folds 
maggiebrasil: folds 
Dorex2007: calls $0.09
noborin: folds 
veronica1290: folds 
I With You: folds 
Zakeeeu: folds 
*** FLOP *** [4c Kh 3h]
alma1980: bets $0.07
Dorex2007: folds 
Uncalled bet ($0.07) returned to alma1980
alma1980 collected $0.22 from pot
*** SUMMARY ***
Total pot $0.23 | Rake $0.01 
Board [4c Kh 3h]
Seat 1: Dorex2007 folded on the Flop
Seat 2: noborin (button) folded before Flop (didn't bet)
Seat 3: veronica1290 (small blind) folded before Flop
Seat 4: I With You (big blind) folded before Flop
Seat 5: Zakeeeu folded before Flop (didn't bet)
Seat 6: alma1980 collected ($0.22)
Seat 7: ZINABRIADO folded before Flop (didn't bet)
Seat 9: maggiebrasil folded before Flop (didn't bet)



PokerStars Hand #237167990383:  Hold'em No Limit ($0.01/$0.02 USD) - 2022/07/04 19:07:58 PT [2022/07/04 22:07:58 ET]
Table 'Romilda III' 9-max Seat #3 is the button
Seat 1: Dorex2007 ($2.04 in chips) 
Seat 2: noborin ($4.50 in chips) 
Seat 3: veronica1290 ($0.30 in chips) 
Seat 4: I With You ($2 in chips) 
Seat 5: Zakeeeu ($1.98 in chips) 
Seat 6: alma1980 ($2.51 in chips) 
Seat 7: ZINABRIADO ($0.94 in chips) 
Seat 9: maggiebrasil ($3.22 in chips) 
I With You: posts small blind $0.01
Zakeeeu: posts big blind $0.02
*** HOLE CARDS ***
Dealt to Dorex2007 [9c 6c]
alma1980: raises $0.04 to $0.06
ZINABRIADO: folds 
maggiebrasil: calls $0.06
Dorex2007: folds 
noborin: folds 
veronica1290: folds 
I With You: folds 
Zakeeeu: folds 
*** FLOP *** [7s 3h Th]
alma1980: checks 
maggiebrasil: bets $0.08
alma1980: calls $0.08
*** TURN *** [7s 3h Th] [As]
alma1980: checks 
maggiebrasil: bets $0.22
alma1980: calls $0.22
*** RIVER *** [7s 3h Th As] [7h]
alma1980: checks 
maggiebrasil: bets $1.92
alma1980: calls $1.92
*** SHOW DOWN ***
maggiebrasil: shows [Td Tc] (a full house, Tens full of Sevens)
alma1980: mucks hand 
maggiebrasil collected $4.43 from pot
*** SUMMARY ***
Total pot $4.59 | Rake $0.16 
Board [7s 3h Th As 7h]
Seat 1: Dorex2007 folded before Flop (didn't bet)
Seat 2: noborin folded before Flop (didn't bet)
Seat 3: veronica1290 (button) folded before Flop (didn't bet)
Seat 4: I With You (small blind) folded before Flop
Seat 5: Zakeeeu (big blind) folded before Flop
Seat 6: alma1980 mucked [Ac Jc]
Seat 7: ZINABRIADO folded before Flop (didn't bet)
Seat 9: maggiebrasil showed [Td Tc] and won ($4.43) with a full house, Tens full of Sevens



PokerStars Hand #237168004472:  Hold'em No Limit ($0.01/$0.02 USD) - 2022/07/04 19:09:14 PT [2022/07/04 22:09:14 ET]
Table 'Romilda III' 9-max Seat #4 is the button
Seat 1: Dorex2007 ($2.04 in chips) 
Seat 2: noborin ($4.50 in chips) 
Seat 3: veronica1290 ($0.30 in chips) 
Seat 4: I With You ($2 in chips) 
Seat 5: Zakeeeu ($1.96 in chips) 
Seat 6: alma1980 ($2 in chips) 
Seat 7: ZINABRIADO ($0.94 in chips) 
Seat 9: maggiebrasil ($5.37 in chips) 
Zakeeeu: posts small blind $0.01
alma1980: posts big blind $0.02
*** HOLE CARDS ***
Dealt to Dorex2007 [9h 5c]
ZINABRIADO: folds 
maggiebrasil: calls $0.02
Dorex2007: folds 
noborin: folds 
veronica1290: folds 
I With You: raises $0.06 to $0.08
Zakeeeu: folds 
alma1980: folds 
maggiebrasil: folds 
Uncalled bet ($0.06) returned to I With You
I With You collected $0.07 from pot
*** SUMMARY ***
Total pot $0.07 | Rake $0 
Seat 1: Dorex2007 folded before Flop (didn't bet)
Seat 2: noborin folded before Flop (didn't bet)
Seat 3: veronica1290 folded before Flop (didn't bet)
Seat 4: I With You (button) collected ($0.07)
Seat 5: Zakeeeu (small blind) folded before Flop
Seat 6: alma1980 (big blind) folded before Flop
Seat 7: ZINABRIADO folded before Flop (didn't bet)
Seat 9: maggiebrasil folded before Flop



PokerStars Hand #237168010409:  Hold'em No Limit ($0.01/$0.02 USD) - 2022/07/04 19:09:47 PT [2022/07/04 22:09:47 ET]
Table 'Romilda III' 9-max Seat #5 is the button
Seat 1: Dorex2007 ($2.04 in chips) 
Seat 2: noborin ($4.50 in chips) 
Seat 3: veronica1290 ($0.30 in chips) 
Seat 4: I With You ($2.05 in chips) 
Seat 5: Zakeeeu ($1.95 in chips) 
Seat 6: alma1980 ($2 in chips) 
Seat 7: ZINABRIADO ($0.94 in chips) 
Seat 9: maggiebrasil ($5.35 in chips) 
alma1980: posts small blind $0.01
ZINABRIADO: posts big blind $0.02
*** HOLE CARDS ***
Dealt to Dorex2007 [9d 8c]
maggiebrasil: folds 
Dorex2007: folds 
noborin: calls $0.02
veronica1290: calls $0.02
I With You: folds 
Zakeeeu: raises $0.04 to $0.06
alma1980: folds 
ZINABRIADO: folds 
noborin: calls $0.04
veronica1290: calls $0.04
*** FLOP *** [Kc Kd 9h]
noborin: bets $0.07
veronica1290: calls $0.07
Zakeeeu: folds 
*** TURN *** [Kc Kd 9h] [6s]
noborin: bets $0.34
veronica1290: calls $0.17 and is all-in
Uncalled bet ($0.17) returned to noborin
*** RIVER *** [Kc Kd 9h 6s] [6d]
*** SHOW DOWN ***
noborin: shows [9s Qh] (two pair, Kings and Nines)
veronica1290: shows [Tc Th] (two pair, Kings and Tens)
veronica1290 collected $0.67 from pot
*** SUMMARY ***
Total pot $0.69 | Rake $0.02 
Board [Kc Kd 9h 6s 6d]
Seat 1: Dorex2007 folded before Flop (didn't bet)
Seat 2: noborin showed [9s Qh] and lost with two pair, Kings and Nines
Seat 3: veronica1290 showed [Tc Th] and won ($0.67) with two pair, Kings and Tens
Seat 4: I With You folded before Flop (didn't bet)
Seat 5: Zakeeeu (button) folded on the Flop
Seat 6: alma1980 (small blind) folded before Flop
Seat 7: ZINABRIADO (big blind) folded before Flop
Seat 9: maggiebrasil folded before Flop (didn't bet)



PokerStars Hand #237168021801:  Hold'em No Limit ($0.01/$0.02 USD) - 2022/07/04 19:10:49 PT [2022/07/04 22:10:49 ET]
Table 'Romilda III' 9-max Seat #6 is the button
Seat 1: Dorex2007 ($2.04 in chips) 
Seat 2: noborin ($4.20 in chips) 
Seat 3: veronica1290 ($0.67 in chips) 
Seat 4: I With You ($2.05 in chips) 
Seat 5: Zakeeeu ($1.89 in chips) 
Seat 6: alma1980 ($2 in chips) 
Seat 7: ZINABRIADO ($0.92 in chips) 
Seat 8: maxito40 ($1.66 in chips) 
Seat 9: maggiebrasil ($5.35 in chips) 
ZINABRIADO: posts small blind $0.01
maxito40: posts big blind $0.02
*** HOLE CARDS ***
Dealt to Dorex2007 [5h 5d]
maggiebrasil: folds 
Dorex2007: raises $0.04 to $0.06
noborin: folds 
veronica1290: folds 
I With You: folds 
Zakeeeu: folds 
alma1980: folds 
ZINABRIADO: calls $0.05
maxito40: calls $0.04
*** FLOP *** [Qc Qd 6h]
ZINABRIADO: checks 
maxito40: checks 
Dorex2007: checks 
*** TURN *** [Qc Qd 6h] [3s]
ZINABRIADO: checks 
maxito40: checks 
Dorex2007: checks 
*** RIVER *** [Qc Qd 6h 3s] [8d]
ZINABRIADO: checks 
maxito40: checks 
Dorex2007: checks 
*** SHOW DOWN ***
ZINABRIADO: shows [Ks Js] (a pair of Queens)
maxito40: shows [Ac Th] (a pair of Queens - Ace kicker)
Dorex2007: shows [5h 5d] (two pair, Queens and Fives)
Dorex2007 collected $0.17 from pot
*** SUMMARY ***
Total pot $0.18 | Rake $0.01 
Board [Qc Qd 6h 3s 8d]
Seat 1: Dorex2007 showed [5h 5d] and won ($0.17) with two pair, Queens and Fives
Seat 2: noborin folded before Flop (didn't bet)
Seat 3: veronica1290 folded before Flop (didn't bet)
Seat 4: I With You folded before Flop (didn't bet)
Seat 5: Zakeeeu folded before Flop (didn't bet)
Seat 6: alma1980 (button) folded before Flop (didn't bet)
Seat 7: ZINABRIADO (small blind) showed [Ks Js] and lost with a pair of Queens
Seat 8: maxito40 (big blind) showed [Ac Th] and lost with a pair of Queens
Seat 9: maggiebrasil folded before Flop (didn't bet)



PokerStars Hand #237168040521:  Hold'em No Limit ($0.01/$0.02 USD) - 2022/07/04 19:12:31 PT [2022/07/04 22:12:31 ET]
Table 'Romilda III' 9-max Seat #7 is the button
Seat 1: Dorex2007 ($2.15 in chips) 
Seat 2: noborin ($4.20 in chips) 
Seat 3: veronica1290 ($0.67 in chips) 
Seat 4: I With You ($2.05 in chips) 
Seat 5: Zakeeeu ($1.89 in chips) 
Seat 6: alma1980 ($2 in chips) 
Seat 7: ZINABRIADO ($0.86 in chips) 
Seat 8: maxito40 ($1.60 in chips) 
Seat 9: maggiebrasil ($5.35 in chips) 
maxito40: posts small blind $0.01
maggiebrasil: posts big blind $0.02
*** HOLE CARDS ***
Dealt to Dorex2007 [Qd 7s]
Dorex2007: folds 
noborin: calls $0.02
veronica1290: folds 
I With You: calls $0.02
Zakeeeu: folds 
alma1980: raises $0.09 to $0.11
ZINABRIADO: folds 
maxito40: folds 
maggiebrasil: folds 
noborin: folds 
I With You: calls $0.09
*** FLOP *** [3d 5c 5s]
I With You: checks 
alma1980: checks 
*** TURN *** [3d 5c 5s] [2d]
I With You: bets $0.08
alma1980: folds 
Uncalled bet ($0.08) returned to I With You
I With You collected $0.26 from pot
*** SUMMARY ***
Total pot $0.27 | Rake $0.01 
Board [3d 5c 5s 2d]
Seat 1: Dorex2007 folded before Flop (didn't bet)
Seat 2: noborin folded before Flop
Seat 3: veronica1290 folded before Flop (didn't bet)
Seat 4: I With You collected ($0.26)
Seat 5: Zakeeeu folded before Flop (didn't bet)
Seat 6: alma1980 folded on the Turn
Seat 7: ZINABRIADO (button) folded before Flop (didn't bet)
Seat 8: maxito40 (small blind) folded before Flop
Seat 9: maggiebrasil (big blind) folded before Flop



PokerStars Hand #237168051759:  Hold'em No Limit ($0.01/$0.02 USD) - 2022/07/04 19:13:32 PT [2022/07/04 22:13:32 ET]
Table 'Romilda III' 9-max Seat #8 is the button
Seat 1: Dorex2007 ($2.15 in chips) 
Seat 2: noborin ($4.18 in chips) 
Seat 3: veronica1290 ($0.67 in chips) 
Seat 4: I With You ($2.20 in chips) 
Seat 5: Zakeeeu ($1.89 in chips) 
Seat 6: alma1980 ($2 in chips) 
Seat 7: ZINABRIADO ($0.86 in chips) 
Seat 8: maxito40 ($1.59 in chips) 
Seat 9: maggiebrasil ($5.33 in chips) 
maggiebrasil: posts small blind $0.01
Dorex2007: posts big blind $0.02
*** HOLE CARDS ***
Dealt to Dorex2007 [5d 7c]
noborin: calls $0.02
veronica1290: folds 
I With You: calls $0.02
Zakeeeu: raises $0.04 to $0.06
alma1980: folds 
ZINABRIADO: calls $0.06
maxito40: calls $0.06
maggiebrasil: folds 
Dorex2007: folds 
noborin: calls $0.04
I With You: raises $0.18 to $0.24
Zakeeeu: calls $0.18
ZINABRIADO: folds 
maxito40: folds 
noborin: folds 
*** FLOP *** [8c Qs Jh]
I With You: bets $0.34
Zakeeeu: calls $0.34
*** TURN *** [8c Qs Jh] [6d]
I With You: bets $1.62 and is all-in
Zakeeeu: folds 
Uncalled bet ($1.62) returned to I With You
I With You collected $1.32 from pot
*** SUMMARY ***
Total pot $1.37 | Rake $0.05 
Board [8c Qs Jh 6d]
Seat 1: Dorex2007 (big blind) folded before Flop
Seat 2: noborin folded before Flop
Seat 3: veronica1290 folded before Flop (didn't bet)
Seat 4: I With You collected ($1.32)
Seat 5: Zakeeeu folded on the Turn
Seat 6: alma1980 folded before Flop (didn't bet)
Seat 7: ZINABRIADO folded before Flop
Seat 8: maxito40 (button) folded before Flop
Seat 9: maggiebrasil (small blind) folded before Flop



PokerStars Hand #237168066189:  Hold'em No Limit ($0.01/$0.02 USD) - 2022/07/04 19:14:51 PT [2022/07/04 22:14:51 ET]
Table 'Romilda III' 9-max Seat #9 is the button
Seat 1: Dorex2007 ($2.13 in chips) 
Seat 2: noborin ($4.12 in chips) 
Seat 3: veronica1290 ($0.67 in chips) 
Seat 4: I With You ($2.94 in chips) 
Seat 5: Zakeeeu ($1.31 in chips) 
Seat 6: alma1980 ($2 in chips) 
Seat 7: ZINABRIADO ($0.80 in chips) 
Seat 8: maxito40 ($1.53 in chips) 
Seat 9: maggiebrasil ($5.32 in chips) 
Dorex2007: posts small blind $0.01
noborin: posts big blind $0.02
*** HOLE CARDS ***
Dealt to Dorex2007 [5s 8s]
veronica1290: calls $0.02
I With You: calls $0.02
Zakeeeu: folds 
alma1980: folds 
ZINABRIADO: folds 
maxito40: calls $0.02
maggiebrasil: folds 
Dorex2007: folds 
noborin: checks 
*** FLOP *** [Td As 3c]
noborin: checks 
veronica1290: checks 
I With You: checks 
maxito40: checks 
*** TURN *** [Td As 3c] [9d]
noborin: checks 
veronica1290: checks 
I With You: bets $0.06
maxito40: raises $0.10 to $0.16
noborin: folds 
veronica1290: folds 
I With You: raises $2.76 to $2.92 and is all-in
maxito40: calls $1.35 and is all-in
Uncalled bet ($1.41) returned to I With You
*** RIVER *** [Td As 3c 9d] [7c]
*** SHOW DOWN ***
I With You: shows [Kd Ac] (a pair of Aces)
maxito40: shows [9h 9s] (three of a kind, Nines)
maxito40 collected $3 from pot
*** SUMMARY ***
Total pot $3.11 | Rake $0.11 
Board [Td As 3c 9d 7c]
Seat 1: Dorex2007 (small blind) folded before Flop
Seat 2: noborin (big blind) folded on the Turn
Seat 3: veronica1290 folded on the Turn
Seat 4: I With You showed [Kd Ac] and lost with a pair of Aces
Seat 5: Zakeeeu folded before Flop (didn't bet)
Seat 6: alma1980 folded before Flop (didn't bet)
Seat 7: ZINABRIADO folded before Flop (didn't bet)
Seat 8: maxito40 showed [9h 9s] and won ($3) with three of a kind, Nines
Seat 9: maggiebrasil (button) folded before Flop (didn't bet)



PokerStars Hand #237168078333:  Hold'em No Limit ($0.01/$0.02 USD) - 2022/07/04 19:15:59 PT [2022/07/04 22:15:59 ET]
Table 'Romilda III' 9-max Seat #1 is the button
Seat 1: Dorex2007 ($2.12 in chips) 
Seat 2: noborin ($4.10 in chips) 
Seat 3: veronica1290 ($0.65 in chips) 
Seat 4: I With You ($2 in chips) 
Seat 5: Zakeeeu ($1.31 in chips) 
Seat 6: alma1980 ($2 in chips) 
Seat 7: ZINABRIADO ($0.80 in chips) 
Seat 8: maxito40 ($3 in chips) 
Seat 9: maggiebrasil ($5.32 in chips) 
noborin: posts small blind $0.01
veronica1290: posts big blind $0.02
*** HOLE CARDS ***
Dealt to Dorex2007 [4d 9d]
I With You: folds 
Zakeeeu: folds 
alma1980: folds 
ZINABRIADO: raises $0.02 to $0.04
maxito40: folds 
maggiebrasil: calls $0.04
Dorex2007: folds 
noborin: calls $0.03
veronica1290: folds 
*** FLOP *** [8s 5h Qs]
maxito40 leaves the table
noborin: checks 
kukuvica87 joins the table at seat #8 
ZINABRIADO: bets $0.04
maggiebrasil: calls $0.04
noborin: calls $0.04
*** TURN *** [8s 5h Qs] [5c]
noborin: checks 
ZINABRIADO: bets $0.12
maggiebrasil: folds 
noborin: folds 
Uncalled bet ($0.12) returned to ZINABRIADO
ZINABRIADO collected $0.25 from pot
*** SUMMARY ***
Total pot $0.26 | Rake $0.01 
Board [8s 5h Qs 5c]
Seat 1: Dorex2007 (button) folded before Flop (didn't bet)
Seat 2: noborin (small blind) folded on the Turn
Seat 3: veronica1290 (big blind) folded before Flop
Seat 4: I With You folded before Flop (didn't bet)
Seat 5: Zakeeeu folded before Flop (didn't bet)
Seat 6: alma1980 folded before Flop (didn't bet)
Seat 7: ZINABRIADO collected ($0.25)
Seat 8: maxito40 folded before Flop (didn't bet)
Seat 9: maggiebrasil folded on the Turn



PokerStars Hand #237168103556:  Hold'em No Limit ($0.01/$0.02 USD) - 2022/07/04 19:17:25 PT [2022/07/04 22:17:25 ET]
Table 'Romilda III' 9-max Seat #2 is the button
Seat 1: Dorex2007 ($2.12 in chips) 
Seat 2: noborin ($4.02 in chips) 
Seat 3: veronica1290 ($0.63 in chips) 
Seat 4: I With You ($2 in chips) 
Seat 5: Zakeeeu ($2 in chips) 
Seat 6: alma1980 ($2 in chips) 
Seat 7: ZINABRIADO ($0.97 in chips) 
Seat 8: kukuvica87 ($1.60 in chips) 
Seat 9: maggiebrasil ($5.24 in chips) 
veronica1290: posts small blind $0.01
I With You: posts big blind $0.02
kukuvica87: posts big blind $0.02
*** HOLE CARDS ***
Dealt to Dorex2007 [7h 6s]
Zakeeeu: raises $0.04 to $0.06
alma1980: calls $0.06
ZINABRIADO: folds 
kukuvica87: folds 
maggiebrasil: folds 
Dorex2007: folds 
noborin: folds 
veronica1290: folds 
I With You: calls $0.04
*** FLOP *** [Js 3c 9s]
I With You: bets $0.06
Zakeeeu: calls $0.06
alma1980: raises $0.23 to $0.29
I With You: calls $0.23
Zakeeeu: folds 
*** TURN *** [Js 3c 9s] [7c]
I With You: checks 
alma1980: bets $0.62
I With You: calls $0.62
*** RIVER *** [Js 3c 9s 7c] [3d]
I With You: checks 
alma1980: checks 
*** SHOW DOWN ***
I With You: shows [5s 8s] (a pair of Threes)
alma1980: shows [9c Tc] (two pair, Nines and Threes)
alma1980 collected $2.02 from pot
*** SUMMARY ***
Total pot $2.09 | Rake $0.07 
Board [Js 3c 9s 7c 3d]
Seat 1: Dorex2007 folded before Flop (didn't bet)
Seat 2: noborin (button) folded before Flop (didn't bet)
Seat 3: veronica1290 (small blind) folded before Flop
Seat 4: I With You (big blind) showed [5s 8s] and lost with a pair of Threes
Seat 5: Zakeeeu folded on the Flop
Seat 6: alma1980 showed [9c Tc] and won ($2.02) with two pair, Nines and Threes
Seat 7: ZINABRIADO folded before Flop (didn't bet)
Seat 8: kukuvica87 folded before Flop (didn't bet)
Seat 9: maggiebrasil folded before Flop (didn't bet)



PokerStars Hand #237168115701:  Hold'em No Limit ($0.01/$0.02 USD) - 2022/07/04 19:18:33 PT [2022/07/04 22:18:33 ET]
Table 'Romilda III' 9-max Seat #3 is the button
Seat 1: Dorex2007 ($2.12 in chips) 
Seat 2: noborin ($4.02 in chips) 
Seat 3: veronica1290 ($0.62 in chips) 
Seat 4: I With You ($2 in chips) 
Seat 5: Zakeeeu ($1.88 in chips) 
Seat 6: alma1980 ($3.05 in chips) 
Seat 7: ZINABRIADO ($0.97 in chips) 
Seat 8: kukuvica87 ($1.58 in chips) 
Seat 9: maggiebrasil ($5.24 in chips) 
I With You: posts small blind $0.01
Zakeeeu: posts big blind $0.02
*** HOLE CARDS ***
Dealt to Dorex2007 [Qd 7c]
alma1980: folds 
ZINABRIADO: folds 
kukuvica87: calls $0.02
maggiebrasil: raises $0.07 to $0.09
Dorex2007: folds 
noborin: folds 
veronica1290: folds 
I With You: folds 
Zakeeeu: folds 
kukuvica87: folds 
Uncalled bet ($0.07) returned to maggiebrasil
I With You leaves the table
maggiebrasil collected $0.07 from pot
*** SUMMARY ***
Total pot $0.07 | Rake $0 
Seat 1: Dorex2007 folded before Flop (didn't bet)
Seat 2: noborin folded before Flop (didn't bet)
Seat 3: veronica1290 (button) folded before Flop (didn't bet)
Seat 4: I With You (small blind) folded before Flop
Seat 5: Zakeeeu (big blind) folded before Flop
Seat 6: alma1980 folded before Flop (didn't bet)
Seat 7: ZINABRIADO folded before Flop (didn't bet)
Seat 8: kukuvica87 folded before Flop
Seat 9: maggiebrasil collected ($0.07)



PokerStars Hand #237168122209:  Hold'em No Limit ($0.01/$0.02 USD) - 2022/07/04 19:19:09 PT [2022/07/04 22:19:09 ET]
Table 'Romilda III' 9-max Seat #5 is the button
Seat 1: Dorex2007 ($2.12 in chips) 
Seat 2: noborin ($4.02 in chips) 
Seat 3: veronica1290 ($0.62 in chips) 
Seat 5: Zakeeeu ($1.86 in chips) 
Seat 6: alma1980 ($3.05 in chips) 
Seat 7: ZINABRIADO ($0.97 in chips) 
Seat 8: kukuvica87 ($1.56 in chips) 
Seat 9: maggiebrasil ($5.29 in chips) 
alma1980: posts small blind $0.01
ZINABRIADO: posts big blind $0.02
*** HOLE CARDS ***
Dealt to Dorex2007 [Js 4h]
kukuvica87: raises $0.02 to $0.04
maggiebrasil: folds 
frosa9397 joins the table at seat #4 
Dorex2007: folds 
noborin: folds 
veronica1290: folds 
Zakeeeu: raises $0.02 to $0.06
alma1980: calls $0.05
ZINABRIADO: folds 
kukuvica87: calls $0.02
*** FLOP *** [8c 7c Kh]
alma1980: checks 
kukuvica87: bets $0.02
Zakeeeu: raises $0.07 to $0.09
alma1980: folds 
kukuvica87: folds 
Uncalled bet ($0.07) returned to Zakeeeu
Zakeeeu collected $0.23 from pot
*** SUMMARY ***
Total pot $0.24 | Rake $0.01 
Board [8c 7c Kh]
Seat 1: Dorex2007 folded before Flop (didn't bet)
Seat 2: noborin folded before Flop (didn't bet)
Seat 3: veronica1290 folded before Flop (didn't bet)
Seat 5: Zakeeeu (button) collected ($0.23)
Seat 6: alma1980 (small blind) folded on the Flop
Seat 7: ZINABRIADO (big blind) folded before Flop
Seat 8: kukuvica87 folded on the Flop
Seat 9: maggiebrasil folded before Flop (didn't bet)



PokerStars Hand #237168132532:  Hold'em No Limit ($0.01/$0.02 USD) - 2022/07/04 19:20:07 PT [2022/07/04 22:20:07 ET]
Table 'Romilda III' 9-max Seat #6 is the button
Seat 1: Dorex2007 ($2.12 in chips) 
Seat 2: noborin ($4.02 in chips) 
Seat 3: veronica1290 ($0.62 in chips) 
Seat 4: frosa9397 ($2 in chips) 
Seat 5: Zakeeeu ($2.01 in chips) 
Seat 6: alma1980 ($2.99 in chips) 
Seat 7: ZINABRIADO ($0.95 in chips) 
Seat 8: kukuvica87 ($1.48 in chips) 
Seat 9: maggiebrasil ($5.29 in chips) 
ZINABRIADO: posts small blind $0.01
kukuvica87: posts big blind $0.02
frosa9397: posts big blind $0.02
*** HOLE CARDS ***
Dealt to Dorex2007 [Qd 4s]
maggiebrasil: folds 
Dorex2007: folds 
noborin: folds 
veronica1290: folds 
frosa9397: checks 
Zakeeeu: raises $0.04 to $0.06
alma1980: folds 
ZINABRIADO: folds 
kukuvica87: calls $0.04
frosa9397: folds 
*** FLOP *** [9s Tc 8s]
kukuvica87: checks 
Zakeeeu: bets $0.04
kukuvica87: calls $0.04
*** TURN *** [9s Tc 8s] [Kd]
kukuvica87: bets $0.04
Zakeeeu: raises $0.06 to $0.10
kukuvica87: folds 
Uncalled bet ($0.06) returned to Zakeeeu
Zakeeeu collected $0.30 from pot
*** SUMMARY ***
Total pot $0.31 | Rake $0.01 
Board [9s Tc 8s Kd]
Seat 1: Dorex2007 folded before Flop (didn't bet)
Seat 2: noborin folded before Flop (didn't bet)
Seat 3: veronica1290 folded before Flop (didn't bet)
Seat 4: frosa9397 folded before Flop (didn't bet)
Seat 5: Zakeeeu collected ($0.30)
Seat 6: alma1980 (button) folded before Flop (didn't bet)
Seat 7: ZINABRIADO (small blind) folded before Flop
Seat 8: kukuvica87 (big blind) folded on the Turn
Seat 9: maggiebrasil folded before Flop (didn't bet)



PokerStars Hand #237168140576:  Hold'em No Limit ($0.01/$0.02 USD) - 2022/07/04 19:20:53 PT [2022/07/04 22:20:53 ET]
Table 'Romilda III' 9-max Seat #7 is the button
Seat 1: Dorex2007 ($2.12 in chips) 
Seat 2: noborin ($4.02 in chips) 
Seat 3: veronica1290 ($0.62 in chips) 
Seat 4: frosa9397 ($1.98 in chips) 
Seat 5: Zakeeeu ($2.17 in chips) 
Seat 6: alma1980 ($2.99 in chips) 
Seat 7: ZINABRIADO ($0.94 in chips) 
Seat 8: kukuvica87 ($1.34 in chips) 
Seat 9: maggiebrasil ($5.29 in chips) 
kukuvica87: posts small blind $0.01
maggiebrasil: posts big blind $0.02
*** HOLE CARDS ***
Dealt to Dorex2007 [Ad 9h]
Dorex2007: folds 
noborin: folds 
veronica1290: folds 
frosa9397: folds 
Zakeeeu: folds 
alma1980: raises $0.04 to $0.06
ZINABRIADO: folds 
kukuvica87: calls $0.05
maggiebrasil: folds 
*** FLOP *** [3c Jc 4h]
kukuvica87: bets $0.02
alma1980: raises $0.04 to $0.06
kukuvica87: calls $0.04
*** TURN *** [3c Jc 4h] [Ts]
kukuvica87: bets $0.02
alma1980: calls $0.02
*** RIVER *** [3c Jc 4h Ts] [7h]
kukuvica87: bets $0.10
alma1980: calls $0.10
*** SHOW DOWN ***
kukuvica87: shows [4s 7d] (two pair, Sevens and Fours)
alma1980: mucks hand 
kukuvica87 collected $0.48 from pot
*** SUMMARY ***
Total pot $0.50 | Rake $0.02 
Board [3c Jc 4h Ts 7h]
Seat 1: Dorex2007 folded before Flop (didn't bet)
Seat 2: noborin folded before Flop (didn't bet)
Seat 3: veronica1290 folded before Flop (didn't bet)
Seat 4: frosa9397 folded before Flop (didn't bet)
Seat 5: Zakeeeu folded before Flop (didn't bet)
Seat 6: alma1980 mucked [Tc Ah]
Seat 7: ZINABRIADO (button) folded before Flop (didn't bet)
Seat 8: kukuvica87 (small blind) showed [4s 7d] and won ($0.48) with two pair, Sevens and Fours
Seat 9: maggiebrasil (big blind) folded before Flop



PokerStars Hand #237168150056:  Hold'em No Limit ($0.01/$0.02 USD) - 2022/07/04 19:21:46 PT [2022/07/04 22:21:46 ET]
Table 'Romilda III' 9-max Seat #8 is the button
Seat 1: Dorex2007 ($2.12 in chips) 
Seat 2: noborin ($4.02 in chips) 
Seat 3: veronica1290 ($0.62 in chips) 
Seat 4: frosa9397 ($1.98 in chips) 
Seat 5: Zakeeeu ($2.17 in chips) 
Seat 6: alma1980 ($2.75 in chips) 
Seat 7: ZINABRIADO ($0.94 in chips) 
Seat 8: kukuvica87 ($1.58 in chips) 
Seat 9: maggiebrasil ($5.27 in chips) 
maggiebrasil: posts small blind $0.01
Dorex2007: posts big blind $0.02
*** HOLE CARDS ***
Dealt to Dorex2007 [Td 6s]
noborin: folds 
veronica1290: folds 
frosa9397: folds 
Zakeeeu: raises $0.04 to $0.06
alma1980: folds 
ZINABRIADO: raises $0.24 to $0.30
kukuvica87: folds 
maggiebrasil: folds 
Dorex2007: folds 
Zakeeeu: raises $0.64 to $0.94
ZINABRIADO: calls $0.64 and is all-in
*** FLOP *** [7h 4c Ad]
*** TURN *** [7h 4c Ad] [4d]
*** RIVER *** [7h 4c Ad 4d] [Qh]
*** SHOW DOWN ***
Zakeeeu: shows [Ts Tc] (two pair, Tens and Fours)
ZINABRIADO: shows [Ac Kc] (two pair, Aces and Fours)
ZINABRIADO collected $1.84 from pot
*** SUMMARY ***
Total pot $1.91 | Rake $0.07 
Board [7h 4c Ad 4d Qh]
Seat 1: Dorex2007 (big blind) folded before Flop
Seat 2: noborin folded before Flop (didn't bet)
Seat 3: veronica1290 folded before Flop (didn't bet)
Seat 4: frosa9397 folded before Flop (didn't bet)
Seat 5: Zakeeeu showed [Ts Tc] and lost with two pair, Tens and Fours
Seat 6: alma1980 folded before Flop (didn't bet)
Seat 7: ZINABRIADO showed [Ac Kc] and won ($1.84) with two pair, Aces and Fours
Seat 8: kukuvica87 (button) folded before Flop (didn't bet)
Seat 9: maggiebrasil (small blind) folded before Flop



PokerStars Hand #237168170107:  Hold'em No Limit ($0.01/$0.02 USD) - 2022/07/04 19:22:45 PT [2022/07/04 22:22:45 ET]
Table 'Romilda III' 9-max Seat #9 is the button
Seat 1: Dorex2007 ($2.10 in chips) 
Seat 2: noborin ($4.02 in chips) 
Seat 3: veronica1290 ($0.62 in chips) 
Seat 4: frosa9397 ($1.98 in chips) 
Seat 5: Zakeeeu ($1.23 in chips) 
Seat 6: alma1980 ($2.75 in chips) 
Seat 7: ZINABRIADO ($1.84 in chips) 
Seat 8: kukuvica87 ($1.58 in chips) 
Seat 9: maggiebrasil ($5.26 in chips) 
Dorex2007: posts small blind $0.01
noborin: posts big blind $0.02
*** HOLE CARDS ***
Dealt to Dorex2007 [2s 4h]
veronica1290 has timed out
veronica1290: folds 
frosa9397: folds 
Zakeeeu: folds 
alma1980: folds 
ZINABRIADO: folds 
kukuvica87: raises $0.04 to $0.06
maggiebrasil: folds 
Dorex2007: folds 
noborin: folds 
Uncalled bet ($0.04) returned to kukuvica87
kukuvica87 collected $0.05 from pot
*** SUMMARY ***
Total pot $0.05 | Rake $0 
Seat 1: Dorex2007 (small blind) folded before Flop
Seat 2: noborin (big blind) folded before Flop
Seat 3: veronica1290 folded before Flop (didn't bet)
Seat 4: frosa9397 folded before Flop (didn't bet)
Seat 5: Zakeeeu folded before Flop (didn't bet)
Seat 6: alma1980 folded before Flop (didn't bet)
Seat 7: ZINABRIADO folded before Flop (didn't bet)
Seat 8: kukuvica87 collected ($0.05)
Seat 9: maggiebrasil (button) folded before Flop (didn't bet)



PokerStars Hand #237168176449:  Hold'em No Limit ($0.01/$0.02 USD) - 2022/07/04 19:23:21 PT [2022/07/04 22:23:21 ET]
Table 'Romilda III' 9-max Seat #1 is the button
Seat 1: Dorex2007 ($2.09 in chips) 
Seat 2: noborin ($4 in chips) 
Seat 4: frosa9397 ($1.98 in chips) 
Seat 5: Zakeeeu ($1.23 in chips) 
Seat 6: alma1980 ($2.75 in chips) 
Seat 7: ZINABRIADO ($1.84 in chips) 
Seat 8: kukuvica87 ($1.61 in chips) 
Seat 9: maggiebrasil ($5.26 in chips) 
noborin: posts small blind $0.01
frosa9397: posts big blind $0.02
*** HOLE CARDS ***
Dealt to Dorex2007 [As 3c]
Zakeeeu: folds 
alma1980: folds 
ZINABRIADO: folds 
kukuvica87: raises $0.02 to $0.04
maggiebrasil: folds 
Dorex2007: folds 
noborin: folds 
frosa9397: folds 
Uncalled bet ($0.02) returned to kukuvica87
kukuvica87 collected $0.05 from pot
*** SUMMARY ***
Total pot $0.05 | Rake $0 
Seat 1: Dorex2007 (button) folded before Flop (didn't bet)
Seat 2: noborin (small blind) folded before Flop
Seat 4: frosa9397 (big blind) folded before Flop
Seat 5: Zakeeeu folded before Flop (didn't bet)
Seat 6: alma1980 folded before Flop (didn't bet)
Seat 7: ZINABRIADO folded before Flop (didn't bet)
Seat 8: kukuvica87 collected ($0.05)
Seat 9: maggiebrasil folded before Flop (didn't bet)



PokerStars Hand #237168179551:  Hold'em No Limit ($0.01/$0.02 USD) - 2022/07/04 19:23:39 PT [2022/07/04 22:23:39 ET]
Table 'Romilda III' 9-max Seat #2 is the button
Seat 1: Dorex2007 ($2.09 in chips) 
Seat 2: noborin ($3.99 in chips) 
Seat 4: frosa9397 ($1.96 in chips) 
Seat 5: Zakeeeu ($1.23 in chips) 
Seat 6: alma1980 ($2.75 in chips) 
Seat 7: ZINABRIADO ($1.84 in chips) 
Seat 8: kukuvica87 ($1.64 in chips) 
Seat 9: maggiebrasil ($5.26 in chips) 
frosa9397: posts small blind $0.01
Zakeeeu: posts big blind $0.02
*** HOLE CARDS ***
Dealt to Dorex2007 [5h 4d]
alma1980: folds 
ZINABRIADO: folds 
kukuvica87: raises $0.02 to $0.04
maggiebrasil: folds 
Dorex2007: folds 
noborin: folds 
frosa9397: calls $0.03
Zakeeeu: folds 
*** FLOP *** [9d 4c 8c]
frosa9397: checks 
kukuvica87: bets $0.04
frosa9397: folds 
Uncalled bet ($0.04) returned to kukuvica87
kukuvica87 collected $0.10 from pot
*** SUMMARY ***
Total pot $0.10 | Rake $0 
Board [9d 4c 8c]
Seat 1: Dorex2007 folded before Flop (didn't bet)
Seat 2: noborin (button) folded before Flop (didn't bet)
Seat 4: frosa9397 (small blind) folded on the Flop
Seat 5: Zakeeeu (big blind) folded before Flop
Seat 6: alma1980 folded before Flop (didn't bet)
Seat 7: ZINABRIADO folded before Flop (didn't bet)
Seat 8: kukuvica87 collected ($0.10)
Seat 9: maggiebrasil folded before Flop (didn't bet)



PokerStars Hand #237168187330:  Hold'em No Limit ($0.01/$0.02 USD) - 2022/07/04 19:24:23 PT [2022/07/04 22:24:23 ET]
Table 'Romilda III' 9-max Seat #4 is the button
Seat 1: Dorex2007 ($2.09 in chips) 
Seat 2: noborin ($3.99 in chips) 
Seat 3: veronica1290 ($0.62 in chips) 
Seat 4: frosa9397 ($1.92 in chips) 
Seat 5: Zakeeeu ($1.21 in chips) 
Seat 7: ZINABRIADO ($1.84 in chips) 
Seat 8: kukuvica87 ($1.70 in chips) 
Seat 9: maggiebrasil ($5.26 in chips) 
Zakeeeu: posts small blind $0.01
alma1980: is sitting out 
ZINABRIADO: posts big blind $0.02
veronica1290: posts small & big blinds $0.03
*** HOLE CARDS ***
Dealt to Dorex2007 [2s 7d]
kukuvica87: raises $0.02 to $0.04
maggiebrasil: folds 
Dorex2007: folds 
noborin: folds 
veronica1290: calls $0.02
frosa9397: folds 
Zakeeeu: folds 
ZINABRIADO: calls $0.02
*** FLOP *** [Ks 4d Kh]
ZINABRIADO: checks 
kukuvica87: bets $0.04
veronica1290: calls $0.04
ZINABRIADO: folds 
*** TURN *** [Ks 4d Kh] [6h]
kukuvica87: bets $0.04
veronica1290: folds 
Uncalled bet ($0.04) returned to kukuvica87
kukuvica87 collected $0.21 from pot
*** SUMMARY ***
Total pot $0.22 | Rake $0.01 
Board [Ks 4d Kh 6h]
Seat 1: Dorex2007 folded before Flop (didn't bet)
Seat 2: noborin folded before Flop (didn't bet)
Seat 3: veronica1290 folded on the Turn
Seat 4: frosa9397 (button) folded before Flop (didn't bet)
Seat 5: Zakeeeu (small blind) folded before Flop
Seat 7: ZINABRIADO (big blind) folded on the Flop
Seat 8: kukuvica87 collected ($0.21)
Seat 9: maggiebrasil folded before Flop (didn't bet)



PokerStars Hand #237168197843:  Hold'em No Limit ($0.01/$0.02 USD) - 2022/07/04 19:25:21 PT [2022/07/04 22:25:21 ET]
Table 'Romilda III' 9-max Seat #5 is the button
Seat 1: Dorex2007 ($2.09 in chips) 
Seat 2: noborin ($3.99 in chips) 
Seat 4: frosa9397 ($1.92 in chips) 
Seat 5: Zakeeeu ($1.20 in chips) 
Seat 7: ZINABRIADO ($1.80 in chips) 
Seat 8: kukuvica87 ($1.83 in chips) 
Seat 9: maggiebrasil ($5.26 in chips) 
ZINABRIADO: posts small blind $0.01
kukuvica87: posts big blind $0.02
*** HOLE CARDS ***
Dealt to Dorex2007 [4d Qc]
maggiebrasil: calls $0.02
Dorex2007: folds 
noborin: calls $0.02
frosa9397: folds 
Zakeeeu: calls $0.02
ZINABRIADO: folds 
kukuvica87: raises $0.04 to $0.06
maggiebrasil: folds 
noborin: calls $0.04
Zakeeeu: calls $0.04
*** FLOP *** [Ad 9s 5c]
kukuvica87: bets $0.08
noborin: folds 
Zakeeeu: calls $0.08
*** TURN *** [Ad 9s 5c] [Jh]
kukuvica87: bets $0.04
Zakeeeu: raises $0.10 to $0.14
kukuvica87: calls $0.10
*** RIVER *** [Ad 9s 5c Jh] [Th]
kukuvica87: bets $0.02
Zakeeeu: calls $0.02
*** SHOW DOWN ***
kukuvica87: shows [8c Ac] (a pair of Aces)
Zakeeeu: mucks hand 
kukuvica87 collected $0.67 from pot
*** SUMMARY ***
Total pot $0.69 | Rake $0.02 
Board [Ad 9s 5c Jh Th]
Seat 1: Dorex2007 folded before Flop (didn't bet)
Seat 2: noborin folded on the Flop
Seat 4: frosa9397 folded before Flop (didn't bet)
Seat 5: Zakeeeu (button) mucked [5s 4h]
Seat 7: ZINABRIADO (small blind) folded before Flop
Seat 8: kukuvica87 (big blind) showed [8c Ac] and won ($0.67) with a pair of Aces
Seat 9: maggiebrasil folded before Flop



PokerStars Hand #237168208824:  Hold'em No Limit ($0.01/$0.02 USD) - 2022/07/04 19:26:24 PT [2022/07/04 22:26:24 ET]
Table 'Romilda III' 9-max Seat #7 is the button
Seat 1: Dorex2007 ($2.09 in chips) 
Seat 2: noborin ($3.93 in chips) 
Seat 4: frosa9397 ($1.92 in chips) 
Seat 5: Zakeeeu ($1.70 in chips) 
Seat 7: ZINABRIADO ($1.79 in chips) 
Seat 8: kukuvica87 ($2.20 in chips) 
kukuvica87: posts small blind $0.01
maggiebrasil: is sitting out 
Dorex2007: posts big blind $0.02
alma1980: sits out 
*** HOLE CARDS ***
Dealt to Dorex2007 [Jh 7c]
noborin: folds 
frosa9397: folds 
Zakeeeu: raises $0.04 to $0.06
ZINABRIADO: folds 
kukuvica87: folds 
Dorex2007: folds 
Uncalled bet ($0.04) returned to Zakeeeu
Zakeeeu collected $0.05 from pot
*** SUMMARY ***
Total pot $0.05 | Rake $0 
Seat 1: Dorex2007 (big blind) folded before Flop
Seat 2: noborin folded before Flop (didn't bet)
Seat 4: frosa9397 folded before Flop (didn't bet)
Seat 5: Zakeeeu collected ($0.05)
Seat 7: ZINABRIADO (button) folded before Flop (didn't bet)
Seat 8: kukuvica87 (small blind) folded before Flop



PokerStars Hand #237168212308:  Hold'em No Limit ($0.01/$0.02 USD) - 2022/07/04 19:26:44 PT [2022/07/04 22:26:44 ET]
Table 'Romilda III' 9-max Seat #8 is the button
Seat 1: Dorex2007 ($2.07 in chips) 
Seat 2: noborin ($3.93 in chips) 
Seat 4: frosa9397 ($1.92 in chips) 
Seat 5: Zakeeeu ($1.73 in chips) 
Seat 7: ZINABRIADO ($1.79 in chips) 
Seat 8: kukuvica87 ($2.19 in chips) 
Dorex2007: posts small blind $0.01
noborin: posts big blind $0.02
alma1980: sits out 
*** HOLE CARDS ***
Dealt to Dorex2007 [2d Ah]
frosa9397: folds 
Zakeeeu: folds 
ZINABRIADO: folds 
kukuvica87: raises $0.04 to $0.06
Dorex2007: folds 
noborin: folds 
Uncalled bet ($0.04) returned to kukuvica87
kukuvica87 collected $0.05 from pot
*** SUMMARY ***
Total pot $0.05 | Rake $0 
Seat 1: Dorex2007 (small blind) folded before Flop
Seat 2: noborin (big blind) folded before Flop
Seat 4: frosa9397 folded before Flop (didn't bet)
Seat 5: Zakeeeu folded before Flop (didn't bet)
Seat 7: ZINABRIADO folded before Flop (didn't bet)
Seat 8: kukuvica87 (button) collected ($0.05)



PokerStars Hand #237168216372:  Hold'em No Limit ($0.01/$0.02 USD) - 2022/07/04 19:27:07 PT [2022/07/04 22:27:07 ET]
Table 'Romilda III' 9-max Seat #1 is the button
Seat 1: Dorex2007 ($2.06 in chips) 
Seat 2: noborin ($3.91 in chips) 
Seat 4: frosa9397 ($1.92 in chips) 
Seat 5: Zakeeeu ($1.73 in chips) 
Seat 7: ZINABRIADO ($1.79 in chips) 
Seat 8: kukuvica87 ($2.22 in chips) 
noborin: posts small blind $0.01
frosa9397: posts big blind $0.02
alma1980: sits out 
*** HOLE CARDS ***
Dealt to Dorex2007 [Qs Kd]
Zakeeeu: folds 
ZINABRIADO: folds 
kukuvica87: raises $0.02 to $0.04
Dorex2007: raises $0.04 to $0.08
noborin: folds 
frosa9397: folds 
kukuvica87: folds 
Uncalled bet ($0.04) returned to Dorex2007
Dorex2007 collected $0.11 from pot
*** SUMMARY ***
Total pot $0.11 | Rake $0 
Seat 1: Dorex2007 (button) collected ($0.11)
Seat 2: noborin (small blind) folded before Flop
Seat 4: frosa9397 (big blind) folded before Flop
Seat 5: Zakeeeu folded before Flop (didn't bet)
Seat 7: ZINABRIADO folded before Flop (didn't bet)
Seat 8: kukuvica87 folded before Flop



PokerStars Hand #237168220946:  Hold'em No Limit ($0.01/$0.02 USD) - 2022/07/04 19:27:34 PT [2022/07/04 22:27:34 ET]
Table 'Romilda III' 9-max Seat #2 is the button
Seat 1: Dorex2007 ($2.13 in chips) 
Seat 2: noborin ($3.90 in chips) 
Seat 4: frosa9397 ($1.90 in chips) 
Seat 5: Zakeeeu ($1.73 in chips) 
Seat 7: ZINABRIADO ($1.79 in chips) 
Seat 8: kukuvica87 ($2.18 in chips) 
frosa9397: posts small blind $0.01
Zakeeeu: posts big blind $0.02
alma1980: sits out 
*** HOLE CARDS ***
Dealt to Dorex2007 [Tc 8h]
ZINABRIADO: folds 
kukuvica87: raises $0.05 to $0.07
Dorex2007: folds 
noborin: folds 
frosa9397: folds 
Zakeeeu: folds 
Uncalled bet ($0.05) returned to kukuvica87
kukuvica87 collected $0.05 from pot
*** SUMMARY ***
Total pot $0.05 | Rake $0 
Seat 1: Dorex2007 folded before Flop (didn't bet)
Seat 2: noborin (button) folded before Flop (didn't bet)
Seat 4: frosa9397 (small blind) folded before Flop
Seat 5: Zakeeeu (big blind) folded before Flop
Seat 7: ZINABRIADO folded before Flop (didn't bet)
Seat 8: kukuvica87 collected ($0.05)



PokerStars Hand #237168224228:  Hold'em No Limit ($0.01/$0.02 USD) - 2022/07/04 19:27:53 PT [2022/07/04 22:27:53 ET]
Table 'Romilda III' 9-max Seat #4 is the button
Seat 1: Dorex2007 ($2.13 in chips) 
Seat 2: noborin ($3.90 in chips) 
Seat 4: frosa9397 ($1.89 in chips) 
Seat 5: Zakeeeu ($1.71 in chips) 
Seat 6: alma1980 ($2.75 in chips) 
Seat 7: ZINABRIADO ($1.79 in chips) 
Seat 8: kukuvica87 ($2.21 in chips) 
Zakeeeu: posts small blind $0.01
alma1980: posts big blind $0.02
*** HOLE CARDS ***
Dealt to Dorex2007 [4c 5h]
ZINABRIADO: folds 
kukuvica87: raises $0.02 to $0.04
Dorex2007: folds 
noborin: folds 
frosa9397: folds 
Zakeeeu: calls $0.03
alma1980: calls $0.02
*** FLOP *** [Ah 2c 6s]
Zakeeeu: checks 
alma1980: checks 
kukuvica87: bets $0.04
Zakeeeu: calls $0.04
alma1980: folds 
*** TURN *** [Ah 2c 6s] [6h]
Zakeeeu: checks 
kukuvica87: bets $0.06
Zakeeeu: folds 
Uncalled bet ($0.06) returned to kukuvica87
kukuvica87 collected $0.19 from pot
*** SUMMARY ***
Total pot $0.20 | Rake $0.01 
Board [Ah 2c 6s 6h]
Seat 1: Dorex2007 folded before Flop (didn't bet)
Seat 2: noborin folded before Flop (didn't bet)
Seat 4: frosa9397 (button) folded before Flop (didn't bet)
Seat 5: Zakeeeu (small blind) folded on the Turn
Seat 6: alma1980 (big blind) folded on the Flop
Seat 7: ZINABRIADO folded before Flop (didn't bet)
Seat 8: kukuvica87 collected ($0.19)



PokerStars Hand #237168233762:  Hold'em No Limit ($0.01/$0.02 USD) - 2022/07/04 19:28:49 PT [2022/07/04 22:28:49 ET]
Table 'Romilda III' 9-max Seat #5 is the button
Seat 1: Dorex2007 ($2.13 in chips) 
Seat 2: noborin ($3.90 in chips) 
Seat 4: frosa9397 ($1.89 in chips) 
Seat 5: Zakeeeu ($1.63 in chips) 
Seat 6: alma1980 ($2.71 in chips) 
Seat 7: ZINABRIADO ($1.79 in chips) 
Seat 8: kukuvica87 ($2.32 in chips) 
alma1980: posts small blind $0.01
ZINABRIADO: posts big blind $0.02
*** HOLE CARDS ***
Dealt to Dorex2007 [9h 8c]
kukuvica87: folds 
Dorex2007: folds 
noborin: folds 
frosa9397: calls $0.02
maggiebrasil leaves the table
Zakeeeu: folds 
alma1980: raises $0.06 to $0.08
BAAR5 joins the table at seat #9 
ZINABRIADO: folds 
frosa9397: calls $0.06
*** FLOP *** [Qc Ad 7s]
alma1980: bets $0.11
frosa9397: calls $0.11
*** TURN *** [Qc Ad 7s] [Qs]
alma1980: checks 
frosa9397: checks 
*** RIVER *** [Qc Ad 7s Qs] [6c]
alma1980: checks 
frosa9397: checks 
*** SHOW DOWN ***
alma1980: shows [5c 4c] (a pair of Queens)
frosa9397: shows [Jh Th] (a pair of Queens - Ace+Jack kicker)
frosa9397 collected $0.39 from pot
*** SUMMARY ***
Total pot $0.40 | Rake $0.01 
Board [Qc Ad 7s Qs 6c]
Seat 1: Dorex2007 folded before Flop (didn't bet)
Seat 2: noborin folded before Flop (didn't bet)
Seat 4: frosa9397 showed [Jh Th] and won ($0.39) with a pair of Queens
Seat 5: Zakeeeu (button) folded before Flop (didn't bet)
Seat 6: alma1980 (small blind) showed [5c 4c] and lost with a pair of Queens
Seat 7: ZINABRIADO (big blind) folded before Flop
Seat 8: kukuvica87 folded before Flop (didn't bet)



PokerStars Hand #237168242929:  Hold'em No Limit ($0.01/$0.02 USD) - 2022/07/04 19:29:41 PT [2022/07/04 22:29:41 ET]
Table 'Romilda III' 9-max Seat #6 is the button
Seat 1: Dorex2007 ($2.13 in chips) 
Seat 2: noborin ($3.90 in chips) 
Seat 4: frosa9397 ($2.09 in chips) 
Seat 5: Zakeeeu ($1.63 in chips) 
Seat 6: alma1980 ($2.52 in chips) 
Seat 7: ZINABRIADO ($1.77 in chips) 
Seat 8: kukuvica87 ($2.32 in chips) 
ZINABRIADO: posts small blind $0.01
kukuvica87: posts big blind $0.02
BAAR5: sits out 
*** HOLE CARDS ***
Dealt to Dorex2007 [5d 9d]
Dorex2007: folds 
noborin: folds 
frosa9397: folds 
Zakeeeu: folds 
alma1980: folds 
ZINABRIADO: folds 
Uncalled bet ($0.01) returned to kukuvica87
kukuvica87 collected $0.02 from pot
*** SUMMARY ***
Total pot $0.02 | Rake $0 
Seat 1: Dorex2007 folded before Flop (didn't bet)
Seat 2: noborin folded before Flop (didn't bet)
Seat 4: frosa9397 folded before Flop (didn't bet)
Seat 5: Zakeeeu folded before Flop (didn't bet)
Seat 6: alma1980 (button) folded before Flop (didn't bet)
Seat 7: ZINABRIADO (small blind) folded before Flop
Seat 8: kukuvica87 (big blind) collected ($0.02)



PokerStars Hand #237168245702:  Hold'em No Limit ($0.01/$0.02 USD) - 2022/07/04 19:29:57 PT [2022/07/04 22:29:57 ET]
Table 'Romilda III' 9-max Seat #8 is the button
Seat 1: Dorex2007 ($2.13 in chips) 
Seat 2: noborin ($3.90 in chips) 
Seat 4: frosa9397 ($2.09 in chips) 
Seat 5: Zakeeeu ($1.63 in chips) 
Seat 6: alma1980 ($2.52 in chips) 
Seat 8: kukuvica87 ($2.33 in chips) 
Dorex2007: posts small blind $0.01
noborin: posts big blind $0.02
*** HOLE CARDS ***
Dealt to Dorex2007 [3d 3h]
frosa9397: folds 
Zakeeeu: raises $0.04 to $0.06
alma1980: folds 
BAAR5 leaves the table
kukuvica87: calls $0.06
Dorex2007: folds 
noborin: calls $0.04
*** FLOP *** [8d 9h 2h]
noborin: bets $0.10
I With You joins the table at seat #9 
Zakeeeu: calls $0.10
kukuvica87: calls $0.10
*** TURN *** [8d 9h 2h] [4d]
noborin: bets $0.23
Zakeeeu: folds 
kukuvica87: calls $0.23
*** RIVER *** [8d 9h 2h 4d] [5s]
noborin: checks 
kukuvica87: bets $0.10
noborin: calls $0.10
*** SHOW DOWN ***
kukuvica87: shows [6c 7s] (a straight, Five to Nine)
noborin: mucks hand 
kukuvica87 collected $1.11 from pot
*** SUMMARY ***
Total pot $1.15 | Rake $0.04 
Board [8d 9h 2h 4d 5s]
Seat 1: Dorex2007 (small blind) folded before Flop
Seat 2: noborin (big blind) mucked [Ac 9d]
Seat 4: frosa9397 folded before Flop (didn't bet)
Seat 5: Zakeeeu folded on the Turn
Seat 6: alma1980 folded before Flop (didn't bet)
Seat 8: kukuvica87 (button) showed [6c 7s] and won ($1.11) with a straight, Five to Nine



PokerStars Hand #237168255276:  Hold'em No Limit ($0.01/$0.02 USD) - 2022/07/04 19:30:54 PT [2022/07/04 22:30:54 ET]
Table 'Romilda III' 9-max Seat #1 is the button
Seat 1: Dorex2007 ($2.12 in chips) 
Seat 2: noborin ($3.41 in chips) 
Seat 4: frosa9397 ($2.09 in chips) 
Seat 5: Zakeeeu ($1.47 in chips) 
Seat 6: alma1980 ($2.52 in chips) 
Seat 8: kukuvica87 ($2.95 in chips) 
Seat 9: I With You ($2 in chips) 
noborin: posts small blind $0.01
frosa9397: posts big blind $0.02
I With You: posts big blind $0.02
*** HOLE CARDS ***
Dealt to Dorex2007 [4c Js]
Zakeeeu: folds 
alma1980: folds 
kukuvica87: folds 
I With You: checks 
Dorex2007: folds 
noborin: calls $0.01
frosa9397: checks 
*** FLOP *** [Th 9d 5s]
noborin: checks 
frosa9397: checks 
I With You: checks 
*** TURN *** [Th 9d 5s] [2c]
noborin: checks 
frosa9397: bets $0.04
alma1980 leaves the table
I With You: folds 
noborin: folds 
Uncalled bet ($0.04) returned to frosa9397
frosa9397 collected $0.06 from pot
*** SUMMARY ***
Total pot $0.06 | Rake $0 
Board [Th 9d 5s 2c]
Seat 1: Dorex2007 (button) folded before Flop (didn't bet)
Seat 2: noborin (small blind) folded on the Turn
Seat 4: frosa9397 (big blind) collected ($0.06)
Seat 5: Zakeeeu folded before Flop (didn't bet)
Seat 6: alma1980 folded before Flop (didn't bet)
Seat 8: kukuvica87 folded before Flop (didn't bet)
Seat 9: I With You folded on the Turn (didn't bet)



PokerStars Hand #237168262780:  Hold'em No Limit ($0.01/$0.02 USD) - 2022/07/04 19:31:38 PT [2022/07/04 22:31:38 ET]
Table 'Romilda III' 9-max Seat #2 is the button
Seat 1: Dorex2007 ($2.12 in chips) 
Seat 2: noborin ($3.39 in chips) 
Seat 4: frosa9397 ($2.13 in chips) 
Seat 5: Zakeeeu ($1.47 in chips) 
Seat 7: ZINABRIADO ($1.76 in chips) 
Seat 8: kukuvica87 ($2.95 in chips) 
Seat 9: I With You ($2 in chips) 
frosa9397: posts small blind $0.01
Zakeeeu: posts big blind $0.02
*** HOLE CARDS ***
Dealt to Dorex2007 [8h Ac]
ZINABRIADO: folds 
kukuvica87: raises $0.02 to $0.04
I With You: calls $0.04
Dorex2007: folds 
noborin: folds 
frosa9397: folds 
Zakeeeu: folds 
*** FLOP *** [8c Kc 3h]
kukuvica87: bets $0.02
I With You: calls $0.02
*** TURN *** [8c Kc 3h] [2h]
kukuvica87: bets $0.02
I With You: raises $0.18 to $0.20
kukuvica87: calls $0.18
*** RIVER *** [8c Kc 3h 2h] [6s]
kukuvica87: bets $0.10
I With You: raises $1.64 to $1.74 and is all-in
kukuvica87: folds 
Uncalled bet ($1.64) returned to I With You
I With You collected $0.72 from pot
*** SUMMARY ***
Total pot $0.75 | Rake $0.03 
Board [8c Kc 3h 2h 6s]
Seat 1: Dorex2007 folded before Flop (didn't bet)
Seat 2: noborin (button) folded before Flop (didn't bet)
Seat 4: frosa9397 (small blind) folded before Flop
Seat 5: Zakeeeu (big blind) folded before Flop
Seat 7: ZINABRIADO folded before Flop (didn't bet)
Seat 8: kukuvica87 folded on the River
Seat 9: I With You collected ($0.72)



PokerStars Hand #237168271734:  Hold'em No Limit ($0.01/$0.02 USD) - 2022/07/04 19:32:30 PT [2022/07/04 22:32:30 ET]
Table 'Romilda III' 9-max Seat #4 is the button
Seat 1: Dorex2007 ($2.12 in chips) 
Seat 2: noborin ($3.39 in chips) 
Seat 3: veronica1290 ($0.53 in chips) 
Seat 4: frosa9397 ($2.12 in chips) 
Seat 5: Zakeeeu ($1.45 in chips) 
Seat 7: ZINABRIADO ($1.76 in chips) 
Seat 8: kukuvica87 ($2.59 in chips) 
Seat 9: I With You ($2.36 in chips) 
Zakeeeu: posts small blind $0.01
ZINABRIADO: posts big blind $0.02
veronica1290: posts small & big blinds $0.03
*** HOLE CARDS ***
Dealt to Dorex2007 [Kd 2c]
kukuvica87: raises $0.08 to $0.10
I With You: folds 
Dorex2007: folds 
noborin: folds 
TaxedToDeath joins the table at seat #6 
veronica1290: raises $0.42 to $0.52 and is all-in
frosa9397: folds 
Zakeeeu: folds 
ZINABRIADO: folds 
kukuvica87: calls $0.42
*** FLOP *** [As 9s 7d]
*** TURN *** [As 9s 7d] [Qc]
*** RIVER *** [As 9s 7d Qc] [6s]
*** SHOW DOWN ***
kukuvica87: shows [4s 4d] (a pair of Fours)
veronica1290: shows [Ac Ah] (three of a kind, Aces)
veronica1290 collected $1.04 from pot
*** SUMMARY ***
Total pot $1.08 | Rake $0.04 
Board [As 9s 7d Qc 6s]
Seat 1: Dorex2007 folded before Flop (didn't bet)
Seat 2: noborin folded before Flop (didn't bet)
Seat 3: veronica1290 showed [Ac Ah] and won ($1.04) with three of a kind, Aces
Seat 4: frosa9397 (button) folded before Flop (didn't bet)
Seat 5: Zakeeeu (small blind) folded before Flop
Seat 7: ZINABRIADO (big blind) folded before Flop
Seat 8: kukuvica87 showed [4s 4d] and lost with a pair of Fours
Seat 9: I With You folded before Flop (didn't bet)



PokerStars Hand #237168279543:  Hold'em No Limit ($0.01/$0.02 USD) - 2022/07/04 19:33:16 PT [2022/07/04 22:33:16 ET]
Table 'Romilda III' 9-max Seat #5 is the button
Seat 1: Dorex2007 ($2.12 in chips) 
Seat 2: noborin ($3.39 in chips) 
Seat 3: veronica1290 ($1.04 in chips) 
Seat 4: frosa9397 ($2.12 in chips) 
Seat 5: Zakeeeu ($1.44 in chips) 
Seat 7: ZINABRIADO ($1.74 in chips) 
Seat 8: kukuvica87 ($2.07 in chips) 
Seat 9: I With You ($2.36 in chips) 
ZINABRIADO: posts small blind $0.01
kukuvica87: posts big blind $0.02
*** HOLE CARDS ***
Dealt to Dorex2007 [As Ah]
I With You: calls $0.02
Dorex2007: raises $0.06 to $0.08
noborin: folds 
veronica1290: folds 
frosa9397: folds 
Zakeeeu: folds 
ZINABRIADO has timed out
ZINABRIADO: folds 
kukuvica87: folds 
I With You: calls $0.06
*** FLOP *** [5d Jc 5s]
I With You: checks 
Dorex2007: bets $0.12
I With You: folds 
Uncalled bet ($0.12) returned to Dorex2007
Dorex2007 collected $0.18 from pot
*** SUMMARY ***
Total pot $0.19 | Rake $0.01 
Board [5d Jc 5s]
Seat 1: Dorex2007 collected ($0.18)
Seat 2: noborin folded before Flop (didn't bet)
Seat 3: veronica1290 folded before Flop (didn't bet)
Seat 4: frosa9397 folded before Flop (didn't bet)
Seat 5: Zakeeeu (button) folded before Flop (didn't bet)
Seat 7: ZINABRIADO (small blind) folded before Flop
Seat 8: kukuvica87 (big blind) folded before Flop
Seat 9: I With You folded on the Flop



PokerStars Hand #237168292390:  Hold'em No Limit ($0.01/$0.02 USD) - 2022/07/04 19:34:33 PT [2022/07/04 22:34:33 ET]
Table 'Romilda III' 9-max Seat #8 is the button
Seat 1: Dorex2007 ($2.22 in chips) 
Seat 2: noborin ($3.39 in chips) 
Seat 3: veronica1290 ($1.04 in chips) 
Seat 4: frosa9397 ($2.12 in chips) 
Seat 5: Zakeeeu ($1.44 in chips) 
Seat 6: TaxedToDeath ($1.60 in chips) 
Seat 8: kukuvica87 ($2.05 in chips) 
Seat 9: I With You ($2.28 in chips) 
I With You: posts small blind $0.01
Dorex2007: posts big blind $0.02
TaxedToDeath: posts big blind $0.02
*** HOLE CARDS ***
Dealt to Dorex2007 [2c 6h]
noborin: calls $0.02
veronica1290: folds 
frosa9397: folds 
Zakeeeu: folds 
TaxedToDeath: checks 
kukuvica87: raises $0.02 to $0.04
I With You: folds 
Dorex2007: folds 
noborin: calls $0.02
TaxedToDeath: calls $0.02
*** FLOP *** [8h 9c 9h]
noborin: checks 
TaxedToDeath: checks 
kukuvica87: bets $0.02
noborin: folds 
TaxedToDeath: calls $0.02
*** TURN *** [8h 9c 9h] [Jh]
TaxedToDeath: checks 
kukuvica87: bets $0.04
TaxedToDeath: calls $0.04
*** RIVER *** [8h 9c 9h Jh] [Kh]
TaxedToDeath: checks 
kukuvica87: bets $0.06
TaxedToDeath: folds 
Uncalled bet ($0.06) returned to kukuvica87
kukuvica87 collected $0.26 from pot
*** SUMMARY ***
Total pot $0.27 | Rake $0.01 
Board [8h 9c 9h Jh Kh]
Seat 1: Dorex2007 (big blind) folded before Flop
Seat 2: noborin folded on the Flop
Seat 3: veronica1290 folded before Flop (didn't bet)
Seat 4: frosa9397 folded before Flop (didn't bet)
Seat 5: Zakeeeu folded before Flop (didn't bet)
Seat 6: TaxedToDeath folded on the River
Seat 8: kukuvica87 (button) collected ($0.26)
Seat 9: I With You (small blind) folded before Flop



PokerStars Hand #237168303425:  Hold'em No Limit ($0.01/$0.02 USD) - 2022/07/04 19:35:38 PT [2022/07/04 22:35:38 ET]
Table 'Romilda III' 9-max Seat #9 is the button
Seat 1: Dorex2007 ($2.20 in chips) 
Seat 2: noborin ($3.35 in chips) 
Seat 3: veronica1290 ($1.04 in chips) 
Seat 4: frosa9397 ($2.12 in chips) 
Seat 5: Zakeeeu ($1.44 in chips) 
Seat 6: TaxedToDeath ($1.50 in chips) 
Seat 7: ZINABRIADO ($1.73 in chips) 
Seat 8: kukuvica87 ($2.21 in chips) 
Seat 9: I With You ($2.27 in chips) 
Dorex2007: posts small blind $0.01
noborin: posts big blind $0.02
*** HOLE CARDS ***
Dealt to Dorex2007 [3d 7h]
veronica1290: folds 
frosa9397: folds 
Zakeeeu: folds 
TaxedToDeath: calls $0.02
ZINABRIADO: folds 
kukuvica87: raises $0.02 to $0.04
I With You: folds 
Dorex2007: folds 
noborin: calls $0.02
TaxedToDeath: calls $0.02
*** FLOP *** [Td 2d Jh]
noborin: checks 
TaxedToDeath: checks 
kukuvica87: bets $0.04
noborin: calls $0.04
TaxedToDeath: calls $0.04
*** TURN *** [Td 2d Jh] [4d]
noborin: checks 
TaxedToDeath: checks 
kukuvica87: bets $0.08
noborin: folds 
TaxedToDeath: calls $0.08
*** RIVER *** [Td 2d Jh 4d] [9s]
TaxedToDeath: checks 
kukuvica87: bets $0.12
TaxedToDeath: calls $0.12
*** SHOW DOWN ***
kukuvica87: shows [Qh 6s] (high card Queen)
TaxedToDeath: shows [Ah Ts] (a pair of Tens)
TaxedToDeath collected $0.63 from pot
*** SUMMARY ***
Total pot $0.65 | Rake $0.02 
Board [Td 2d Jh 4d 9s]
Seat 1: Dorex2007 (small blind) folded before Flop
Seat 2: noborin (big blind) folded on the Turn
Seat 3: veronica1290 folded before Flop (didn't bet)
Seat 4: frosa9397 folded before Flop (didn't bet)
Seat 5: Zakeeeu folded before Flop (didn't bet)
Seat 6: TaxedToDeath showed [Ah Ts] and won ($0.63) with a pair of Tens
Seat 7: ZINABRIADO folded before Flop (didn't bet)
Seat 8: kukuvica87 showed [Qh 6s] and lost with high card Queen
Seat 9: I With You (button) folded before Flop (didn't bet)



PokerStars Hand #237168314443:  Hold'em No Limit ($0.01/$0.02 USD) - 2022/07/04 19:36:44 PT [2022/07/04 22:36:44 ET]
Table 'Romilda III' 9-max Seat #1 is the button
Seat 1: Dorex2007 ($2.19 in chips) 
Seat 2: noborin ($3.27 in chips) 
Seat 3: veronica1290 ($1.04 in chips) 
Seat 4: frosa9397 ($2.12 in chips) 
Seat 5: Zakeeeu ($1.44 in chips) 
Seat 6: TaxedToDeath ($2 in chips) 
Seat 7: ZINABRIADO ($1.73 in chips) 
Seat 8: kukuvica87 ($1.93 in chips) 
Seat 9: I With You ($2.27 in chips) 
noborin: posts small blind $0.01
veronica1290: posts big blind $0.02
*** HOLE CARDS ***
Dealt to Dorex2007 [7d Td]
frosa9397: raises $0.05 to $0.07
Zakeeeu: folds 
TaxedToDeath: folds 
ZINABRIADO: folds 
kukuvica87: calls $0.07
I With You: folds 
Dorex2007: folds 
noborin: folds 
veronica1290: folds 
*** FLOP *** [4c 8c 4h]
frosa9397: bets $0.10
kukuvica87: folds 
Uncalled bet ($0.10) returned to frosa9397
frosa9397 collected $0.16 from pot
*** SUMMARY ***
Total pot $0.17 | Rake $0.01 
Board [4c 8c 4h]
Seat 1: Dorex2007 (button) folded before Flop (didn't bet)
Seat 2: noborin (small blind) folded before Flop
Seat 3: veronica1290 (big blind) folded before Flop
Seat 4: frosa9397 collected ($0.16)
Seat 5: Zakeeeu folded before Flop (didn't bet)
Seat 6: TaxedToDeath folded before Flop (didn't bet)
Seat 7: ZINABRIADO folded before Flop (didn't bet)
Seat 8: kukuvica87 folded on the Flop
Seat 9: I With You folded before Flop (didn't bet)



PokerStars Hand #237168319819:  Hold'em No Limit ($0.01/$0.02 USD) - 2022/07/04 19:37:16 PT [2022/07/04 22:37:16 ET]
Table 'Romilda III' 9-max Seat #2 is the button
Seat 1: Dorex2007 ($2.19 in chips) 
Seat 2: noborin ($3.26 in chips) 
Seat 3: veronica1290 ($1.02 in chips) 
Seat 4: frosa9397 ($2.21 in chips) 
Seat 5: Zakeeeu ($1.44 in chips) 
Seat 6: TaxedToDeath ($2 in chips) 
Seat 7: ZINABRIADO ($1.73 in chips) 
Seat 8: kukuvica87 ($1.86 in chips) 
Seat 9: I With You ($2.27 in chips) 
veronica1290: posts small blind $0.01
frosa9397: posts big blind $0.02
*** HOLE CARDS ***
Dealt to Dorex2007 [Js 5s]
Zakeeeu: folds 
TaxedToDeath: folds 
ZINABRIADO: folds 
kukuvica87: raises $0.02 to $0.04
I With You: calls $0.04
Dorex2007: folds 
noborin: folds 
veronica1290: folds 
frosa9397: folds 
*** FLOP *** [Jd 8c 9d]
kukuvica87: bets $0.02
I With You: calls $0.02
*** TURN *** [Jd 8c 9d] [Qc]
kukuvica87: bets $0.04
I With You: calls $0.04
*** RIVER *** [Jd 8c 9d Qc] [6c]
kukuvica87: bets $0.06
I With You: raises $0.20 to $0.26
kukuvica87: calls $0.20
*** SHOW DOWN ***
I With You: shows [Ah 3s] (high card Ace)
kukuvica87: shows [Ks Td] (a straight, Nine to King)
kukuvica87 collected $0.72 from pot
*** SUMMARY ***
Total pot $0.75 | Rake $0.03 
Board [Jd 8c 9d Qc 6c]
Seat 1: Dorex2007 folded before Flop (didn't bet)
Seat 2: noborin (button) folded before Flop (didn't bet)
Seat 3: veronica1290 (small blind) folded before Flop
Seat 4: frosa9397 (big blind) folded before Flop
Seat 5: Zakeeeu folded before Flop (didn't bet)
Seat 6: TaxedToDeath folded before Flop (didn't bet)
Seat 7: ZINABRIADO folded before Flop (didn't bet)
Seat 8: kukuvica87 showed [Ks Td] and won ($0.72) with a straight, Nine to King
Seat 9: I With You showed [Ah 3s] and lost with high card Ace



PokerStars Hand #237168327298:  Hold'em No Limit ($0.01/$0.02 USD) - 2022/07/04 19:38:01 PT [2022/07/04 22:38:01 ET]
Table 'Romilda III' 9-max Seat #3 is the button
Seat 1: Dorex2007 ($2.19 in chips) 
Seat 2: noborin ($3.26 in chips) 
Seat 3: veronica1290 ($1.01 in chips) 
Seat 4: frosa9397 ($2.19 in chips) 
Seat 5: Zakeeeu ($1.44 in chips) 
Seat 6: TaxedToDeath ($2 in chips) 
Seat 7: ZINABRIADO ($1.73 in chips) 
Seat 8: kukuvica87 ($2.22 in chips) 
Seat 9: I With You ($2 in chips) 
frosa9397: posts small blind $0.01
Zakeeeu: posts big blind $0.02
*** HOLE CARDS ***
Dealt to Dorex2007 [9d 5s]
TaxedToDeath: folds 
ZINABRIADO: raises $0.02 to $0.04
kukuvica87: raises $0.02 to $0.06
I With You: folds 
Dorex2007: folds 
noborin: calls $0.06
veronica1290: folds 
frosa9397: calls $0.05
Zakeeeu: folds 
ZINABRIADO: calls $0.02
*** FLOP *** [7h Th 6s]
frosa9397: checks 
ZINABRIADO: checks 
kukuvica87: bets $0.06
noborin: calls $0.06
frosa9397: folds 
ZINABRIADO: folds 
*** TURN *** [7h Th 6s] [9s]
kukuvica87: bets $0.02
noborin: calls $0.02
*** RIVER *** [7h Th 6s 9s] [3c]
kukuvica87: bets $0.02
noborin: calls $0.02
*** SHOW DOWN ***
kukuvica87: shows [Ts Ks] (a pair of Tens)
noborin: mucks hand 
kukuvica87 collected $0.44 from pot
*** SUMMARY ***
Total pot $0.46 | Rake $0.02 
Board [7h Th 6s 9s 3c]
Seat 1: Dorex2007 folded before Flop (didn't bet)
Seat 2: noborin mucked [As 9c]
Seat 3: veronica1290 (button) folded before Flop (didn't bet)
Seat 4: frosa9397 (small blind) folded on the Flop
Seat 5: Zakeeeu (big blind) folded before Flop
Seat 6: TaxedToDeath folded before Flop (didn't bet)
Seat 7: ZINABRIADO folded on the Flop
Seat 8: kukuvica87 showed [Ts Ks] and won ($0.44) with a pair of Tens
Seat 9: I With You folded before Flop (didn't bet)



PokerStars Hand #237168336193:  Hold'em No Limit ($0.01/$0.02 USD) - 2022/07/04 19:38:55 PT [2022/07/04 22:38:55 ET]
Table 'Romilda III' 9-max Seat #4 is the button
Seat 1: Dorex2007 ($2.19 in chips) 
Seat 2: noborin ($3.10 in chips) 
Seat 3: veronica1290 ($1.01 in chips) 
Seat 4: frosa9397 ($2.13 in chips) 
Seat 5: Zakeeeu ($1.42 in chips) 
Seat 6: TaxedToDeath ($2 in chips) 
Seat 7: ZINABRIADO ($1.67 in chips) 
Seat 8: kukuvica87 ($2.50 in chips) 
Seat 9: I With You ($2 in chips) 
Zakeeeu: posts small blind $0.01
TaxedToDeath: posts big blind $0.02
*** HOLE CARDS ***
Dealt to Dorex2007 [Ks Ts]
ZINABRIADO: folds 
kukuvica87: raises $0.02 to $0.04
I With You: folds 
Dorex2007: calls $0.04
noborin: calls $0.04
veronica1290: folds 
frosa9397: folds 
Zakeeeu: calls $0.03
TaxedToDeath: calls $0.02
*** FLOP *** [Kh Kd Qc]
Zakeeeu: checks 
TaxedToDeath: checks 
kukuvica87: bets $0.04
Dorex2007: calls $0.04
noborin: folds 
Zakeeeu: raises $0.04 to $0.08
TaxedToDeath: folds 
kukuvica87: calls $0.04
Dorex2007: raises $0.12 to $0.20
Zakeeeu: raises $0.12 to $0.32
kukuvica87: folds 
Dorex2007: raises $1.83 to $2.15 and is all-in
Zakeeeu: calls $1.06 and is all-in
Uncalled bet ($0.77) returned to Dorex2007
*** TURN *** [Kh Kd Qc] [3h]
*** RIVER *** [Kh Kd Qc 3h] [5c]
*** SHOW DOWN ***
Zakeeeu: shows [Th Kc] (three of a kind, Kings)
Dorex2007: shows [Ks Ts] (three of a kind, Kings)
Zakeeeu collected $1.47 from pot
Dorex2007 collected $1.46 from pot
*** SUMMARY ***
Total pot $3.04 | Rake $0.11 
Board [Kh Kd Qc 3h 5c]
Seat 1: Dorex2007 showed [Ks Ts] and won ($1.46) with three of a kind, Kings
Seat 2: noborin folded on the Flop
Seat 3: veronica1290 folded before Flop (didn't bet)
Seat 4: frosa9397 (button) folded before Flop (didn't bet)
Seat 5: Zakeeeu (small blind) showed [Th Kc] and won ($1.47) with three of a kind, Kings
Seat 6: TaxedToDeath (big blind) folded on the Flop
Seat 7: ZINABRIADO folded before Flop (didn't bet)
Seat 8: kukuvica87 folded on the Flop
Seat 9: I With You folded before Flop (didn't bet)



PokerStars Hand #237168350586:  Hold'em No Limit ($0.01/$0.02 USD) - 2022/07/04 19:40:22 PT [2022/07/04 22:40:22 ET]
Table 'Romilda III' 9-max Seat #5 is the button
Seat 1: Dorex2007 ($2.23 in chips) 
Seat 2: noborin ($3.06 in chips) 
Seat 3: veronica1290 ($1.01 in chips) 
Seat 4: frosa9397 ($2.13 in chips) 
Seat 5: Zakeeeu ($1.47 in chips) 
Seat 6: TaxedToDeath ($1.96 in chips) 
Seat 7: ZINABRIADO ($1.67 in chips) 
Seat 8: kukuvica87 ($2.38 in chips) 
Seat 9: I With You ($2 in chips) 
TaxedToDeath: posts small blind $0.01
ZINABRIADO: posts big blind $0.02
*** HOLE CARDS ***
Dealt to Dorex2007 [Js 9s]
kukuvica87: calls $0.02
I With You: folds 
Dorex2007: folds 
noborin: calls $0.02
veronica1290: folds 
frosa9397: folds 
Zakeeeu: folds 
TaxedToDeath: folds 
ZINABRIADO: checks 
*** FLOP *** [3d Kd 6s]
ZINABRIADO: checks 
kukuvica87: bets $0.06
noborin: folds 
ZINABRIADO: folds 
Uncalled bet ($0.06) returned to kukuvica87
kukuvica87 collected $0.07 from pot
*** SUMMARY ***
Total pot $0.07 | Rake $0 
Board [3d Kd 6s]
Seat 1: Dorex2007 folded before Flop (didn't bet)
Seat 2: noborin folded on the Flop
Seat 3: veronica1290 folded before Flop (didn't bet)
Seat 4: frosa9397 folded before Flop (didn't bet)
Seat 5: Zakeeeu (button) folded before Flop (didn't bet)
Seat 6: TaxedToDeath (small blind) folded before Flop
Seat 7: ZINABRIADO (big blind) folded on the Flop
Seat 8: kukuvica87 collected ($0.07)
Seat 9: I With You folded before Flop (didn't bet)



PokerStars Hand #237168356517:  Hold'em No Limit ($0.01/$0.02 USD) - 2022/07/04 19:40:59 PT [2022/07/04 22:40:59 ET]
Table 'Romilda III' 9-max Seat #6 is the button
Seat 1: Dorex2007 ($2.23 in chips) 
Seat 2: noborin ($3.04 in chips) 
Seat 3: veronica1290 ($1.01 in chips) 
Seat 4: frosa9397 ($2.13 in chips) 
Seat 5: Zakeeeu ($1.47 in chips) 
Seat 6: TaxedToDeath ($1.95 in chips) 
Seat 7: ZINABRIADO ($1.65 in chips) 
Seat 8: kukuvica87 ($2.43 in chips) 
Seat 9: I With You ($2 in chips) 
ZINABRIADO: posts small blind $0.01
kukuvica87: posts big blind $0.02
*** HOLE CARDS ***
Dealt to Dorex2007 [Js Qc]
I With You: calls $0.02
Dorex2007 has timed out
Dorex2007: folds 
noborin: folds 
veronica1290: folds 
frosa9397: calls $0.02
Zakeeeu: folds 
TaxedToDeath: folds 
ZINABRIADO: raises $0.08 to $0.10
kukuvica87: folds 
I With You: calls $0.08
frosa9397: folds 
*** FLOP *** [7d 5d Qs]
ZINABRIADO: bets $0.14
I With You is disconnected 
I With You has timed out while being disconnected
I With You: folds 
Uncalled bet ($0.14) returned to ZINABRIADO
ZINABRIADO collected $0.23 from pot
*** SUMMARY ***
Total pot $0.24 | Rake $0.01 
Board [7d 5d Qs]
Seat 1: Dorex2007 folded before Flop (didn't bet)
Seat 2: noborin folded before Flop (didn't bet)
Seat 3: veronica1290 folded before Flop (didn't bet)
Seat 4: frosa9397 folded before Flop
Seat 5: Zakeeeu folded before Flop (didn't bet)
Seat 6: TaxedToDeath (button) folded before Flop (didn't bet)
Seat 7: ZINABRIADO (small blind) collected ($0.23)
Seat 8: kukuvica87 (big blind) folded before Flop
Seat 9: I With You folded on the Flop



PokerStars Hand #237168382639:  Hold'em No Limit ($0.01/$0.02 USD) - 2022/07/04 19:43:16 PT [2022/07/04 22:43:16 ET]
Table 'Romilda III' 9-max Seat #7 is the button
Seat 1: Dorex2007 ($2.23 in chips) 
Seat 2: noborin ($3.04 in chips) 
Seat 3: veronica1290 ($1.01 in chips) 
Seat 4: frosa9397 ($2.11 in chips) 
Seat 5: Zakeeeu ($1.47 in chips) 
Seat 6: TaxedToDeath ($1.95 in chips) 
Seat 7: ZINABRIADO ($1.78 in chips) 
Seat 8: kukuvica87 ($2.41 in chips) 
kukuvica87: posts small blind $0.01
Dorex2007: posts big blind $0.02
*** HOLE CARDS ***
Dealt to Dorex2007 [6s Th]
noborin: calls $0.02
veronica1290: folds 
frosa9397: raises $0.07 to $0.09
Zakeeeu: folds 
TaxedToDeath: folds 
ZINABRIADO: folds 
kukuvica87: folds 
Dorex2007: folds 
noborin: folds 
Uncalled bet ($0.07) returned to frosa9397
frosa9397 collected $0.07 from pot
*** SUMMARY ***
Total pot $0.07 | Rake $0 
Seat 1: Dorex2007 (big blind) folded before Flop
Seat 2: noborin folded before Flop
Seat 3: veronica1290 folded before Flop (didn't bet)
Seat 4: frosa9397 collected ($0.07)
Seat 5: Zakeeeu folded before Flop (didn't bet)
Seat 6: TaxedToDeath folded before Flop (didn't bet)
Seat 7: ZINABRIADO (button) folded before Flop (didn't bet)
Seat 8: kukuvica87 (small blind) folded before Flop



PokerStars Hand #237168387865:  Hold'em No Limit ($0.01/$0.02 USD) - 2022/07/04 19:43:48 PT [2022/07/04 22:43:48 ET]
Table 'Romilda III' 9-max Seat #8 is the button
Seat 1: Dorex2007 ($2.21 in chips) 
Seat 2: noborin ($3.02 in chips) 
Seat 3: veronica1290 ($1.01 in chips) 
Seat 4: frosa9397 ($2.16 in chips) 
Seat 5: Zakeeeu ($1.47 in chips) 
Seat 6: TaxedToDeath ($1.95 in chips) 
Seat 7: ZINABRIADO ($1.78 in chips) 
Seat 8: kukuvica87 ($2.40 in chips) 
Dorex2007: posts small blind $0.01
noborin: posts big blind $0.02
*** HOLE CARDS ***
Dealt to Dorex2007 [3d 6s]
veronica1290: folds 
frosa9397: folds 
Zakeeeu: folds 
TaxedToDeath: calls $0.02
ZINABRIADO: calls $0.02
kukuvica87: raises $0.02 to $0.04
Dorex2007: folds 
noborin: calls $0.02
TaxedToDeath: calls $0.02
ZINABRIADO: calls $0.02
*** FLOP *** [5h 8h Ah]
noborin: bets $0.07
TaxedToDeath: folds 
ZINABRIADO: folds 
kukuvica87: folds 
Uncalled bet ($0.07) returned to noborin
noborin collected $0.16 from pot
*** SUMMARY ***
Total pot $0.17 | Rake $0.01 
Board [5h 8h Ah]
Seat 1: Dorex2007 (small blind) folded before Flop
Seat 2: noborin (big blind) collected ($0.16)
Seat 3: veronica1290 folded before Flop (didn't bet)
Seat 4: frosa9397 folded before Flop (didn't bet)
Seat 5: Zakeeeu folded before Flop (didn't bet)
Seat 6: TaxedToDeath folded on the Flop
Seat 7: ZINABRIADO folded on the Flop
Seat 8: kukuvica87 (button) folded on the Flop



PokerStars Hand #237168396575:  Hold'em No Limit ($0.01/$0.02 USD) - 2022/07/04 19:44:41 PT [2022/07/04 22:44:41 ET]
Table 'Romilda III' 9-max Seat #1 is the button
Seat 1: Dorex2007 ($2.20 in chips) 
Seat 2: noborin ($3.14 in chips) 
Seat 3: veronica1290 ($1.01 in chips) 
Seat 4: frosa9397 ($2.16 in chips) 
Seat 5: Zakeeeu ($1.47 in chips) 
Seat 6: TaxedToDeath ($1.91 in chips) 
Seat 7: ZINABRIADO ($1.74 in chips) 
Seat 8: kukuvica87 ($2.36 in chips) 
noborin: posts small blind $0.01
veronica1290: posts big blind $0.02
*** HOLE CARDS ***
Dealt to Dorex2007 [Ad 9s]
frosa9397: folds 
Zakeeeu: folds 
TaxedToDeath: folds 
ZINABRIADO: folds 
kukuvica87: raises $0.06 to $0.08
Dorex2007: folds 
noborin: folds 
veronica1290: folds 
Uncalled bet ($0.06) returned to kukuvica87
kukuvica87 collected $0.05 from pot
*** SUMMARY ***
Total pot $0.05 | Rake $0 
Seat 1: Dorex2007 (button) folded before Flop (didn't bet)
Seat 2: noborin (small blind) folded before Flop
Seat 3: veronica1290 (big blind) folded before Flop
Seat 4: frosa9397 folded before Flop (didn't bet)
Seat 5: Zakeeeu folded before Flop (didn't bet)
Seat 6: TaxedToDeath folded before Flop (didn't bet)
Seat 7: ZINABRIADO folded before Flop (didn't bet)
Seat 8: kukuvica87 collected ($0.05)



PokerStars Hand #237168399491:  Hold'em No Limit ($0.01/$0.02 USD) - 2022/07/04 19:44:59 PT [2022/07/04 22:44:59 ET]
Table 'Romilda III' 9-max Seat #2 is the button
Seat 1: Dorex2007 ($2.20 in chips) 
Seat 2: noborin ($3.13 in chips) 
Seat 3: veronica1290 ($0.99 in chips) 
Seat 4: frosa9397 ($2.16 in chips) 
Seat 5: Zakeeeu ($1.47 in chips) 
Seat 6: TaxedToDeath ($2 in chips) 
Seat 7: ZINABRIADO ($1.74 in chips) 
Seat 8: kukuvica87 ($2.39 in chips) 
veronica1290: posts small blind $0.01
frosa9397: posts big blind $0.02
*** HOLE CARDS ***
Dealt to Dorex2007 [2s Jd]
Zakeeeu: raises $0.04 to $0.06
TaxedToDeath: folds 
ZINABRIADO: folds 
kukuvica87: folds 
Dorex2007: folds 
noborin: folds 
veronica1290: folds 
frosa9397: calls $0.04
*** FLOP *** [Qc 4c 9c]
frosa9397: checks 
Zakeeeu: bets $0.06
frosa9397: folds 
Uncalled bet ($0.06) returned to Zakeeeu
Zakeeeu collected $0.13 from pot
*** SUMMARY ***
Total pot $0.13 | Rake $0 
Board [Qc 4c 9c]
Seat 1: Dorex2007 folded before Flop (didn't bet)
Seat 2: noborin (button) folded before Flop (didn't bet)
Seat 3: veronica1290 (small blind) folded before Flop
Seat 4: frosa9397 (big blind) folded on the Flop
Seat 5: Zakeeeu collected ($0.13)
Seat 6: TaxedToDeath folded before Flop (didn't bet)
Seat 7: ZINABRIADO folded before Flop (didn't bet)
Seat 8: kukuvica87 folded before Flop (didn't bet)



PokerStars Hand #237168404194:  Hold'em No Limit ($0.01/$0.02 USD) - 2022/07/04 19:45:28 PT [2022/07/04 22:45:28 ET]
Table 'Romilda III' 9-max Seat #3 is the button
Seat 1: Dorex2007 ($2.20 in chips) 
Seat 2: noborin ($3.13 in chips) 
Seat 3: veronica1290 ($0.98 in chips) 
Seat 4: frosa9397 ($2.10 in chips) 
Seat 5: Zakeeeu ($1.54 in chips) 
Seat 6: TaxedToDeath ($2 in chips) 
Seat 7: ZINABRIADO ($1.74 in chips) 
Seat 8: kukuvica87 ($2.39 in chips) 
frosa9397: posts small blind $0.01
Zakeeeu: posts big blind $0.02
*** HOLE CARDS ***
Dealt to Dorex2007 [2d 7c]
TaxedToDeath: folds 
ZINABRIADO: folds 
kukuvica87: raises $0.06 to $0.08
Dorex2007: folds 
noborin: folds 
veronica1290: folds 
frosa9397: folds 
Zakeeeu: folds 
Uncalled bet ($0.06) returned to kukuvica87
kukuvica87 collected $0.05 from pot
*** SUMMARY ***
Total pot $0.05 | Rake $0 
Seat 1: Dorex2007 folded before Flop (didn't bet)
Seat 2: noborin folded before Flop (didn't bet)
Seat 3: veronica1290 (button) folded before Flop (didn't bet)
Seat 4: frosa9397 (small blind) folded before Flop
Seat 5: Zakeeeu (big blind) folded before Flop
Seat 6: TaxedToDeath folded before Flop (didn't bet)
Seat 7: ZINABRIADO folded before Flop (didn't bet)
Seat 8: kukuvica87 collected ($0.05)



PokerStars Hand #237168408492:  Hold'em No Limit ($0.01/$0.02 USD) - 2022/07/04 19:45:55 PT [2022/07/04 22:45:55 ET]
Table 'Romilda III' 9-max Seat #4 is the button
Seat 1: Dorex2007 ($2.20 in chips) 
Seat 2: noborin ($3.13 in chips) 
Seat 3: veronica1290 ($0.98 in chips) 
Seat 4: frosa9397 ($2.09 in chips) 
Seat 5: Zakeeeu ($1.52 in chips) 
Seat 6: TaxedToDeath ($2 in chips) 
Seat 7: ZINABRIADO ($1.74 in chips) 
Seat 8: kukuvica87 ($2.42 in chips) 
Zakeeeu: posts small blind $0.01
TaxedToDeath: posts big blind $0.02
*** HOLE CARDS ***
Dealt to Dorex2007 [Qc 2c]
ZINABRIADO: folds 
kukuvica87: raises $0.04 to $0.06
Dorex2007: folds 
noborin: folds 
veronica1290: folds 
frosa9397: folds 
Zakeeeu: folds 
TaxedToDeath: folds 
Uncalled bet ($0.04) returned to kukuvica87
kukuvica87 collected $0.05 from pot
*** SUMMARY ***
Total pot $0.05 | Rake $0 
Seat 1: Dorex2007 folded before Flop (didn't bet)
Seat 2: noborin folded before Flop (didn't bet)
Seat 3: veronica1290 folded before Flop (didn't bet)
Seat 4: frosa9397 (button) folded before Flop (didn't bet)
Seat 5: Zakeeeu (small blind) folded before Flop
Seat 6: TaxedToDeath (big blind) folded before Flop
Seat 7: ZINABRIADO folded before Flop (didn't bet)
Seat 8: kukuvica87 collected ($0.05)



PokerStars Hand #237168412316:  Hold'em No Limit ($0.01/$0.02 USD) - 2022/07/04 19:46:18 PT [2022/07/04 22:46:18 ET]
Table 'Romilda III' 9-max Seat #5 is the button
Seat 1: Dorex2007 ($2.20 in chips) 
Seat 2: noborin ($3.13 in chips) 
Seat 3: veronica1290 ($0.98 in chips) 
Seat 4: frosa9397 ($2.09 in chips) 
Seat 5: Zakeeeu ($1.51 in chips) 
Seat 6: TaxedToDeath ($1.98 in chips) 
Seat 7: ZINABRIADO ($1.74 in chips) 
Seat 8: kukuvica87 ($2.45 in chips) 
TaxedToDeath: posts small blind $0.01
ZINABRIADO: posts big blind $0.02
I With You: sits out 
*** HOLE CARDS ***
Dealt to Dorex2007 [6d 6s]
kukuvica87: raises $0.02 to $0.04
Dorex2007: raises $0.02 to $0.06
noborin: folds 
veronica1290: folds 
frosa9397: calls $0.06
Zakeeeu: calls $0.06
TaxedToDeath: folds 
ZINABRIADO: raises $0.24 to $0.30
kukuvica87: calls $0.26
Dorex2007: folds 
frosa9397: folds 
Zakeeeu: folds 
*** FLOP *** [4s Qc Js]
ZINABRIADO: bets $0.44
kukuvica87: folds 
Uncalled bet ($0.44) returned to ZINABRIADO
ZINABRIADO collected $0.76 from pot
*** SUMMARY ***
Total pot $0.79 | Rake $0.03 
Board [4s Qc Js]
Seat 1: Dorex2007 folded before Flop
Seat 2: noborin folded before Flop (didn't bet)
Seat 3: veronica1290 folded before Flop (didn't bet)
Seat 4: frosa9397 folded before Flop
Seat 5: Zakeeeu (button) folded before Flop
Seat 6: TaxedToDeath (small blind) folded before Flop
Seat 7: ZINABRIADO (big blind) collected ($0.76)
Seat 8: kukuvica87 folded on the Flop



PokerStars Hand #237168420059:  Hold'em No Limit ($0.01/$0.02 USD) - 2022/07/04 19:47:06 PT [2022/07/04 22:47:06 ET]
Table 'Romilda III' 9-max Seat #6 is the button
Seat 1: Dorex2007 ($2.14 in chips) 
Seat 2: noborin ($3.13 in chips) 
Seat 3: veronica1290 ($0.98 in chips) 
Seat 4: frosa9397 ($2.03 in chips) 
Seat 5: Zakeeeu ($1.45 in chips) 
Seat 6: TaxedToDeath ($1.97 in chips) 
Seat 7: ZINABRIADO ($2.20 in chips) 
Seat 8: kukuvica87 ($2.15 in chips) 
Seat 9: I With You ($2 in chips) 
ZINABRIADO: posts small blind $0.01
kukuvica87: posts big blind $0.02
I With You: posts small & big blinds $0.03
*** HOLE CARDS ***
Dealt to Dorex2007 [8d Js]
I With You: checks 
Dorex2007: folds 
noborin: calls $0.02
veronica1290 has timed out
veronica1290: folds 
frosa9397: folds 
Zakeeeu: raises $0.04 to $0.06
TaxedToDeath: folds 
ZINABRIADO: folds 
kukuvica87: calls $0.04
I With You: folds 
noborin: calls $0.04
*** FLOP *** [8s 7c Ad]
kukuvica87: bets $0.04
noborin: calls $0.04
Zakeeeu: calls $0.04
*** TURN *** [8s 7c Ad] [5d]
kukuvica87: bets $0.02
noborin: raises $0.08 to $0.10
Zakeeeu: calls $0.10
kukuvica87: calls $0.08
*** RIVER *** [8s 7c Ad 5d] [9c]
kukuvica87: bets $0.02
noborin: raises $0.48 to $0.50
Zakeeeu: raises $0.75 to $1.25 and is all-in
kukuvica87: folds 
noborin: calls $0.75
*** SHOW DOWN ***
Zakeeeu: shows [Tc Jh] (a straight, Seven to Jack)
noborin: shows [7d 6h] (a straight, Five to Nine)
Zakeeeu collected $3.05 from pot
*** SUMMARY ***
Total pot $3.16 | Rake $0.11 
Board [8s 7c Ad 5d 9c]
Seat 1: Dorex2007 folded before Flop (didn't bet)
Seat 2: noborin showed [7d 6h] and lost with a straight, Five to Nine
Seat 3: veronica1290 folded before Flop (didn't bet)
Seat 4: frosa9397 folded before Flop (didn't bet)
Seat 5: Zakeeeu showed [Tc Jh] and won ($3.05) with a straight, Seven to Jack
Seat 6: TaxedToDeath (button) folded before Flop (didn't bet)
Seat 7: ZINABRIADO (small blind) folded before Flop
Seat 8: kukuvica87 (big blind) folded on the River
Seat 9: I With You folded before Flop (didn't bet)



PokerStars Hand #237168435918:  Hold'em No Limit ($0.01/$0.02 USD) - 2022/07/04 19:48:44 PT [2022/07/04 22:48:44 ET]
Table 'Romilda III' 9-max Seat #7 is the button
Seat 1: Dorex2007 ($2.14 in chips) 
Seat 2: noborin ($1.68 in chips) 
Seat 3: veronica1290 ($0.98 in chips) 
Seat 4: frosa9397 ($2.03 in chips) 
Seat 5: Zakeeeu ($3.05 in chips) 
Seat 6: TaxedToDeath ($1.97 in chips) 
Seat 7: ZINABRIADO ($2.19 in chips) 
Seat 8: kukuvica87 ($1.93 in chips) 
Seat 9: I With You ($2 in chips) 
kukuvica87: posts small blind $0.01
I With You: posts big blind $0.02
*** HOLE CARDS ***
Dealt to Dorex2007 [Kc 2s]
Dorex2007: folds 
noborin: calls $0.02
veronica1290: calls $0.02
frosa9397: calls $0.02
Zakeeeu: calls $0.02
TaxedToDeath: folds 
ZINABRIADO: folds 
kukuvica87: raises $0.02 to $0.04
I With You: raises $0.16 to $0.20
noborin: folds 
veronica1290: folds 
frosa9397: folds 
Zakeeeu: folds 
kukuvica87: calls $0.16
*** FLOP *** [9d 7h 3d]
kukuvica87: bets $0.04
I With You: raises $0.40 to $0.44
kukuvica87: folds 
Uncalled bet ($0.40) returned to I With You
I With You collected $0.54 from pot
*** SUMMARY ***
Total pot $0.56 | Rake $0.02 
Board [9d 7h 3d]
Seat 1: Dorex2007 folded before Flop (didn't bet)
Seat 2: noborin folded before Flop
Seat 3: veronica1290 folded before Flop
Seat 4: frosa9397 folded before Flop
Seat 5: Zakeeeu folded before Flop
Seat 6: TaxedToDeath folded before Flop (didn't bet)
Seat 7: ZINABRIADO (button) folded before Flop (didn't bet)
Seat 8: kukuvica87 (small blind) folded on the Flop
Seat 9: I With You (big blind) collected ($0.54)



PokerStars Hand #237168445559:  Hold'em No Limit ($0.01/$0.02 USD) - 2022/07/04 19:49:44 PT [2022/07/04 22:49:44 ET]
Table 'Romilda III' 9-max Seat #8 is the button
Seat 1: Dorex2007 ($2.14 in chips) 
Seat 2: noborin ($1.66 in chips) 
Seat 3: veronica1290 ($0.96 in chips) 
Seat 4: frosa9397 ($2.01 in chips) 
Seat 5: Zakeeeu ($3.03 in chips) 
Seat 6: TaxedToDeath ($1.97 in chips) 
Seat 7: ZINABRIADO ($2.19 in chips) 
Seat 8: kukuvica87 ($1.69 in chips) 
Seat 9: I With You ($2.30 in chips) 
I With You: posts small blind $0.01
Dorex2007: posts big blind $0.02
*** HOLE CARDS ***
Dealt to Dorex2007 [Ks 5h]
noborin: folds 
veronica1290: calls $0.02
noborin leaves the table
frosa9397: folds 
Zakeeeu: folds 
TaxedToDeath: folds 
ZINABRIADO: folds 
kukuvica87: raises $0.04 to $0.06
I With You: folds 
Dorex2007: folds 
veronica1290: calls $0.04
*** FLOP *** [Qc 3s 3c]
veronica1290: checks 
kukuvica87: bets $0.04
veronica1290: folds 
Uncalled bet ($0.04) returned to kukuvica87
kukuvica87 collected $0.14 from pot
*** SUMMARY ***
Total pot $0.15 | Rake $0.01 
Board [Qc 3s 3c]
Seat 1: Dorex2007 (big blind) folded before Flop
Seat 2: noborin folded before Flop (didn't bet)
Seat 3: veronica1290 folded on the Flop
Seat 4: frosa9397 folded before Flop (didn't bet)
Seat 5: Zakeeeu folded before Flop (didn't bet)
Seat 6: TaxedToDeath folded before Flop (didn't bet)
Seat 7: ZINABRIADO folded before Flop (didn't bet)
Seat 8: kukuvica87 (button) collected ($0.14)
Seat 9: I With You (small blind) folded before Flop



PokerStars Hand #237168452923:  Hold'em No Limit ($0.01/$0.02 USD) - 2022/07/04 19:50:30 PT [2022/07/04 22:50:30 ET]
Table 'Romilda III' 9-max Seat #9 is the button
Seat 1: Dorex2007 ($2.12 in chips) 
Seat 3: veronica1290 ($0.90 in chips) 
Seat 4: frosa9397 ($2.01 in chips) 
Seat 5: Zakeeeu ($3.03 in chips) 
Seat 6: TaxedToDeath ($1.97 in chips) 
Seat 7: ZINABRIADO ($2.19 in chips) 
Seat 8: kukuvica87 ($1.77 in chips) 
Seat 9: I With You ($2.29 in chips) 
Dorex2007: posts small blind $0.01
veronica1290: posts big blind $0.02
*** HOLE CARDS ***
Dealt to Dorex2007 [Tc 6c]
frosa9397: folds 
Zakeeeu: folds 
TaxedToDeath: folds 
ZINABRIADO: folds 
kukuvica87: calls $0.02
I With You: raises $0.10 to $0.12
Dorex2007: folds 
veronica1290: folds 
kukuvica87: calls $0.10
*** FLOP *** [2s 8h As]
kukuvica87: bets $0.02
I With You: raises $0.22 to $0.24
kukuvica87: folds 
Uncalled bet ($0.22) returned to I With You
I With You collected $0.30 from pot
*** SUMMARY ***
Total pot $0.31 | Rake $0.01 
Board [2s 8h As]
Seat 1: Dorex2007 (small blind) folded before Flop
Seat 3: veronica1290 (big blind) folded before Flop
Seat 4: frosa9397 folded before Flop (didn't bet)
Seat 5: Zakeeeu folded before Flop (didn't bet)
Seat 6: TaxedToDeath folded before Flop (didn't bet)
Seat 7: ZINABRIADO folded before Flop (didn't bet)
Seat 8: kukuvica87 folded on the Flop
Seat 9: I With You (button) collected ($0.30)



PokerStars Hand #237168459294:  Hold'em No Limit ($0.01/$0.02 USD) - 2022/07/04 19:51:10 PT [2022/07/04 22:51:10 ET]
Table 'Romilda III' 9-max Seat #1 is the button
Seat 1: Dorex2007 ($2.11 in chips) 
Seat 4: frosa9397 ($2.01 in chips) 
Seat 5: Zakeeeu ($3.03 in chips) 
Seat 6: TaxedToDeath ($1.97 in chips) 
Seat 7: ZINABRIADO ($2.19 in chips) 
Seat 8: kukuvica87 ($1.63 in chips) 
Seat 9: I With You ($2.45 in chips) 
veronica1290 has timed out
veronica1290: is sitting out 
frosa9397: posts small blind $0.01
Zakeeeu: posts big blind $0.02
*** HOLE CARDS ***
Dealt to Dorex2007 [Ks Ad]
TaxedToDeath: calls $0.02
ZINABRIADO: folds 
kukuvica87: raises $0.02 to $0.04
I With You: raises $0.10 to $0.14
Dorex2007: calls $0.14
frosa9397: folds 
Zakeeeu: folds 
TaxedToDeath: calls $0.12
kukuvica87: folds 
*** FLOP *** [Js 9c Ts]
TaxedToDeath: checks 
I With You: bets $0.38
Dorex2007: folds 
TaxedToDeath: calls $0.38
*** TURN *** [Js 9c Ts] [Qh]
TaxedToDeath: checks 
I With You: checks 
*** RIVER *** [Js 9c Ts Qh] [3d]
TaxedToDeath: bets $0.34
I With You: calls $0.34
*** SHOW DOWN ***
TaxedToDeath: shows [5s 7s] (high card Queen)
I With You: shows [8c Jc] (a straight, Eight to Queen)
I With You collected $1.86 from pot
*** SUMMARY ***
Total pot $1.93 | Rake $0.07 
Board [Js 9c Ts Qh 3d]
Seat 1: Dorex2007 (button) folded on the Flop
Seat 4: frosa9397 (small blind) folded before Flop
Seat 5: Zakeeeu (big blind) folded before Flop
Seat 6: TaxedToDeath showed [5s 7s] and lost with high card Queen
Seat 7: ZINABRIADO folded before Flop (didn't bet)
Seat 8: kukuvica87 folded before Flop
Seat 9: I With You showed [8c Jc] and won ($1.86) with a straight, Eight to Queen



PokerStars Hand #237168483074:  Hold'em No Limit ($0.01/$0.02 USD) - 2022/07/04 19:52:49 PT [2022/07/04 22:52:49 ET]
Table 'Romilda III' 9-max Seat #4 is the button
Seat 1: Dorex2007 ($2 in chips) 
Seat 3: veronica1290 ($0.88 in chips) 
Seat 4: frosa9397 ($2 in chips) 
Seat 5: Zakeeeu ($3.01 in chips) 
Seat 6: TaxedToDeath ($1.11 in chips) 
Seat 7: ZINABRIADO ($2.19 in chips) 
Seat 8: kukuvica87 ($1.59 in chips) 
Seat 9: I With You ($3.45 in chips) 
Zakeeeu: posts small blind $0.01
TaxedToDeath: posts big blind $0.02
veronica1290: posts small blind $0.01
*** HOLE CARDS ***
Dealt to Dorex2007 [Qh 6d]
ZINABRIADO: folds 
kukuvica87 has timed out
kukuvica87: folds 
I With You: calls $0.02
Dorex2007: folds 
veronica1290: folds 
frosa9397: folds 
Zakeeeu: folds 
TaxedToDeath: folds 
TaxedToDeath leaves the table
I With You collected $0.06 from pot
*** SUMMARY ***
Total pot $0.06 | Rake $0 
Seat 1: Dorex2007 folded before Flop (didn't bet)
Seat 3: veronica1290 folded before Flop (didn't bet)
Seat 4: frosa9397 (button) folded before Flop (didn't bet)
Seat 5: Zakeeeu (small blind) folded before Flop
Seat 6: TaxedToDeath (big blind) folded before Flop
Seat 7: ZINABRIADO folded before Flop (didn't bet)
Seat 8: kukuvica87 folded before Flop (didn't bet)
Seat 9: I With You collected ($0.06)



PokerStars Hand #237168487865:  Hold'em No Limit ($0.01/$0.02 USD) - 2022/07/04 19:53:20 PT [2022/07/04 22:53:20 ET]
Table 'Romilda III' 9-max Seat #5 is the button
Seat 1: Dorex2007 ($2 in chips) 
Seat 3: veronica1290 ($0.87 in chips) 
Seat 4: frosa9397 ($2 in chips) 
Seat 5: Zakeeeu ($3 in chips) 
Seat 7: ZINABRIADO ($2.19 in chips) 
Seat 8: kukuvica87 ($1.59 in chips) 
Seat 9: I With You ($3.49 in chips) 
ZINABRIADO: posts small blind $0.01
kukuvica87: posts big blind $0.02
*** HOLE CARDS ***
Dealt to Dorex2007 [3h 7c]
I With You: raises $0.02 to $0.04
Dorex2007: folds 
veronica1290: folds 
frosa9397: folds 
Zakeeeu: folds 
ZINABRIADO: folds 
kukuvica87: calls $0.02
*** FLOP *** [5h 6s 6h]
kukuvica87: bets $0.08
I With You: folds 
Uncalled bet ($0.08) returned to kukuvica87
kukuvica87 collected $0.09 from pot
*** SUMMARY ***
Total pot $0.09 | Rake $0 
Board [5h 6s 6h]
Seat 1: Dorex2007 folded before Flop (didn't bet)
Seat 3: veronica1290 folded before Flop (didn't bet)
Seat 4: frosa9397 folded before Flop (didn't bet)
Seat 5: Zakeeeu (button) folded before Flop (didn't bet)
Seat 7: ZINABRIADO (small blind) folded before Flop
Seat 8: kukuvica87 (big blind) collected ($0.09)
Seat 9: I With You folded on the Flop



PokerStars Hand #237168492727:  Hold'em No Limit ($0.01/$0.02 USD) - 2022/07/04 19:53:51 PT [2022/07/04 22:53:51 ET]
Table 'Romilda III' 9-max Seat #7 is the button
Seat 1: Dorex2007 ($2 in chips) 
Seat 4: frosa9397 ($2 in chips) 
Seat 5: Zakeeeu ($3 in chips) 
Seat 7: ZINABRIADO ($2.18 in chips) 
Seat 8: kukuvica87 ($1.64 in chips) 
Seat 9: I With You ($3.45 in chips) 
kukuvica87: posts small blind $0.01
I With You: posts big blind $0.02
*** HOLE CARDS ***
Dealt to Dorex2007 [Kd 6h]
Dorex2007: folds 
frosa9397: folds 
Zakeeeu: folds 
ZINABRIADO: folds 
kukuvica87: calls $0.01
I With You: checks 
*** FLOP *** [8h 9c 3c]
kukuvica87: checks 
I With You: checks 
*** TURN *** [8h 9c 3c] [Tc]
Edison427 joins the table at seat #6 
kukuvica87: bets $0.02
I With You: raises $0.04 to $0.06
kukuvica87: calls $0.04
*** RIVER *** [8h 9c 3c Tc] [5d]
kukuvica87: bets $0.08
I With You: folds 
Uncalled bet ($0.08) returned to kukuvica87
kukuvica87 collected $0.15 from pot
*** SUMMARY ***
Total pot $0.16 | Rake $0.01 
Board [8h 9c 3c Tc 5d]
Seat 1: Dorex2007 folded before Flop (didn't bet)
Seat 4: frosa9397 folded before Flop (didn't bet)
Seat 5: Zakeeeu folded before Flop (didn't bet)
Seat 7: ZINABRIADO (button) folded before Flop (didn't bet)
Seat 8: kukuvica87 (small blind) collected ($0.15)
Seat 9: I With You (big blind) folded on the River



PokerStars Hand #237168501017:  Hold'em No Limit ($0.01/$0.02 USD) - 2022/07/04 19:54:43 PT [2022/07/04 22:54:43 ET]
Table 'Romilda III' 9-max Seat #8 is the button
Seat 1: Dorex2007 ($2 in chips) 
Seat 4: frosa9397 ($2 in chips) 
Seat 5: Zakeeeu ($3 in chips) 
Seat 6: Edison427 ($1.01 in chips) 
Seat 7: ZINABRIADO ($2.18 in chips) 
Seat 8: kukuvica87 ($1.71 in chips) 
Seat 9: I With You ($3.37 in chips) 
I With You: posts small blind $0.01
Dorex2007: posts big blind $0.02
Edison427: posts big blind $0.02
*** HOLE CARDS ***
Dealt to Dorex2007 [3c Ah]
frosa9397: folds 
Zakeeeu: folds 
Edison427: checks 
ZINABRIADO: folds 
kukuvica87: raises $0.06 to $0.08
I With You: folds 
Dorex2007: folds 
Edison427: folds 
Uncalled bet ($0.06) returned to kukuvica87
kukuvica87 collected $0.07 from pot
*** SUMMARY ***
Total pot $0.07 | Rake $0 
Seat 1: Dorex2007 (big blind) folded before Flop
Seat 4: frosa9397 folded before Flop (didn't bet)
Seat 5: Zakeeeu folded before Flop (didn't bet)
Seat 6: Edison427 folded before Flop (didn't bet)
Seat 7: ZINABRIADO folded before Flop (didn't bet)
Seat 8: kukuvica87 (button) collected ($0.07)
Seat 9: I With You (small blind) folded before Flop



PokerStars Hand #237168505398:  Hold'em No Limit ($0.01/$0.02 USD) - 2022/07/04 19:55:12 PT [2022/07/04 22:55:12 ET]
Table 'Romilda III' 9-max Seat #9 is the button
Seat 1: Dorex2007 ($2 in chips) 
Seat 4: frosa9397 ($2 in chips) 
Seat 5: Zakeeeu ($3 in chips) 
Seat 6: Edison427 ($0.99 in chips) 
Seat 7: ZINABRIADO ($2.18 in chips) 
Seat 8: kukuvica87 ($1.76 in chips) 
Seat 9: I With You ($3.36 in chips) 
Dorex2007: posts small blind $0.01
frosa9397: posts big blind $0.02
*** HOLE CARDS ***
Dealt to Dorex2007 [4d Ks]
Zakeeeu: raises $0.04 to $0.06
Edison427: folds 
ZINABRIADO: calls $0.06
kukuvica87: calls $0.06
I With You: folds 
Dorex2007: folds 
gustocwb joins the table at seat #2 
frosa9397: calls $0.04
*** FLOP *** [5c 9h Kh]
frosa9397: checks 
Zakeeeu: checks 
ZINABRIADO: bets $0.12
kukuvica87: folds 
frosa9397: calls $0.12
Zakeeeu: folds 
*** TURN *** [5c 9h Kh] [3c]
frosa9397: checks 
ZINABRIADO: bets $0.23
frosa9397: calls $0.23
*** RIVER *** [5c 9h Kh 3c] [5d]
gustocwb leaves the table
frosa9397: bets $0.44
ZINABRIADO: raises $1.33 to $1.77 and is all-in
frosa9397: calls $1.15 and is all-in
Uncalled bet ($0.18) returned to ZINABRIADO
*** SHOW DOWN ***
ZINABRIADO: shows [9d 9s] (a full house, Nines full of Fives)
frosa9397: shows [5h 3h] (a full house, Fives full of Threes)
ZINABRIADO collected $3.99 from pot
*** SUMMARY ***
Total pot $4.13 | Rake $0.14 
Board [5c 9h Kh 3c 5d]
Seat 1: Dorex2007 (small blind) folded before Flop
Seat 4: frosa9397 (big blind) showed [5h 3h] and lost with a full house, Fives full of Threes
Seat 5: Zakeeeu folded on the Flop
Seat 6: Edison427 folded before Flop (didn't bet)
Seat 7: ZINABRIADO showed [9d 9s] and won ($3.99) with a full house, Nines full of Fives
Seat 8: kukuvica87 folded on the Flop
Seat 9: I With You (button) folded before Flop (didn't bet)



PokerStars Hand #237168517744:  Hold'em No Limit ($0.01/$0.02 USD) - 2022/07/04 19:56:44 PT [2022/07/04 22:56:44 ET]
Table 'Romilda III' 9-max Seat #1 is the button
Seat 1: Dorex2007 ($2 in chips) 
Seat 5: Zakeeeu ($2.94 in chips) 
Seat 6: Edison427 ($0.99 in chips) 
Seat 7: ZINABRIADO ($4.17 in chips) 
Seat 8: kukuvica87 ($1.70 in chips) 
Seat 9: I With You ($3.36 in chips) 
Zakeeeu: posts small blind $0.01
Edison427: posts big blind $0.02
*** HOLE CARDS ***
Dealt to Dorex2007 [2h 5c]
ZINABRIADO: raises $0.02 to $0.04
kukuvica87: calls $0.04
I With You: calls $0.04
Dorex2007: folds 
Zakeeeu: calls $0.03
Edison427: calls $0.02
*** FLOP *** [6d 4d Qh]
Zakeeeu: checks 
Edison427: checks 
ZINABRIADO: bets $0.06
kukuvica87: raises $0.06 to $0.12
I With You: folds 
Zakeeeu: folds 
Edison427: folds 
ZINABRIADO: folds 
Uncalled bet ($0.06) returned to kukuvica87
kukuvica87 collected $0.31 from pot
*** SUMMARY ***
Total pot $0.32 | Rake $0.01 
Board [6d 4d Qh]
Seat 1: Dorex2007 (button) folded before Flop (didn't bet)
Seat 5: Zakeeeu (small blind) folded on the Flop
Seat 6: Edison427 (big blind) folded on the Flop
Seat 7: ZINABRIADO folded on the Flop
Seat 8: kukuvica87 collected ($0.31)
Seat 9: I With You folded on the Flop



PokerStars Hand #237168526485:  Hold'em No Limit ($0.01/$0.02 USD) - 2022/07/04 19:57:50 PT [2022/07/04 22:57:50 ET]
Table 'Romilda III' 9-max Seat #5 is the button
Seat 1: Dorex2007 ($2 in chips) 
Seat 4: frosa9397 ($2 in chips) 
Seat 5: Zakeeeu ($2.90 in chips) 
Seat 6: Edison427 ($0.95 in chips) 
Seat 7: ZINABRIADO ($4.07 in chips) 
Seat 8: kukuvica87 ($1.91 in chips) 
Seat 9: I With You ($3.32 in chips) 
Edison427: posts small blind $0.01
ZINABRIADO: posts big blind $0.02
frosa9397: posts small blind $0.01
*** HOLE CARDS ***
Dealt to Dorex2007 [8s Qc]
kukuvica87: folds 
I With You: folds 
Dorex2007: folds 
frosa9397: folds 
Zakeeeu: folds 
Edison427: folds 
Uncalled bet ($0.01) returned to ZINABRIADO
ZINABRIADO collected $0.03 from pot
*** SUMMARY ***
Total pot $0.03 | Rake $0 
Seat 1: Dorex2007 folded before Flop (didn't bet)
Seat 4: frosa9397 folded before Flop (didn't bet)
Seat 5: Zakeeeu (button) folded before Flop (didn't bet)
Seat 6: Edison427 (small blind) folded before Flop
Seat 7: ZINABRIADO (big blind) collected ($0.03)
Seat 8: kukuvica87 folded before Flop (didn't bet)
Seat 9: I With You folded before Flop (didn't bet)



PokerStars Hand #237168528594:  Hold'em No Limit ($0.01/$0.02 USD) - 2022/07/04 19:58:07 PT [2022/07/04 22:58:07 ET]
Table 'Romilda III' 9-max Seat #6 is the button
Seat 1: Dorex2007 ($2 in chips) 
Seat 4: frosa9397 ($1.99 in chips) 
Seat 5: Zakeeeu ($2.90 in chips) 
Seat 6: Edison427 ($0.94 in chips) 
Seat 7: ZINABRIADO ($4.09 in chips) 
Seat 8: kukuvica87 ($1.91 in chips) 
Seat 9: I With You ($3.32 in chips) 
ZINABRIADO: posts small blind $0.01
kukuvica87: posts big blind $0.02
*** HOLE CARDS ***
Dealt to Dorex2007 [5s 6h]
I With You: calls $0.02
Dorex2007: folds 
frosa9397: folds 
Zakeeeu: raises $0.04 to $0.06
Edison427: folds 
ZINABRIADO: folds 
kukuvica87: raises $0.04 to $0.10
I With You: raises $0.18 to $0.28
Zakeeeu: folds 
kukuvica87: calls $0.18
*** FLOP *** [9h 5h Kc]
kukuvica87: checks 
I With You: bets $0.48
kukuvica87: folds 
Uncalled bet ($0.48) returned to I With You
I With You collected $0.61 from pot
*** SUMMARY ***
Total pot $0.63 | Rake $0.02 
Board [9h 5h Kc]
Seat 1: Dorex2007 folded before Flop (didn't bet)
Seat 4: frosa9397 folded before Flop (didn't bet)
Seat 5: Zakeeeu folded before Flop
Seat 6: Edison427 (button) folded before Flop (didn't bet)
Seat 7: ZINABRIADO (small blind) folded before Flop
Seat 8: kukuvica87 (big blind) folded on the Flop
Seat 9: I With You collected ($0.61)



PokerStars Hand #237168535117:  Hold'em No Limit ($0.01/$0.02 USD) - 2022/07/04 19:58:57 PT [2022/07/04 22:58:57 ET]
Table 'Romilda III' 9-max Seat #7 is the button
Seat 1: Dorex2007 ($2 in chips) 
Seat 4: frosa9397 ($1.99 in chips) 
Seat 5: Zakeeeu ($2.84 in chips) 
Seat 6: Edison427 ($0.94 in chips) 
Seat 7: ZINABRIADO ($4.08 in chips) 
Seat 8: kukuvica87 ($1.63 in chips) 
Seat 9: I With You ($3.65 in chips) 
kukuvica87: posts small blind $0.01
I With You: posts big blind $0.02
*** HOLE CARDS ***
Dealt to Dorex2007 [7c 5c]
Dorex2007: folds 
frosa9397: folds 
Zakeeeu: folds 
Edison427: calls $0.02
ZINABRIADO: folds 
kukuvica87: raises $0.02 to $0.04
I With You: folds 
dlolo30 joins the table at seat #2 
Edison427: calls $0.02
*** FLOP *** [Td 9s 9h]
kukuvica87: checks 
Edison427: bets $0.10
kukuvica87: folds 
Uncalled bet ($0.10) returned to Edison427
Edison427 collected $0.10 from pot
*** SUMMARY ***
Total pot $0.10 | Rake $0 
Board [Td 9s 9h]
Seat 1: Dorex2007 folded before Flop (didn't bet)
Seat 4: frosa9397 folded before Flop (didn't bet)
Seat 5: Zakeeeu folded before Flop (didn't bet)
Seat 6: Edison427 collected ($0.10)
Seat 7: ZINABRIADO (button) folded before Flop (didn't bet)
Seat 8: kukuvica87 (small blind) folded on the Flop
Seat 9: I With You (big blind) folded before Flop



PokerStars Hand #237168543854:  Hold'em No Limit ($0.01/$0.02 USD) - 2022/07/04 20:00:03 PT [2022/07/04 23:00:03 ET]
Table 'Romilda III' 9-max Seat #8 is the button
Seat 1: Dorex2007 ($2 in chips) 
Seat 3: veronica1290 ($0.87 in chips) 
Seat 4: frosa9397 ($1.99 in chips) 
Seat 5: Zakeeeu ($2.84 in chips) 
Seat 6: Edison427 ($1 in chips) 
Seat 7: ZINABRIADO ($4.08 in chips) 
Seat 8: kukuvica87 ($1.59 in chips) 
Seat 9: I With You ($3.63 in chips) 
I With You: posts small blind $0.01
Dorex2007: posts big blind $0.02
dlolo30: sits out 
veronica1290: posts small & big blinds $0.03
*** HOLE CARDS ***
Dealt to Dorex2007 [9d 4d]
veronica1290: checks 
frosa9397: folds 
Zakeeeu: folds 
Edison427: calls $0.02
ZINABRIADO: folds 
kukuvica87: raises $0.04 to $0.06
I With You: folds 
Dorex2007: folds 
veronica1290: folds 
Edison427: calls $0.04
*** FLOP *** [6c Ks Jd]
Edison427: checks 
kukuvica87: bets $0.06
Edison427: folds 
Uncalled bet ($0.06) returned to kukuvica87
kukuvica87 collected $0.17 from pot
*** SUMMARY ***
Total pot $0.18 | Rake $0.01 
Board [6c Ks Jd]
Seat 1: Dorex2007 (big blind) folded before Flop
Seat 3: veronica1290 folded before Flop (didn't bet)
Seat 4: frosa9397 folded before Flop (didn't bet)
Seat 5: Zakeeeu folded before Flop (didn't bet)
Seat 6: Edison427 folded on the Flop
Seat 7: ZINABRIADO folded before Flop (didn't bet)
Seat 8: kukuvica87 (button) collected ($0.17)
Seat 9: I With You (small blind) folded before Flop



PokerStars Hand #237168550142:  Hold'em No Limit ($0.01/$0.02 USD) - 2022/07/04 20:00:48 PT [2022/07/04 23:00:48 ET]
Table 'Romilda III' 9-max Seat #9 is the button
Seat 1: Dorex2007 ($2 in chips) 
Seat 2: dlolo30 ($2 in chips) 
Seat 3: veronica1290 ($0.84 in chips) 
Seat 4: frosa9397 ($1.99 in chips) 
Seat 5: Zakeeeu ($2.84 in chips) 
Seat 6: Edison427 ($0.94 in chips) 
Seat 7: ZINABRIADO ($4.08 in chips) 
Seat 8: kukuvica87 ($1.70 in chips) 
Seat 9: I With You ($3.62 in chips) 
Dorex2007: posts small blind $0.01
dlolo30: posts big blind $0.02
*** HOLE CARDS ***
Dealt to Dorex2007 [6c Jc]
veronica1290: folds 
frosa9397: folds 
Zakeeeu: folds 
Edison427: calls $0.02
ZINABRIADO: folds 
kukuvica87: calls $0.02
I With You: folds 
Dorex2007: folds 
dlolo30: checks 
*** FLOP *** [6d 9c Jd]
dlolo30: bets $0.04
Edison427: calls $0.04
kukuvica87: folds 
*** TURN *** [6d 9c Jd] [6s]
dlolo30: bets $0.08
Edison427: folds 
Uncalled bet ($0.08) returned to dlolo30
dlolo30 collected $0.14 from pot
*** SUMMARY ***
Total pot $0.15 | Rake $0.01 
Board [6d 9c Jd 6s]
Seat 1: Dorex2007 (small blind) folded before Flop
Seat 2: dlolo30 (big blind) collected ($0.14)
Seat 3: veronica1290 folded before Flop (didn't bet)
Seat 4: frosa9397 folded before Flop (didn't bet)
Seat 5: Zakeeeu folded before Flop (didn't bet)
Seat 6: Edison427 folded on the Turn
Seat 7: ZINABRIADO folded before Flop (didn't bet)
Seat 8: kukuvica87 folded on the Flop
Seat 9: I With You (button) folded before Flop (didn't bet)



PokerStars Hand #237168558844:  Hold'em No Limit ($0.01/$0.02 USD) - 2022/07/04 20:01:47 PT [2022/07/04 23:01:47 ET]
Table 'Romilda III' 9-max Seat #1 is the button
Seat 1: Dorex2007 ($2 in chips) 
Seat 2: dlolo30 ($2.08 in chips) 
Seat 3: veronica1290 ($0.84 in chips) 
Seat 4: frosa9397 ($1.99 in chips) 
Seat 5: Zakeeeu ($2.84 in chips) 
Seat 6: Edison427 ($0.88 in chips) 
Seat 8: kukuvica87 ($1.68 in chips) 
Seat 9: I With You ($3.62 in chips) 
dlolo30: posts small blind $0.01
veronica1290: posts big blind $0.02
*** HOLE CARDS ***
Dealt to Dorex2007 [2c 3c]
frosa9397: folds 
Zakeeeu: folds 
Edison427: calls $0.02
kukuvica87: raises $0.02 to $0.04
I With You: folds 
Dorex2007: calls $0.04
dlolo30: folds 
veronica1290: calls $0.02
Edison427: calls $0.02
*** FLOP *** [Qc 2h 6h]
veronica1290: checks 
Edison427: bets $0.16
kukuvica87: folds 
Dorex2007: folds 
veronica1290: folds 
Uncalled bet ($0.16) returned to Edison427
Edison427 collected $0.16 from pot
*** SUMMARY ***
Total pot $0.17 | Rake $0.01 
Board [Qc 2h 6h]
Seat 1: Dorex2007 (button) folded on the Flop
Seat 2: dlolo30 (small blind) folded before Flop
Seat 3: veronica1290 (big blind) folded on the Flop
Seat 4: frosa9397 folded before Flop (didn't bet)
Seat 5: Zakeeeu folded before Flop (didn't bet)
Seat 6: Edison427 collected ($0.16)
Seat 8: kukuvica87 folded on the Flop
Seat 9: I With You folded before Flop (didn't bet)



PokerStars Hand #237168574941:  Hold'em No Limit ($0.01/$0.02 USD) - 2022/07/04 20:02:33 PT [2022/07/04 23:02:33 ET]
Table 'Romilda III' 9-max Seat #2 is the button
Seat 1: Dorex2007 ($2 in chips) 
Seat 2: dlolo30 ($2.07 in chips) 
Seat 3: veronica1290 ($0.80 in chips) 
Seat 4: frosa9397 ($1.99 in chips) 
Seat 5: Zakeeeu ($2.84 in chips) 
Seat 6: Edison427 ($1 in chips) 
Seat 8: kukuvica87 ($1.64 in chips) 
Seat 9: I With You ($3.62 in chips) 
veronica1290: posts small blind $0.01
frosa9397: posts big blind $0.02
*** HOLE CARDS ***
Dealt to Dorex2007 [7c Jc]
Zakeeeu: folds 
Edison427: calls $0.02
kukuvica87: raises $0.02 to $0.04
I With You: folds 
Dorex2007: folds 
dlolo30: folds 
veronica1290: folds 
frosa9397: calls $0.02
Edison427: calls $0.02
*** FLOP *** [5d 2c 2s]
frosa9397: checks 
Edison427: checks 
kukuvica87: bets $0.04
frosa9397: folds 
Edison427: folds 
Uncalled bet ($0.04) returned to kukuvica87
kukuvica87 collected $0.13 from pot
*** SUMMARY ***
Total pot $0.13 | Rake $0 
Board [5d 2c 2s]
Seat 1: Dorex2007 folded before Flop (didn't bet)
Seat 2: dlolo30 (button) folded before Flop (didn't bet)
Seat 3: veronica1290 (small blind) folded before Flop
Seat 4: frosa9397 (big blind) folded on the Flop
Seat 5: Zakeeeu folded before Flop (didn't bet)
Seat 6: Edison427 folded on the Flop
Seat 8: kukuvica87 collected ($0.13)
Seat 9: I With You folded before Flop (didn't bet)



PokerStars Hand #237168583526:  Hold'em No Limit ($0.01/$0.02 USD) - 2022/07/04 20:03:30 PT [2022/07/04 23:03:30 ET]
Table 'Romilda III' 9-max Seat #3 is the button
Seat 1: Dorex2007 ($2 in chips) 
Seat 2: dlolo30 ($2.07 in chips) 
Seat 3: veronica1290 ($0.79 in chips) 
Seat 4: frosa9397 ($1.95 in chips) 
Seat 5: Zakeeeu ($2.84 in chips) 
Seat 6: Edison427 ($0.96 in chips) 
Seat 8: kukuvica87 ($1.73 in chips) 
Seat 9: I With You ($3.62 in chips) 
frosa9397: posts small blind $0.01
Zakeeeu: posts big blind $0.02
*** HOLE CARDS ***
Dealt to Dorex2007 [Qs Kd]
Edison427: folds 
kukuvica87: raises $0.04 to $0.06
I With You: folds 
Dorex2007: calls $0.06
dlolo30: folds 
veronica1290: folds 
frosa9397: folds 
Zakeeeu: calls $0.04
*** FLOP *** [9c 8s 6d]
Zakeeeu: checks 
kukuvica87: bets $0.02
Dorex2007: calls $0.02
Zakeeeu: raises $0.12 to $0.14
kukuvica87: folds 
Dorex2007: folds 
Uncalled bet ($0.12) returned to Zakeeeu
Zakeeeu collected $0.24 from pot
*** SUMMARY ***
Total pot $0.25 | Rake $0.01 
Board [9c 8s 6d]
Seat 1: Dorex2007 folded on the Flop
Seat 2: dlolo30 folded before Flop (didn't bet)
Seat 3: veronica1290 (button) folded before Flop (didn't bet)
Seat 4: frosa9397 (small blind) folded before Flop
Seat 5: Zakeeeu (big blind) collected ($0.24)
Seat 6: Edison427 folded before Flop (didn't bet)
Seat 8: kukuvica87 folded on the Flop
Seat 9: I With You folded before Flop (didn't bet)



PokerStars Hand #237168589884:  Hold'em No Limit ($0.01/$0.02 USD) - 2022/07/04 20:04:13 PT [2022/07/04 23:04:13 ET]
Table 'Romilda III' 9-max Seat #4 is the button
Seat 1: Dorex2007 ($2 in chips) 
Seat 2: dlolo30 ($2.07 in chips) 
Seat 3: veronica1290 ($0.79 in chips) 
Seat 4: frosa9397 ($1.94 in chips) 
Seat 5: Zakeeeu ($3 in chips) 
Seat 6: Edison427 ($0.96 in chips) 
Seat 7: ZINABRIADO ($4.08 in chips) 
Seat 8: kukuvica87 ($1.65 in chips) 
Seat 9: I With You ($3.62 in chips) 
Zakeeeu: posts small blind $0.01
Edison427: posts big blind $0.02
*** HOLE CARDS ***
Dealt to Dorex2007 [5h 8h]
ZINABRIADO: folds 
kukuvica87: raises $0.02 to $0.04
I With You has timed out
I With You: folds 
Dorex2007: folds 
dlolo30: folds 
veronica1290: folds 
I With You is disconnected 
frosa9397: calls $0.04
Zakeeeu: calls $0.03
Edison427: calls $0.02
*** FLOP *** [7h 8d 3d]
Zakeeeu: checks 
Edison427: checks 
kukuvica87: bets $0.08
frosa9397: folds 
Zakeeeu: calls $0.08
Edison427: folds 
*** TURN *** [7h 8d 3d] [Qc]
Zakeeeu: checks 
kukuvica87: bets $0.04
Zakeeeu: calls $0.04
*** RIVER *** [7h 8d 3d Qc] [4d]
Zakeeeu: checks 
kukuvica87: bets $0.08
Zakeeeu: folds 
Uncalled bet ($0.08) returned to kukuvica87
kukuvica87 collected $0.39 from pot
*** SUMMARY ***
Total pot $0.40 | Rake $0.01 
Board [7h 8d 3d Qc 4d]
Seat 1: Dorex2007 folded before Flop (didn't bet)
Seat 2: dlolo30 folded before Flop (didn't bet)
Seat 3: veronica1290 folded before Flop (didn't bet)
Seat 4: frosa9397 (button) folded on the Flop
Seat 5: Zakeeeu (small blind) folded on the River
Seat 6: Edison427 (big blind) folded on the Flop
Seat 7: ZINABRIADO folded before Flop (didn't bet)
Seat 8: kukuvica87 collected ($0.39)
Seat 9: I With You folded before Flop (didn't bet)



PokerStars Hand #237168604342:  Hold'em No Limit ($0.01/$0.02 USD) - 2022/07/04 20:05:50 PT [2022/07/04 23:05:50 ET]
Table 'Romilda III' 9-max Seat #5 is the button
Seat 1: Dorex2007 ($2 in chips) 
Seat 2: dlolo30 ($2.07 in chips) 
Seat 3: veronica1290 ($0.79 in chips) 
Seat 4: frosa9397 ($1.90 in chips) 
Seat 5: Zakeeeu ($2.84 in chips) 
Seat 6: Edison427 ($0.92 in chips) 
Seat 7: ZINABRIADO ($4.08 in chips) 
Seat 8: kukuvica87 ($1.88 in chips) 
Edison427: posts small blind $0.01
ZINABRIADO: posts big blind $0.02
*** HOLE CARDS ***
Dealt to Dorex2007 [Tc 9c]
kukuvica87: folds 
Dorex2007: raises $0.02 to $0.04
dlolo30: calls $0.04
veronica1290: folds 
frosa9397: folds 
Zakeeeu: folds 
Edison427: folds 
ZINABRIADO: folds 
*** FLOP *** [5d 2h 4s]
Dorex2007: checks 
dlolo30: bets $0.05
Dorex2007: folds 
Uncalled bet ($0.05) returned to dlolo30
dlolo30 collected $0.11 from pot
*** SUMMARY ***
Total pot $0.11 | Rake $0 
Board [5d 2h 4s]
Seat 1: Dorex2007 folded on the Flop
Seat 2: dlolo30 collected ($0.11)
Seat 3: veronica1290 folded before Flop (didn't bet)
Seat 4: frosa9397 folded before Flop (didn't bet)
Seat 5: Zakeeeu (button) folded before Flop (didn't bet)
Seat 6: Edison427 (small blind) folded before Flop
Seat 7: ZINABRIADO (big blind) folded before Flop
Seat 8: kukuvica87 folded before Flop (didn't bet)



PokerStars Hand #237168609367:  Hold'em No Limit ($0.01/$0.02 USD) - 2022/07/04 20:06:23 PT [2022/07/04 23:06:23 ET]
Table 'Romilda III' 9-max Seat #6 is the button
Seat 1: Dorex2007 ($2 in chips) 
Seat 2: dlolo30 ($2.14 in chips) 
Seat 3: veronica1290 ($0.79 in chips) 
Seat 4: frosa9397 ($1.90 in chips) 
Seat 5: Zakeeeu ($2.84 in chips) 
Seat 6: Edison427 ($0.91 in chips) 
Seat 7: ZINABRIADO ($4.06 in chips) 
Seat 8: kukuvica87 ($1.88 in chips) 
ZINABRIADO: posts small blind $0.01
kukuvica87: posts big blind $0.02
*** HOLE CARDS ***
Dealt to Dorex2007 [Qc Th]
Dorex2007: folds 
dlolo30: folds 
veronica1290: folds 
frosa9397: folds 
Zakeeeu: folds 
Edison427: folds 
Edison427 leaves the table
ZINABRIADO: calls $0.01
kukuvica87: raises $0.06 to $0.08
ZINABRIADO: folds 
Uncalled bet ($0.06) returned to kukuvica87
kukuvica87 collected $0.04 from pot
*** SUMMARY ***
Total pot $0.04 | Rake $0 
Seat 1: Dorex2007 folded before Flop (didn't bet)
Seat 2: dlolo30 folded before Flop (didn't bet)
Seat 3: veronica1290 folded before Flop (didn't bet)
Seat 4: frosa9397 folded before Flop (didn't bet)
Seat 5: Zakeeeu folded before Flop (didn't bet)
Seat 6: Edison427 (button) folded before Flop (didn't bet)
Seat 7: ZINABRIADO (small blind) folded before Flop
Seat 8: kukuvica87 (big blind) collected ($0.04)



PokerStars Hand #237168623147:  Hold'em No Limit ($0.01/$0.02 USD) - 2022/07/04 20:06:54 PT [2022/07/04 23:06:54 ET]
Table 'Romilda III' 9-max Seat #7 is the button
Seat 1: Dorex2007 ($2 in chips) 
Seat 2: dlolo30 ($2.14 in chips) 
Seat 3: veronica1290 ($0.79 in chips) 
Seat 4: frosa9397 ($1.90 in chips) 
Seat 5: Zakeeeu ($2.84 in chips) 
Seat 7: ZINABRIADO ($4.04 in chips) 
Seat 8: kukuvica87 ($1.90 in chips) 
kukuvica87: posts small blind $0.01
Dorex2007: posts big blind $0.02
*** HOLE CARDS ***
Dealt to Dorex2007 [4d 9s]
dlolo30: folds 
veronica1290: folds 
frosa9397: folds 
Zakeeeu: folds 
ZINABRIADO: raises $0.02 to $0.04
kukuvica87: raises $0.02 to $0.06
Dorex2007: folds 
ZINABRIADO: calls $0.02
*** FLOP *** [Jh Qd 6c]
kukuvica87: bets $0.06
ZINABRIADO: folds 
Uncalled bet ($0.06) returned to kukuvica87
kukuvica87 collected $0.14 from pot
*** SUMMARY ***
Total pot $0.14 | Rake $0 
Board [Jh Qd 6c]
Seat 1: Dorex2007 (big blind) folded before Flop
Seat 2: dlolo30 folded before Flop (didn't bet)
Seat 3: veronica1290 folded before Flop (didn't bet)
Seat 4: frosa9397 folded before Flop (didn't bet)
Seat 5: Zakeeeu folded before Flop (didn't bet)
Seat 7: ZINABRIADO (button) folded on the Flop
Seat 8: kukuvica87 (small blind) collected ($0.14)



PokerStars Hand #237168629835:  Hold'em No Limit ($0.01/$0.02 USD) - 2022/07/04 20:07:39 PT [2022/07/04 23:07:39 ET]
Table 'Romilda III' 9-max Seat #8 is the button
Seat 1: Dorex2007 ($2 in chips) 
Seat 2: dlolo30 ($2.14 in chips) 
Seat 3: veronica1290 ($0.79 in chips) 
Seat 4: frosa9397 ($1.90 in chips) 
Seat 5: Zakeeeu ($2.84 in chips) 
Seat 7: ZINABRIADO ($3.98 in chips) 
Seat 8: kukuvica87 ($1.98 in chips) 
Dorex2007: posts small blind $0.01
dlolo30: posts big blind $0.02
*** HOLE CARDS ***
Dealt to Dorex2007 [As 4s]
veronica1290: folds 
frosa9397: folds 
Zakeeeu: folds 
ZINABRIADO: folds 
kukuvica87: folds 
Dorex2007: raises $0.02 to $0.04
dlolo30: folds 
Uncalled bet ($0.02) returned to Dorex2007
Dorex2007 collected $0.04 from pot
*** SUMMARY ***
Total pot $0.04 | Rake $0 
Seat 1: Dorex2007 (small blind) collected ($0.04)
Seat 2: dlolo30 (big blind) folded before Flop
Seat 3: veronica1290 folded before Flop (didn't bet)
Seat 4: frosa9397 folded before Flop (didn't bet)
Seat 5: Zakeeeu folded before Flop (didn't bet)
Seat 7: ZINABRIADO folded before Flop (didn't bet)
Seat 8: kukuvica87 (button) folded before Flop (didn't bet)



PokerStars Hand #237168633250:  Hold'em No Limit ($0.01/$0.02 USD) - 2022/07/04 20:08:01 PT [2022/07/04 23:08:01 ET]
Table 'Romilda III' 9-max Seat #1 is the button
Seat 1: Dorex2007 ($2.02 in chips) 
Seat 2: dlolo30 ($2.12 in chips) 
Seat 3: veronica1290 ($0.79 in chips) 
Seat 4: frosa9397 ($1.90 in chips) 
Seat 5: Zakeeeu ($2.84 in chips) 
Seat 7: ZINABRIADO ($3.98 in chips) 
Seat 8: kukuvica87 ($1.98 in chips) 
dlolo30: posts small blind $0.01
veronica1290: posts big blind $0.02
*** HOLE CARDS ***
Dealt to Dorex2007 [8d 4s]
frosa9397: folds 
Zakeeeu: folds 
ZINABRIADO: raises $0.02 to $0.04
kukuvica87: raises $0.02 to $0.06
Dorex2007: folds 
dlolo30: folds 
veronica1290: folds 
ZINABRIADO: calls $0.02
*** FLOP *** [Ad Qc 3c]
ZINABRIADO: checks 
kukuvica87: bets $0.06
ZINABRIADO: folds 
Uncalled bet ($0.06) returned to kukuvica87
kukuvica87 collected $0.14 from pot
*** SUMMARY ***
Total pot $0.15 | Rake $0.01 
Board [Ad Qc 3c]
Seat 1: Dorex2007 (button) folded before Flop (didn't bet)
Seat 2: dlolo30 (small blind) folded before Flop
Seat 3: veronica1290 (big blind) folded before Flop
Seat 4: frosa9397 folded before Flop (didn't bet)
Seat 5: Zakeeeu folded before Flop (didn't bet)
Seat 7: ZINABRIADO folded on the Flop
Seat 8: kukuvica87 collected ($0.14)



PokerStars Hand #237168638136:  Hold'em No Limit ($0.01/$0.02 USD) - 2022/07/04 20:08:34 PT [2022/07/04 23:08:34 ET]
Table 'Romilda III' 9-max Seat #2 is the button
Seat 1: Dorex2007 ($2.02 in chips) 
Seat 2: dlolo30 ($2.11 in chips) 
Seat 3: veronica1290 ($0.77 in chips) 
Seat 4: frosa9397 ($1.90 in chips) 
Seat 5: Zakeeeu ($2.84 in chips) 
Seat 7: ZINABRIADO ($3.92 in chips) 
Seat 8: kukuvica87 ($2.06 in chips) 
veronica1290: posts small blind $0.01
frosa9397: posts big blind $0.02
*** HOLE CARDS ***
Dealt to Dorex2007 [2c Jd]
Zakeeeu: raises $0.04 to $0.06
ZINABRIADO: folds 
kukuvica87: calls $0.06
Dorex2007: folds 
dlolo30: folds 
veronica1290: folds 
frosa9397: calls $0.04
*** FLOP *** [6s Ts Ac]
frosa9397: checks 
Zakeeeu: bets $0.12
kukuvica87: raises $0.12 to $0.24
frosa9397: folds 
Zakeeeu: calls $0.12
*** TURN *** [6s Ts Ac] [4d]
Zakeeeu: checks 
I With You leaves the table
kukuvica87: bets $0.08
Zakeeeu: calls $0.08
*** RIVER *** [6s Ts Ac 4d] [3h]
Zakeeeu: checks 
kukuvica87: bets $0.12
Zakeeeu: raises $0.24 to $0.36
kukuvica87: calls $0.24
*** SHOW DOWN ***
Zakeeeu: shows [Kd Ad] (a pair of Aces)
kukuvica87: shows [6d Td] (two pair, Tens and Sixes)
kukuvica87 collected $1.50 from pot
*** SUMMARY ***
Total pot $1.55 | Rake $0.05 
Board [6s Ts Ac 4d 3h]
Seat 1: Dorex2007 folded before Flop (didn't bet)
Seat 2: dlolo30 (button) folded before Flop (didn't bet)
Seat 3: veronica1290 (small blind) folded before Flop
Seat 4: frosa9397 (big blind) folded on the Flop
Seat 5: Zakeeeu showed [Kd Ad] and lost with a pair of Aces
Seat 7: ZINABRIADO folded before Flop (didn't bet)
Seat 8: kukuvica87 showed [6d Td] and won ($1.50) with two pair, Tens and Sixes



PokerStars Hand #237168645902:  Hold'em No Limit ($0.01/$0.02 USD) - 2022/07/04 20:09:26 PT [2022/07/04 23:09:26 ET]
Table 'Romilda III' 9-max Seat #3 is the button
Seat 1: Dorex2007 ($2.02 in chips) 
Seat 2: dlolo30 ($2.11 in chips) 
Seat 3: veronica1290 ($0.76 in chips) 
Seat 4: frosa9397 ($1.84 in chips) 
Seat 5: Zakeeeu ($2.10 in chips) 
Seat 7: ZINABRIADO ($3.92 in chips) 
Seat 8: kukuvica87 ($2.82 in chips) 
frosa9397: posts small blind $0.01
Zakeeeu: posts big blind $0.02
*** HOLE CARDS ***
Dealt to Dorex2007 [Qd 7d]
ZINABRIADO: folds 
kukuvica87: folds 
Dorex2007: folds 
dlolo30: folds 
veronica1290: folds 
frosa9397: calls $0.01
kukuvica87 leaves the table
Zakeeeu: raises $0.04 to $0.06
frosa9397: folds 
Uncalled bet ($0.04) returned to Zakeeeu
Zakeeeu collected $0.04 from pot
*** SUMMARY ***
Total pot $0.04 | Rake $0 
Seat 1: Dorex2007 folded before Flop (didn't bet)
Seat 2: dlolo30 folded before Flop (didn't bet)
Seat 3: veronica1290 (button) folded before Flop (didn't bet)
Seat 4: frosa9397 (small blind) folded before Flop
Seat 5: Zakeeeu (big blind) collected ($0.04)
Seat 7: ZINABRIADO folded before Flop (didn't bet)
Seat 8: kukuvica87 folded before Flop (didn't bet)



PokerStars Hand #237168650282:  Hold'em No Limit ($0.01/$0.02 USD) - 2022/07/04 20:09:56 PT [2022/07/04 23:09:56 ET]
Table 'Romilda III' 9-max Seat #4 is the button
Seat 1: Dorex2007 ($2.02 in chips) 
Seat 2: dlolo30 ($2.11 in chips) 
Seat 3: veronica1290 ($0.76 in chips) 
Seat 4: frosa9397 ($1.82 in chips) 
Seat 5: Zakeeeu ($2.12 in chips) 
Seat 7: ZINABRIADO ($3.92 in chips) 
Zakeeeu: posts small blind $0.01
ZINABRIADO: posts big blind $0.02
*** HOLE CARDS ***
Dealt to Dorex2007 [3s 4c]
Dorex2007: folds 
dlolo30: folds 
veronica1290: calls $0.02
frosa9397: folds 
Zakeeeu: raises $0.04 to $0.06
ZINABRIADO: folds 
veronica1290: calls $0.04
*** FLOP *** [2d 3c 2c]
Zakeeeu: bets $0.07
ZINABRIADO leaves the table
veronica1290: calls $0.07
*** TURN *** [2d 3c 2c] [7d]
Zakeeeu: checks 
veronica1290: checks 
*** RIVER *** [2d 3c 2c 7d] [Kh]
Zakeeeu: bets $0.18
veronica1290: folds 
Uncalled bet ($0.18) returned to Zakeeeu
Zakeeeu collected $0.27 from pot
*** SUMMARY ***
Total pot $0.28 | Rake $0.01 
Board [2d 3c 2c 7d Kh]
Seat 1: Dorex2007 folded before Flop (didn't bet)
Seat 2: dlolo30 folded before Flop (didn't bet)
Seat 3: veronica1290 folded on the River
Seat 4: frosa9397 (button) folded before Flop (didn't bet)
Seat 5: Zakeeeu (small blind) collected ($0.27)
Seat 7: ZINABRIADO (big blind) folded before Flop



PokerStars Hand #237168657110:  Hold'em No Limit ($0.01/$0.02 USD) - 2022/07/04 20:10:43 PT [2022/07/04 23:10:43 ET]
Table 'Romilda III' 9-max Seat #5 is the button
Seat 1: Dorex2007 ($2.02 in chips) 
Seat 2: dlolo30 ($2.11 in chips) 
Seat 3: veronica1290 ($0.63 in chips) 
Seat 4: frosa9397 ($1.82 in chips) 
Seat 5: Zakeeeu ($2.26 in chips) 
Dorex2007: posts small blind $0.01
dlolo30: posts big blind $0.02
*** HOLE CARDS ***
Dealt to Dorex2007 [7s 2h]
veronica1290: folds 
frosa9397: folds 
Zakeeeu: raises $0.04 to $0.06
Dorex2007: folds 
dlolo30: calls $0.04
*** FLOP *** [8c Th Ah]
dlolo30: checks 
Zakeeeu: checks 
*** TURN *** [8c Th Ah] [Ts]
dlolo30: checks 
Zakeeeu: checks 
*** RIVER *** [8c Th Ah Ts] [3h]
dlolo30: checks 
Zakeeeu: checks 
*** SHOW DOWN ***
dlolo30: shows [As 4s] (two pair, Aces and Tens)
Zakeeeu: mucks hand 
dlolo30 collected $0.13 from pot
*** SUMMARY ***
Total pot $0.13 | Rake $0 
Board [8c Th Ah Ts 3h]
Seat 1: Dorex2007 (small blind) folded before Flop
Seat 2: dlolo30 (big blind) showed [As 4s] and won ($0.13) with two pair, Aces and Tens
Seat 3: veronica1290 folded before Flop (didn't bet)
Seat 4: frosa9397 folded before Flop (didn't bet)
Seat 5: Zakeeeu (button) mucked [2c 6c]



PokerStars Hand #237168662759:  Hold'em No Limit ($0.01/$0.02 USD) - 2022/07/04 20:11:21 PT [2022/07/04 23:11:21 ET]
Table 'Romilda III' 9-max Seat #1 is the button
Seat 1: Dorex2007 ($2.01 in chips) 
Seat 2: dlolo30 ($2.18 in chips) 
Seat 3: veronica1290 ($0.63 in chips) 
Seat 4: frosa9397 ($1.82 in chips) 
Seat 5: Zakeeeu ($2.20 in chips) 
dlolo30: posts small blind $0.01
veronica1290: posts big blind $0.02
*** HOLE CARDS ***
Dealt to Dorex2007 [7d 5c]
frosa9397: folds 
Zakeeeu: calls $0.02
Dorex2007: folds 
dlolo30: folds 
veronica1290: checks 
*** FLOP *** [3s 7s Qs]
veronica1290: folds 
veronica1290 leaves the table
Zakeeeu collected $0.05 from pot
*** SUMMARY ***
Total pot $0.05 | Rake $0 
Board [3s 7s Qs]
Seat 1: Dorex2007 (button) folded before Flop (didn't bet)
Seat 2: dlolo30 (small blind) folded before Flop
Seat 3: veronica1290 (big blind) folded on the Flop
Seat 4: frosa9397 folded before Flop (didn't bet)
Seat 5: Zakeeeu collected ($0.05)



PokerStars Hand #237168664908:  Hold'em No Limit ($0.01/$0.02 USD) - 2022/07/04 20:11:36 PT [2022/07/04 23:11:36 ET]
Table 'Romilda III' 9-max Seat #2 is the button
Seat 1: Dorex2007 ($2.01 in chips) 
Seat 2: dlolo30 ($2.17 in chips) 
Seat 4: frosa9397 ($1.82 in chips) 
Seat 5: Zakeeeu ($2.23 in chips) 
frosa9397: posts small blind $0.01
Zakeeeu: posts big blind $0.02
*** HOLE CARDS ***
Dealt to Dorex2007 [Th 4h]
Dorex2007: folds 
dlolo30: folds 
frosa9397: folds 
Uncalled bet ($0.01) returned to Zakeeeu
Zakeeeu collected $0.02 from pot
*** SUMMARY ***
Total pot $0.02 | Rake $0 
Seat 1: Dorex2007 folded before Flop (didn't bet)
Seat 2: dlolo30 (button) folded before Flop (didn't bet)
Seat 4: frosa9397 (small blind) folded before Flop
Seat 5: Zakeeeu (big blind) collected ($0.02)



PokerStars Hand #237168666998:  Hold'em No Limit ($0.01/$0.02 USD) - 2022/07/04 20:11:50 PT [2022/07/04 23:11:50 ET]
Table 'Romilda III' 9-max Seat #4 is the button
Seat 1: Dorex2007 ($2.01 in chips) 
Seat 2: dlolo30 ($2.17 in chips) 
Seat 4: frosa9397 ($1.81 in chips) 
Seat 5: Zakeeeu ($2.24 in chips) 
Zakeeeu: posts small blind $0.01
Dorex2007: posts big blind $0.02
*** HOLE CARDS ***
Dealt to Dorex2007 [6h 8s]
dlolo30: folds 
frosa9397: folds 
Zakeeeu: calls $0.01
Dorex2007: checks 
*** FLOP *** [3h 6c 8h]
Zakeeeu: checks 
Dorex2007: bets $0.10
Zakeeeu: raises $0.10 to $0.20
Dorex2007: raises $0.20 to $0.40
Zakeeeu: calls $0.20
*** TURN *** [3h 6c 8h] [2h]
Zakeeeu: checks 
Dorex2007: bets $0.40
Zakeeeu: calls $0.40
*** RIVER *** [3h 6c 8h 2h] [2c]
Zakeeeu: bets $1.20
Dorex2007: folds 
Uncalled bet ($1.20) returned to Zakeeeu
Zakeeeu collected $1.58 from pot
*** SUMMARY ***
Total pot $1.64 | Rake $0.06 
Board [3h 6c 8h 2h 2c]
Seat 1: Dorex2007 (big blind) folded on the River
Seat 2: dlolo30 folded before Flop (didn't bet)
Seat 4: frosa9397 (button) folded before Flop (didn't bet)
Seat 5: Zakeeeu (small blind) collected ($1.58)



PokerStars Hand #237168689796:  Hold'em No Limit ($0.01/$0.02 USD) - 2022/07/04 20:13:35 PT [2022/07/04 23:13:35 ET]
Table 'Romilda III' 9-max Seat #5 is the button
Seat 1: Dorex2007 ($2 in chips) 
Seat 2: dlolo30 ($2.17 in chips) 
Seat 4: frosa9397 ($1.81 in chips) 
Seat 5: Zakeeeu ($3 in chips) 
Dorex2007: posts small blind $0.01
dlolo30: posts big blind $0.02
*** HOLE CARDS ***
Dealt to Dorex2007 [Td 4h]
frosa9397: folds 
Zakeeeu: raises $0.04 to $0.06
Dorex2007: folds 
dlolo30: folds 
Uncalled bet ($0.04) returned to Zakeeeu
Zakeeeu collected $0.05 from pot
*** SUMMARY ***
Total pot $0.05 | Rake $0 
Seat 1: Dorex2007 (small blind) folded before Flop
Seat 2: dlolo30 (big blind) folded before Flop
Seat 4: frosa9397 folded before Flop (didn't bet)
Seat 5: Zakeeeu (button) collected ($0.05)



PokerStars Hand #237168694283:  Hold'em No Limit ($0.01/$0.02 USD) - 2022/07/04 20:14:06 PT [2022/07/04 23:14:06 ET]
Table 'Romilda III' 9-max Seat #1 is the button
Seat 1: Dorex2007 ($2 in chips) 
Seat 2: dlolo30 ($2.15 in chips) 
Seat 5: Zakeeeu ($3.03 in chips) 
dlolo30: posts small blind $0.01
frosa9397: is sitting out 
Zakeeeu: posts big blind $0.02
*** HOLE CARDS ***
Dealt to Dorex2007 [Kc Qh]
Dorex2007: raises $0.04 to $0.06
dlolo30: folds 
Zakeeeu: folds 
Uncalled bet ($0.04) returned to Dorex2007
Dorex2007 collected $0.05 from pot
*** SUMMARY ***
Total pot $0.05 | Rake $0 
Seat 1: Dorex2007 (button) collected ($0.05)
Seat 2: dlolo30 (small blind) folded before Flop
Seat 5: Zakeeeu (big blind) folded before Flop



PokerStars Hand #237168695625:  Hold'em No Limit ($0.01/$0.02 USD) - 2022/07/04 20:14:15 PT [2022/07/04 23:14:15 ET]
Table 'Romilda III' 9-max Seat #2 is the button
Seat 1: Dorex2007 ($2.03 in chips) 
Seat 2: dlolo30 ($2.14 in chips) 
Seat 5: Zakeeeu ($3.01 in chips) 
Zakeeeu: posts small blind $0.01
Dorex2007: posts big blind $0.02
*** HOLE CARDS ***
Dealt to Dorex2007 [Qs Js]
dlolo30: folds 
dlolo30 leaves the table
Zakeeeu: folds 
Uncalled bet ($0.01) returned to Dorex2007
Dorex2007 collected $0.02 from pot
*** SUMMARY ***
Total pot $0.02 | Rake $0 
Seat 1: Dorex2007 (big blind) collected ($0.02)
Seat 2: dlolo30 (button) folded before Flop (didn't bet)
Seat 5: Zakeeeu (small blind) folded before Flop



