PokerStars Hand #230364341343:  Hold'em No Limit ($0.01/$0.02 USD) - 2021/10/04 21:00:22 PT [2021/10/05 0:00:22 ET]
Table 'Amanda' 9-max Seat #2 is the button
Seat 1: dmcrbr ($3.48 in chips) 
Seat 2: H4RDC0R3_Cdn ($3.84 in chips) 
Seat 3: geniuss ($2.53 in chips) 
Seat 4: RAZOR1956 ($2.61 in chips) 
Seat 5: jumpturn ($3.61 in chips) 
Seat 6: Dorex2007 ($5.07 in chips) 
Seat 7: mous1030 ($0.78 in chips) 
Seat 8: Chumargez ($2 in chips) 
Seat 9: artem91sved ($1.87 in chips) 
geniuss: posts small blind $0.01
RAZOR1956: posts big blind $0.02
*** HOLE CARDS ***
Dealt to Dorex2007 [9h 8s]
jumpturn: folds 
Dorex2007: folds 
mous1030: folds 
Chumargez: folds 
artem91sved: calls $0.02
dmcrbr: folds 
H4RDC0R3_Cdn: folds 
geniuss: folds 
RAZOR1956: checks 
*** FLOP *** [7h 9s 3h]
RAZOR1956: checks 
artem91sved: checks 
*** TURN *** [7h 9s 3h] [Qs]
RAZOR1956: checks 
artem91sved: bets $0.02
RAZOR1956: calls $0.02
*** RIVER *** [7h 9s 3h Qs] [7c]
RAZOR1956: checks 
artem91sved: checks 
*** SHOW DOWN ***
RAZOR1956: shows [4c 9c] (two pair, Nines and Sevens)
artem91sved: mucks hand 
RAZOR1956 collected $0.09 from pot
*** SUMMARY ***
Total pot $0.09 | Rake $0 
Board [7h 9s 3h Qs 7c]
Seat 1: dmcrbr folded before Flop (didn't bet)
Seat 2: H4RDC0R3_Cdn (button) folded before Flop (didn't bet)
Seat 3: geniuss (small blind) folded before Flop
Seat 4: RAZOR1956 (big blind) showed [4c 9c] and won ($0.09) with two pair, Nines and Sevens
Seat 5: jumpturn folded before Flop (didn't bet)
Seat 6: Dorex2007 folded before Flop (didn't bet)
Seat 7: mous1030 folded before Flop (didn't bet)
Seat 8: Chumargez folded before Flop (didn't bet)
Seat 9: artem91sved mucked [Ks 6s]



PokerStars Hand #230364345821:  Hold'em No Limit ($0.01/$0.02 USD) - 2021/10/04 21:00:54 PT [2021/10/05 0:00:54 ET]
Table 'Amanda' 9-max Seat #3 is the button
Seat 1: dmcrbr ($3.48 in chips) 
Seat 2: H4RDC0R3_Cdn ($3.84 in chips) 
Seat 3: geniuss ($2.52 in chips) 
Seat 4: RAZOR1956 ($2.66 in chips) 
Seat 5: jumpturn ($3.61 in chips) 
Seat 6: Dorex2007 ($5.07 in chips) 
Seat 7: mous1030 ($0.78 in chips) 
Seat 8: Chumargez ($2 in chips) 
Seat 9: artem91sved ($1.83 in chips) 
RAZOR1956: posts small blind $0.01
jumpturn: posts big blind $0.02
*** HOLE CARDS ***
Dealt to Dorex2007 [9d Ad]
Dorex2007: raises $0.04 to $0.06
mous1030: folds 
Chumargez: folds 
artem91sved: calls $0.06
dmcrbr: folds 
H4RDC0R3_Cdn: folds 
geniuss: folds 
RAZOR1956: folds 
jumpturn: folds 
*** FLOP *** [2s 4s 6c]
Dorex2007: checks 
jumpturn leaves the table
artem91sved: checks 
*** TURN *** [2s 4s 6c] [Ah]
Dorex2007: checks 
Camezzz joins the table at seat #5 
artem91sved: bets $0.16
Dorex2007: raises $0.32 to $0.48
artem91sved: calls $0.32
*** RIVER *** [2s 4s 6c Ah] [3s]
Dorex2007: bets $1.07
artem91sved: calls $1.07
*** SHOW DOWN ***
Dorex2007: shows [9d Ad] (a pair of Aces)
artem91sved: shows [Jh As] (a pair of Aces - Jack kicker)
artem91sved collected $3.14 from pot
*** SUMMARY ***
Total pot $3.25 | Rake $0.11 
Board [2s 4s 6c Ah 3s]
Seat 1: dmcrbr folded before Flop (didn't bet)
Seat 2: H4RDC0R3_Cdn folded before Flop (didn't bet)
Seat 3: geniuss (button) folded before Flop (didn't bet)
Seat 4: RAZOR1956 (small blind) folded before Flop
Seat 5: jumpturn (big blind) folded before Flop
Seat 6: Dorex2007 showed [9d Ad] and lost with a pair of Aces
Seat 7: mous1030 folded before Flop (didn't bet)
Seat 8: Chumargez folded before Flop (didn't bet)
Seat 9: artem91sved showed [Jh As] and won ($3.14) with a pair of Aces



PokerStars Hand #230364353637:  Hold'em No Limit ($0.01/$0.02 USD) - 2021/10/04 21:01:47 PT [2021/10/05 0:01:47 ET]
Table 'Amanda' 9-max Seat #4 is the button
Seat 1: dmcrbr ($3.48 in chips) 
Seat 2: H4RDC0R3_Cdn ($3.84 in chips) 
Seat 3: geniuss ($2.52 in chips) 
Seat 4: RAZOR1956 ($2.65 in chips) 
Seat 6: Dorex2007 ($3.46 in chips) 
Seat 7: mous1030 ($0.78 in chips) 
Seat 8: Chumargez ($2 in chips) 
Seat 9: artem91sved ($3.36 in chips) 
Dorex2007: posts small blind $0.01
mous1030: posts big blind $0.02
*** HOLE CARDS ***
Dealt to Dorex2007 [5h Jd]
Chumargez: raises $0.06 to $0.08
artem91sved: folds 
dmcrbr: folds 
H4RDC0R3_Cdn: folds 
geniuss: folds 
RAZOR1956: calls $0.08
Dorex2007: folds 
mous1030: calls $0.06
*** FLOP *** [Td As 6d]
mous1030: checks 
Chumargez: checks 
RAZOR1956: checks 
*** TURN *** [Td As 6d] [Qc]
mous1030: checks 
Chumargez: bets $0.04
RAZOR1956: calls $0.04
mous1030: folds 
*** RIVER *** [Td As 6d Qc] [3s]
Chumargez: bets $0.24
RAZOR1956: folds 
Uncalled bet ($0.24) returned to Chumargez
Chumargez collected $0.32 from pot
Chumargez: doesn't show hand 
*** SUMMARY ***
Total pot $0.33 | Rake $0.01 
Board [Td As 6d Qc 3s]
Seat 1: dmcrbr folded before Flop (didn't bet)
Seat 2: H4RDC0R3_Cdn folded before Flop (didn't bet)
Seat 3: geniuss folded before Flop (didn't bet)
Seat 4: RAZOR1956 (button) folded on the River
Seat 6: Dorex2007 (small blind) folded before Flop
Seat 7: mous1030 (big blind) folded on the Turn
Seat 8: Chumargez collected ($0.32)
Seat 9: artem91sved folded before Flop (didn't bet)



PokerStars Hand #230364366688:  Hold'em No Limit ($0.01/$0.02 USD) - 2021/10/04 21:03:13 PT [2021/10/05 0:03:13 ET]
Table 'Amanda' 9-max Seat #6 is the button
Seat 1: dmcrbr ($3.48 in chips) 
Seat 2: H4RDC0R3_Cdn ($3.84 in chips) 
Seat 3: geniuss ($2.52 in chips) 
Seat 4: RAZOR1956 ($2.53 in chips) 
Seat 6: Dorex2007 ($3.45 in chips) 
Seat 7: mous1030 ($0.70 in chips) 
Seat 8: Chumargez ($2.20 in chips) 
Seat 9: artem91sved ($3.36 in chips) 
mous1030: posts small blind $0.01
Chumargez: posts big blind $0.02
Camezzz: sits out 
*** HOLE CARDS ***
Dealt to Dorex2007 [9h 3c]
artem91sved: folds 
dmcrbr: folds 
H4RDC0R3_Cdn: folds 
geniuss: folds 
RAZOR1956: raises $0.02 to $0.04
Dorex2007: folds 
mous1030: calls $0.03
Chumargez: calls $0.02
*** FLOP *** [4c 7c 3h]
mous1030: checks 
Chumargez: checks 
RAZOR1956: bets $0.04
mous1030: raises $0.08 to $0.12
Chumargez: folds 
RAZOR1956: calls $0.08
*** TURN *** [4c 7c 3h] [Tc]
mous1030: bets $0.54 and is all-in
RAZOR1956: calls $0.54
*** RIVER *** [4c 7c 3h Tc] [9c]
*** SHOW DOWN ***
mous1030: shows [Js 7h] (a pair of Sevens)
RAZOR1956: shows [Ad Ah] (a pair of Aces)
RAZOR1956 collected $1.39 from pot
*** SUMMARY ***
Total pot $1.44 | Rake $0.05 
Board [4c 7c 3h Tc 9c]
Seat 1: dmcrbr folded before Flop (didn't bet)
Seat 2: H4RDC0R3_Cdn folded before Flop (didn't bet)
Seat 3: geniuss folded before Flop (didn't bet)
Seat 4: RAZOR1956 showed [Ad Ah] and won ($1.39) with a pair of Aces
Seat 6: Dorex2007 (button) folded before Flop (didn't bet)
Seat 7: mous1030 (small blind) showed [Js 7h] and lost with a pair of Sevens
Seat 8: Chumargez (big blind) folded on the Flop
Seat 9: artem91sved folded before Flop (didn't bet)



PokerStars Hand #230364373443:  Hold'em No Limit ($0.01/$0.02 USD) - 2021/10/04 21:04:00 PT [2021/10/05 0:04:00 ET]
Table 'Amanda' 9-max Seat #8 is the button
Seat 1: dmcrbr ($3.48 in chips) 
Seat 2: H4RDC0R3_Cdn ($3.84 in chips) 
Seat 3: geniuss ($2.52 in chips) 
Seat 4: RAZOR1956 ($3.22 in chips) 
Seat 6: Dorex2007 ($3.45 in chips) 
Seat 8: Chumargez ($2.16 in chips) 
Seat 9: artem91sved ($3.36 in chips) 
artem91sved: posts small blind $0.01
dmcrbr: posts big blind $0.02
Camezzz: sits out 
*** HOLE CARDS ***
Dealt to Dorex2007 [9h 8c]
H4RDC0R3_Cdn: folds 
mous1030 leaves the table
geniuss: folds 
RAZOR1956: folds 
Dorex2007: folds 
NormBabe joins the table at seat #7 
Chumargez: folds 
artem91sved: calls $0.01
dmcrbr: checks 
*** FLOP *** [5s Ts Qc]
artem91sved: checks 
dmcrbr: checks 
*** TURN *** [5s Ts Qc] [Jd]
artem91sved: checks 
dmcrbr: checks 
*** RIVER *** [5s Ts Qc Jd] [3h]
artem91sved: checks 
dmcrbr: checks 
*** SHOW DOWN ***
artem91sved: shows [6h 9c] (high card Queen)
dmcrbr: mucks hand 
artem91sved collected $0.04 from pot
*** SUMMARY ***
Total pot $0.04 | Rake $0 
Board [5s Ts Qc Jd 3h]
Seat 1: dmcrbr (big blind) mucked [8d 7c]
Seat 2: H4RDC0R3_Cdn folded before Flop (didn't bet)
Seat 3: geniuss folded before Flop (didn't bet)
Seat 4: RAZOR1956 folded before Flop (didn't bet)
Seat 6: Dorex2007 folded before Flop (didn't bet)
Seat 8: Chumargez (button) folded before Flop (didn't bet)
Seat 9: artem91sved (small blind) showed [6h 9c] and won ($0.04) with high card Queen



PokerStars Hand #230364380570:  Hold'em No Limit ($0.01/$0.02 USD) - 2021/10/04 21:04:26 PT [2021/10/05 0:04:26 ET]
Table 'Amanda' 9-max Seat #9 is the button
Seat 1: dmcrbr ($3.46 in chips) 
Seat 2: H4RDC0R3_Cdn ($3.84 in chips) 
Seat 3: geniuss ($2.52 in chips) 
Seat 4: RAZOR1956 ($3.22 in chips) 
Seat 6: Dorex2007 ($3.45 in chips) 
Seat 8: Chumargez ($2.16 in chips) 
Seat 9: artem91sved ($3.38 in chips) 
dmcrbr: posts small blind $0.01
H4RDC0R3_Cdn: posts big blind $0.02
Camezzz: sits out 
NormBabe: sits out 
*** HOLE CARDS ***
Dealt to Dorex2007 [Jd 3s]
geniuss: folds 
RAZOR1956: folds 
Dorex2007: folds 
Chumargez: raises $0.04 to $0.06
artem91sved: calls $0.06
dmcrbr: folds 
H4RDC0R3_Cdn: calls $0.04
*** FLOP *** [3c Qh Ad]
H4RDC0R3_Cdn: checks 
Chumargez: checks 
artem91sved: checks 
*** TURN *** [3c Qh Ad] [Ah]
H4RDC0R3_Cdn: bets $0.08
Chumargez: calls $0.08
artem91sved: folds 
*** RIVER *** [3c Qh Ad Ah] [8d]
H4RDC0R3_Cdn: bets $0.20
Chumargez: folds 
Uncalled bet ($0.20) returned to H4RDC0R3_Cdn
H4RDC0R3_Cdn collected $0.34 from pot
H4RDC0R3_Cdn: doesn't show hand 
*** SUMMARY ***
Total pot $0.35 | Rake $0.01 
Board [3c Qh Ad Ah 8d]
Seat 1: dmcrbr (small blind) folded before Flop
Seat 2: H4RDC0R3_Cdn (big blind) collected ($0.34)
Seat 3: geniuss folded before Flop (didn't bet)
Seat 4: RAZOR1956 folded before Flop (didn't bet)
Seat 6: Dorex2007 folded before Flop (didn't bet)
Seat 8: Chumargez folded on the River
Seat 9: artem91sved (button) folded on the Turn



PokerStars Hand #230364388678:  Hold'em No Limit ($0.01/$0.02 USD) - 2021/10/04 21:05:21 PT [2021/10/05 0:05:21 ET]
Table 'Amanda' 9-max Seat #1 is the button
Seat 1: dmcrbr ($3.45 in chips) 
Seat 2: H4RDC0R3_Cdn ($4.04 in chips) 
Seat 3: geniuss ($2.52 in chips) 
Seat 4: RAZOR1956 ($3.22 in chips) 
Seat 6: Dorex2007 ($3.45 in chips) 
Seat 8: Chumargez ($2.02 in chips) 
Seat 9: artem91sved ($3.32 in chips) 
H4RDC0R3_Cdn: posts small blind $0.01
geniuss: posts big blind $0.02
Camezzz: sits out 
NormBabe: sits out 
*** HOLE CARDS ***
Dealt to Dorex2007 [9d 3c]
RAZOR1956: calls $0.02
Dorex2007: folds 
Chumargez: folds 
artem91sved: folds 
dmcrbr: folds 
H4RDC0R3_Cdn: folds 
geniuss: checks 
*** FLOP *** [3s Qs 5d]
geniuss: checks 
RAZOR1956: checks 
*** TURN *** [3s Qs 5d] [8h]
geniuss: checks 
RAZOR1956: checks 
*** RIVER *** [3s Qs 5d 8h] [2c]
geniuss: checks 
RAZOR1956: checks 
*** SHOW DOWN ***
geniuss: shows [Kh 9s] (high card King)
RAZOR1956: shows [Js Kc] (high card King - Queen+Jack kicker)
RAZOR1956 collected $0.05 from pot
*** SUMMARY ***
Total pot $0.05 | Rake $0 
Board [3s Qs 5d 8h 2c]
Seat 1: dmcrbr (button) folded before Flop (didn't bet)
Seat 2: H4RDC0R3_Cdn (small blind) folded before Flop
Seat 3: geniuss (big blind) showed [Kh 9s] and lost with high card King
Seat 4: RAZOR1956 showed [Js Kc] and won ($0.05) with high card King
Seat 6: Dorex2007 folded before Flop (didn't bet)
Seat 8: Chumargez folded before Flop (didn't bet)
Seat 9: artem91sved folded before Flop (didn't bet)



PokerStars Hand #230364394525:  Hold'em No Limit ($0.01/$0.02 USD) - 2021/10/04 21:06:02 PT [2021/10/05 0:06:02 ET]
Table 'Amanda' 9-max Seat #2 is the button
Seat 1: dmcrbr ($3.45 in chips) 
Seat 2: H4RDC0R3_Cdn ($4.03 in chips) 
Seat 3: geniuss ($2.50 in chips) 
Seat 4: RAZOR1956 ($3.25 in chips) 
Seat 6: Dorex2007 ($3.45 in chips) 
Seat 8: Chumargez ($2.02 in chips) 
Seat 9: artem91sved ($3.32 in chips) 
geniuss: posts small blind $0.01
RAZOR1956: posts big blind $0.02
Camezzz: sits out 
NormBabe: sits out 
*** HOLE CARDS ***
Dealt to Dorex2007 [Ks 8c]
Dorex2007: folds 
Chumargez: folds 
artem91sved: calls $0.02
dmcrbr: folds 
H4RDC0R3_Cdn: raises $0.06 to $0.08
geniuss: folds 
RAZOR1956: folds 
artem91sved: calls $0.06
*** FLOP *** [Qh 4d 2h]
artem91sved: checks 
H4RDC0R3_Cdn: bets $0.10
artem91sved: calls $0.10
*** TURN *** [Qh 4d 2h] [3c]
artem91sved: checks 
H4RDC0R3_Cdn: bets $0.20
artem91sved: calls $0.20
*** RIVER *** [Qh 4d 2h 3c] [7d]
artem91sved: checks 
H4RDC0R3_Cdn: bets $0.40
artem91sved: folds 
Uncalled bet ($0.40) returned to H4RDC0R3_Cdn
H4RDC0R3_Cdn collected $0.76 from pot
*** SUMMARY ***
Total pot $0.79 | Rake $0.03 
Board [Qh 4d 2h 3c 7d]
Seat 1: dmcrbr folded before Flop (didn't bet)
Seat 2: H4RDC0R3_Cdn (button) collected ($0.76)
Seat 3: geniuss (small blind) folded before Flop
Seat 4: RAZOR1956 (big blind) folded before Flop
Seat 6: Dorex2007 folded before Flop (didn't bet)
Seat 8: Chumargez folded before Flop (didn't bet)
Seat 9: artem91sved folded on the River



PokerStars Hand #230364405465:  Hold'em No Limit ($0.01/$0.02 USD) - 2021/10/04 21:06:53 PT [2021/10/05 0:06:53 ET]
Table 'Amanda' 9-max Seat #3 is the button
Seat 1: dmcrbr ($3.45 in chips) 
Seat 2: H4RDC0R3_Cdn ($4.41 in chips) 
Seat 3: geniuss ($2.49 in chips) 
Seat 4: RAZOR1956 ($3.23 in chips) 
Seat 5: Camezzz ($2 in chips) 
Seat 6: Dorex2007 ($3.45 in chips) 
Seat 8: Chumargez ($2.02 in chips) 
Seat 9: artem91sved ($2.94 in chips) 
RAZOR1956: posts small blind $0.01
Camezzz: posts big blind $0.02
NormBabe: sits out 
*** HOLE CARDS ***
Dealt to Dorex2007 [7d 2s]
Dorex2007: folds 
Chumargez has timed out
Chumargez: folds 
artem91sved: calls $0.02
dmcrbr: folds 
H4RDC0R3_Cdn: folds 
geniuss: calls $0.02
RAZOR1956: calls $0.01
Camezzz: checks 
*** FLOP *** [Kd 9s 5d]
RAZOR1956: checks 
Camezzz: checks 
artem91sved: bets $0.02
geniuss: folds 
RAZOR1956: folds 
Camezzz: folds 
Uncalled bet ($0.02) returned to artem91sved
artem91sved collected $0.08 from pot
artem91sved: doesn't show hand 
*** SUMMARY ***
Total pot $0.08 | Rake $0 
Board [Kd 9s 5d]
Seat 1: dmcrbr folded before Flop (didn't bet)
Seat 2: H4RDC0R3_Cdn folded before Flop (didn't bet)
Seat 3: geniuss (button) folded on the Flop
Seat 4: RAZOR1956 (small blind) folded on the Flop
Seat 5: Camezzz (big blind) folded on the Flop
Seat 6: Dorex2007 folded before Flop (didn't bet)
Seat 8: Chumargez folded before Flop (didn't bet)
Seat 9: artem91sved collected ($0.08)



PokerStars Hand #230364414863:  Hold'em No Limit ($0.01/$0.02 USD) - 2021/10/04 21:07:57 PT [2021/10/05 0:07:57 ET]
Table 'Amanda' 9-max Seat #4 is the button
Seat 1: dmcrbr ($3.45 in chips) 
Seat 2: H4RDC0R3_Cdn ($4.41 in chips) 
Seat 3: geniuss ($2.47 in chips) 
Seat 4: RAZOR1956 ($3.21 in chips) 
Seat 5: Camezzz ($2 in chips) 
Seat 6: Dorex2007 ($3.45 in chips) 
Seat 8: Chumargez ($2.02 in chips) 
Seat 9: artem91sved ($3 in chips) 
Camezzz: posts small blind $0.01
Dorex2007: posts big blind $0.02
NormBabe: sits out 
*** HOLE CARDS ***
Dealt to Dorex2007 [9c Tc]
Chumargez: folds 
Chumargez leaves the table
artem91sved: calls $0.02
dmcrbr: folds 
H4RDC0R3_Cdn: folds 
geniuss: folds 
diceman1980 joins the table at seat #8 
RAZOR1956: raises $0.02 to $0.04
Camezzz: folds 
Dorex2007: calls $0.02
artem91sved: calls $0.02
*** FLOP *** [4s 5d Ah]
Dorex2007: checks 
artem91sved: checks 
RAZOR1956: bets $0.04
Dorex2007: folds 
artem91sved: calls $0.04
*** TURN *** [4s 5d Ah] [Js]
artem91sved: checks 
RAZOR1956: checks 
*** RIVER *** [4s 5d Ah Js] [Jh]
artem91sved: checks 
RAZOR1956: bets $0.20
artem91sved: folds 
Uncalled bet ($0.20) returned to RAZOR1956
RAZOR1956 collected $0.20 from pot
RAZOR1956: doesn't show hand 
*** SUMMARY ***
Total pot $0.21 | Rake $0.01 
Board [4s 5d Ah Js Jh]
Seat 1: dmcrbr folded before Flop (didn't bet)
Seat 2: H4RDC0R3_Cdn folded before Flop (didn't bet)
Seat 3: geniuss folded before Flop (didn't bet)
Seat 4: RAZOR1956 (button) collected ($0.20)
Seat 5: Camezzz (small blind) folded before Flop
Seat 6: Dorex2007 (big blind) folded on the Flop
Seat 8: Chumargez folded before Flop (didn't bet)
Seat 9: artem91sved folded on the River



PokerStars Hand #230364422692:  Hold'em No Limit ($0.01/$0.02 USD) - 2021/10/04 21:08:52 PT [2021/10/05 0:08:52 ET]
Table 'Amanda' 9-max Seat #5 is the button
Seat 1: dmcrbr ($3.45 in chips) 
Seat 2: H4RDC0R3_Cdn ($4.41 in chips) 
Seat 3: geniuss ($2.47 in chips) 
Seat 4: RAZOR1956 ($3.33 in chips) 
Seat 5: Camezzz ($2 in chips) 
Seat 6: Dorex2007 ($3.41 in chips) 
Seat 7: NormBabe ($2 in chips) 
Seat 8: diceman1980 ($1.10 in chips) 
Seat 9: artem91sved ($2.92 in chips) 
Dorex2007: posts small blind $0.01
NormBabe: posts big blind $0.02
diceman1980: posts big blind $0.02
*** HOLE CARDS ***
Dealt to Dorex2007 [8h Th]
diceman1980: checks 
artem91sved: calls $0.02
dmcrbr: folds 
H4RDC0R3_Cdn: folds 
geniuss: folds 
RAZOR1956: calls $0.02
Camezzz: folds 
Dorex2007: calls $0.01
NormBabe: checks 
*** FLOP *** [6h 9c 8c]
Dorex2007: checks 
NormBabe: bets $0.10
diceman1980: calls $0.10
artem91sved: folds 
RAZOR1956: calls $0.10
Dorex2007: folds 
*** TURN *** [6h 9c 8c] [Qh]
NormBabe: checks 
diceman1980: checks 
RAZOR1956: checks 
*** RIVER *** [6h 9c 8c Qh] [6c]
NormBabe: checks 
diceman1980: checks 
RAZOR1956: checks 
*** SHOW DOWN ***
NormBabe: shows [Js Jd] (two pair, Jacks and Sixes)
diceman1980: mucks hand 
RAZOR1956: mucks hand 
NormBabe collected $0.39 from pot
*** SUMMARY ***
Total pot $0.40 | Rake $0.01 
Board [6h 9c 8c Qh 6c]
Seat 1: dmcrbr folded before Flop (didn't bet)
Seat 2: H4RDC0R3_Cdn folded before Flop (didn't bet)
Seat 3: geniuss folded before Flop (didn't bet)
Seat 4: RAZOR1956 mucked [Ts 9d]
Seat 5: Camezzz (button) folded before Flop (didn't bet)
Seat 6: Dorex2007 (small blind) folded on the Flop
Seat 7: NormBabe (big blind) showed [Js Jd] and won ($0.39) with two pair, Jacks and Sixes
Seat 8: diceman1980 mucked [Kh 5h]
Seat 9: artem91sved folded on the Flop



PokerStars Hand #230364430861:  Hold'em No Limit ($0.01/$0.02 USD) - 2021/10/04 21:09:50 PT [2021/10/05 0:09:50 ET]
Table 'Amanda' 9-max Seat #6 is the button
Seat 1: dmcrbr ($3.45 in chips) 
Seat 2: H4RDC0R3_Cdn ($4.41 in chips) 
Seat 3: geniuss ($2.47 in chips) 
Seat 4: RAZOR1956 ($3.21 in chips) 
Seat 5: Camezzz ($2 in chips) 
Seat 6: Dorex2007 ($3.39 in chips) 
Seat 7: NormBabe ($2.27 in chips) 
Seat 8: diceman1980 ($0.98 in chips) 
Seat 9: artem91sved ($2.90 in chips) 
NormBabe: posts small blind $0.01
diceman1980: posts big blind $0.02
*** HOLE CARDS ***
Dealt to Dorex2007 [Qh Ah]
artem91sved: calls $0.02
dmcrbr: folds 
H4RDC0R3_Cdn: calls $0.02
geniuss: folds 
RAZOR1956: folds 
Camezzz: folds 
Dorex2007: raises $0.10 to $0.12
NormBabe: folds 
diceman1980: calls $0.10
artem91sved: calls $0.10
H4RDC0R3_Cdn: calls $0.10
*** FLOP *** [3h Qd 9h]
diceman1980: checks 
artem91sved: checks 
H4RDC0R3_Cdn: bets $0.46
Dorex2007: raises $2.81 to $3.27 and is all-in
diceman1980: folds 
artem91sved: folds 
H4RDC0R3_Cdn: calls $2.81
*** TURN *** [3h Qd 9h] [8c]
*** RIVER *** [3h Qd 9h 8c] [8s]
*** SHOW DOWN ***
H4RDC0R3_Cdn: shows [Ks Qs] (two pair, Queens and Eights)
Dorex2007: shows [Qh Ah] (two pair, Queens and Eights - Ace kicker)
Dorex2007 cashed out the hand for $6.16 | Cash Out Fee $0.06
*** SUMMARY ***
Total pot $7.03 | Rake $0.25 
Board [3h Qd 9h 8c 8s]
Seat 1: dmcrbr folded before Flop (didn't bet)
Seat 2: H4RDC0R3_Cdn showed [Ks Qs] and lost with two pair, Queens and Eights
Seat 3: geniuss folded before Flop (didn't bet)
Seat 4: RAZOR1956 folded before Flop (didn't bet)
Seat 5: Camezzz folded before Flop (didn't bet)
Seat 6: Dorex2007 (button) showed [Qh Ah] and won ($6.78) with two pair, Queens and Eights (pot not awarded as player cashed out)
Seat 7: NormBabe (small blind) folded before Flop
Seat 8: diceman1980 (big blind) folded on the Flop
Seat 9: artem91sved folded on the Flop



PokerStars Hand #230364437649:  Hold'em No Limit ($0.01/$0.02 USD) - 2021/10/04 21:10:38 PT [2021/10/05 0:10:38 ET]
Table 'Amanda' 9-max Seat #7 is the button
Seat 1: dmcrbr ($3.45 in chips) 
Seat 2: H4RDC0R3_Cdn ($1.02 in chips) 
Seat 3: geniuss ($2.47 in chips) 
Seat 4: RAZOR1956 ($3.21 in chips) 
Seat 5: Camezzz ($2 in chips) 
Seat 6: Dorex2007 ($6.16 in chips) 
Seat 7: NormBabe ($2.26 in chips) 
Seat 8: diceman1980 ($0.86 in chips) 
Seat 9: artem91sved ($2.78 in chips) 
diceman1980: posts small blind $0.01
artem91sved: posts big blind $0.02
*** HOLE CARDS ***
Dealt to Dorex2007 [7d Qc]
dmcrbr: folds 
H4RDC0R3_Cdn: raises $0.05 to $0.07
geniuss: folds 
RAZOR1956: calls $0.07
Camezzz: folds 
Dorex2007: folds 
NormBabe: folds 
diceman1980: raises $0.79 to $0.86 and is all-in
artem91sved: folds 
H4RDC0R3_Cdn: raises $0.16 to $1.02 and is all-in
RAZOR1956: folds 
Uncalled bet ($0.16) returned to H4RDC0R3_Cdn
*** FLOP *** [4c Kd 5d]
*** TURN *** [4c Kd 5d] [Jd]
*** RIVER *** [4c Kd 5d Jd] [Td]
*** SHOW DOWN ***
diceman1980: shows [Jh 7h] (a pair of Jacks)
H4RDC0R3_Cdn: shows [2s As] (high card Ace)
diceman1980 collected $1.75 from pot
*** SUMMARY ***
Total pot $1.81 | Rake $0.06 
Board [4c Kd 5d Jd Td]
Seat 1: dmcrbr folded before Flop (didn't bet)
Seat 2: H4RDC0R3_Cdn showed [2s As] and lost with high card Ace
Seat 3: geniuss folded before Flop (didn't bet)
Seat 4: RAZOR1956 folded before Flop
Seat 5: Camezzz folded before Flop (didn't bet)
Seat 6: Dorex2007 folded before Flop (didn't bet)
Seat 7: NormBabe (button) folded before Flop (didn't bet)
Seat 8: diceman1980 (small blind) showed [Jh 7h] and won ($1.75) with a pair of Jacks
Seat 9: artem91sved (big blind) folded before Flop



PokerStars Hand #230364443808:  Hold'em No Limit ($0.01/$0.02 USD) - 2021/10/04 21:11:22 PT [2021/10/05 0:11:22 ET]
Table 'Amanda' 9-max Seat #8 is the button
Seat 1: dmcrbr ($3.45 in chips) 
Seat 2: H4RDC0R3_Cdn ($2 in chips) 
Seat 3: geniuss ($2.47 in chips) 
Seat 4: RAZOR1956 ($3.14 in chips) 
Seat 5: Camezzz ($2 in chips) 
Seat 6: Dorex2007 ($6.16 in chips) 
Seat 7: NormBabe ($2.26 in chips) 
Seat 8: diceman1980 ($1.75 in chips) 
Seat 9: artem91sved ($2.76 in chips) 
artem91sved: posts small blind $0.01
dmcrbr: posts big blind $0.02
*** HOLE CARDS ***
Dealt to Dorex2007 [6s As]
H4RDC0R3_Cdn: folds 
geniuss: folds 
RAZOR1956: folds 
Camezzz has timed out
Camezzz: folds 
Dorex2007: raises $0.04 to $0.06
NormBabe: folds 
diceman1980: raises $1.69 to $1.75 and is all-in
artem91sved: folds 
dmcrbr: folds 
Dorex2007: folds 
Uncalled bet ($1.69) returned to diceman1980
diceman1980 collected $0.15 from pot
diceman1980: doesn't show hand 
*** SUMMARY ***
Total pot $0.15 | Rake $0 
Seat 1: dmcrbr (big blind) folded before Flop
Seat 2: H4RDC0R3_Cdn folded before Flop (didn't bet)
Seat 3: geniuss folded before Flop (didn't bet)
Seat 4: RAZOR1956 folded before Flop (didn't bet)
Seat 5: Camezzz folded before Flop (didn't bet)
Seat 6: Dorex2007 folded before Flop
Seat 7: NormBabe folded before Flop (didn't bet)
Seat 8: diceman1980 (button) collected ($0.15)
Seat 9: artem91sved (small blind) folded before Flop



PokerStars Hand #230364448499:  Hold'em No Limit ($0.01/$0.02 USD) - 2021/10/04 21:11:55 PT [2021/10/05 0:11:55 ET]
Table 'Amanda' 9-max Seat #9 is the button
Seat 1: dmcrbr ($3.43 in chips) 
Seat 3: geniuss ($2.47 in chips) 
Seat 5: Camezzz ($2 in chips) 
Seat 6: Dorex2007 ($6.10 in chips) 
Seat 7: NormBabe ($2.26 in chips) 
Seat 8: diceman1980 ($1.84 in chips) 
Seat 9: artem91sved ($2.75 in chips) 
dmcrbr: posts small blind $0.01
H4RDC0R3_Cdn: is sitting out 
H4RDC0R3_Cdn leaves the table
geniuss: posts big blind $0.02
*** HOLE CARDS ***
Dealt to Dorex2007 [7s Ah]
Camezzz: folds 
Dorex2007: folds 
NormBabe: folds 
diceman1980: calls $0.02
artem91sved: folds 
dmcrbr: folds 
geniuss: checks 
*** FLOP *** [Kd 7c Th]
nancy258 joins the table at seat #2 
geniuss: checks 
diceman1980: bets $0.05
geniuss: folds 
Uncalled bet ($0.05) returned to diceman1980
diceman1980 collected $0.05 from pot
diceman1980: doesn't show hand 
*** SUMMARY ***
Total pot $0.05 | Rake $0 
Board [Kd 7c Th]
Seat 1: dmcrbr (small blind) folded before Flop
Seat 3: geniuss (big blind) folded on the Flop
Seat 5: Camezzz folded before Flop (didn't bet)
Seat 6: Dorex2007 folded before Flop (didn't bet)
Seat 7: NormBabe folded before Flop (didn't bet)
Seat 8: diceman1980 collected ($0.05)
Seat 9: artem91sved (button) folded before Flop (didn't bet)



PokerStars Hand #230364452187:  Hold'em No Limit ($0.01/$0.02 USD) - 2021/10/04 21:12:20 PT [2021/10/05 0:12:20 ET]
Table 'Amanda' 9-max Seat #1 is the button
Seat 1: dmcrbr ($3.42 in chips) 
Seat 3: geniuss ($2.45 in chips) 
Seat 5: Camezzz ($2 in chips) 
Seat 6: Dorex2007 ($6.10 in chips) 
Seat 7: NormBabe ($2.26 in chips) 
Seat 8: diceman1980 ($1.87 in chips) 
Seat 9: artem91sved ($2.75 in chips) 
geniuss: posts small blind $0.01
Camezzz: posts big blind $0.02
*** HOLE CARDS ***
Dealt to Dorex2007 [6d 2c]
Dorex2007: folds 
NormBabe: folds 
diceman1980: folds 
artem91sved: folds 
dmcrbr: folds 
geniuss: folds 
Uncalled bet ($0.01) returned to Camezzz
Camezzz collected $0.02 from pot
Camezzz: doesn't show hand 
*** SUMMARY ***
Total pot $0.02 | Rake $0 
Seat 1: dmcrbr (button) folded before Flop (didn't bet)
Seat 3: geniuss (small blind) folded before Flop
Seat 5: Camezzz (big blind) collected ($0.02)
Seat 6: Dorex2007 folded before Flop (didn't bet)
Seat 7: NormBabe folded before Flop (didn't bet)
Seat 8: diceman1980 folded before Flop (didn't bet)
Seat 9: artem91sved folded before Flop (didn't bet)



PokerStars Hand #230364455129:  Hold'em No Limit ($0.01/$0.02 USD) - 2021/10/04 21:12:41 PT [2021/10/05 0:12:41 ET]
Table 'Amanda' 9-max Seat #3 is the button
Seat 1: dmcrbr ($3.42 in chips) 
Seat 3: geniuss ($2.44 in chips) 
Seat 5: Camezzz ($2.01 in chips) 
Seat 6: Dorex2007 ($6.10 in chips) 
Seat 7: NormBabe ($2.26 in chips) 
Seat 8: diceman1980 ($1.87 in chips) 
Seat 9: artem91sved ($2.75 in chips) 
Camezzz: posts small blind $0.01
Dorex2007: posts big blind $0.02
nancy258: sits out 
*** HOLE CARDS ***
Dealt to Dorex2007 [4d Ts]
NormBabe: calls $0.02
diceman1980: calls $0.02
artem91sved: calls $0.02
dmcrbr: folds 
geniuss: folds 
Camezzz: folds 
Dorex2007: checks 
*** FLOP *** [8c Qs 8s]
Dorex2007: checks 
NormBabe: checks 
diceman1980: checks 
artem91sved: checks 
*** TURN *** [8c Qs 8s] [6h]
Dorex2007: checks 
NormBabe: checks 
diceman1980: checks 
artem91sved: checks 
*** RIVER *** [8c Qs 8s 6h] [6d]
Dorex2007: checks 
NormBabe: checks 
diceman1980: checks 
artem91sved: checks 
*** SHOW DOWN ***
Dorex2007: shows [4d Ts] (two pair, Eights and Sixes)
NormBabe: shows [2d 2c] (two pair, Eights and Sixes)
diceman1980: shows [Tc 9d] (two pair, Eights and Sixes)
artem91sved: shows [2h Th] (two pair, Eights and Sixes)
Dorex2007 collected $0.03 from pot
NormBabe collected $0.02 from pot
diceman1980 collected $0.02 from pot
artem91sved collected $0.02 from pot
*** SUMMARY ***
Total pot $0.09 | Rake $0 
Board [8c Qs 8s 6h 6d]
Seat 1: dmcrbr folded before Flop (didn't bet)
Seat 3: geniuss (button) folded before Flop (didn't bet)
Seat 5: Camezzz (small blind) folded before Flop
Seat 6: Dorex2007 (big blind) showed [4d Ts] and won ($0.03) with two pair, Eights and Sixes
Seat 7: NormBabe showed [2d 2c] and won ($0.02) with two pair, Eights and Sixes
Seat 8: diceman1980 showed [Tc 9d] and won ($0.02) with two pair, Eights and Sixes
Seat 9: artem91sved showed [2h Th] and won ($0.02) with two pair, Eights and Sixes



PokerStars Hand #230364464572:  Hold'em No Limit ($0.01/$0.02 USD) - 2021/10/04 21:13:47 PT [2021/10/05 0:13:47 ET]
Table 'Amanda' 9-max Seat #5 is the button
Seat 1: dmcrbr ($3.42 in chips) 
Seat 3: geniuss ($2.44 in chips) 
Seat 4: RAZOR1956 ($3.14 in chips) 
Seat 5: Camezzz ($2 in chips) 
Seat 6: Dorex2007 ($6.11 in chips) 
Seat 7: NormBabe ($2.26 in chips) 
Seat 8: diceman1980 ($1.87 in chips) 
Seat 9: artem91sved ($2.75 in chips) 
Dorex2007: posts small blind $0.01
NormBabe: posts big blind $0.02
nancy258: sits out 
RAZOR1956: posts small & big blinds $0.03
*** HOLE CARDS ***
Dealt to Dorex2007 [Js Jd]
diceman1980: calls $0.02
artem91sved: calls $0.02
dmcrbr: folds 
geniuss: folds 
RAZOR1956: checks 
Camezzz: folds 
Dorex2007: raises $0.16 to $0.18
NormBabe: folds 
diceman1980: calls $0.16
artem91sved: folds 
RAZOR1956: calls $0.16
*** FLOP *** [5d Qs Ah]
NormBabe leaves the table
Dorex2007: checks 
diceman1980: checks 
RAZOR1956: bets $0.08
Dorex2007: calls $0.08
diceman1980: calls $0.08
*** TURN *** [5d Qs Ah] [2s]
Dorex2007: checks 
diceman1980: checks 
RAZOR1956: bets $0.14
Dorex2007: folds 
diceman1980: folds 
Uncalled bet ($0.14) returned to RAZOR1956
RAZOR1956 collected $0.80 from pot
RAZOR1956: doesn't show hand 
*** SUMMARY ***
Total pot $0.83 | Rake $0.03 
Board [5d Qs Ah 2s]
Seat 1: dmcrbr folded before Flop (didn't bet)
Seat 3: geniuss folded before Flop (didn't bet)
Seat 4: RAZOR1956 collected ($0.80)
Seat 5: Camezzz (button) folded before Flop (didn't bet)
Seat 6: Dorex2007 (small blind) folded on the Turn
Seat 7: NormBabe (big blind) folded before Flop
Seat 8: diceman1980 folded on the Turn
Seat 9: artem91sved folded before Flop



PokerStars Hand #230364471970:  Hold'em No Limit ($0.01/$0.02 USD) - 2021/10/04 21:14:39 PT [2021/10/05 0:14:39 ET]
Table 'Amanda' 9-max Seat #6 is the button
Seat 1: dmcrbr ($3.42 in chips) 
Seat 3: geniuss ($2.44 in chips) 
Seat 4: RAZOR1956 ($3.67 in chips) 
Seat 5: Camezzz ($2 in chips) 
Seat 6: Dorex2007 ($5.85 in chips) 
Seat 8: diceman1980 ($1.61 in chips) 
Seat 9: artem91sved ($2.73 in chips) 
diceman1980: posts small blind $0.01
artem91sved: posts big blind $0.02
nancy258: sits out 
*** HOLE CARDS ***
Dealt to Dorex2007 [Qd Ts]
dmcrbr: folds 
geniuss: folds 
RAZOR1956: folds 
Camezzz: folds 
Dorex2007: raises $0.02 to $0.04
diceman1980: calls $0.03
artem91sved: calls $0.02
*** FLOP *** [Jd Ks 4d]
diceman1980: checks 
artem91sved: checks 
Dorex2007: checks 
*** TURN *** [Jd Ks 4d] [2c]
diceman1980: checks 
artem91sved: checks 
Dorex2007: checks 
*** RIVER *** [Jd Ks 4d 2c] [Jc]
diceman1980: checks 
artem91sved: checks 
Dorex2007: bets $0.12
diceman1980: folds 
artem91sved: folds 
Uncalled bet ($0.12) returned to Dorex2007
Dorex2007 collected $0.12 from pot
Dorex2007: doesn't show hand 
*** SUMMARY ***
Total pot $0.12 | Rake $0 
Board [Jd Ks 4d 2c Jc]
Seat 1: dmcrbr folded before Flop (didn't bet)
Seat 3: geniuss folded before Flop (didn't bet)
Seat 4: RAZOR1956 folded before Flop (didn't bet)
Seat 5: Camezzz folded before Flop (didn't bet)
Seat 6: Dorex2007 (button) collected ($0.12)
Seat 8: diceman1980 (small blind) folded on the River
Seat 9: artem91sved (big blind) folded on the River



PokerStars Hand #230364478763:  Hold'em No Limit ($0.01/$0.02 USD) - 2021/10/04 21:15:26 PT [2021/10/05 0:15:26 ET]
Table 'Amanda' 9-max Seat #8 is the button
Seat 1: dmcrbr ($3.42 in chips) 
Seat 3: geniuss ($2.44 in chips) 
Seat 4: RAZOR1956 ($3.67 in chips) 
Seat 5: Camezzz ($2 in chips) 
Seat 6: Dorex2007 ($5.93 in chips) 
Seat 8: diceman1980 ($1.57 in chips) 
Seat 9: artem91sved ($2.69 in chips) 
artem91sved: posts small blind $0.01
dmcrbr: posts big blind $0.02
nancy258: sits out 
*** HOLE CARDS ***
Dealt to Dorex2007 [4c Qd]
geniuss: folds 
RAZOR1956: folds 
Camezzz: folds 
Dorex2007: folds 
diceman1980: calls $0.02
artem91sved: raises $0.02 to $0.04
dmcrbr: folds 
diceman1980: calls $0.02
*** FLOP *** [4s 9c 4d]
nancy258 is disconnected 
artem91sved: checks 
diceman1980: bets $0.10
artem91sved: calls $0.10
*** TURN *** [4s 9c 4d] [3s]
artem91sved: checks 
diceman1980: bets $0.29
artem91sved: folds 
Uncalled bet ($0.29) returned to diceman1980
diceman1980 collected $0.29 from pot
diceman1980: doesn't show hand 
*** SUMMARY ***
Total pot $0.30 | Rake $0.01 
Board [4s 9c 4d 3s]
Seat 1: dmcrbr (big blind) folded before Flop
Seat 3: geniuss folded before Flop (didn't bet)
Seat 4: RAZOR1956 folded before Flop (didn't bet)
Seat 5: Camezzz folded before Flop (didn't bet)
Seat 6: Dorex2007 folded before Flop (didn't bet)
Seat 8: diceman1980 (button) collected ($0.29)
Seat 9: artem91sved (small blind) folded on the Turn



PokerStars Hand #230364483882:  Hold'em No Limit ($0.01/$0.02 USD) - 2021/10/04 21:16:06 PT [2021/10/05 0:16:06 ET]
Table 'Amanda' 9-max Seat #9 is the button
Seat 1: dmcrbr ($3.40 in chips) 
Seat 3: geniuss ($2.44 in chips) 
Seat 4: RAZOR1956 ($3.67 in chips) 
Seat 5: Camezzz ($2 in chips) 
Seat 6: Dorex2007 ($5.93 in chips) 
Seat 8: diceman1980 ($1.72 in chips) 
Seat 9: artem91sved ($2.55 in chips) 
dmcrbr: posts small blind $0.01
Tweedy620 joins the table at seat #7 
nancy258 has timed out while disconnected
nancy258: is sitting out 
geniuss: posts big blind $0.02
*** HOLE CARDS ***
Dealt to Dorex2007 [Js 2h]
RAZOR1956: raises $0.02 to $0.04
Camezzz: folds 
Dorex2007: folds 
diceman1980: calls $0.04
artem91sved: raises $0.18 to $0.22
dmcrbr: folds 
geniuss: folds 
RAZOR1956: calls $0.18
diceman1980: calls $0.18
*** FLOP *** [2c 4s Ks]
RAZOR1956: checks 
diceman1980: checks 
artem91sved: bets $0.70
RAZOR1956: calls $0.70
diceman1980: folds 
*** TURN *** [2c 4s Ks] [Kd]
RAZOR1956: checks 
artem91sved: bets $1.63 and is all-in
RAZOR1956: calls $1.63
*** RIVER *** [2c 4s Ks Kd] [5h]
*** SHOW DOWN ***
RAZOR1956: shows [Ah Kh] (three of a kind, Kings)
artem91sved: shows [Kc Qc] (three of a kind, Kings - lower kicker)
RAZOR1956 collected $5.16 from pot
*** SUMMARY ***
Total pot $5.35 | Rake $0.19 
Board [2c 4s Ks Kd 5h]
Seat 1: dmcrbr (small blind) folded before Flop
Seat 3: geniuss (big blind) folded before Flop
Seat 4: RAZOR1956 showed [Ah Kh] and won ($5.16) with three of a kind, Kings
Seat 5: Camezzz folded before Flop (didn't bet)
Seat 6: Dorex2007 folded before Flop (didn't bet)
Seat 8: diceman1980 folded on the Flop
Seat 9: artem91sved (button) showed [Kc Qc] and lost with three of a kind, Kings



PokerStars Hand #230364495019:  Hold'em No Limit ($0.01/$0.02 USD) - 2021/10/04 21:17:25 PT [2021/10/05 0:17:25 ET]
Table 'Amanda' 9-max Seat #1 is the button
Seat 1: dmcrbr ($3.39 in chips) 
Seat 3: geniuss ($2.42 in chips) 
Seat 4: RAZOR1956 ($6.28 in chips) 
Seat 5: Camezzz ($2 in chips) 
Seat 6: Dorex2007 ($5.93 in chips) 
Seat 8: diceman1980 ($1.50 in chips) 
geniuss: posts small blind $0.01
RAZOR1956: posts big blind $0.02
Tweedy620: sits out 
*** HOLE CARDS ***
Dealt to Dorex2007 [Qh 9d]
Camezzz: folds 
Dorex2007: folds 
diceman1980: calls $0.02
dmcrbr: folds 
geniuss: folds 
RAZOR1956: checks 
*** FLOP *** [9h 5s Tc]
RAZOR1956: checks 
diceman1980: checks 
*** TURN *** [9h 5s Tc] [Kd]
RAZOR1956: checks 
diceman1980: bets $0.05
RAZOR1956: folds 
Uncalled bet ($0.05) returned to diceman1980
diceman1980 collected $0.05 from pot
diceman1980: doesn't show hand 
*** SUMMARY ***
Total pot $0.05 | Rake $0 
Board [9h 5s Tc Kd]
Seat 1: dmcrbr (button) folded before Flop (didn't bet)
Seat 3: geniuss (small blind) folded before Flop
Seat 4: RAZOR1956 (big blind) folded on the Turn
Seat 5: Camezzz folded before Flop (didn't bet)
Seat 6: Dorex2007 folded before Flop (didn't bet)
Seat 8: diceman1980 collected ($0.05)



PokerStars Hand #230364498925:  Hold'em No Limit ($0.01/$0.02 USD) - 2021/10/04 21:17:53 PT [2021/10/05 0:17:53 ET]
Table 'Amanda' 9-max Seat #3 is the button
Seat 1: dmcrbr ($3.39 in chips) 
Seat 3: geniuss ($2.41 in chips) 
Seat 4: RAZOR1956 ($6.26 in chips) 
Seat 5: Camezzz ($2 in chips) 
Seat 6: Dorex2007 ($5.93 in chips) 
Seat 8: diceman1980 ($1.53 in chips) 
Seat 9: artem91sved ($1.01 in chips) 
RAZOR1956: posts small blind $0.01
Camezzz: posts big blind $0.02
Tweedy620: sits out 
*** HOLE CARDS ***
Dealt to Dorex2007 [Kd Js]
Dorex2007: folds 
diceman1980: calls $0.02
artem91sved: raises $0.99 to $1.01 and is all-in
dmcrbr: folds 
geniuss: folds 
RAZOR1956: folds 
Camezzz: folds 
diceman1980: folds 
Uncalled bet ($0.99) returned to artem91sved
artem91sved collected $0.07 from pot
artem91sved: doesn't show hand 
*** SUMMARY ***
Total pot $0.07 | Rake $0 
Seat 1: dmcrbr folded before Flop (didn't bet)
Seat 3: geniuss (button) folded before Flop (didn't bet)
Seat 4: RAZOR1956 (small blind) folded before Flop
Seat 5: Camezzz (big blind) folded before Flop
Seat 6: Dorex2007 folded before Flop (didn't bet)
Seat 8: diceman1980 folded before Flop
Seat 9: artem91sved collected ($0.07)



PokerStars Hand #230364501811:  Hold'em No Limit ($0.01/$0.02 USD) - 2021/10/04 21:18:14 PT [2021/10/05 0:18:14 ET]
Table 'Amanda' 9-max Seat #4 is the button
Seat 1: dmcrbr ($3.39 in chips) 
Seat 3: geniuss ($2.41 in chips) 
Seat 4: RAZOR1956 ($6.25 in chips) 
Seat 5: Camezzz ($2 in chips) 
Seat 6: Dorex2007 ($5.93 in chips) 
Seat 8: diceman1980 ($1.51 in chips) 
Seat 9: artem91sved ($1.06 in chips) 
Camezzz: posts small blind $0.01
Dorex2007: posts big blind $0.02
Tweedy620: sits out 
*** HOLE CARDS ***
Dealt to Dorex2007 [Jc 6c]
diceman1980: calls $0.02
artem91sved: calls $0.02
dmcrbr: folds 
geniuss: folds 
RAZOR1956: raises $0.08 to $0.10
Camezzz: folds 
Dorex2007: folds 
diceman1980: calls $0.08
artem91sved: raises $0.96 to $1.06 and is all-in
RAZOR1956: calls $0.96
diceman1980: folds 
*** FLOP *** [9s Kc 4s]
*** TURN *** [9s Kc 4s] [8c]
*** RIVER *** [9s Kc 4s 8c] [Kd]
*** SHOW DOWN ***
artem91sved: shows [Ts Th] (two pair, Kings and Tens)
RAZOR1956: shows [Qc Ad] (a pair of Kings)
artem91sved collected $2.17 from pot
*** SUMMARY ***
Total pot $2.25 | Rake $0.08 
Board [9s Kc 4s 8c Kd]
Seat 1: dmcrbr folded before Flop (didn't bet)
Seat 3: geniuss folded before Flop (didn't bet)
Seat 4: RAZOR1956 (button) showed [Qc Ad] and lost with a pair of Kings
Seat 5: Camezzz (small blind) folded before Flop
Seat 6: Dorex2007 (big blind) folded before Flop
Seat 8: diceman1980 folded before Flop
Seat 9: artem91sved showed [Ts Th] and won ($2.17) with two pair, Kings and Tens



PokerStars Hand #230364510650:  Hold'em No Limit ($0.01/$0.02 USD) - 2021/10/04 21:18:51 PT [2021/10/05 0:18:51 ET]
Table 'Amanda' 9-max Seat #5 is the button
Seat 1: dmcrbr ($3.39 in chips) 
Seat 3: geniuss ($2.41 in chips) 
Seat 4: RAZOR1956 ($5.19 in chips) 
Seat 5: Camezzz ($2 in chips) 
Seat 6: Dorex2007 ($5.91 in chips) 
Seat 7: Tweedy620 ($2 in chips) 
Seat 8: diceman1980 ($1.41 in chips) 
Seat 9: artem91sved ($2.17 in chips) 
Dorex2007: posts small blind $0.01
Tweedy620: posts big blind $0.02
*** HOLE CARDS ***
Dealt to Dorex2007 [3h Tc]
diceman1980: calls $0.02
artem91sved: calls $0.02
dmcrbr: folds 
geniuss: folds 
RAZOR1956: calls $0.02
Camezzz: folds 
Dorex2007: folds 
Tweedy620: raises $0.10 to $0.12
diceman1980: calls $0.10
artem91sved: calls $0.10
RAZOR1956: folds 
*** FLOP *** [8h 4d 2d]
Tweedy620: bets $0.24
diceman1980: calls $0.24
artem91sved: folds 
*** TURN *** [8h 4d 2d] [4h]
Tweedy620: bets $0.38
diceman1980: calls $0.38
*** RIVER *** [8h 4d 2d 4h] [5h]
Tweedy620: bets $0.34
diceman1980: raises $0.33 to $0.67 and is all-in
Tweedy620: calls $0.33
*** SHOW DOWN ***
diceman1980: shows [7h 5c] (two pair, Fives and Fours)
Tweedy620: shows [Ad Ah] (two pair, Aces and Fours)
Tweedy620 collected $2.85 from pot
*** SUMMARY ***
Total pot $2.97 | Rake $0.12 
Board [8h 4d 2d 4h 5h]
Seat 1: dmcrbr folded before Flop (didn't bet)
Seat 3: geniuss folded before Flop (didn't bet)
Seat 4: RAZOR1956 folded before Flop
Seat 5: Camezzz (button) folded before Flop (didn't bet)
Seat 6: Dorex2007 (small blind) folded before Flop
Seat 7: Tweedy620 (big blind) showed [Ad Ah] and won ($2.85) with two pair, Aces and Fours
Seat 8: diceman1980 showed [7h 5c] and lost with two pair, Fives and Fours
Seat 9: artem91sved folded on the Flop



PokerStars Hand #230364517968:  Hold'em No Limit ($0.01/$0.02 USD) - 2021/10/04 21:19:43 PT [2021/10/05 0:19:43 ET]
Table 'Amanda' 9-max Seat #6 is the button
Seat 1: dmcrbr ($3.39 in chips) 
Seat 3: geniuss ($2.41 in chips) 
Seat 4: RAZOR1956 ($5.17 in chips) 
Seat 5: Camezzz ($2 in chips) 
Seat 6: Dorex2007 ($5.90 in chips) 
Seat 7: Tweedy620 ($3.44 in chips) 
Seat 9: artem91sved ($2.05 in chips) 
Tweedy620: posts small blind $0.01
artem91sved: posts big blind $0.02
*** HOLE CARDS ***
Dealt to Dorex2007 [Qs Th]
dmcrbr: folds 
geniuss: folds 
RAZOR1956: calls $0.02
diceman1980 leaves the table
Camezzz: folds 
Dorex2007: calls $0.02
Tweedy620: calls $0.01
artem91sved: checks 
*** FLOP *** [8c 5h 4h]
Tweedy620: checks 
artem91sved: checks 
RAZOR1956: checks 
Dorex2007: checks 
*** TURN *** [8c 5h 4h] [9d]
Tweedy620: checks 
artem91sved: checks 
RAZOR1956: checks 
Dorex2007: checks 
*** RIVER *** [8c 5h 4h 9d] [3d]
Tweedy620: checks 
artem91sved: checks 
RAZOR1956: checks 
Dorex2007: checks 
*** SHOW DOWN ***
Tweedy620: shows [Jc 7c] (high card Jack)
artem91sved: shows [Td 5s] (a pair of Fives)
RAZOR1956: mucks hand 
Dorex2007: mucks hand 
artem91sved collected $0.08 from pot
*** SUMMARY ***
Total pot $0.08 | Rake $0 
Board [8c 5h 4h 9d 3d]
Seat 1: dmcrbr folded before Flop (didn't bet)
Seat 3: geniuss folded before Flop (didn't bet)
Seat 4: RAZOR1956 mucked [Ts 3c]
Seat 5: Camezzz folded before Flop (didn't bet)
Seat 6: Dorex2007 (button) mucked [Qs Th]
Seat 7: Tweedy620 (small blind) showed [Jc 7c] and lost with high card Jack
Seat 9: artem91sved (big blind) showed [Td 5s] and won ($0.08) with a pair of Fives



PokerStars Hand #230364523628:  Hold'em No Limit ($0.01/$0.02 USD) - 2021/10/04 21:20:23 PT [2021/10/05 0:20:23 ET]
Table 'Amanda' 9-max Seat #7 is the button
Seat 1: dmcrbr ($3.39 in chips) 
Seat 3: geniuss ($2.41 in chips) 
Seat 4: RAZOR1956 ($5.15 in chips) 
Seat 5: Camezzz ($2 in chips) 
Seat 6: Dorex2007 ($5.88 in chips) 
Seat 7: Tweedy620 ($3.42 in chips) 
Seat 9: artem91sved ($2.11 in chips) 
artem91sved: posts small blind $0.01
dmcrbr: posts big blind $0.02
*** HOLE CARDS ***
Dealt to Dorex2007 [9h Th]
christianlima joins the table at seat #8 
geniuss: folds 
RAZOR1956: raises $0.02 to $0.04
Camezzz: calls $0.04
Dorex2007: calls $0.04
Tweedy620: folds 
artem91sved: raises $0.36 to $0.40
dmcrbr: folds 
RAZOR1956: folds 
Camezzz: folds 
Dorex2007: folds 
Uncalled bet ($0.36) returned to artem91sved
artem91sved collected $0.18 from pot
artem91sved: doesn't show hand 
*** SUMMARY ***
Total pot $0.18 | Rake $0 
Seat 1: dmcrbr (big blind) folded before Flop
Seat 3: geniuss folded before Flop (didn't bet)
Seat 4: RAZOR1956 folded before Flop
Seat 5: Camezzz folded before Flop
Seat 6: Dorex2007 folded before Flop
Seat 7: Tweedy620 (button) folded before Flop (didn't bet)
Seat 9: artem91sved (small blind) collected ($0.18)



PokerStars Hand #230364528695:  Hold'em No Limit ($0.01/$0.02 USD) - 2021/10/04 21:20:59 PT [2021/10/05 0:20:59 ET]
Table 'Amanda' 9-max Seat #9 is the button
Seat 1: dmcrbr ($3.37 in chips) 
Seat 3: geniuss ($2.41 in chips) 
Seat 4: RAZOR1956 ($5.11 in chips) 
Seat 5: Camezzz ($2 in chips) 
Seat 6: Dorex2007 ($5.84 in chips) 
Seat 7: Tweedy620 ($3.42 in chips) 
Seat 8: christianlima ($0.86 in chips) 
Seat 9: artem91sved ($2.25 in chips) 
dmcrbr: posts small blind $0.01
geniuss: posts big blind $0.02
christianlima: posts big blind $0.02
*** HOLE CARDS ***
Dealt to Dorex2007 [3h 4d]
RAZOR1956: raises $0.02 to $0.04
Camezzz: folds 
Dorex2007: folds 
Tweedy620: folds 
christianlima: folds 
artem91sved: folds 
dmcrbr: folds 
geniuss: folds 
Uncalled bet ($0.02) returned to RAZOR1956
RAZOR1956 collected $0.07 from pot
RAZOR1956: doesn't show hand 
*** SUMMARY ***
Total pot $0.07 | Rake $0 
Seat 1: dmcrbr (small blind) folded before Flop
Seat 3: geniuss (big blind) folded before Flop
Seat 4: RAZOR1956 collected ($0.07)
Seat 5: Camezzz folded before Flop (didn't bet)
Seat 6: Dorex2007 folded before Flop (didn't bet)
Seat 7: Tweedy620 folded before Flop (didn't bet)
Seat 8: christianlima folded before Flop (didn't bet)
Seat 9: artem91sved (button) folded before Flop (didn't bet)



PokerStars Hand #230364540934:  Hold'em No Limit ($0.01/$0.02 USD) - 2021/10/04 21:21:17 PT [2021/10/05 0:21:17 ET]
Table 'Amanda' 9-max Seat #1 is the button
Seat 1: dmcrbr ($3.36 in chips) 
Seat 3: geniuss ($2.39 in chips) 
Seat 4: RAZOR1956 ($5.16 in chips) 
Seat 5: Camezzz ($2 in chips) 
Seat 6: Dorex2007 ($5.84 in chips) 
Seat 7: Tweedy620 ($3.42 in chips) 
Seat 8: christianlima ($0.84 in chips) 
Seat 9: artem91sved ($2.25 in chips) 
geniuss: posts small blind $0.01
RAZOR1956: posts big blind $0.02
*** HOLE CARDS ***
Dealt to Dorex2007 [Th Qc]
Camezzz has timed out
Camezzz: folds 
Dorex2007: folds 
Tweedy620: calls $0.02
christianlima: folds 
artem91sved: calls $0.02
dmcrbr: calls $0.02
geniuss: folds 
RAZOR1956: checks 
*** FLOP *** [9s Jc 4d]
RAZOR1956: checks 
Tweedy620: bets $0.08
artem91sved: folds 
dmcrbr: folds 
RAZOR1956: folds 
Uncalled bet ($0.08) returned to Tweedy620
Tweedy620 collected $0.09 from pot
Tweedy620: doesn't show hand 
*** SUMMARY ***
Total pot $0.09 | Rake $0 
Board [9s Jc 4d]
Seat 1: dmcrbr (button) folded on the Flop
Seat 3: geniuss (small blind) folded before Flop
Seat 4: RAZOR1956 (big blind) folded on the Flop
Seat 5: Camezzz folded before Flop (didn't bet)
Seat 6: Dorex2007 folded before Flop (didn't bet)
Seat 7: Tweedy620 collected ($0.09)
Seat 8: christianlima folded before Flop (didn't bet)
Seat 9: artem91sved folded on the Flop



PokerStars Hand #230364546633:  Hold'em No Limit ($0.01/$0.02 USD) - 2021/10/04 21:21:57 PT [2021/10/05 0:21:57 ET]
Table 'Amanda' 9-max Seat #3 is the button
Seat 1: dmcrbr ($3.34 in chips) 
Seat 3: geniuss ($2.38 in chips) 
Seat 4: RAZOR1956 ($5.14 in chips) 
Seat 5: Camezzz ($2 in chips) 
Seat 6: Dorex2007 ($5.84 in chips) 
Seat 7: Tweedy620 ($3.49 in chips) 
Seat 8: christianlima ($0.84 in chips) 
Seat 9: artem91sved ($2.23 in chips) 
RAZOR1956: posts small blind $0.01
Camezzz: posts big blind $0.02
*** HOLE CARDS ***
Dealt to Dorex2007 [8d 5s]
Dorex2007: folds 
Tweedy620: calls $0.02
christianlima: folds 
artem91sved: calls $0.02
dmcrbr: folds 
geniuss: folds 
RAZOR1956: calls $0.01
Camezzz: checks 
*** FLOP *** [5c 8h Th]
RAZOR1956: checks 
Camezzz: checks 
Tweedy620: checks 
artem91sved: checks 
*** TURN *** [5c 8h Th] [9d]
RAZOR1956: checks 
Camezzz: checks 
Tweedy620: checks 
artem91sved: bets $0.02
RAZOR1956: calls $0.02
Camezzz: folds 
Tweedy620: folds 
*** RIVER *** [5c 8h Th 9d] [Qs]
RAZOR1956: checks 
artem91sved: bets $0.80
RAZOR1956: calls $0.80
*** SHOW DOWN ***
artem91sved: shows [Js 9s] (a straight, Eight to Queen)
RAZOR1956: shows [Jh 7s] (a straight, Eight to Queen)
RAZOR1956 collected $0.83 from pot
artem91sved collected $0.83 from pot
*** SUMMARY ***
Total pot $1.72 | Rake $0.06 
Board [5c 8h Th 9d Qs]
Seat 1: dmcrbr folded before Flop (didn't bet)
Seat 3: geniuss (button) folded before Flop (didn't bet)
Seat 4: RAZOR1956 (small blind) showed [Jh 7s] and won ($0.83) with a straight, Eight to Queen
Seat 5: Camezzz (big blind) folded on the Turn
Seat 6: Dorex2007 folded before Flop (didn't bet)
Seat 7: Tweedy620 folded on the Turn
Seat 8: christianlima folded before Flop (didn't bet)
Seat 9: artem91sved showed [Js 9s] and won ($0.83) with a straight, Eight to Queen



PokerStars Hand #230364556442:  Hold'em No Limit ($0.01/$0.02 USD) - 2021/10/04 21:23:06 PT [2021/10/05 0:23:06 ET]
Table 'Amanda' 9-max Seat #4 is the button
Seat 1: dmcrbr ($3.34 in chips) 
Seat 3: geniuss ($2.38 in chips) 
Seat 4: RAZOR1956 ($5.13 in chips) 
Seat 5: Camezzz ($2 in chips) 
Seat 6: Dorex2007 ($5.84 in chips) 
Seat 7: Tweedy620 ($3.47 in chips) 
Seat 8: christianlima ($0.84 in chips) 
Seat 9: artem91sved ($2.22 in chips) 
Camezzz: posts small blind $0.01
Dorex2007: posts big blind $0.02
*** HOLE CARDS ***
Dealt to Dorex2007 [7h Td]
Tweedy620: calls $0.02
christianlima: folds 
artem91sved: folds 
dmcrbr: folds 
geniuss: folds 
RAZOR1956: folds 
Camezzz: calls $0.01
Dorex2007: checks 
*** FLOP *** [Qh 8h Ac]
Camezzz: checks 
Dorex2007: checks 
Tweedy620: checks 
*** TURN *** [Qh 8h Ac] [Ts]
Camezzz: checks 
Dorex2007: bets $0.06
Tweedy620: calls $0.06
Camezzz: folds 
*** RIVER *** [Qh 8h Ac Ts] [9c]
Dorex2007: checks 
Tweedy620: bets $0.12
Dorex2007: folds 
Uncalled bet ($0.12) returned to Tweedy620
Tweedy620 collected $0.17 from pot
Tweedy620: doesn't show hand 
*** SUMMARY ***
Total pot $0.18 | Rake $0.01 
Board [Qh 8h Ac Ts 9c]
Seat 1: dmcrbr folded before Flop (didn't bet)
Seat 3: geniuss folded before Flop (didn't bet)
Seat 4: RAZOR1956 (button) folded before Flop (didn't bet)
Seat 5: Camezzz (small blind) folded on the Turn
Seat 6: Dorex2007 (big blind) folded on the River
Seat 7: Tweedy620 collected ($0.17)
Seat 8: christianlima folded before Flop (didn't bet)
Seat 9: artem91sved folded before Flop (didn't bet)



PokerStars Hand #230364564160:  Hold'em No Limit ($0.01/$0.02 USD) - 2021/10/04 21:24:00 PT [2021/10/05 0:24:00 ET]
Table 'Amanda' 9-max Seat #5 is the button
Seat 1: dmcrbr ($3.34 in chips) 
Seat 3: geniuss ($2.38 in chips) 
Seat 4: RAZOR1956 ($5.13 in chips) 
Seat 5: Camezzz ($2 in chips) 
Seat 6: Dorex2007 ($5.76 in chips) 
Seat 7: Tweedy620 ($3.56 in chips) 
Seat 8: christianlima ($0.84 in chips) 
Seat 9: artem91sved ($2.22 in chips) 
Dorex2007: posts small blind $0.01
Tweedy620: posts big blind $0.02
*** HOLE CARDS ***
Dealt to Dorex2007 [5h 4h]
christianlima: folds 
artem91sved: calls $0.02
dmcrbr: folds 
geniuss: folds 
RAZOR1956: calls $0.02
Camezzz: folds 
Dorex2007: folds 
Tweedy620: checks 
*** FLOP *** [9h Qc Ah]
Tweedy620: checks 
artem91sved: checks 
RAZOR1956: checks 
*** TURN *** [9h Qc Ah] [8s]
Tweedy620: checks 
artem91sved: bets $0.02
RAZOR1956: calls $0.02
Tweedy620: folds 
*** RIVER *** [9h Qc Ah 8s] [Ts]
artem91sved: bets $1.64
RAZOR1956: folds 
Uncalled bet ($1.64) returned to artem91sved
artem91sved collected $0.11 from pot
artem91sved: doesn't show hand 
*** SUMMARY ***
Total pot $0.11 | Rake $0 
Board [9h Qc Ah 8s Ts]
Seat 1: dmcrbr folded before Flop (didn't bet)
Seat 3: geniuss folded before Flop (didn't bet)
Seat 4: RAZOR1956 folded on the River
Seat 5: Camezzz (button) folded before Flop (didn't bet)
Seat 6: Dorex2007 (small blind) folded before Flop
Seat 7: Tweedy620 (big blind) folded on the Turn
Seat 8: christianlima folded before Flop (didn't bet)
Seat 9: artem91sved collected ($0.11)



PokerStars Hand #230364569569:  Hold'em No Limit ($0.01/$0.02 USD) - 2021/10/04 21:24:39 PT [2021/10/05 0:24:39 ET]
Table 'Amanda' 9-max Seat #6 is the button
Seat 1: dmcrbr ($3.34 in chips) 
Seat 3: geniuss ($2.38 in chips) 
Seat 4: RAZOR1956 ($5.09 in chips) 
Seat 5: Camezzz ($2 in chips) 
Seat 6: Dorex2007 ($5.75 in chips) 
Seat 7: Tweedy620 ($3.54 in chips) 
Seat 8: christianlima ($0.84 in chips) 
Seat 9: artem91sved ($2.29 in chips) 
Tweedy620: posts small blind $0.01
christianlima: posts big blind $0.02
*** HOLE CARDS ***
Dealt to Dorex2007 [7d Ad]
artem91sved: calls $0.02
dmcrbr: folds 
geniuss: folds 
RAZOR1956: raises $0.04 to $0.06
Camezzz: folds 
Dorex2007: calls $0.06
Tweedy620: folds 
christianlima: folds 
artem91sved: calls $0.04
*** FLOP *** [7h 5d 2s]
artem91sved: checks 
RAZOR1956: bets $0.06
Dorex2007: raises $0.32 to $0.38
artem91sved: calls $0.38
RAZOR1956: calls $0.32
*** TURN *** [7h 5d 2s] [Kc]
artem91sved: checks 
RAZOR1956: checks 
Dorex2007: checks 
*** RIVER *** [7h 5d 2s Kc] [8s]
artem91sved: checks 
RAZOR1956: checks 
Dorex2007: checks 
*** SHOW DOWN ***
artem91sved: shows [Ts 7c] (a pair of Sevens)
RAZOR1956: mucks hand 
Dorex2007: shows [7d Ad] (a pair of Sevens - Ace kicker)
Dorex2007 collected $1.30 from pot
*** SUMMARY ***
Total pot $1.35 | Rake $0.05 
Board [7h 5d 2s Kc 8s]
Seat 1: dmcrbr folded before Flop (didn't bet)
Seat 3: geniuss folded before Flop (didn't bet)
Seat 4: RAZOR1956 mucked [2d 6d]
Seat 5: Camezzz folded before Flop (didn't bet)
Seat 6: Dorex2007 (button) showed [7d Ad] and won ($1.30) with a pair of Sevens
Seat 7: Tweedy620 (small blind) folded before Flop
Seat 8: christianlima (big blind) folded before Flop
Seat 9: artem91sved showed [Ts 7c] and lost with a pair of Sevens



PokerStars Hand #230364577215:  Hold'em No Limit ($0.01/$0.02 USD) - 2021/10/04 21:25:33 PT [2021/10/05 0:25:33 ET]
Table 'Amanda' 9-max Seat #7 is the button
Seat 1: dmcrbr ($3.34 in chips) 
Seat 3: geniuss ($2.38 in chips) 
Seat 4: RAZOR1956 ($4.65 in chips) 
Seat 5: Camezzz ($2 in chips) 
Seat 6: Dorex2007 ($6.61 in chips) 
Seat 7: Tweedy620 ($3.53 in chips) 
Seat 8: christianlima ($0.82 in chips) 
Seat 9: artem91sved ($1.85 in chips) 
christianlima: posts small blind $0.01
artem91sved: posts big blind $0.02
*** HOLE CARDS ***
Dealt to Dorex2007 [Td Ad]
dmcrbr: folds 
geniuss: folds 
RAZOR1956: calls $0.02
Camezzz: folds 
nancy258 leaves the table
Dorex2007: raises $0.04 to $0.06
Tweedy620: folds 
christianlima: folds 
artem91sved: calls $0.04
RAZOR1956: calls $0.04
*** FLOP *** [2d 4c 7d]
artem91sved: checks 
RAZOR1956: checks 
Lugaya joins the table at seat #2 
Dorex2007: checks 
*** TURN *** [2d 4c 7d] [6h]
artem91sved: checks 
RAZOR1956: bets $0.04
Dorex2007: calls $0.04
artem91sved: calls $0.04
*** RIVER *** [2d 4c 7d 6h] [Ts]
artem91sved: checks 
RAZOR1956: checks 
Dorex2007: checks 
*** SHOW DOWN ***
artem91sved: shows [5h Ah] (high card Ace)
RAZOR1956: shows [6d 8d] (a pair of Sixes)
Dorex2007: shows [Td Ad] (a pair of Tens)
Dorex2007 collected $0.30 from pot
*** SUMMARY ***
Total pot $0.31 | Rake $0.01 
Board [2d 4c 7d 6h Ts]
Seat 1: dmcrbr folded before Flop (didn't bet)
Seat 3: geniuss folded before Flop (didn't bet)
Seat 4: RAZOR1956 showed [6d 8d] and lost with a pair of Sixes
Seat 5: Camezzz folded before Flop (didn't bet)
Seat 6: Dorex2007 showed [Td Ad] and won ($0.30) with a pair of Tens
Seat 7: Tweedy620 (button) folded before Flop (didn't bet)
Seat 8: christianlima (small blind) folded before Flop
Seat 9: artem91sved (big blind) showed [5h Ah] and lost with high card Ace



PokerStars Hand #230364583177:  Hold'em No Limit ($0.01/$0.02 USD) - 2021/10/04 21:26:16 PT [2021/10/05 0:26:16 ET]
Table 'Amanda' 9-max Seat #8 is the button
Seat 1: dmcrbr ($3.34 in chips) 
Seat 3: geniuss ($2.38 in chips) 
Seat 4: RAZOR1956 ($4.55 in chips) 
Seat 5: Camezzz ($2 in chips) 
Seat 6: Dorex2007 ($6.81 in chips) 
Seat 7: Tweedy620 ($3.53 in chips) 
Seat 8: christianlima ($0.81 in chips) 
Seat 9: artem91sved ($1.75 in chips) 
artem91sved: posts small blind $0.01
dmcrbr: posts big blind $0.02
Lugaya: sits out 
*** HOLE CARDS ***
Dealt to Dorex2007 [Ad 6s]
geniuss: folds 
RAZOR1956: folds 
Camezzz: folds 
Dorex2007: folds 
Tweedy620: folds 
christianlima: folds 
artem91sved: calls $0.01
dmcrbr: checks 
*** FLOP *** [2s Kc Ks]
artem91sved: checks 
dmcrbr: checks 
*** TURN *** [2s Kc Ks] [4h]
artem91sved: bets $0.02
dmcrbr: folds 
Uncalled bet ($0.02) returned to artem91sved
artem91sved collected $0.04 from pot
artem91sved: doesn't show hand 
*** SUMMARY ***
Total pot $0.04 | Rake $0 
Board [2s Kc Ks 4h]
Seat 1: dmcrbr (big blind) folded on the Turn
Seat 3: geniuss folded before Flop (didn't bet)
Seat 4: RAZOR1956 folded before Flop (didn't bet)
Seat 5: Camezzz folded before Flop (didn't bet)
Seat 6: Dorex2007 folded before Flop (didn't bet)
Seat 7: Tweedy620 folded before Flop (didn't bet)
Seat 8: christianlima (button) folded before Flop (didn't bet)
Seat 9: artem91sved (small blind) collected ($0.04)



PokerStars Hand #230364586326:  Hold'em No Limit ($0.01/$0.02 USD) - 2021/10/04 21:26:38 PT [2021/10/05 0:26:38 ET]
Table 'Amanda' 9-max Seat #9 is the button
Seat 1: dmcrbr ($3.32 in chips) 
Seat 2: Lugaya ($2 in chips) 
Seat 3: geniuss ($2.38 in chips) 
Seat 4: RAZOR1956 ($4.55 in chips) 
Seat 5: Camezzz ($2 in chips) 
Seat 6: Dorex2007 ($6.81 in chips) 
Seat 7: Tweedy620 ($3.53 in chips) 
Seat 8: christianlima ($0.81 in chips) 
Seat 9: artem91sved ($1.77 in chips) 
dmcrbr: posts small blind $0.01
Lugaya: posts big blind $0.02
*** HOLE CARDS ***
Dealt to Dorex2007 [5d 4h]
geniuss: folds 
RAZOR1956: calls $0.02
Camezzz: folds 
Dorex2007: folds 
Tweedy620: calls $0.02
christianlima: folds 
artem91sved: calls $0.02
dmcrbr: folds 
Lugaya: checks 
*** FLOP *** [4c 5c 6h]
Lugaya: bets $0.04
RAZOR1956: calls $0.04
Tweedy620: calls $0.04
artem91sved: raises $0.66 to $0.70
Lugaya: folds 
RAZOR1956: folds 
Tweedy620: folds 
Uncalled bet ($0.66) returned to artem91sved
artem91sved collected $0.24 from pot
artem91sved: doesn't show hand 
*** SUMMARY ***
Total pot $0.25 | Rake $0.01 
Board [4c 5c 6h]
Seat 1: dmcrbr (small blind) folded before Flop
Seat 2: Lugaya (big blind) folded on the Flop
Seat 3: geniuss folded before Flop (didn't bet)
Seat 4: RAZOR1956 folded on the Flop
Seat 5: Camezzz folded before Flop (didn't bet)
Seat 6: Dorex2007 folded before Flop (didn't bet)
Seat 7: Tweedy620 folded on the Flop
Seat 8: christianlima folded before Flop (didn't bet)
Seat 9: artem91sved (button) collected ($0.24)



PokerStars Hand #230364595972:  Hold'em No Limit ($0.01/$0.02 USD) - 2021/10/04 21:27:49 PT [2021/10/05 0:27:49 ET]
Table 'Amanda' 9-max Seat #1 is the button
Seat 1: dmcrbr ($3.31 in chips) 
Seat 2: Lugaya ($1.94 in chips) 
Seat 3: geniuss ($2.38 in chips) 
Seat 4: RAZOR1956 ($4.49 in chips) 
Seat 5: Camezzz ($2 in chips) 
Seat 6: Dorex2007 ($6.81 in chips) 
Seat 7: Tweedy620 ($3.47 in chips) 
Seat 8: christianlima ($0.81 in chips) 
Seat 9: artem91sved ($1.95 in chips) 
Lugaya: posts small blind $0.01
geniuss: posts big blind $0.02
*** HOLE CARDS ***
Dealt to Dorex2007 [Qs 8d]
RAZOR1956: calls $0.02
Camezzz: folds 
Dorex2007: folds 
Tweedy620: folds 
christianlima: folds 
artem91sved: raises $1.93 to $1.95 and is all-in
dmcrbr: folds 
Lugaya: folds 
geniuss: folds 
RAZOR1956: calls $1.93
*** FLOP *** [3s Jd 3d]
*** TURN *** [3s Jd 3d] [9s]
*** RIVER *** [3s Jd 3d 9s] [5s]
*** SHOW DOWN ***
RAZOR1956: shows [Ks As] (a flush, Ace high)
artem91sved: shows [Js Ad] (two pair, Jacks and Threes)
RAZOR1956 collected $3.79 from pot
artem91sved cashed out the hand for $0.94 | Cash Out Fee $0.01
*** SUMMARY ***
Total pot $3.93 | Rake $0.14 
Board [3s Jd 3d 9s 5s]
Seat 1: dmcrbr (button) folded before Flop (didn't bet)
Seat 2: Lugaya (small blind) folded before Flop
Seat 3: geniuss (big blind) folded before Flop
Seat 4: RAZOR1956 showed [Ks As] and won ($3.79) with a flush, Ace high
Seat 5: Camezzz folded before Flop (didn't bet)
Seat 6: Dorex2007 folded before Flop (didn't bet)
Seat 7: Tweedy620 folded before Flop (didn't bet)
Seat 8: christianlima folded before Flop (didn't bet)
Seat 9: artem91sved showed [Js Ad] and lost with two pair, Jacks and Threes (cashed out).



PokerStars Hand #230364601020:  Hold'em No Limit ($0.01/$0.02 USD) - 2021/10/04 21:28:26 PT [2021/10/05 0:28:26 ET]
Table 'Amanda' 9-max Seat #2 is the button
Seat 1: dmcrbr ($3.31 in chips) 
Seat 2: Lugaya ($1.93 in chips) 
Seat 3: geniuss ($2.36 in chips) 
Seat 4: RAZOR1956 ($6.33 in chips) 
Seat 5: Camezzz ($2 in chips) 
Seat 6: Dorex2007 ($6.81 in chips) 
Seat 7: Tweedy620 ($3.47 in chips) 
Seat 8: christianlima ($0.81 in chips) 
Seat 9: artem91sved ($0.94 in chips) 
geniuss: posts small blind $0.01
RAZOR1956: posts big blind $0.02
*** HOLE CARDS ***
Dealt to Dorex2007 [Qc 6h]
Camezzz has timed out
Camezzz: folds 
Dorex2007: folds 
Tweedy620: raises $0.06 to $0.08
christianlima: folds 
artem91sved: raises $0.86 to $0.94 and is all-in
dmcrbr: folds 
Lugaya: folds 
geniuss: folds 
RAZOR1956: folds 
Tweedy620: calls $0.86
*** FLOP *** [Qd 4c Ks]
*** TURN *** [Qd 4c Ks] [Kd]
*** RIVER *** [Qd 4c Ks Kd] [5d]
*** SHOW DOWN ***
Tweedy620: shows [Ac Ah] (two pair, Aces and Kings)
artem91sved: shows [9s 9c] (two pair, Kings and Nines)
Tweedy620 collected $1.82 from pot
*** SUMMARY ***
Total pot $1.91 | Rake $0.09 
Board [Qd 4c Ks Kd 5d]
Seat 1: dmcrbr folded before Flop (didn't bet)
Seat 2: Lugaya (button) folded before Flop (didn't bet)
Seat 3: geniuss (small blind) folded before Flop
Seat 4: RAZOR1956 (big blind) folded before Flop
Seat 5: Camezzz folded before Flop (didn't bet)
Seat 6: Dorex2007 folded before Flop (didn't bet)
Seat 7: Tweedy620 showed [Ac Ah] and won ($1.82) with two pair, Aces and Kings
Seat 8: christianlima folded before Flop (didn't bet)
Seat 9: artem91sved showed [9s 9c] and lost with two pair, Kings and Nines



