PokerStars Hand #237345537580:  Hold'em No Limit ($0.01/$0.02 USD) - 2022/07/13 18:13:19 PT [2022/07/13 21:13:19 ET]
Table 'Aaltje III' 9-max Seat #3 is the button
Seat 1: Dorex2007 ($2 in chips) 
Seat 2: caiotressi ($1.33 in chips) 
Seat 3: fulache ($1.12 in chips) 
Seat 4: Monster Pony ($2.93 in chips) 
Seat 5: davvei ($1.42 in chips) 
Seat 7: Almanza63 ($2.73 in chips) 
Seat 8: Ridleerr ($1.37 in chips) 
Seat 9: RosemontTony ($2.50 in chips) 
Monster Pony: posts small blind $0.01
davvei: posts big blind $0.02
laureano290: sits out 
Dorex2007: posts big blind $0.02
*** HOLE CARDS ***
Dealt to Dorex2007 [4c Jh]
Almanza63: folds 
Ridleerr: folds 
RosemontTony: folds 
Dorex2007: checks 
caiotressi: raises $0.04 to $0.06
fulache: folds 
Monster Pony: calls $0.05
davvei: folds 
Dorex2007: folds 
*** FLOP *** [Jd Td Ah]
Monster Pony: checks 
caiotressi: bets $0.07
Monster Pony: folds 
Uncalled bet ($0.07) returned to caiotressi
caiotressi collected $0.15 from pot
*** SUMMARY ***
Total pot $0.16 | Rake $0.01 
Board [Jd Td Ah]
Seat 1: Dorex2007 folded before Flop (didn't bet)
Seat 2: caiotressi collected ($0.15)
Seat 3: fulache (button) folded before Flop (didn't bet)
Seat 4: Monster Pony (small blind) folded on the Flop
Seat 5: davvei (big blind) folded before Flop
Seat 7: Almanza63 folded before Flop (didn't bet)
Seat 8: Ridleerr folded before Flop (didn't bet)
Seat 9: RosemontTony folded before Flop (didn't bet)



PokerStars Hand #237345551470:  Hold'em No Limit ($0.01/$0.02 USD) - 2022/07/13 18:14:06 PT [2022/07/13 21:14:06 ET]
Table 'Aaltje III' 9-max Seat #4 is the button
Seat 1: Dorex2007 ($2 in chips) 
Seat 2: caiotressi ($1.42 in chips) 
Seat 3: fulache ($1.12 in chips) 
Seat 4: Monster Pony ($2.87 in chips) 
Seat 5: davvei ($1.40 in chips) 
Seat 6: laureano290 ($2 in chips) 
Seat 7: Almanza63 ($2.73 in chips) 
Seat 8: Ridleerr ($1.37 in chips) 
Seat 9: RosemontTony ($2.50 in chips) 
davvei: posts small blind $0.01
laureano290: posts big blind $0.02
*** HOLE CARDS ***
Dealt to Dorex2007 [4d 8h]
Almanza63: folds 
Ridleerr: raises $0.02 to $0.04
RosemontTony: calls $0.04
Dorex2007: folds 
caiotressi: folds 
fulache: calls $0.04
Monster Pony: folds 
davvei: calls $0.03
laureano290: folds 
*** FLOP *** [2d 5s 6s]
davvei: bets $0.02
Ridleerr: calls $0.02
RosemontTony: raises $0.13 to $0.15
fulache: calls $0.15
davvei: calls $0.13
Ridleerr: folds 
*** TURN *** [2d 5s 6s] [Jh]
davvei: checks 
RosemontTony: checks 
fulache: checks 
*** RIVER *** [2d 5s 6s Jh] [Ks]
davvei: checks 
RosemontTony: checks 
fulache: checks 
*** SHOW DOWN ***
davvei: shows [5d Jd] (two pair, Jacks and Fives)
RosemontTony: mucks hand 
fulache: mucks hand 
davvei collected $0.63 from pot
*** SUMMARY ***
Total pot $0.65 | Rake $0.02 
Board [2d 5s 6s Jh Ks]
Seat 1: Dorex2007 folded before Flop (didn't bet)
Seat 2: caiotressi folded before Flop (didn't bet)
Seat 3: fulache mucked [3h 3d]
Seat 4: Monster Pony (button) folded before Flop (didn't bet)
Seat 5: davvei (small blind) showed [5d Jd] and won ($0.63) with two pair, Jacks and Fives
Seat 6: laureano290 (big blind) folded before Flop
Seat 7: Almanza63 folded before Flop (didn't bet)
Seat 8: Ridleerr folded on the Flop
Seat 9: RosemontTony mucked [Td Tc]



PokerStars Hand #237345625246:  Hold'em No Limit ($0.01/$0.02 USD) - 2022/07/13 18:19:30 PT [2022/07/13 21:19:30 ET]
Table 'Aaltje III' 9-max Seat #2 is the button
Seat 1: Dorex2007 ($2 in chips) 
Seat 2: caiotressi ($1.36 in chips) 
Seat 3: fulache ($0.81 in chips) 
Seat 4: Monster Pony ($3.05 in chips) 
Seat 5: davvei ($0.78 in chips) 
Seat 6: laureano290 ($2 in chips) 
Seat 7: Almanza63 ($2.94 in chips) 
Seat 8: Ridleerr ($1.42 in chips) 
Seat 9: RosemontTony ($3.68 in chips) 
fulache: posts small blind $0.01
Monster Pony: posts big blind $0.02
Dorex2007: posts small & big blinds $0.03
*** HOLE CARDS ***
Dealt to Dorex2007 [Kh 9s]
davvei: folds 
laureano290: folds 
Almanza63: raises $0.04 to $0.06
Ridleerr: folds 
RosemontTony: folds 
Dorex2007: folds 
caiotressi: folds 
fulache: folds 
Monster Pony: folds 
Uncalled bet ($0.04) returned to Almanza63
Almanza63 collected $0.08 from pot
*** SUMMARY ***
Total pot $0.08 | Rake $0 
Seat 1: Dorex2007 folded before Flop (didn't bet)
Seat 2: caiotressi (button) folded before Flop (didn't bet)
Seat 3: fulache (small blind) folded before Flop
Seat 4: Monster Pony (big blind) folded before Flop
Seat 5: davvei folded before Flop (didn't bet)
Seat 6: laureano290 folded before Flop (didn't bet)
Seat 7: Almanza63 collected ($0.08)
Seat 8: Ridleerr folded before Flop (didn't bet)
Seat 9: RosemontTony folded before Flop (didn't bet)



PokerStars Hand #237345630429:  Hold'em No Limit ($0.01/$0.02 USD) - 2022/07/13 18:19:56 PT [2022/07/13 21:19:56 ET]
Table 'Aaltje III' 9-max Seat #3 is the button
Seat 1: Dorex2007 ($2 in chips) 
Seat 2: caiotressi ($1.36 in chips) 
Seat 3: fulache ($0.80 in chips) 
Seat 4: Monster Pony ($3.03 in chips) 
Seat 5: davvei ($0.78 in chips) 
Seat 6: laureano290 ($2 in chips) 
Seat 7: Almanza63 ($3 in chips) 
Seat 8: Ridleerr ($1.42 in chips) 
Seat 9: RosemontTony ($3.68 in chips) 
Monster Pony: posts small blind $0.01
davvei: posts big blind $0.02
*** HOLE CARDS ***
Dealt to Dorex2007 [Tc Qh]
laureano290: folds 
Almanza63: folds 
Ridleerr: raises $0.02 to $0.04
RosemontTony: folds 
Dorex2007: folds 
caiotressi: raises $0.02 to $0.06
fulache: folds 
Monster Pony: folds 
davvei: calls $0.04
Ridleerr: calls $0.02
*** FLOP *** [Kd Ts 3s]
davvei: checks 
Ridleerr: checks 
caiotressi: checks 
*** TURN *** [Kd Ts 3s] [Ad]
davvei: checks 
Ridleerr: bets $0.06
caiotressi: calls $0.06
davvei: calls $0.06
*** RIVER *** [Kd Ts 3s Ad] [3h]
davvei: checks 
Ridleerr: bets $0.13
caiotressi: folds 
davvei: calls $0.13
*** SHOW DOWN ***
Ridleerr: shows [Ac Qs] (two pair, Aces and Threes)
davvei: shows [As 4c] (two pair, Aces and Threes)
davvei collected $0.31 from pot
Ridleerr collected $0.30 from pot
*** SUMMARY ***
Total pot $0.63 | Rake $0.02 
Board [Kd Ts 3s Ad 3h]
Seat 1: Dorex2007 folded before Flop (didn't bet)
Seat 2: caiotressi folded on the River
Seat 3: fulache (button) folded before Flop (didn't bet)
Seat 4: Monster Pony (small blind) folded before Flop
Seat 5: davvei (big blind) showed [As 4c] and won ($0.31) with two pair, Aces and Threes
Seat 6: laureano290 folded before Flop (didn't bet)
Seat 7: Almanza63 folded before Flop (didn't bet)
Seat 8: Ridleerr showed [Ac Qs] and won ($0.30) with two pair, Aces and Threes
Seat 9: RosemontTony folded before Flop (didn't bet)



PokerStars Hand #237345646298:  Hold'em No Limit ($0.01/$0.02 USD) - 2022/07/13 18:21:15 PT [2022/07/13 21:21:15 ET]
Table 'Aaltje III' 9-max Seat #4 is the button
Seat 1: Dorex2007 ($2 in chips) 
Seat 2: caiotressi ($1.24 in chips) 
Seat 3: fulache ($0.80 in chips) 
Seat 4: Monster Pony ($3.02 in chips) 
Seat 5: davvei ($0.84 in chips) 
Seat 6: laureano290 ($2 in chips) 
Seat 7: Almanza63 ($3 in chips) 
Seat 8: Ridleerr ($1.47 in chips) 
Seat 9: RosemontTony ($3.68 in chips) 
davvei: posts small blind $0.01
laureano290: posts big blind $0.02
*** HOLE CARDS ***
Dealt to Dorex2007 [6h Qc]
Almanza63: folds 
Ridleerr: folds 
RosemontTony: folds 
Dorex2007: folds 
caiotressi: raises $0.04 to $0.06
fulache: folds 
Monster Pony: calls $0.06
davvei: folds 
laureano290: folds 
*** FLOP *** [4s 3s 5s]
caiotressi: checks 
Monster Pony: checks 
*** TURN *** [4s 3s 5s] [9h]
caiotressi: checks 
Monster Pony: checks 
*** RIVER *** [4s 3s 5s 9h] [8c]
caiotressi: checks 
Monster Pony: checks 
*** SHOW DOWN ***
caiotressi: shows [2h Kh] (high card King)
Monster Pony: shows [Tc Ac] (high card Ace)
Monster Pony collected $0.14 from pot
*** SUMMARY ***
Total pot $0.15 | Rake $0.01 
Board [4s 3s 5s 9h 8c]
Seat 1: Dorex2007 folded before Flop (didn't bet)
Seat 2: caiotressi showed [2h Kh] and lost with high card King
Seat 3: fulache folded before Flop (didn't bet)
Seat 4: Monster Pony (button) showed [Tc Ac] and won ($0.14) with high card Ace
Seat 5: davvei (small blind) folded before Flop
Seat 6: laureano290 (big blind) folded before Flop
Seat 7: Almanza63 folded before Flop (didn't bet)
Seat 8: Ridleerr folded before Flop (didn't bet)
Seat 9: RosemontTony folded before Flop (didn't bet)



PokerStars Hand #237345655097:  Hold'em No Limit ($0.01/$0.02 USD) - 2022/07/13 18:21:59 PT [2022/07/13 21:21:59 ET]
Table 'Aaltje III' 9-max Seat #5 is the button
Seat 1: Dorex2007 ($2 in chips) 
Seat 2: caiotressi ($1.18 in chips) 
Seat 3: fulache ($0.80 in chips) 
Seat 4: Monster Pony ($3.10 in chips) 
Seat 5: davvei ($0.83 in chips) 
Seat 6: laureano290 ($2 in chips) 
Seat 7: Almanza63 ($3 in chips) 
Seat 8: Ridleerr ($1.47 in chips) 
Seat 9: RosemontTony ($3.68 in chips) 
laureano290: posts small blind $0.01
Almanza63: posts big blind $0.02
*** HOLE CARDS ***
Dealt to Dorex2007 [5s 7s]
Ridleerr: folds 
RosemontTony: raises $0.04 to $0.06
Dorex2007: folds 
caiotressi: calls $0.06
fulache: folds 
Monster Pony: calls $0.06
davvei: folds 
laureano290: calls $0.05
Almanza63: folds 
*** FLOP *** [9h 6s 4c]
laureano290: checks 
RosemontTony: bets $0.06
caiotressi: calls $0.06
Monster Pony: folds 
laureano290: folds 
*** TURN *** [9h 6s 4c] [Ac]
RosemontTony: bets $0.09
caiotressi: calls $0.09
*** RIVER *** [9h 6s 4c Ac] [Kc]
RosemontTony: bets $0.18
caiotressi: calls $0.18
*** SHOW DOWN ***
RosemontTony: shows [Kh As] (two pair, Aces and Kings)
caiotressi: mucks hand 
RosemontTony collected $0.89 from pot
*** SUMMARY ***
Total pot $0.92 | Rake $0.03 
Board [9h 6s 4c Ac Kc]
Seat 1: Dorex2007 folded before Flop (didn't bet)
Seat 2: caiotressi mucked [9s Ks]
Seat 3: fulache folded before Flop (didn't bet)
Seat 4: Monster Pony folded on the Flop
Seat 5: davvei (button) folded before Flop (didn't bet)
Seat 6: laureano290 (small blind) folded on the Flop
Seat 7: Almanza63 (big blind) folded before Flop
Seat 8: Ridleerr folded before Flop (didn't bet)
Seat 9: RosemontTony showed [Kh As] and won ($0.89) with two pair, Aces and Kings



PokerStars Hand #237345672568:  Hold'em No Limit ($0.01/$0.02 USD) - 2022/07/13 18:23:26 PT [2022/07/13 21:23:26 ET]
Table 'Aaltje III' 9-max Seat #6 is the button
Seat 1: Dorex2007 ($2 in chips) 
Seat 2: caiotressi ($0.79 in chips) 
Seat 3: fulache ($0.80 in chips) 
Seat 4: Monster Pony ($3.04 in chips) 
Seat 5: davvei ($0.83 in chips) 
Seat 6: laureano290 ($2 in chips) 
Seat 7: Almanza63 ($2.98 in chips) 
Seat 8: Ridleerr ($1.47 in chips) 
Seat 9: RosemontTony ($4.18 in chips) 
Almanza63: posts small blind $0.01
Ridleerr: posts big blind $0.02
*** HOLE CARDS ***
Dealt to Dorex2007 [9h Tc]
RosemontTony: folds 
Dorex2007: folds 
caiotressi: raises $0.04 to $0.06
fulache: folds 
Monster Pony: calls $0.06
davvei: folds 
laureano290: folds 
Almanza63: folds 
Ridleerr: folds 
*** FLOP *** [7h 4h Kh]
caiotressi: checks 
Monster Pony: checks 
*** TURN *** [7h 4h Kh] [Ad]
caiotressi: checks 
Monster Pony: checks 
*** RIVER *** [7h 4h Kh Ad] [9s]
caiotressi: bets $0.07
Monster Pony: calls $0.07
*** SHOW DOWN ***
caiotressi: shows [9c Kc] (two pair, Kings and Nines)
Monster Pony: mucks hand 
caiotressi collected $0.28 from pot
*** SUMMARY ***
Total pot $0.29 | Rake $0.01 
Board [7h 4h Kh Ad 9s]
Seat 1: Dorex2007 folded before Flop (didn't bet)
Seat 2: caiotressi showed [9c Kc] and won ($0.28) with two pair, Kings and Nines
Seat 3: fulache folded before Flop (didn't bet)
Seat 4: Monster Pony mucked [Js Jc]
Seat 5: davvei folded before Flop (didn't bet)
Seat 6: laureano290 (button) folded before Flop (didn't bet)
Seat 7: Almanza63 (small blind) folded before Flop
Seat 8: Ridleerr (big blind) folded before Flop
Seat 9: RosemontTony folded before Flop (didn't bet)



PokerStars Hand #237345683904:  Hold'em No Limit ($0.01/$0.02 USD) - 2022/07/13 18:24:24 PT [2022/07/13 21:24:24 ET]
Table 'Aaltje III' 9-max Seat #7 is the button
Seat 1: Dorex2007 ($2 in chips) 
Seat 2: caiotressi ($0.94 in chips) 
Seat 3: fulache ($0.80 in chips) 
Seat 4: Monster Pony ($2.91 in chips) 
Seat 5: davvei ($0.83 in chips) 
Seat 6: laureano290 ($2 in chips) 
Seat 7: Almanza63 ($2.97 in chips) 
Seat 8: Ridleerr ($1.45 in chips) 
Seat 9: RosemontTony ($4.18 in chips) 
Ridleerr: posts small blind $0.01
RosemontTony: posts big blind $0.02
*** HOLE CARDS ***
Dealt to Dorex2007 [7s 3h]
Dorex2007: folds 
caiotressi: folds 
fulache: calls $0.02
Monster Pony: folds 
davvei: calls $0.02
laureano290: folds 
Almanza63: folds 
Ridleerr: calls $0.01
RosemontTony: checks 
*** FLOP *** [Kd Qs 6h]
Ridleerr: checks 
RosemontTony: bets $0.04
fulache: raises $0.04 to $0.08
davvei: calls $0.08
Ridleerr: folds 
RosemontTony: folds 
*** TURN *** [Kd Qs 6h] [8c]
fulache: checks 
davvei: checks 
*** RIVER *** [Kd Qs 6h 8c] [7c]
fulache: checks 
davvei: bets $0.13
fulache: calls $0.13
*** SHOW DOWN ***
davvei: shows [Qh Jc] (a pair of Queens)
fulache: mucks hand 
davvei collected $0.52 from pot
*** SUMMARY ***
Total pot $0.54 | Rake $0.02 
Board [Kd Qs 6h 8c 7c]
Seat 1: Dorex2007 folded before Flop (didn't bet)
Seat 2: caiotressi folded before Flop (didn't bet)
Seat 3: fulache mucked [Qd Tc]
Seat 4: Monster Pony folded before Flop (didn't bet)
Seat 5: davvei showed [Qh Jc] and won ($0.52) with a pair of Queens
Seat 6: laureano290 folded before Flop (didn't bet)
Seat 7: Almanza63 (button) folded before Flop (didn't bet)
Seat 8: Ridleerr (small blind) folded on the Flop
Seat 9: RosemontTony (big blind) folded on the Flop



PokerStars Hand #237345695756:  Hold'em No Limit ($0.01/$0.02 USD) - 2022/07/13 18:25:23 PT [2022/07/13 21:25:23 ET]
Table 'Aaltje III' 9-max Seat #8 is the button
Seat 1: Dorex2007 ($2 in chips) 
Seat 2: caiotressi ($0.94 in chips) 
Seat 3: fulache ($0.57 in chips) 
Seat 4: Monster Pony ($2.91 in chips) 
Seat 5: davvei ($1.12 in chips) 
Seat 6: laureano290 ($2 in chips) 
Seat 7: Almanza63 ($2.97 in chips) 
Seat 8: Ridleerr ($1.43 in chips) 
Seat 9: RosemontTony ($4.12 in chips) 
RosemontTony: posts small blind $0.01
Dorex2007: posts big blind $0.02
*** HOLE CARDS ***
Dealt to Dorex2007 [6c Kh]
caiotressi: raises $0.04 to $0.06
fulache: folds 
Monster Pony: folds 
davvei: folds 
laureano290: folds 
Almanza63: folds 
Ridleerr: folds 
RosemontTony: folds 
Dorex2007: folds 
Uncalled bet ($0.04) returned to caiotressi
caiotressi collected $0.05 from pot
*** SUMMARY ***
Total pot $0.05 | Rake $0 
Seat 1: Dorex2007 (big blind) folded before Flop
Seat 2: caiotressi collected ($0.05)
Seat 3: fulache folded before Flop (didn't bet)
Seat 4: Monster Pony folded before Flop (didn't bet)
Seat 5: davvei folded before Flop (didn't bet)
Seat 6: laureano290 folded before Flop (didn't bet)
Seat 7: Almanza63 folded before Flop (didn't bet)
Seat 8: Ridleerr (button) folded before Flop (didn't bet)
Seat 9: RosemontTony (small blind) folded before Flop



PokerStars Hand #237345701704:  Hold'em No Limit ($0.01/$0.02 USD) - 2022/07/13 18:25:53 PT [2022/07/13 21:25:53 ET]
Table 'Aaltje III' 9-max Seat #9 is the button
Seat 1: Dorex2007 ($2 in chips) 
Seat 2: caiotressi ($0.97 in chips) 
Seat 3: fulache ($0.57 in chips) 
Seat 4: Monster Pony ($2.91 in chips) 
Seat 5: davvei ($1.12 in chips) 
Seat 6: laureano290 ($2 in chips) 
Seat 7: Almanza63 ($2.97 in chips) 
Seat 8: Ridleerr ($1.43 in chips) 
Seat 9: RosemontTony ($4.11 in chips) 
Dorex2007: posts small blind $0.01
caiotressi: posts big blind $0.02
*** HOLE CARDS ***
Dealt to Dorex2007 [Tc Jd]
fulache: raises $0.02 to $0.04
Monster Pony: calls $0.04
davvei: calls $0.04
laureano290: folds 
Almanza63: folds 
Ridleerr: folds 
RosemontTony: calls $0.04
Dorex2007: folds 
caiotressi: calls $0.02
*** FLOP *** [3d 2s 2h]
caiotressi: checks 
fulache: checks 
Monster Pony: checks 
davvei: bets $0.04
RosemontTony: folds 
caiotressi: folds 
fulache: calls $0.04
Monster Pony: folds 
*** TURN *** [3d 2s 2h] [9s]
fulache: checks 
davvei: checks 
*** RIVER *** [3d 2s 2h 9s] [8h]
fulache: bets $0.14
davvei: raises $0.16 to $0.30
fulache: raises $0.19 to $0.49 and is all-in
davvei: calls $0.19
*** SHOW DOWN ***
fulache: shows [As Ad] (two pair, Aces and Deuces)
davvei: shows [3c 3h] (a full house, Threes full of Deuces)
davvei collected $1.23 from pot
*** SUMMARY ***
Total pot $1.27 | Rake $0.04 
Board [3d 2s 2h 9s 8h]
Seat 1: Dorex2007 (small blind) folded before Flop
Seat 2: caiotressi (big blind) folded on the Flop
Seat 3: fulache showed [As Ad] and lost with two pair, Aces and Deuces
Seat 4: Monster Pony folded on the Flop
Seat 5: davvei showed [3c 3h] and won ($1.23) with a full house, Threes full of Deuces
Seat 6: laureano290 folded before Flop (didn't bet)
Seat 7: Almanza63 folded before Flop (didn't bet)
Seat 8: Ridleerr folded before Flop (didn't bet)
Seat 9: RosemontTony (button) folded on the Flop



PokerStars Hand #237345716154:  Hold'em No Limit ($0.01/$0.02 USD) - 2022/07/13 18:27:07 PT [2022/07/13 21:27:07 ET]
Table 'Aaltje III' 9-max Seat #1 is the button
Seat 1: Dorex2007 ($2 in chips) 
Seat 2: caiotressi ($0.93 in chips) 
Seat 4: Monster Pony ($2.87 in chips) 
Seat 5: davvei ($1.78 in chips) 
Seat 6: laureano290 ($2 in chips) 
Seat 7: Almanza63 ($2.97 in chips) 
Seat 8: Ridleerr ($1.43 in chips) 
Seat 9: RosemontTony ($4.07 in chips) 
caiotressi: posts small blind $0.01
Monster Pony: posts big blind $0.02
*** HOLE CARDS ***
Dealt to Dorex2007 [8d Ah]
davvei: folds 
laureano290: folds 
Almanza63: folds 
Ridleerr: folds 
RosemontTony: raises $0.04 to $0.06
fulache leaves the table
Dorex2007: folds 
caiotressi: folds 
Monster Pony: folds 
Uncalled bet ($0.04) returned to RosemontTony
RosemontTony collected $0.05 from pot
*** SUMMARY ***
Total pot $0.05 | Rake $0 
Seat 1: Dorex2007 (button) folded before Flop (didn't bet)
Seat 2: caiotressi (small blind) folded before Flop
Seat 4: Monster Pony (big blind) folded before Flop
Seat 5: davvei folded before Flop (didn't bet)
Seat 6: laureano290 folded before Flop (didn't bet)
Seat 7: Almanza63 folded before Flop (didn't bet)
Seat 8: Ridleerr folded before Flop (didn't bet)
Seat 9: RosemontTony collected ($0.05)



PokerStars Hand #237345719225:  Hold'em No Limit ($0.01/$0.02 USD) - 2022/07/13 18:27:23 PT [2022/07/13 21:27:23 ET]
Table 'Aaltje III' 9-max Seat #2 is the button
Seat 1: Dorex2007 ($2 in chips) 
Seat 2: caiotressi ($0.92 in chips) 
Seat 4: Monster Pony ($2.85 in chips) 
Seat 5: davvei ($1.78 in chips) 
Seat 6: laureano290 ($2 in chips) 
Seat 7: Almanza63 ($2.97 in chips) 
Seat 8: Ridleerr ($1.43 in chips) 
Seat 9: RosemontTony ($4.10 in chips) 
Monster Pony: posts small blind $0.01
davvei: posts big blind $0.02
*** HOLE CARDS ***
Dealt to Dorex2007 [8s Ad]
laureano290: folds 
Almanza63: folds 
Ridleerr: folds 
RosemontTony: raises $0.04 to $0.06
Dorex2007: folds 
caiotressi: calls $0.06
Monster Pony: folds 
davvei: folds 
*** FLOP *** [7c 5d Td]
RosemontTony: bets $0.14
caiotressi: calls $0.14
*** TURN *** [7c 5d Td] [2s]
RosemontTony: bets $0.27
caiotressi: calls $0.27
*** RIVER *** [7c 5d Td 2s] [9d]
RosemontTony: checks 
caiotressi: bets $0.45 and is all-in
RosemontTony: calls $0.45
*** SHOW DOWN ***
caiotressi: shows [8d 6d] (a flush, Ten high)
RosemontTony: shows [Jc Tc] (a pair of Tens)
caiotressi collected $1.80 from pot
*** SUMMARY ***
Total pot $1.87 | Rake $0.07 
Board [7c 5d Td 2s 9d]
Seat 1: Dorex2007 folded before Flop (didn't bet)
Seat 2: caiotressi (button) showed [8d 6d] and won ($1.80) with a flush, Ten high
Seat 4: Monster Pony (small blind) folded before Flop
Seat 5: davvei (big blind) folded before Flop
Seat 6: laureano290 folded before Flop (didn't bet)
Seat 7: Almanza63 folded before Flop (didn't bet)
Seat 8: Ridleerr folded before Flop (didn't bet)
Seat 9: RosemontTony showed [Jc Tc] and lost with a pair of Tens



PokerStars Hand #237345737737:  Hold'em No Limit ($0.01/$0.02 USD) - 2022/07/13 18:28:28 PT [2022/07/13 21:28:28 ET]
Table 'Aaltje III' 9-max Seat #4 is the button
Seat 1: Dorex2007 ($2 in chips) 
Seat 2: caiotressi ($1.80 in chips) 
Seat 4: Monster Pony ($2.84 in chips) 
Seat 5: davvei ($1.76 in chips) 
Seat 6: laureano290 ($2 in chips) 
Seat 7: Almanza63 ($2.97 in chips) 
Seat 8: Ridleerr ($1.43 in chips) 
Seat 9: RosemontTony ($3.18 in chips) 
davvei: posts small blind $0.01
laureano290: posts big blind $0.02
*** HOLE CARDS ***
Dealt to Dorex2007 [8d 4h]
Almanza63: raises $0.05 to $0.07
Ridleerr: folds 
RosemontTony: folds 
Dorex2007: folds 
caiotressi: folds 
Monster Pony: folds 
davvei: raises $0.05 to $0.12
laureano290: folds 
Almanza63: calls $0.05
*** FLOP *** [4c 9s 8h]
davvei: checks 
Almanza63: checks 
*** TURN *** [4c 9s 8h] [Ac]
davvei: checks 
Almanza63: bets $0.12
davvei: raises $0.12 to $0.24
Almanza63: folds 
Uncalled bet ($0.12) returned to davvei
davvei collected $0.48 from pot
*** SUMMARY ***
Total pot $0.50 | Rake $0.02 
Board [4c 9s 8h Ac]
Seat 1: Dorex2007 folded before Flop (didn't bet)
Seat 2: caiotressi folded before Flop (didn't bet)
Seat 4: Monster Pony (button) folded before Flop (didn't bet)
Seat 5: davvei (small blind) collected ($0.48)
Seat 6: laureano290 (big blind) folded before Flop
Seat 7: Almanza63 folded on the Turn
Seat 8: Ridleerr folded before Flop (didn't bet)
Seat 9: RosemontTony folded before Flop (didn't bet)



PokerStars Hand #237345750849:  Hold'em No Limit ($0.01/$0.02 USD) - 2022/07/13 18:29:35 PT [2022/07/13 21:29:35 ET]
Table 'Aaltje III' 9-max Seat #5 is the button
Seat 1: Dorex2007 ($2 in chips) 
Seat 2: caiotressi ($1.80 in chips) 
Seat 4: Monster Pony ($2.84 in chips) 
Seat 5: davvei ($2 in chips) 
Seat 6: laureano290 ($2 in chips) 
Seat 7: Almanza63 ($2.73 in chips) 
Seat 8: Ridleerr ($1.43 in chips) 
Seat 9: RosemontTony ($3.18 in chips) 
laureano290: posts small blind $0.01
Almanza63: posts big blind $0.02
*** HOLE CARDS ***
Dealt to Dorex2007 [Td 2c]
Ridleerr: folds 
RosemontTony: raises $0.04 to $0.06
Dorex2007: folds 
caiotressi: folds 
Monster Pony: folds 
davvei: folds 
laureano290: folds 
Almanza63: calls $0.04
*** FLOP *** [5c 3d Tc]
Almanza63: checks 
Aldopkr89 joins the table at seat #3 
RosemontTony: bets $0.10
Almanza63: folds 
Uncalled bet ($0.10) returned to RosemontTony
RosemontTony collected $0.13 from pot
*** SUMMARY ***
Total pot $0.13 | Rake $0 
Board [5c 3d Tc]
Seat 1: Dorex2007 folded before Flop (didn't bet)
Seat 2: caiotressi folded before Flop (didn't bet)
Seat 4: Monster Pony folded before Flop (didn't bet)
Seat 5: davvei (button) folded before Flop (didn't bet)
Seat 6: laureano290 (small blind) folded before Flop
Seat 7: Almanza63 (big blind) folded on the Flop
Seat 8: Ridleerr folded before Flop (didn't bet)
Seat 9: RosemontTony collected ($0.13)



PokerStars Hand #237345757658:  Hold'em No Limit ($0.01/$0.02 USD) - 2022/07/13 18:30:10 PT [2022/07/13 21:30:10 ET]
Table 'Aaltje III' 9-max Seat #6 is the button
Seat 1: Dorex2007 ($2 in chips) 
Seat 2: caiotressi ($1.80 in chips) 
Seat 4: Monster Pony ($2.84 in chips) 
Seat 5: davvei ($2 in chips) 
Seat 6: laureano290 ($2 in chips) 
Seat 7: Almanza63 ($2.67 in chips) 
Seat 8: Ridleerr ($1.43 in chips) 
Seat 9: RosemontTony ($3.25 in chips) 
Almanza63: posts small blind $0.01
Ridleerr: posts big blind $0.02
Aldopkr89: sits out 
*** HOLE CARDS ***
Dealt to Dorex2007 [3h Qs]
RosemontTony: folds 
Dorex2007: folds 
caiotressi: raises $0.04 to $0.06
Monster Pony: calls $0.06
davvei: folds 
laureano290: folds 
Almanza63: folds 
Ridleerr: folds 
*** FLOP *** [2d 3c 8c]
caiotressi: checks 
Monster Pony: bets $0.14
caiotressi: folds 
Uncalled bet ($0.14) returned to Monster Pony
Monster Pony collected $0.14 from pot
*** SUMMARY ***
Total pot $0.15 | Rake $0.01 
Board [2d 3c 8c]
Seat 1: Dorex2007 folded before Flop (didn't bet)
Seat 2: caiotressi folded on the Flop
Seat 4: Monster Pony collected ($0.14)
Seat 5: davvei folded before Flop (didn't bet)
Seat 6: laureano290 (button) folded before Flop (didn't bet)
Seat 7: Almanza63 (small blind) folded before Flop
Seat 8: Ridleerr (big blind) folded before Flop
Seat 9: RosemontTony folded before Flop (didn't bet)



PokerStars Hand #237345764505:  Hold'em No Limit ($0.01/$0.02 USD) - 2022/07/13 18:30:45 PT [2022/07/13 21:30:45 ET]
Table 'Aaltje III' 9-max Seat #7 is the button
Seat 1: Dorex2007 ($2 in chips) 
Seat 2: caiotressi ($1.74 in chips) 
Seat 4: Monster Pony ($2.92 in chips) 
Seat 5: davvei ($2 in chips) 
Seat 6: laureano290 ($2 in chips) 
Seat 7: Almanza63 ($2.66 in chips) 
Seat 8: Ridleerr ($1.41 in chips) 
Seat 9: RosemontTony ($3.25 in chips) 
Ridleerr: posts small blind $0.01
RosemontTony: posts big blind $0.02
Aldopkr89: sits out 
*** HOLE CARDS ***
Dealt to Dorex2007 [Ah 2h]
Dorex2007: folds 
caiotressi: raises $0.04 to $0.06
Monster Pony: folds 
davvei: folds 
laureano290: folds 
Almanza63: folds 
Ridleerr: folds 
RosemontTony: calls $0.04
*** FLOP *** [Tc 7d Ad]
RosemontTony: checks 
caiotressi: checks 
*** TURN *** [Tc 7d Ad] [Qc]
RosemontTony: checks 
caiotressi: bets $0.06
RosemontTony: folds 
Uncalled bet ($0.06) returned to caiotressi
caiotressi collected $0.13 from pot
*** SUMMARY ***
Total pot $0.13 | Rake $0 
Board [Tc 7d Ad Qc]
Seat 1: Dorex2007 folded before Flop (didn't bet)
Seat 2: caiotressi collected ($0.13)
Seat 4: Monster Pony folded before Flop (didn't bet)
Seat 5: davvei folded before Flop (didn't bet)
Seat 6: laureano290 folded before Flop (didn't bet)
Seat 7: Almanza63 (button) folded before Flop (didn't bet)
Seat 8: Ridleerr (small blind) folded before Flop
Seat 9: RosemontTony (big blind) folded on the Turn



PokerStars Hand #237345780882:  Hold'em No Limit ($0.01/$0.02 USD) - 2022/07/13 18:31:39 PT [2022/07/13 21:31:39 ET]
Table 'Aaltje III' 9-max Seat #8 is the button
Seat 1: Dorex2007 ($2 in chips) 
Seat 2: caiotressi ($1.81 in chips) 
Seat 3: Aldopkr89 ($1.40 in chips) 
Seat 4: Monster Pony ($2.92 in chips) 
Seat 5: davvei ($2 in chips) 
Seat 6: laureano290 ($2 in chips) 
Seat 7: Almanza63 ($2.66 in chips) 
Seat 8: Ridleerr ($1.40 in chips) 
Seat 9: RosemontTony ($3.19 in chips) 
RosemontTony: posts small blind $0.01
Dorex2007: posts big blind $0.02
Aldopkr89: posts big blind $0.02
*** HOLE CARDS ***
Dealt to Dorex2007 [Ah Tc]
caiotressi: calls $0.02
Aldopkr89: checks 
Monster Pony: folds 
davvei: folds 
laureano290: folds 
Almanza63: folds 
Ridleerr: folds 
RosemontTony: folds 
Dorex2007: checks 
*** FLOP *** [7s 3d Ks]
Dorex2007: checks 
caiotressi: checks 
Aldopkr89: bets $0.04
Dorex2007: folds 
caiotressi: folds 
Uncalled bet ($0.04) returned to Aldopkr89
Aldopkr89 collected $0.07 from pot
*** SUMMARY ***
Total pot $0.07 | Rake $0 
Board [7s 3d Ks]
Seat 1: Dorex2007 (big blind) folded on the Flop
Seat 2: caiotressi folded on the Flop
Seat 3: Aldopkr89 collected ($0.07)
Seat 4: Monster Pony folded before Flop (didn't bet)
Seat 5: davvei folded before Flop (didn't bet)
Seat 6: laureano290 folded before Flop (didn't bet)
Seat 7: Almanza63 folded before Flop (didn't bet)
Seat 8: Ridleerr (button) folded before Flop (didn't bet)
Seat 9: RosemontTony (small blind) folded before Flop



PokerStars Hand #237345789564:  Hold'em No Limit ($0.01/$0.02 USD) - 2022/07/13 18:32:23 PT [2022/07/13 21:32:23 ET]
Table 'Aaltje III' 9-max Seat #9 is the button
Seat 1: Dorex2007 ($2 in chips) 
Seat 2: caiotressi ($1.79 in chips) 
Seat 3: Aldopkr89 ($1.45 in chips) 
Seat 4: Monster Pony ($2.92 in chips) 
Seat 5: davvei ($2 in chips) 
Seat 6: laureano290 ($2 in chips) 
Seat 7: Almanza63 ($2.66 in chips) 
Seat 8: Ridleerr ($1.40 in chips) 
Seat 9: RosemontTony ($3.18 in chips) 
Dorex2007: posts small blind $0.01
caiotressi: posts big blind $0.02
*** HOLE CARDS ***
Dealt to Dorex2007 [2d 3d]
Aldopkr89: folds 
Monster Pony: folds 
davvei: folds 
laureano290: folds 
Almanza63: raises $0.06 to $0.08
Ridleerr: folds 
RosemontTony: folds 
Dorex2007: folds 
caiotressi: folds 
Uncalled bet ($0.06) returned to Almanza63
Almanza63 collected $0.05 from pot
*** SUMMARY ***
Total pot $0.05 | Rake $0 
Seat 1: Dorex2007 (small blind) folded before Flop
Seat 2: caiotressi (big blind) folded before Flop
Seat 3: Aldopkr89 folded before Flop (didn't bet)
Seat 4: Monster Pony folded before Flop (didn't bet)
Seat 5: davvei folded before Flop (didn't bet)
Seat 6: laureano290 folded before Flop (didn't bet)
Seat 7: Almanza63 collected ($0.05)
Seat 8: Ridleerr folded before Flop (didn't bet)
Seat 9: RosemontTony (button) folded before Flop (didn't bet)



PokerStars Hand #237345793102:  Hold'em No Limit ($0.01/$0.02 USD) - 2022/07/13 18:32:41 PT [2022/07/13 21:32:41 ET]
Table 'Aaltje III' 9-max Seat #1 is the button
Seat 1: Dorex2007 ($2 in chips) 
Seat 2: caiotressi ($1.77 in chips) 
Seat 3: Aldopkr89 ($1.45 in chips) 
Seat 4: Monster Pony ($2.92 in chips) 
Seat 5: davvei ($2 in chips) 
Seat 6: laureano290 ($2 in chips) 
Seat 7: Almanza63 ($2.69 in chips) 
Seat 8: Ridleerr ($1.40 in chips) 
Seat 9: RosemontTony ($3.18 in chips) 
caiotressi: posts small blind $0.01
Aldopkr89: posts big blind $0.02
*** HOLE CARDS ***
Dealt to Dorex2007 [Qc Ad]
Monster Pony: folds 
davvei: calls $0.02
laureano290: folds 
Almanza63: raises $0.04 to $0.06
Ridleerr: folds 
RosemontTony: folds 
Dorex2007: calls $0.06
caiotressi: folds 
Aldopkr89: folds 
davvei: calls $0.04
*** FLOP *** [7s Kh Qd]
davvei: checks 
Almanza63: checks 
Dorex2007: bets $0.10
davvei: folds 
Almanza63: folds 
Uncalled bet ($0.10) returned to Dorex2007
Dorex2007 collected $0.20 from pot
*** SUMMARY ***
Total pot $0.21 | Rake $0.01 
Board [7s Kh Qd]
Seat 1: Dorex2007 (button) collected ($0.20)
Seat 2: caiotressi (small blind) folded before Flop
Seat 3: Aldopkr89 (big blind) folded before Flop
Seat 4: Monster Pony folded before Flop (didn't bet)
Seat 5: davvei folded on the Flop
Seat 6: laureano290 folded before Flop (didn't bet)
Seat 7: Almanza63 folded on the Flop
Seat 8: Ridleerr folded before Flop (didn't bet)
Seat 9: RosemontTony folded before Flop (didn't bet)



PokerStars Hand #237345802185:  Hold'em No Limit ($0.01/$0.02 USD) - 2022/07/13 18:33:26 PT [2022/07/13 21:33:26 ET]
Table 'Aaltje III' 9-max Seat #2 is the button
Seat 1: Dorex2007 ($2.14 in chips) 
Seat 2: caiotressi ($1.76 in chips) 
Seat 3: Aldopkr89 ($1.43 in chips) 
Seat 4: Monster Pony ($2.92 in chips) 
Seat 5: davvei ($1.94 in chips) 
Seat 6: laureano290 ($2 in chips) 
Seat 7: Almanza63 ($2.63 in chips) 
Seat 8: Ridleerr ($1.40 in chips) 
Seat 9: RosemontTony ($3.18 in chips) 
Aldopkr89: posts small blind $0.01
Monster Pony: posts big blind $0.02
*** HOLE CARDS ***
Dealt to Dorex2007 [6h Jd]
davvei: folds 
laureano290: folds 
Almanza63: folds 
Ridleerr: folds 
RosemontTony: raises $0.04 to $0.06
Dorex2007: folds 
caiotressi: folds 
Aldopkr89: folds 
Monster Pony: folds 
Uncalled bet ($0.04) returned to RosemontTony
RosemontTony collected $0.05 from pot
*** SUMMARY ***
Total pot $0.05 | Rake $0 
Seat 1: Dorex2007 folded before Flop (didn't bet)
Seat 2: caiotressi (button) folded before Flop (didn't bet)
Seat 3: Aldopkr89 (small blind) folded before Flop
Seat 4: Monster Pony (big blind) folded before Flop
Seat 5: davvei folded before Flop (didn't bet)
Seat 6: laureano290 folded before Flop (didn't bet)
Seat 7: Almanza63 folded before Flop (didn't bet)
Seat 8: Ridleerr folded before Flop (didn't bet)
Seat 9: RosemontTony collected ($0.05)



PokerStars Hand #237345805551:  Hold'em No Limit ($0.01/$0.02 USD) - 2022/07/13 18:33:44 PT [2022/07/13 21:33:44 ET]
Table 'Aaltje III' 9-max Seat #3 is the button
Seat 1: Dorex2007 ($2.14 in chips) 
Seat 2: caiotressi ($1.76 in chips) 
Seat 3: Aldopkr89 ($1.42 in chips) 
Seat 4: Monster Pony ($2.90 in chips) 
Seat 5: davvei ($1.94 in chips) 
Seat 6: laureano290 ($2 in chips) 
Seat 7: Almanza63 ($2.63 in chips) 
Seat 8: Ridleerr ($1.40 in chips) 
Seat 9: RosemontTony ($3.21 in chips) 
Monster Pony: posts small blind $0.01
davvei: posts big blind $0.02
*** HOLE CARDS ***
Dealt to Dorex2007 [Jd 8c]
laureano290: folds 
Almanza63: folds 
Ridleerr: folds 
RosemontTony: folds 
Dorex2007: folds 
caiotressi: raises $0.04 to $0.06
Aldopkr89: calls $0.06
Monster Pony: calls $0.05
davvei: folds 
*** FLOP *** [3s 6s 8d]
Monster Pony: checks 
caiotressi: checks 
Aldopkr89: checks 
*** TURN *** [3s 6s 8d] [Jh]
Monster Pony: checks 
caiotressi: checks 
Aldopkr89: bets $0.09
Monster Pony: folds 
caiotressi: folds 
Uncalled bet ($0.09) returned to Aldopkr89
Aldopkr89 collected $0.19 from pot
*** SUMMARY ***
Total pot $0.20 | Rake $0.01 
Board [3s 6s 8d Jh]
Seat 1: Dorex2007 folded before Flop (didn't bet)
Seat 2: caiotressi folded on the Turn
Seat 3: Aldopkr89 (button) collected ($0.19)
Seat 4: Monster Pony (small blind) folded on the Turn
Seat 5: davvei (big blind) folded before Flop
Seat 6: laureano290 folded before Flop (didn't bet)
Seat 7: Almanza63 folded before Flop (didn't bet)
Seat 8: Ridleerr folded before Flop (didn't bet)
Seat 9: RosemontTony folded before Flop (didn't bet)



PokerStars Hand #237345815793:  Hold'em No Limit ($0.01/$0.02 USD) - 2022/07/13 18:34:36 PT [2022/07/13 21:34:36 ET]
Table 'Aaltje III' 9-max Seat #4 is the button
Seat 1: Dorex2007 ($2.14 in chips) 
Seat 2: caiotressi ($1.70 in chips) 
Seat 3: Aldopkr89 ($1.55 in chips) 
Seat 4: Monster Pony ($2.84 in chips) 
Seat 5: davvei ($1.92 in chips) 
Seat 6: laureano290 ($2 in chips) 
Seat 7: Almanza63 ($2.63 in chips) 
Seat 8: Ridleerr ($1.40 in chips) 
Seat 9: RosemontTony ($3.21 in chips) 
davvei: posts small blind $0.01
laureano290: posts big blind $0.02
*** HOLE CARDS ***
Dealt to Dorex2007 [6d Jc]
Almanza63: folds 
Ridleerr: folds 
RosemontTony: folds 
Dorex2007: folds 
caiotressi: folds 
Aldopkr89: folds 
Monster Pony: folds 
davvei: raises $0.02 to $0.04
laureano290: raises $0.12 to $0.16
davvei: calls $0.12
*** FLOP *** [8c 7c Qd]
davvei: checks 
laureano290: bets $0.14
davvei: calls $0.14
*** TURN *** [8c 7c Qd] [Td]
davvei: checks 
laureano290: bets $0.30
davvei: folds 
Uncalled bet ($0.30) returned to laureano290
laureano290 collected $0.58 from pot
*** SUMMARY ***
Total pot $0.60 | Rake $0.02 
Board [8c 7c Qd Td]
Seat 1: Dorex2007 folded before Flop (didn't bet)
Seat 2: caiotressi folded before Flop (didn't bet)
Seat 3: Aldopkr89 folded before Flop (didn't bet)
Seat 4: Monster Pony (button) folded before Flop (didn't bet)
Seat 5: davvei (small blind) folded on the Turn
Seat 6: laureano290 (big blind) collected ($0.58)
Seat 7: Almanza63 folded before Flop (didn't bet)
Seat 8: Ridleerr folded before Flop (didn't bet)
Seat 9: RosemontTony folded before Flop (didn't bet)



PokerStars Hand #237345824583:  Hold'em No Limit ($0.01/$0.02 USD) - 2022/07/13 18:35:21 PT [2022/07/13 21:35:21 ET]
Table 'Aaltje III' 9-max Seat #5 is the button
Seat 1: Dorex2007 ($2.14 in chips) 
Seat 2: caiotressi ($1.70 in chips) 
Seat 3: Aldopkr89 ($1.55 in chips) 
Seat 4: Monster Pony ($2.84 in chips) 
Seat 5: davvei ($1.62 in chips) 
Seat 6: laureano290 ($2.28 in chips) 
Seat 7: Almanza63 ($2.63 in chips) 
Seat 8: Ridleerr ($1.40 in chips) 
Seat 9: RosemontTony ($3.21 in chips) 
laureano290: posts small blind $0.01
Almanza63: posts big blind $0.02
*** HOLE CARDS ***
Dealt to Dorex2007 [9d 4c]
Ridleerr: folds 
RosemontTony: folds 
Dorex2007: folds 
caiotressi: folds 
Aldopkr89: folds 
Monster Pony: folds 
davvei: raises $0.02 to $0.04
laureano290: folds 
Almanza63: calls $0.02
*** FLOP *** [7d Ad Ks]
Almanza63: checks 
davvei: checks 
*** TURN *** [7d Ad Ks] [Kh]
Almanza63: checks 
davvei: checks 
*** RIVER *** [7d Ad Ks Kh] [5d]
Almanza63: checks 
davvei: bets $0.06
Almanza63: calls $0.06
*** SHOW DOWN ***
davvei: shows [Ah Qc] (two pair, Aces and Kings)
Almanza63: mucks hand 
davvei collected $0.20 from pot
*** SUMMARY ***
Total pot $0.21 | Rake $0.01 
Board [7d Ad Ks Kh 5d]
Seat 1: Dorex2007 folded before Flop (didn't bet)
Seat 2: caiotressi folded before Flop (didn't bet)
Seat 3: Aldopkr89 folded before Flop (didn't bet)
Seat 4: Monster Pony folded before Flop (didn't bet)
Seat 5: davvei (button) showed [Ah Qc] and won ($0.20) with two pair, Aces and Kings
Seat 6: laureano290 (small blind) folded before Flop
Seat 7: Almanza63 (big blind) mucked [As Td]
Seat 8: Ridleerr folded before Flop (didn't bet)
Seat 9: RosemontTony folded before Flop (didn't bet)



PokerStars Hand #237345834303:  Hold'em No Limit ($0.01/$0.02 USD) - 2022/07/13 18:36:09 PT [2022/07/13 21:36:09 ET]
Table 'Aaltje III' 9-max Seat #6 is the button
Seat 1: Dorex2007 ($2.14 in chips) 
Seat 2: caiotressi ($1.70 in chips) 
Seat 3: Aldopkr89 ($1.55 in chips) 
Seat 4: Monster Pony ($2.84 in chips) 
Seat 5: davvei ($1.72 in chips) 
Seat 6: laureano290 ($2.27 in chips) 
Seat 7: Almanza63 ($2.53 in chips) 
Seat 8: Ridleerr ($1.40 in chips) 
Seat 9: RosemontTony ($3.21 in chips) 
Almanza63: posts small blind $0.01
Ridleerr: posts big blind $0.02
*** HOLE CARDS ***
Dealt to Dorex2007 [Kh 4d]
RosemontTony: folds 
Dorex2007: folds 
caiotressi: folds 
Aldopkr89: folds 
Monster Pony: folds 
davvei: folds 
laureano290: folds 
Almanza63: folds 
Uncalled bet ($0.01) returned to Ridleerr
Ridleerr collected $0.02 from pot
*** SUMMARY ***
Total pot $0.02 | Rake $0 
Seat 1: Dorex2007 folded before Flop (didn't bet)
Seat 2: caiotressi folded before Flop (didn't bet)
Seat 3: Aldopkr89 folded before Flop (didn't bet)
Seat 4: Monster Pony folded before Flop (didn't bet)
Seat 5: davvei folded before Flop (didn't bet)
Seat 6: laureano290 (button) folded before Flop (didn't bet)
Seat 7: Almanza63 (small blind) folded before Flop
Seat 8: Ridleerr (big blind) collected ($0.02)
Seat 9: RosemontTony folded before Flop (didn't bet)



PokerStars Hand #237345838635:  Hold'em No Limit ($0.01/$0.02 USD) - 2022/07/13 18:36:30 PT [2022/07/13 21:36:30 ET]
Table 'Aaltje III' 9-max Seat #7 is the button
Seat 1: Dorex2007 ($2.14 in chips) 
Seat 2: caiotressi ($1.70 in chips) 
Seat 3: Aldopkr89 ($1.55 in chips) 
Seat 4: Monster Pony ($2.84 in chips) 
Seat 5: davvei ($1.72 in chips) 
Seat 6: laureano290 ($2.27 in chips) 
Seat 7: Almanza63 ($2.52 in chips) 
Seat 8: Ridleerr ($1.41 in chips) 
Seat 9: RosemontTony ($3.21 in chips) 
Ridleerr: posts small blind $0.01
RosemontTony: posts big blind $0.02
*** HOLE CARDS ***
Dealt to Dorex2007 [Th Qs]
Dorex2007: folds 
caiotressi: folds 
Aldopkr89: folds 
Monster Pony: calls $0.02
davvei: calls $0.02
laureano290: calls $0.02
Almanza63: raises $0.10 to $0.12
Ridleerr: folds 
RosemontTony: folds 
Monster Pony: calls $0.10
davvei: folds 
laureano290: folds 
*** FLOP *** [Ah Qd Js]
Monster Pony: checks 
Almanza63: checks 
*** TURN *** [Ah Qd Js] [7h]
Monster Pony: checks 
Almanza63: bets $0.19
Monster Pony: calls $0.19
*** RIVER *** [Ah Qd Js 7h] [5s]
Monster Pony: checks 
Almanza63: checks 
*** SHOW DOWN ***
Monster Pony: shows [Jc Tc] (a pair of Jacks)
Almanza63: shows [Jh Kh] (a pair of Jacks - Ace+King kicker)
Almanza63 collected $0.67 from pot
*** SUMMARY ***
Total pot $0.69 | Rake $0.02 
Board [Ah Qd Js 7h 5s]
Seat 1: Dorex2007 folded before Flop (didn't bet)
Seat 2: caiotressi folded before Flop (didn't bet)
Seat 3: Aldopkr89 folded before Flop (didn't bet)
Seat 4: Monster Pony showed [Jc Tc] and lost with a pair of Jacks
Seat 5: davvei folded before Flop
Seat 6: laureano290 folded before Flop
Seat 7: Almanza63 (button) showed [Jh Kh] and won ($0.67) with a pair of Jacks
Seat 8: Ridleerr (small blind) folded before Flop
Seat 9: RosemontTony (big blind) folded before Flop



PokerStars Hand #237345850585:  Hold'em No Limit ($0.01/$0.02 USD) - 2022/07/13 18:37:31 PT [2022/07/13 21:37:31 ET]
Table 'Aaltje III' 9-max Seat #8 is the button
Seat 1: Dorex2007 ($2.14 in chips) 
Seat 2: caiotressi ($1.70 in chips) 
Seat 3: Aldopkr89 ($1.55 in chips) 
Seat 4: Monster Pony ($2.53 in chips) 
Seat 5: davvei ($1.70 in chips) 
Seat 6: laureano290 ($2.25 in chips) 
Seat 7: Almanza63 ($2.88 in chips) 
Seat 8: Ridleerr ($1.40 in chips) 
Seat 9: RosemontTony ($3.19 in chips) 
RosemontTony: posts small blind $0.01
Dorex2007: posts big blind $0.02
*** HOLE CARDS ***
Dealt to Dorex2007 [Ts 9s]
caiotressi: folds 
Aldopkr89: raises $0.04 to $0.06
Monster Pony: folds 
davvei: calls $0.06
laureano290: folds 
Almanza63: calls $0.06
Ridleerr: calls $0.06
RosemontTony: folds 
Dorex2007: folds 
*** FLOP *** [Ah 4h Qs]
Aldopkr89: checks 
davvei: checks 
Almanza63: bets $0.13
Ridleerr: calls $0.13
Aldopkr89: folds 
davvei: folds 
*** TURN *** [Ah 4h Qs] [4d]
Almanza63: checks 
Ridleerr: bets $0.18
Almanza63: raises $0.28 to $0.46
Ridleerr: raises $0.75 to $1.21 and is all-in
Almanza63: folds 
Uncalled bet ($0.75) returned to Ridleerr
Ridleerr collected $1.40 from pot
*** SUMMARY ***
Total pot $1.45 | Rake $0.05 
Board [Ah 4h Qs 4d]
Seat 1: Dorex2007 (big blind) folded before Flop
Seat 2: caiotressi folded before Flop (didn't bet)
Seat 3: Aldopkr89 folded on the Flop
Seat 4: Monster Pony folded before Flop (didn't bet)
Seat 5: davvei folded on the Flop
Seat 6: laureano290 folded before Flop (didn't bet)
Seat 7: Almanza63 folded on the Turn
Seat 8: Ridleerr (button) collected ($1.40)
Seat 9: RosemontTony (small blind) folded before Flop



PokerStars Hand #237345863565:  Hold'em No Limit ($0.01/$0.02 USD) - 2022/07/13 18:38:36 PT [2022/07/13 21:38:36 ET]
Table 'Aaltje III' 9-max Seat #9 is the button
Seat 1: Dorex2007 ($2.12 in chips) 
Seat 2: caiotressi ($1.70 in chips) 
Seat 3: Aldopkr89 ($1.49 in chips) 
Seat 4: Monster Pony ($2.53 in chips) 
Seat 5: davvei ($1.64 in chips) 
Seat 6: laureano290 ($2.25 in chips) 
Seat 7: Almanza63 ($2.23 in chips) 
Seat 8: Ridleerr ($2.15 in chips) 
Seat 9: RosemontTony ($3.18 in chips) 
Dorex2007: posts small blind $0.01
caiotressi: posts big blind $0.02
*** HOLE CARDS ***
Dealt to Dorex2007 [Jh 6c]
Aldopkr89: raises $0.02 to $0.04
Monster Pony: calls $0.04
davvei: folds 
laureano290: folds 
Almanza63: raises $0.10 to $0.14
Ridleerr: folds 
RosemontTony: folds 
Dorex2007: folds 
caiotressi: folds 
Aldopkr89: folds 
Monster Pony: calls $0.10
*** FLOP *** [2h 8s 7c]
Monster Pony: checks 
Almanza63: bets $0.19
Monster Pony: folds 
Uncalled bet ($0.19) returned to Almanza63
Almanza63 collected $0.34 from pot
*** SUMMARY ***
Total pot $0.35 | Rake $0.01 
Board [2h 8s 7c]
Seat 1: Dorex2007 (small blind) folded before Flop
Seat 2: caiotressi (big blind) folded before Flop
Seat 3: Aldopkr89 folded before Flop
Seat 4: Monster Pony folded on the Flop
Seat 5: davvei folded before Flop (didn't bet)
Seat 6: laureano290 folded before Flop (didn't bet)
Seat 7: Almanza63 collected ($0.34)
Seat 8: Ridleerr folded before Flop (didn't bet)
Seat 9: RosemontTony (button) folded before Flop (didn't bet)



PokerStars Hand #237345876404:  Hold'em No Limit ($0.01/$0.02 USD) - 2022/07/13 18:39:40 PT [2022/07/13 21:39:40 ET]
Table 'Aaltje III' 9-max Seat #1 is the button
Seat 1: Dorex2007 ($2.11 in chips) 
Seat 2: caiotressi ($1.68 in chips) 
Seat 3: Aldopkr89 ($1.45 in chips) 
Seat 4: Monster Pony ($2.39 in chips) 
Seat 5: davvei ($1.64 in chips) 
Seat 6: laureano290 ($2.25 in chips) 
Seat 7: Almanza63 ($2.43 in chips) 
Seat 8: Ridleerr ($2.15 in chips) 
Seat 9: RosemontTony ($3.18 in chips) 
caiotressi: posts small blind $0.01
Aldopkr89: posts big blind $0.02
*** HOLE CARDS ***
Dealt to Dorex2007 [Qh 9s]
Monster Pony: calls $0.02
davvei: folds 
laureano290: raises $0.08 to $0.10
Almanza63: folds 
Ridleerr: folds 
RosemontTony: folds 
Dorex2007: folds 
caiotressi: folds 
Aldopkr89: folds 
Monster Pony: calls $0.08
*** FLOP *** [6c Jh 7d]
Monster Pony: checks 
laureano290: bets $0.11
Monster Pony: folds 
Uncalled bet ($0.11) returned to laureano290
laureano290 collected $0.22 from pot
*** SUMMARY ***
Total pot $0.23 | Rake $0.01 
Board [6c Jh 7d]
Seat 1: Dorex2007 (button) folded before Flop (didn't bet)
Seat 2: caiotressi (small blind) folded before Flop
Seat 3: Aldopkr89 (big blind) folded before Flop
Seat 4: Monster Pony folded on the Flop
Seat 5: davvei folded before Flop (didn't bet)
Seat 6: laureano290 collected ($0.22)
Seat 7: Almanza63 folded before Flop (didn't bet)
Seat 8: Ridleerr folded before Flop (didn't bet)
Seat 9: RosemontTony folded before Flop (didn't bet)



PokerStars Hand #237345884084:  Hold'em No Limit ($0.01/$0.02 USD) - 2022/07/13 18:40:18 PT [2022/07/13 21:40:18 ET]
Table 'Aaltje III' 9-max Seat #2 is the button
Seat 1: Dorex2007 ($2.11 in chips) 
Seat 2: caiotressi ($1.67 in chips) 
Seat 3: Aldopkr89 ($1.43 in chips) 
Seat 4: Monster Pony ($2.29 in chips) 
Seat 5: davvei ($1.64 in chips) 
Seat 6: laureano290 ($2.37 in chips) 
Seat 7: Almanza63 ($2.43 in chips) 
Seat 8: Ridleerr ($2.15 in chips) 
Seat 9: RosemontTony ($3.18 in chips) 
Aldopkr89: posts small blind $0.01
Monster Pony: posts big blind $0.02
*** HOLE CARDS ***
Dealt to Dorex2007 [5c 3s]
davvei: folds 
laureano290: folds 
Almanza63: folds 
Ridleerr: raises $0.02 to $0.04
RosemontTony: folds 
Dorex2007: folds 
caiotressi: calls $0.04
Aldopkr89: folds 
Monster Pony: folds 
*** FLOP *** [8s 6d 7h]
Ridleerr: checks 
caiotressi: bets $0.11
Ridleerr: folds 
Uncalled bet ($0.11) returned to caiotressi
caiotressi collected $0.11 from pot
*** SUMMARY ***
Total pot $0.11 | Rake $0 
Board [8s 6d 7h]
Seat 1: Dorex2007 folded before Flop (didn't bet)
Seat 2: caiotressi (button) collected ($0.11)
Seat 3: Aldopkr89 (small blind) folded before Flop
Seat 4: Monster Pony (big blind) folded before Flop
Seat 5: davvei folded before Flop (didn't bet)
Seat 6: laureano290 folded before Flop (didn't bet)
Seat 7: Almanza63 folded before Flop (didn't bet)
Seat 8: Ridleerr folded on the Flop
Seat 9: RosemontTony folded before Flop (didn't bet)



PokerStars Hand #237345891591:  Hold'em No Limit ($0.01/$0.02 USD) - 2022/07/13 18:40:56 PT [2022/07/13 21:40:56 ET]
Table 'Aaltje III' 9-max Seat #3 is the button
Seat 1: Dorex2007 ($2.11 in chips) 
Seat 2: caiotressi ($1.74 in chips) 
Seat 3: Aldopkr89 ($1.42 in chips) 
Seat 4: Monster Pony ($2.27 in chips) 
Seat 5: davvei ($1.64 in chips) 
Seat 6: laureano290 ($2.37 in chips) 
Seat 7: Almanza63 ($2.43 in chips) 
Seat 8: Ridleerr ($2.11 in chips) 
Seat 9: RosemontTony ($3.18 in chips) 
Monster Pony: posts small blind $0.01
davvei: posts big blind $0.02
*** HOLE CARDS ***
Dealt to Dorex2007 [Qc Tc]
laureano290: folds 
Almanza63: folds 
Ridleerr: folds 
RosemontTony: folds 
Dorex2007: raises $0.04 to $0.06
caiotressi: folds 
Aldopkr89: calls $0.06
Monster Pony: calls $0.05
davvei: calls $0.04
*** FLOP *** [8c 7c As]
Monster Pony: checks 
davvei: checks 
Dorex2007: checks 
Aldopkr89: checks 
*** TURN *** [8c 7c As] [9c]
Monster Pony: bets $0.23
davvei: folds 
Dorex2007: calls $0.23
Aldopkr89: folds 
*** RIVER *** [8c 7c As 9c] [Td]
Monster Pony: checks 
Dorex2007: checks 
*** SHOW DOWN ***
Monster Pony: shows [Ah 9h] (two pair, Aces and Nines)
Dorex2007: shows [Qc Tc] (a flush, Queen high)
Dorex2007 collected $0.68 from pot
*** SUMMARY ***
Total pot $0.70 | Rake $0.02 
Board [8c 7c As 9c Td]
Seat 1: Dorex2007 showed [Qc Tc] and won ($0.68) with a flush, Queen high
Seat 2: caiotressi folded before Flop (didn't bet)
Seat 3: Aldopkr89 (button) folded on the Turn
Seat 4: Monster Pony (small blind) showed [Ah 9h] and lost with two pair, Aces and Nines
Seat 5: davvei (big blind) folded on the Turn
Seat 6: laureano290 folded before Flop (didn't bet)
Seat 7: Almanza63 folded before Flop (didn't bet)
Seat 8: Ridleerr folded before Flop (didn't bet)
Seat 9: RosemontTony folded before Flop (didn't bet)



PokerStars Hand #237345921100:  Hold'em No Limit ($0.01/$0.02 USD) - 2022/07/13 18:42:16 PT [2022/07/13 21:42:16 ET]
Table 'Aaltje III' 9-max Seat #4 is the button
Seat 1: Dorex2007 ($2.50 in chips) 
Seat 2: caiotressi ($1.74 in chips) 
Seat 3: Aldopkr89 ($1.36 in chips) 
Seat 4: Monster Pony ($1.98 in chips) 
Seat 5: davvei ($1.58 in chips) 
Seat 6: laureano290 ($2.37 in chips) 
Seat 7: Almanza63 ($2.43 in chips) 
Seat 8: Ridleerr ($2.11 in chips) 
Seat 9: RosemontTony ($3.18 in chips) 
davvei: posts small blind $0.01
laureano290: posts big blind $0.02
*** HOLE CARDS ***
Dealt to Dorex2007 [6h 4d]
Almanza63: raises $0.08 to $0.10
Ridleerr: folds 
RosemontTony: folds 
Dorex2007: folds 
caiotressi: folds 
Aldopkr89: folds 
Monster Pony: folds 
davvei: folds 
laureano290: folds 
Uncalled bet ($0.08) returned to Almanza63
Almanza63 collected $0.05 from pot
*** SUMMARY ***
Total pot $0.05 | Rake $0 
Seat 1: Dorex2007 folded before Flop (didn't bet)
Seat 2: caiotressi folded before Flop (didn't bet)
Seat 3: Aldopkr89 folded before Flop (didn't bet)
Seat 4: Monster Pony (button) folded before Flop (didn't bet)
Seat 5: davvei (small blind) folded before Flop
Seat 6: laureano290 (big blind) folded before Flop
Seat 7: Almanza63 collected ($0.05)
Seat 8: Ridleerr folded before Flop (didn't bet)
Seat 9: RosemontTony folded before Flop (didn't bet)



PokerStars Hand #237345926609:  Hold'em No Limit ($0.01/$0.02 USD) - 2022/07/13 18:42:43 PT [2022/07/13 21:42:43 ET]
Table 'Aaltje III' 9-max Seat #5 is the button
Seat 1: Dorex2007 ($2.50 in chips) 
Seat 2: caiotressi ($1.74 in chips) 
Seat 3: Aldopkr89 ($1.36 in chips) 
Seat 4: Monster Pony ($1.98 in chips) 
Seat 5: davvei ($1.57 in chips) 
Seat 6: laureano290 ($2.35 in chips) 
Seat 7: Almanza63 ($2.46 in chips) 
Seat 8: Ridleerr ($2.11 in chips) 
Seat 9: RosemontTony ($3.18 in chips) 
laureano290: posts small blind $0.01
Almanza63: posts big blind $0.02
*** HOLE CARDS ***
Dealt to Dorex2007 [5d 3s]
Ridleerr: folds 
RosemontTony: raises $0.04 to $0.06
Dorex2007: folds 
caiotressi: folds 
Aldopkr89: folds 
Monster Pony: folds 
davvei: calls $0.06
laureano290: folds 
Almanza63: folds 
*** FLOP *** [9c 3h 8c]
RosemontTony: bets $0.09
davvei: calls $0.09
*** TURN *** [9c 3h 8c] [6c]
RosemontTony: checks 
davvei: checks 
*** RIVER *** [9c 3h 8c 6c] [Jd]
RosemontTony: checks 
davvei: checks 
*** SHOW DOWN ***
RosemontTony: shows [Ah Qc] (high card Ace)
davvei: shows [9s As] (a pair of Nines)
davvei collected $0.32 from pot
*** SUMMARY ***
Total pot $0.33 | Rake $0.01 
Board [9c 3h 8c 6c Jd]
Seat 1: Dorex2007 folded before Flop (didn't bet)
Seat 2: caiotressi folded before Flop (didn't bet)
Seat 3: Aldopkr89 folded before Flop (didn't bet)
Seat 4: Monster Pony folded before Flop (didn't bet)
Seat 5: davvei (button) showed [9s As] and won ($0.32) with a pair of Nines
Seat 6: laureano290 (small blind) folded before Flop
Seat 7: Almanza63 (big blind) folded before Flop
Seat 8: Ridleerr folded before Flop (didn't bet)
Seat 9: RosemontTony showed [Ah Qc] and lost with high card Ace



PokerStars Hand #237345938340:  Hold'em No Limit ($0.01/$0.02 USD) - 2022/07/13 18:43:42 PT [2022/07/13 21:43:42 ET]
Table 'Aaltje III' 9-max Seat #6 is the button
Seat 1: Dorex2007 ($2.50 in chips) 
Seat 2: caiotressi ($1.74 in chips) 
Seat 3: Aldopkr89 ($1.36 in chips) 
Seat 4: Monster Pony ($1.98 in chips) 
Seat 5: davvei ($1.74 in chips) 
Seat 6: laureano290 ($2.34 in chips) 
Seat 7: Almanza63 ($2.44 in chips) 
Seat 8: Ridleerr ($2.11 in chips) 
Seat 9: RosemontTony ($3.03 in chips) 
Almanza63: posts small blind $0.01
Ridleerr: posts big blind $0.02
*** HOLE CARDS ***
Dealt to Dorex2007 [5h Jh]
RosemontTony: folds 
Dorex2007: folds 
caiotressi: folds 
Aldopkr89: folds 
Monster Pony: calls $0.02
davvei: folds 
laureano290: folds 
Almanza63: raises $0.04 to $0.06
Ridleerr: folds 
Monster Pony: calls $0.04
*** FLOP *** [4s Jc Ks]
Almanza63: checks 
Monster Pony: checks 
*** TURN *** [4s Jc Ks] [Td]
Almanza63: bets $0.10
Monster Pony: folds 
Uncalled bet ($0.10) returned to Almanza63
Almanza63 collected $0.14 from pot
*** SUMMARY ***
Total pot $0.14 | Rake $0 
Board [4s Jc Ks Td]
Seat 1: Dorex2007 folded before Flop (didn't bet)
Seat 2: caiotressi folded before Flop (didn't bet)
Seat 3: Aldopkr89 folded before Flop (didn't bet)
Seat 4: Monster Pony folded on the Turn
Seat 5: davvei folded before Flop (didn't bet)
Seat 6: laureano290 (button) folded before Flop (didn't bet)
Seat 7: Almanza63 (small blind) collected ($0.14)
Seat 8: Ridleerr (big blind) folded before Flop
Seat 9: RosemontTony folded before Flop (didn't bet)



PokerStars Hand #237345945747:  Hold'em No Limit ($0.01/$0.02 USD) - 2022/07/13 18:44:20 PT [2022/07/13 21:44:20 ET]
Table 'Aaltje III' 9-max Seat #7 is the button
Seat 1: Dorex2007 ($2.50 in chips) 
Seat 2: caiotressi ($1.74 in chips) 
Seat 3: Aldopkr89 ($1.36 in chips) 
Seat 4: Monster Pony ($1.92 in chips) 
Seat 5: davvei ($1.74 in chips) 
Seat 6: laureano290 ($2.34 in chips) 
Seat 7: Almanza63 ($2.52 in chips) 
Seat 8: Ridleerr ($2.09 in chips) 
Seat 9: RosemontTony ($3.03 in chips) 
Ridleerr: posts small blind $0.01
RosemontTony: posts big blind $0.02
*** HOLE CARDS ***
Dealt to Dorex2007 [6d 4d]
Dorex2007: folds 
caiotressi: folds 
Aldopkr89: raises $0.04 to $0.06
Monster Pony: folds 
davvei: calls $0.06
laureano290: folds 
Almanza63: folds 
Ridleerr: folds 
RosemontTony: folds 
*** FLOP *** [Js 6h Ac]
Aldopkr89: checks 
davvei: checks 
*** TURN *** [Js 6h Ac] [Td]
Aldopkr89: bets $0.04
davvei: calls $0.04
*** RIVER *** [Js 6h Ac Td] [8h]
Aldopkr89: bets $0.04
davvei: calls $0.04
*** SHOW DOWN ***
Aldopkr89: shows [Qs Jd] (a pair of Jacks)
davvei: shows [Qh Jc] (a pair of Jacks)
Aldopkr89 collected $0.15 from pot
davvei collected $0.15 from pot
*** SUMMARY ***
Total pot $0.31 | Rake $0.01 
Board [Js 6h Ac Td 8h]
Seat 1: Dorex2007 folded before Flop (didn't bet)
Seat 2: caiotressi folded before Flop (didn't bet)
Seat 3: Aldopkr89 showed [Qs Jd] and won ($0.15) with a pair of Jacks
Seat 4: Monster Pony folded before Flop (didn't bet)
Seat 5: davvei showed [Qh Jc] and won ($0.15) with a pair of Jacks
Seat 6: laureano290 folded before Flop (didn't bet)
Seat 7: Almanza63 (button) folded before Flop (didn't bet)
Seat 8: Ridleerr (small blind) folded before Flop
Seat 9: RosemontTony (big blind) folded before Flop



PokerStars Hand #237345953593:  Hold'em No Limit ($0.01/$0.02 USD) - 2022/07/13 18:44:59 PT [2022/07/13 21:44:59 ET]
Table 'Aaltje III' 9-max Seat #8 is the button
Seat 1: Dorex2007 ($2.50 in chips) 
Seat 2: caiotressi ($1.74 in chips) 
Seat 3: Aldopkr89 ($1.37 in chips) 
Seat 4: Monster Pony ($1.92 in chips) 
Seat 5: davvei ($1.75 in chips) 
Seat 6: laureano290 ($2.34 in chips) 
Seat 7: Almanza63 ($2.52 in chips) 
Seat 8: Ridleerr ($2.08 in chips) 
Seat 9: RosemontTony ($3.01 in chips) 
RosemontTony: posts small blind $0.01
Dorex2007: posts big blind $0.02
*** HOLE CARDS ***
Dealt to Dorex2007 [7s 7d]
caiotressi: folds 
Aldopkr89: folds 
Monster Pony: folds 
davvei: folds 
laureano290: folds 
Almanza63: folds 
Ridleerr: folds 
RosemontTony: raises $0.04 to $0.06
Dorex2007: calls $0.04
*** FLOP *** [8c 5h 6h]
RosemontTony: bets $0.08
Dorex2007: calls $0.08
*** TURN *** [8c 5h 6h] [Js]
RosemontTony: bets $0.07
Dorex2007: calls $0.07
*** RIVER *** [8c 5h 6h Js] [5c]
RosemontTony: checks 
Dorex2007: bets $0.41
RosemontTony: folds 
Uncalled bet ($0.41) returned to Dorex2007
Dorex2007 collected $0.41 from pot
*** SUMMARY ***
Total pot $0.42 | Rake $0.01 
Board [8c 5h 6h Js 5c]
Seat 1: Dorex2007 (big blind) collected ($0.41)
Seat 2: caiotressi folded before Flop (didn't bet)
Seat 3: Aldopkr89 folded before Flop (didn't bet)
Seat 4: Monster Pony folded before Flop (didn't bet)
Seat 5: davvei folded before Flop (didn't bet)
Seat 6: laureano290 folded before Flop (didn't bet)
Seat 7: Almanza63 folded before Flop (didn't bet)
Seat 8: Ridleerr (button) folded before Flop (didn't bet)
Seat 9: RosemontTony (small blind) folded on the River



PokerStars Hand #237345965540:  Hold'em No Limit ($0.01/$0.02 USD) - 2022/07/13 18:46:00 PT [2022/07/13 21:46:00 ET]
Table 'Aaltje III' 9-max Seat #9 is the button
Seat 1: Dorex2007 ($2.70 in chips) 
Seat 2: caiotressi ($1.74 in chips) 
Seat 3: Aldopkr89 ($1.37 in chips) 
Seat 4: Monster Pony ($1.92 in chips) 
Seat 5: davvei ($1.75 in chips) 
Seat 6: laureano290 ($2.34 in chips) 
Seat 7: Almanza63 ($2.52 in chips) 
Seat 8: Ridleerr ($2.08 in chips) 
Seat 9: RosemontTony ($2.80 in chips) 
Dorex2007: posts small blind $0.01
caiotressi: posts big blind $0.02
*** HOLE CARDS ***
Dealt to Dorex2007 [9s 3s]
Aldopkr89: folds 
Monster Pony: calls $0.02
davvei: folds 
laureano290: folds 
Almanza63: folds 
Ridleerr: folds 
RosemontTony: folds 
Dorex2007: folds 
caiotressi: checks 
*** FLOP *** [Qc 6h 5s]
caiotressi: checks 
Monster Pony: checks 
*** TURN *** [Qc 6h 5s] [4s]
caiotressi: checks 
Monster Pony: checks 
*** RIVER *** [Qc 6h 5s 4s] [Jc]
caiotressi: checks 
Monster Pony: checks 
*** SHOW DOWN ***
caiotressi: shows [Ad 2c] (high card Ace)
Monster Pony: shows [Kc Ac] (high card Ace - King kicker)
Monster Pony collected $0.05 from pot
*** SUMMARY ***
Total pot $0.05 | Rake $0 
Board [Qc 6h 5s 4s Jc]
Seat 1: Dorex2007 (small blind) folded before Flop
Seat 2: caiotressi (big blind) showed [Ad 2c] and lost with high card Ace
Seat 3: Aldopkr89 folded before Flop (didn't bet)
Seat 4: Monster Pony showed [Kc Ac] and won ($0.05) with high card Ace
Seat 5: davvei folded before Flop (didn't bet)
Seat 6: laureano290 folded before Flop (didn't bet)
Seat 7: Almanza63 folded before Flop (didn't bet)
Seat 8: Ridleerr folded before Flop (didn't bet)
Seat 9: RosemontTony (button) folded before Flop (didn't bet)



PokerStars Hand #237345971474:  Hold'em No Limit ($0.01/$0.02 USD) - 2022/07/13 18:46:30 PT [2022/07/13 21:46:30 ET]
Table 'Aaltje III' 9-max Seat #1 is the button
Seat 1: Dorex2007 ($2.69 in chips) 
Seat 2: caiotressi ($1.72 in chips) 
Seat 3: Aldopkr89 ($1.37 in chips) 
Seat 4: Monster Pony ($1.95 in chips) 
Seat 5: davvei ($1.75 in chips) 
Seat 6: laureano290 ($2.34 in chips) 
Seat 7: Almanza63 ($2.52 in chips) 
Seat 8: Ridleerr ($2.08 in chips) 
Seat 9: RosemontTony ($2.80 in chips) 
caiotressi: posts small blind $0.01
Aldopkr89: posts big blind $0.02
*** HOLE CARDS ***
Dealt to Dorex2007 [6h Td]
Monster Pony: folds 
davvei: folds 
laureano290: folds 
Almanza63: folds 
Ridleerr: folds 
RosemontTony: folds 
Dorex2007: folds 
caiotressi: calls $0.01
Aldopkr89: checks 
*** FLOP *** [6d 7s Ah]
caiotressi: checks 
Aldopkr89: checks 
*** TURN *** [6d 7s Ah] [Ad]
caiotressi: checks 
Aldopkr89: checks 
*** RIVER *** [6d 7s Ah Ad] [3h]
caiotressi: bets $0.12
Aldopkr89: folds 
Uncalled bet ($0.12) returned to caiotressi
caiotressi collected $0.04 from pot
*** SUMMARY ***
Total pot $0.04 | Rake $0 
Board [6d 7s Ah Ad 3h]
Seat 1: Dorex2007 (button) folded before Flop (didn't bet)
Seat 2: caiotressi (small blind) collected ($0.04)
Seat 3: Aldopkr89 (big blind) folded on the River
Seat 4: Monster Pony folded before Flop (didn't bet)
Seat 5: davvei folded before Flop (didn't bet)
Seat 6: laureano290 folded before Flop (didn't bet)
Seat 7: Almanza63 folded before Flop (didn't bet)
Seat 8: Ridleerr folded before Flop (didn't bet)
Seat 9: RosemontTony folded before Flop (didn't bet)



PokerStars Hand #237345985550:  Hold'em No Limit ($0.01/$0.02 USD) - 2022/07/13 18:47:29 PT [2022/07/13 21:47:29 ET]
Table 'Aaltje III' 9-max Seat #2 is the button
Seat 1: Dorex2007 ($2.69 in chips) 
Seat 2: caiotressi ($1.74 in chips) 
Seat 3: Aldopkr89 ($1.35 in chips) 
Seat 4: Monster Pony ($1.95 in chips) 
Seat 5: davvei ($1.75 in chips) 
Seat 6: laureano290 ($2.34 in chips) 
Seat 7: Almanza63 ($2.52 in chips) 
Seat 8: Ridleerr ($2.08 in chips) 
Seat 9: RosemontTony ($2.80 in chips) 
Aldopkr89: posts small blind $0.01
Monster Pony: posts big blind $0.02
*** HOLE CARDS ***
Dealt to Dorex2007 [5c 3s]
davvei: calls $0.02
laureano290: folds 
Almanza63: folds 
Ridleerr has timed out
Ridleerr: folds 
RosemontTony: folds 
Dorex2007: folds 
caiotressi: folds 
Aldopkr89: folds 
Monster Pony: checks 
*** FLOP *** [Jh 4c 2c]
Monster Pony: checks 
davvei: checks 
*** TURN *** [Jh 4c 2c] [Kd]
Monster Pony: checks 
davvei: checks 
*** RIVER *** [Jh 4c 2c Kd] [Qd]
Monster Pony: checks 
davvei: bets $0.05
Monster Pony: folds 
Uncalled bet ($0.05) returned to davvei
davvei collected $0.05 from pot
*** SUMMARY ***
Total pot $0.05 | Rake $0 
Board [Jh 4c 2c Kd Qd]
Seat 1: Dorex2007 folded before Flop (didn't bet)
Seat 2: caiotressi (button) folded before Flop (didn't bet)
Seat 3: Aldopkr89 (small blind) folded before Flop
Seat 4: Monster Pony (big blind) folded on the River
Seat 5: davvei collected ($0.05)
Seat 6: laureano290 folded before Flop (didn't bet)
Seat 7: Almanza63 folded before Flop (didn't bet)
Seat 8: Ridleerr folded before Flop (didn't bet)
Seat 9: RosemontTony folded before Flop (didn't bet)



PokerStars Hand #237345993456:  Hold'em No Limit ($0.01/$0.02 USD) - 2022/07/13 18:48:09 PT [2022/07/13 21:48:09 ET]
Table 'Aaltje III' 9-max Seat #3 is the button
Seat 1: Dorex2007 ($2.69 in chips) 
Seat 2: caiotressi ($1.74 in chips) 
Seat 3: Aldopkr89 ($1.34 in chips) 
Seat 4: Monster Pony ($1.93 in chips) 
Seat 5: davvei ($1.78 in chips) 
Seat 6: laureano290 ($2.34 in chips) 
Seat 7: Almanza63 ($2.52 in chips) 
Seat 8: Ridleerr ($2.08 in chips) 
Seat 9: RosemontTony ($2.80 in chips) 
Monster Pony: posts small blind $0.01
davvei: posts big blind $0.02
*** HOLE CARDS ***
Dealt to Dorex2007 [4h 2s]
laureano290: folds 
Almanza63: folds 
Ridleerr: folds 
RosemontTony: raises $0.04 to $0.06
Dorex2007: folds 
caiotressi: folds 
Aldopkr89: folds 
Monster Pony: folds 
davvei: folds 
Uncalled bet ($0.04) returned to RosemontTony
RosemontTony collected $0.05 from pot
*** SUMMARY ***
Total pot $0.05 | Rake $0 
Seat 1: Dorex2007 folded before Flop (didn't bet)
Seat 2: caiotressi folded before Flop (didn't bet)
Seat 3: Aldopkr89 (button) folded before Flop (didn't bet)
Seat 4: Monster Pony (small blind) folded before Flop
Seat 5: davvei (big blind) folded before Flop
Seat 6: laureano290 folded before Flop (didn't bet)
Seat 7: Almanza63 folded before Flop (didn't bet)
Seat 8: Ridleerr folded before Flop (didn't bet)
Seat 9: RosemontTony collected ($0.05)



PokerStars Hand #237346004674:  Hold'em No Limit ($0.01/$0.02 USD) - 2022/07/13 18:49:07 PT [2022/07/13 21:49:07 ET]
Table 'Aaltje III' 9-max Seat #4 is the button
Seat 1: Dorex2007 ($2.69 in chips) 
Seat 2: caiotressi ($1.74 in chips) 
Seat 3: Aldopkr89 ($1.34 in chips) 
Seat 4: Monster Pony ($1.92 in chips) 
Seat 5: davvei ($1.76 in chips) 
Seat 6: laureano290 ($2.34 in chips) 
Seat 7: Almanza63 ($2.52 in chips) 
Seat 8: Ridleerr ($2.08 in chips) 
Seat 9: RosemontTony ($2.83 in chips) 
davvei: posts small blind $0.01
laureano290: posts big blind $0.02
*** HOLE CARDS ***
Dealt to Dorex2007 [7d 3c]
Almanza63: folds 
Ridleerr: folds 
RosemontTony: folds 
Dorex2007: folds 
caiotressi: folds 
Aldopkr89: raises $0.04 to $0.06
Monster Pony: calls $0.06
davvei: folds 
laureano290: folds 
*** FLOP *** [5c 5h 2c]
Aldopkr89: checks 
Monster Pony: checks 
*** TURN *** [5c 5h 2c] [6d]
Aldopkr89: checks 
Monster Pony: checks 
*** RIVER *** [5c 5h 2c 6d] [Kh]
Aldopkr89: checks 
Monster Pony: checks 
*** SHOW DOWN ***
Aldopkr89: shows [Ac Qd] (a pair of Fives)
Monster Pony: mucks hand 
Aldopkr89 collected $0.14 from pot
*** SUMMARY ***
Total pot $0.15 | Rake $0.01 
Board [5c 5h 2c 6d Kh]
Seat 1: Dorex2007 folded before Flop (didn't bet)
Seat 2: caiotressi folded before Flop (didn't bet)
Seat 3: Aldopkr89 showed [Ac Qd] and won ($0.14) with a pair of Fives
Seat 4: Monster Pony (button) mucked [Qs Js]
Seat 5: davvei (small blind) folded before Flop
Seat 6: laureano290 (big blind) folded before Flop
Seat 7: Almanza63 folded before Flop (didn't bet)
Seat 8: Ridleerr folded before Flop (didn't bet)
Seat 9: RosemontTony folded before Flop (didn't bet)



PokerStars Hand #237346025812:  Hold'em No Limit ($0.01/$0.02 USD) - 2022/07/13 18:50:56 PT [2022/07/13 21:50:56 ET]
Table 'Aaltje III' 9-max Seat #5 is the button
Seat 1: Dorex2007 ($2.69 in chips) 
Seat 2: caiotressi ($1.74 in chips) 
Seat 3: Aldopkr89 ($1.42 in chips) 
Seat 4: Monster Pony ($1.86 in chips) 
Seat 5: davvei ($1.75 in chips) 
Seat 6: laureano290 ($2.32 in chips) 
Seat 7: Almanza63 ($2.52 in chips) 
Seat 8: Ridleerr ($2.08 in chips) 
Seat 9: RosemontTony ($2.83 in chips) 
laureano290: posts small blind $0.01
Almanza63: posts big blind $0.02
*** HOLE CARDS ***
Dealt to Dorex2007 [6s 2s]
Ridleerr: folds 
RosemontTony: folds 
Dorex2007: folds 
caiotressi: raises $0.04 to $0.06
Aldopkr89: folds 
Monster Pony: calls $0.06
davvei: folds 
laureano290: folds 
Almanza63: raises $0.12 to $0.18
caiotressi: folds 
Monster Pony: calls $0.12
*** FLOP *** [Jh Ah 5d]
Almanza63: checks 
Monster Pony: bets $1.68 and is all-in
Almanza63: folds 
Uncalled bet ($1.68) returned to Monster Pony
Monster Pony collected $0.41 from pot
*** SUMMARY ***
Total pot $0.43 | Rake $0.02 
Board [Jh Ah 5d]
Seat 1: Dorex2007 folded before Flop (didn't bet)
Seat 2: caiotressi folded before Flop
Seat 3: Aldopkr89 folded before Flop (didn't bet)
Seat 4: Monster Pony collected ($0.41)
Seat 5: davvei (button) folded before Flop (didn't bet)
Seat 6: laureano290 (small blind) folded before Flop
Seat 7: Almanza63 (big blind) folded on the Flop
Seat 8: Ridleerr folded before Flop (didn't bet)
Seat 9: RosemontTony folded before Flop (didn't bet)



PokerStars Hand #237346035001:  Hold'em No Limit ($0.01/$0.02 USD) - 2022/07/13 18:51:44 PT [2022/07/13 21:51:44 ET]
Table 'Aaltje III' 9-max Seat #6 is the button
Seat 1: Dorex2007 ($2.69 in chips) 
Seat 2: caiotressi ($1.68 in chips) 
Seat 3: Aldopkr89 ($1.42 in chips) 
Seat 4: Monster Pony ($2.09 in chips) 
Seat 5: davvei ($1.75 in chips) 
Seat 6: laureano290 ($2.31 in chips) 
Seat 7: Almanza63 ($2.34 in chips) 
Seat 8: Ridleerr ($2.08 in chips) 
Seat 9: RosemontTony ($2.83 in chips) 
Almanza63: posts small blind $0.01
Ridleerr: posts big blind $0.02
*** HOLE CARDS ***
Dealt to Dorex2007 [4d 4s]
RosemontTony: raises $0.04 to $0.06
Dorex2007: calls $0.06
caiotressi: calls $0.06
Aldopkr89: folds 
Monster Pony: folds 
davvei: folds 
laureano290: folds 
Almanza63: folds 
Ridleerr: folds 
*** FLOP *** [9c As Jh]
RosemontTony: bets $0.07
Dorex2007: folds 
caiotressi: folds 
Uncalled bet ($0.07) returned to RosemontTony
RosemontTony collected $0.20 from pot
*** SUMMARY ***
Total pot $0.21 | Rake $0.01 
Board [9c As Jh]
Seat 1: Dorex2007 folded on the Flop
Seat 2: caiotressi folded on the Flop
Seat 3: Aldopkr89 folded before Flop (didn't bet)
Seat 4: Monster Pony folded before Flop (didn't bet)
Seat 5: davvei folded before Flop (didn't bet)
Seat 6: laureano290 (button) folded before Flop (didn't bet)
Seat 7: Almanza63 (small blind) folded before Flop
Seat 8: Ridleerr (big blind) folded before Flop
Seat 9: RosemontTony collected ($0.20)



PokerStars Hand #237346046700:  Hold'em No Limit ($0.01/$0.02 USD) - 2022/07/13 18:52:45 PT [2022/07/13 21:52:45 ET]
Table 'Aaltje III' 9-max Seat #7 is the button
Seat 1: Dorex2007 ($2.63 in chips) 
Seat 2: caiotressi ($1.62 in chips) 
Seat 3: Aldopkr89 ($1.42 in chips) 
Seat 4: Monster Pony ($2.09 in chips) 
Seat 5: davvei ($1.75 in chips) 
Seat 6: laureano290 ($2.31 in chips) 
Seat 7: Almanza63 ($2.33 in chips) 
Seat 8: Ridleerr ($2.06 in chips) 
Seat 9: RosemontTony ($2.97 in chips) 
Ridleerr: posts small blind $0.01
RosemontTony: posts big blind $0.02
*** HOLE CARDS ***
Dealt to Dorex2007 [7h 7d]
Dorex2007: calls $0.02
caiotressi: folds 
Aldopkr89: raises $0.02 to $0.04
Monster Pony: folds 
davvei: calls $0.04
laureano290: folds 
Almanza63: folds 
Ridleerr: calls $0.03
RosemontTony: calls $0.02
Dorex2007: calls $0.02
*** FLOP *** [Ad Ks Js]
Ridleerr: checks 
RosemontTony: bets $0.05
Dorex2007: folds 
Aldopkr89: calls $0.05
davvei: folds 
Ridleerr: folds 
*** TURN *** [Ad Ks Js] [3d]
RosemontTony: bets $0.07
Aldopkr89: folds 
Uncalled bet ($0.07) returned to RosemontTony
RosemontTony collected $0.29 from pot
*** SUMMARY ***
Total pot $0.30 | Rake $0.01 
Board [Ad Ks Js 3d]
Seat 1: Dorex2007 folded on the Flop
Seat 2: caiotressi folded before Flop (didn't bet)
Seat 3: Aldopkr89 folded on the Turn
Seat 4: Monster Pony folded before Flop (didn't bet)
Seat 5: davvei folded on the Flop
Seat 6: laureano290 folded before Flop (didn't bet)
Seat 7: Almanza63 (button) folded before Flop (didn't bet)
Seat 8: Ridleerr (small blind) folded on the Flop
Seat 9: RosemontTony (big blind) collected ($0.29)



PokerStars Hand #237346060823:  Hold'em No Limit ($0.01/$0.02 USD) - 2022/07/13 18:53:59 PT [2022/07/13 21:53:59 ET]
Table 'Aaltje III' 9-max Seat #8 is the button
Seat 1: Dorex2007 ($2.59 in chips) 
Seat 2: caiotressi ($1.62 in chips) 
Seat 3: Aldopkr89 ($1.33 in chips) 
Seat 4: Monster Pony ($2.09 in chips) 
Seat 5: davvei ($1.71 in chips) 
Seat 6: laureano290 ($2.31 in chips) 
Seat 7: Almanza63 ($2.33 in chips) 
Seat 8: Ridleerr ($2.02 in chips) 
Seat 9: RosemontTony ($3.17 in chips) 
RosemontTony: posts small blind $0.01
Dorex2007: posts big blind $0.02
*** HOLE CARDS ***
Dealt to Dorex2007 [2c 2d]
caiotressi: folds 
Aldopkr89: folds 
Monster Pony: calls $0.02
davvei: folds 
laureano290: folds 
Almanza63: raises $0.08 to $0.10
Ridleerr: folds 
Aldopkr89 leaves the table
RosemontTony: calls $0.09
Dorex2007: folds 
Monster Pony: calls $0.08
*** FLOP *** [7s Ks 5c]
RosemontTony: checks 
Monster Pony: checks 
Almanza63: checks 
*** TURN *** [7s Ks 5c] [Kc]
RosemontTony: bets $0.08
Monster Pony: calls $0.08
Almanza63: calls $0.08
*** RIVER *** [7s Ks 5c Kc] [4s]
RosemontTony: checks 
Monster Pony: checks 
Almanza63: checks 
*** SHOW DOWN ***
RosemontTony: shows [Js Ah] (a pair of Kings)
Monster Pony: mucks hand 
Almanza63: shows [Td Tc] (two pair, Kings and Tens)
Almanza63 collected $0.54 from pot
*** SUMMARY ***
Total pot $0.56 | Rake $0.02 
Board [7s Ks 5c Kc 4s]
Seat 1: Dorex2007 (big blind) folded before Flop
Seat 2: caiotressi folded before Flop (didn't bet)
Seat 3: Aldopkr89 folded before Flop (didn't bet)
Seat 4: Monster Pony mucked [Ad Ts]
Seat 5: davvei folded before Flop (didn't bet)
Seat 6: laureano290 folded before Flop (didn't bet)
Seat 7: Almanza63 showed [Td Tc] and won ($0.54) with two pair, Kings and Tens
Seat 8: Ridleerr (button) folded before Flop (didn't bet)
Seat 9: RosemontTony (small blind) showed [Js Ah] and lost with a pair of Kings



PokerStars Hand #237346075831:  Hold'em No Limit ($0.01/$0.02 USD) - 2022/07/13 18:55:20 PT [2022/07/13 21:55:20 ET]
Table 'Aaltje III' 9-max Seat #9 is the button
Seat 1: Dorex2007 ($2.57 in chips) 
Seat 2: caiotressi ($1.62 in chips) 
Seat 4: Monster Pony ($1.91 in chips) 
Seat 5: davvei ($1.71 in chips) 
Seat 6: laureano290 ($2.31 in chips) 
Seat 7: Almanza63 ($2.69 in chips) 
Seat 8: Ridleerr ($2.02 in chips) 
Seat 9: RosemontTony ($2.99 in chips) 
Dorex2007: posts small blind $0.01
caiotressi: posts big blind $0.02
*** HOLE CARDS ***
Dealt to Dorex2007 [As Th]
Monster Pony: folds 
davvei: calls $0.02
laureano290: folds 
Almanza63: folds 
Ridleerr: calls $0.02
RosemontTony: folds 
Dorex2007: calls $0.01
caiotressi: checks 
*** FLOP *** [7s 7d Qc]
Dorex2007: checks 
caiotressi: checks 
davvei: checks 
Ridleerr: checks 
*** TURN *** [7s 7d Qc] [3d]
Dorex2007: checks 
caiotressi: checks 
davvei: checks 
Ridleerr: bets $0.04
Dorex2007: folds 
caiotressi: folds 
davvei: folds 
Uncalled bet ($0.04) returned to Ridleerr
Ridleerr collected $0.08 from pot
*** SUMMARY ***
Total pot $0.08 | Rake $0 
Board [7s 7d Qc 3d]
Seat 1: Dorex2007 (small blind) folded on the Turn
Seat 2: caiotressi (big blind) folded on the Turn
Seat 4: Monster Pony folded before Flop (didn't bet)
Seat 5: davvei folded on the Turn
Seat 6: laureano290 folded before Flop (didn't bet)
Seat 7: Almanza63 folded before Flop (didn't bet)
Seat 8: Ridleerr collected ($0.08)
Seat 9: RosemontTony (button) folded before Flop (didn't bet)



PokerStars Hand #237346084522:  Hold'em No Limit ($0.01/$0.02 USD) - 2022/07/13 18:56:17 PT [2022/07/13 21:56:17 ET]
Table 'Aaltje III' 9-max Seat #1 is the button
Seat 1: Dorex2007 ($2.55 in chips) 
Seat 2: caiotressi ($1.60 in chips) 
Seat 4: Monster Pony ($1.91 in chips) 
Seat 5: davvei ($1.69 in chips) 
Seat 6: laureano290 ($2.31 in chips) 
Seat 7: Almanza63 ($2.69 in chips) 
Seat 8: Ridleerr ($2.08 in chips) 
Seat 9: RosemontTony ($2.99 in chips) 
caiotressi: posts small blind $0.01
Monster Pony: posts big blind $0.02
*** HOLE CARDS ***
Dealt to Dorex2007 [Qc Jc]
davvei: calls $0.02
laureano290: folds 
Almanza63: folds 
Ridleerr: folds 
RosemontTony: raises $0.07 to $0.09
Dorex2007: folds 
caiotressi: folds 
Montagnais joins the table at seat #3 
Monster Pony: folds 
davvei: calls $0.07
*** FLOP *** [Js 6s 4h]
davvei: checks 
RosemontTony: checks 
*** TURN *** [Js 6s 4h] [9s]
davvei: checks 
RosemontTony: checks 
*** RIVER *** [Js 6s 4h 9s] [8d]
davvei: checks 
RosemontTony: checks 
*** SHOW DOWN ***
davvei: shows [Ac Qd] (high card Ace)
RosemontTony: shows [Kh Ad] (high card Ace - King kicker)
RosemontTony collected $0.20 from pot
*** SUMMARY ***
Total pot $0.21 | Rake $0.01 
Board [Js 6s 4h 9s 8d]
Seat 1: Dorex2007 (button) folded before Flop (didn't bet)
Seat 2: caiotressi (small blind) folded before Flop
Seat 4: Monster Pony (big blind) folded before Flop
Seat 5: davvei showed [Ac Qd] and lost with high card Ace
Seat 6: laureano290 folded before Flop (didn't bet)
Seat 7: Almanza63 folded before Flop (didn't bet)
Seat 8: Ridleerr folded before Flop (didn't bet)
Seat 9: RosemontTony showed [Kh Ad] and won ($0.20) with high card Ace



PokerStars Hand #237346102401:  Hold'em No Limit ($0.01/$0.02 USD) - 2022/07/13 18:57:15 PT [2022/07/13 21:57:15 ET]
Table 'Aaltje III' 9-max Seat #2 is the button
Seat 1: Dorex2007 ($2.55 in chips) 
Seat 2: caiotressi ($1.59 in chips) 
Seat 4: Monster Pony ($1.89 in chips) 
Seat 5: davvei ($1.60 in chips) 
Seat 6: laureano290 ($2.31 in chips) 
Seat 7: Almanza63 ($2.69 in chips) 
Seat 8: Ridleerr ($2.08 in chips) 
Seat 9: RosemontTony ($3.10 in chips) 
Monster Pony: posts small blind $0.01
davvei: posts big blind $0.02
*** HOLE CARDS ***
Dealt to Dorex2007 [8h Kc]
laureano290: folds 
Almanza63: raises $0.04 to $0.06
Ridleerr: folds 
RosemontTony: calls $0.06
Dorex2007: folds 
caiotressi: folds 
Monster Pony: folds 
davvei: folds 
*** FLOP *** [Ah 7s 2d]
Almanza63: checks 
RosemontTony: bets $0.11
Almanza63: calls $0.11
*** TURN *** [Ah 7s 2d] [Kd]
Almanza63: checks 
RosemontTony: checks 
*** RIVER *** [Ah 7s 2d Kd] [9h]
Almanza63: bets $0.27
RosemontTony: folds 
Uncalled bet ($0.27) returned to Almanza63
Almanza63 collected $0.36 from pot
*** SUMMARY ***
Total pot $0.37 | Rake $0.01 
Board [Ah 7s 2d Kd 9h]
Seat 1: Dorex2007 folded before Flop (didn't bet)
Seat 2: caiotressi (button) folded before Flop (didn't bet)
Seat 4: Monster Pony (small blind) folded before Flop
Seat 5: davvei (big blind) folded before Flop
Seat 6: laureano290 folded before Flop (didn't bet)
Seat 7: Almanza63 collected ($0.36)
Seat 8: Ridleerr folded before Flop (didn't bet)
Seat 9: RosemontTony folded on the River



PokerStars Hand #237346111788:  Hold'em No Limit ($0.01/$0.02 USD) - 2022/07/13 18:58:16 PT [2022/07/13 21:58:16 ET]
Table 'Aaltje III' 9-max Seat #4 is the button
Seat 1: Dorex2007 ($2.55 in chips) 
Seat 2: caiotressi ($1.59 in chips) 
Seat 3: Montagnais ($1.60 in chips) 
Seat 4: Monster Pony ($1.88 in chips) 
Seat 6: laureano290 ($2.31 in chips) 
Seat 7: Almanza63 ($2.88 in chips) 
Seat 8: Ridleerr ($2.08 in chips) 
Seat 9: RosemontTony ($2.93 in chips) 
laureano290: posts small blind $0.01
Almanza63: posts big blind $0.02
Montagnais: posts big blind $0.02
*** HOLE CARDS ***
Dealt to Dorex2007 [As 3d]
Ridleerr: folds 
RosemontTony: raises $0.04 to $0.06
Dorex2007: folds 
caiotressi: folds 
Montagnais: calls $0.04
Monster Pony: folds 
laureano290: folds 
Almanza63: folds 
*** FLOP *** [2d Ac 4c]
RosemontTony: bets $0.09
Montagnais: raises $1.45 to $1.54 and is all-in
RosemontTony: calls $1.45
*** TURN *** [2d Ac 4c] [6h]
*** RIVER *** [2d Ac 4c 6h] [Qd]
*** SHOW DOWN ***
RosemontTony: shows [8c 8s] (a pair of Eights)
Montagnais: shows [Ad 5s] (a pair of Aces)
Montagnais collected $3.12 from pot
*** SUMMARY ***
Total pot $3.23 | Rake $0.11 
Board [2d Ac 4c 6h Qd]
Seat 1: Dorex2007 folded before Flop (didn't bet)
Seat 2: caiotressi folded before Flop (didn't bet)
Seat 3: Montagnais showed [Ad 5s] and won ($3.12) with a pair of Aces
Seat 4: Monster Pony (button) folded before Flop (didn't bet)
Seat 6: laureano290 (small blind) folded before Flop
Seat 7: Almanza63 (big blind) folded before Flop
Seat 8: Ridleerr folded before Flop (didn't bet)
Seat 9: RosemontTony showed [8c 8s] and lost with a pair of Eights



PokerStars Hand #237346119819:  Hold'em No Limit ($0.01/$0.02 USD) - 2022/07/13 18:59:09 PT [2022/07/13 21:59:09 ET]
Table 'Aaltje III' 9-max Seat #6 is the button
Seat 1: Dorex2007 ($2.55 in chips) 
Seat 2: caiotressi ($1.59 in chips) 
Seat 3: Montagnais ($3.12 in chips) 
Seat 4: Monster Pony ($1.88 in chips) 
Seat 6: laureano290 ($2.30 in chips) 
Seat 7: Almanza63 ($2.86 in chips) 
Seat 8: Ridleerr ($2.08 in chips) 
Seat 9: RosemontTony ($1.33 in chips) 
Almanza63: posts small blind $0.01
Ridleerr: posts big blind $0.02
*** HOLE CARDS ***
Dealt to Dorex2007 [Jc 7s]
RosemontTony: folds 
Dorex2007: folds 
caiotressi: folds 
Montagnais: calls $0.02
Monster Pony: folds 
laureano290: folds 
Almanza63: calls $0.01
Ridleerr: checks 
*** FLOP *** [Ad 9h 2s]
Almanza63: checks 
Ridleerr: bets $0.03
Montagnais: folds 
Almanza63: folds 
Uncalled bet ($0.03) returned to Ridleerr
Ridleerr collected $0.06 from pot
*** SUMMARY ***
Total pot $0.06 | Rake $0 
Board [Ad 9h 2s]
Seat 1: Dorex2007 folded before Flop (didn't bet)
Seat 2: caiotressi folded before Flop (didn't bet)
Seat 3: Montagnais folded on the Flop
Seat 4: Monster Pony folded before Flop (didn't bet)
Seat 6: laureano290 (button) folded before Flop (didn't bet)
Seat 7: Almanza63 (small blind) folded on the Flop
Seat 8: Ridleerr (big blind) collected ($0.06)
Seat 9: RosemontTony folded before Flop (didn't bet)



PokerStars Hand #237346124953:  Hold'em No Limit ($0.01/$0.02 USD) - 2022/07/13 18:59:42 PT [2022/07/13 21:59:42 ET]
Table 'Aaltje III' 9-max Seat #7 is the button
Seat 1: Dorex2007 ($2.55 in chips) 
Seat 2: caiotressi ($1.59 in chips) 
Seat 3: Montagnais ($3.10 in chips) 
Seat 4: Monster Pony ($1.88 in chips) 
Seat 6: laureano290 ($2.30 in chips) 
Seat 7: Almanza63 ($2.84 in chips) 
Seat 8: Ridleerr ($2.12 in chips) 
Seat 9: RosemontTony ($1.33 in chips) 
Ridleerr: posts small blind $0.01
RosemontTony: posts big blind $0.02
*** HOLE CARDS ***
Dealt to Dorex2007 [Tc 2h]
Dorex2007: folds 
caiotressi: folds 
Montagnais: calls $0.02
Monster Pony: folds 
caiotressi leaves the table
laureano290: raises $0.06 to $0.08
Almanza63: folds 
Tobiz89 joins the table at seat #2 
Ridleerr: folds 
RosemontTony: folds 
Montagnais: folds 
Uncalled bet ($0.06) returned to laureano290
laureano290 collected $0.07 from pot
*** SUMMARY ***
Total pot $0.07 | Rake $0 
Seat 1: Dorex2007 folded before Flop (didn't bet)
Seat 2: caiotressi folded before Flop (didn't bet)
Seat 3: Montagnais folded before Flop
Seat 4: Monster Pony folded before Flop (didn't bet)
Seat 6: laureano290 collected ($0.07)
Seat 7: Almanza63 (button) folded before Flop (didn't bet)
Seat 8: Ridleerr (small blind) folded before Flop
Seat 9: RosemontTony (big blind) folded before Flop



PokerStars Hand #237346129040:  Hold'em No Limit ($0.01/$0.02 USD) - 2022/07/13 19:00:09 PT [2022/07/13 22:00:09 ET]
Table 'Aaltje III' 9-max Seat #8 is the button
Seat 1: Dorex2007 ($2.55 in chips) 
Seat 3: Montagnais ($3.08 in chips) 
Seat 4: Monster Pony ($1.88 in chips) 
Seat 5: davvei ($1.58 in chips) 
Seat 6: laureano290 ($2.35 in chips) 
Seat 7: Almanza63 ($2.84 in chips) 
Seat 8: Ridleerr ($2.11 in chips) 
Seat 9: RosemontTony ($1.31 in chips) 
RosemontTony: posts small blind $0.01
Dorex2007: posts big blind $0.02
Tobiz89: sits out 
davvei: posts small blind $0.01
*** HOLE CARDS ***
Dealt to Dorex2007 [Qc Qs]
Montagnais: calls $0.02
Monster Pony: folds 
davvei: folds 
laureano290: folds 
Almanza63: folds 
Ridleerr: folds 
RosemontTony: calls $0.01
Dorex2007: raises $0.04 to $0.06
Montagnais: calls $0.04
RosemontTony: calls $0.04
*** FLOP *** [Tc 9s 4d]
RosemontTony: checks 
Dorex2007: bets $0.12
Montagnais: folds 
RosemontTony: calls $0.12
*** TURN *** [Tc 9s 4d] [9d]
RosemontTony: checks 
Dorex2007: bets $0.41
RosemontTony: folds 
Uncalled bet ($0.41) returned to Dorex2007
Dorex2007 collected $0.41 from pot
*** SUMMARY ***
Total pot $0.43 | Rake $0.02 
Board [Tc 9s 4d 9d]
Seat 1: Dorex2007 (big blind) collected ($0.41)
Seat 3: Montagnais folded on the Flop
Seat 4: Monster Pony folded before Flop (didn't bet)
Seat 5: davvei folded before Flop (didn't bet)
Seat 6: laureano290 folded before Flop (didn't bet)
Seat 7: Almanza63 folded before Flop (didn't bet)
Seat 8: Ridleerr (button) folded before Flop (didn't bet)
Seat 9: RosemontTony (small blind) folded on the Turn



PokerStars Hand #237346144887:  Hold'em No Limit ($0.01/$0.02 USD) - 2022/07/13 19:01:38 PT [2022/07/13 22:01:38 ET]
Table 'Aaltje III' 9-max Seat #9 is the button
Seat 1: Dorex2007 ($2.78 in chips) 
Seat 2: Tobiz89 ($2.68 in chips) 
Seat 3: Montagnais ($3.02 in chips) 
Seat 4: Monster Pony ($1.88 in chips) 
Seat 5: davvei ($1.57 in chips) 
Seat 6: laureano290 ($2.35 in chips) 
Seat 7: Almanza63 ($2.84 in chips) 
Seat 8: Ridleerr ($2.11 in chips) 
Seat 9: RosemontTony ($1.13 in chips) 
Dorex2007: posts small blind $0.01
Tobiz89: posts big blind $0.02
*** HOLE CARDS ***
Dealt to Dorex2007 [8h 7d]
Montagnais: calls $0.02
Monster Pony: folds 
davvei: folds 
laureano290: folds 
Almanza63: folds 
Ridleerr: folds 
RosemontTony: folds 
Dorex2007: folds 
Tobiz89: raises $0.08 to $0.10
Montagnais: calls $0.08
*** FLOP *** [2h Ks Js]
Tobiz89: bets $0.15
Montagnais: folds 
Uncalled bet ($0.15) returned to Tobiz89
Tobiz89 collected $0.20 from pot
*** SUMMARY ***
Total pot $0.21 | Rake $0.01 
Board [2h Ks Js]
Seat 1: Dorex2007 (small blind) folded before Flop
Seat 2: Tobiz89 (big blind) collected ($0.20)
Seat 3: Montagnais folded on the Flop
Seat 4: Monster Pony folded before Flop (didn't bet)
Seat 5: davvei folded before Flop (didn't bet)
Seat 6: laureano290 folded before Flop (didn't bet)
Seat 7: Almanza63 folded before Flop (didn't bet)
Seat 8: Ridleerr folded before Flop (didn't bet)
Seat 9: RosemontTony (button) folded before Flop (didn't bet)



PokerStars Hand #237346150135:  Hold'em No Limit ($0.01/$0.02 USD) - 2022/07/13 19:02:06 PT [2022/07/13 22:02:06 ET]
Table 'Aaltje III' 9-max Seat #1 is the button
Seat 1: Dorex2007 ($2.77 in chips) 
Seat 2: Tobiz89 ($2.78 in chips) 
Seat 3: Montagnais ($2.92 in chips) 
Seat 4: Monster Pony ($1.88 in chips) 
Seat 5: davvei ($1.57 in chips) 
Seat 6: laureano290 ($2.35 in chips) 
Seat 7: Almanza63 ($2.84 in chips) 
Seat 8: Ridleerr ($2.11 in chips) 
Seat 9: RosemontTony ($2 in chips) 
Tobiz89: posts small blind $0.01
Montagnais: posts big blind $0.02
*** HOLE CARDS ***
Dealt to Dorex2007 [Ts Jd]
Monster Pony has timed out
Monster Pony: folds 
davvei: folds 
laureano290: folds 
Almanza63: folds 
Ridleerr: folds 
RosemontTony: folds 
Dorex2007: raises $0.04 to $0.06
Tobiz89: folds 
Montagnais: calls $0.04
*** FLOP *** [Kh 4s Ac]
Montagnais: checks 
Dorex2007: checks 
*** TURN *** [Kh 4s Ac] [8s]
Montagnais: bets $0.06
Dorex2007: calls $0.06
*** RIVER *** [Kh 4s Ac 8s] [3h]
Montagnais: bets $0.12
Dorex2007: folds 
Uncalled bet ($0.12) returned to Montagnais
Montagnais collected $0.24 from pot
*** SUMMARY ***
Total pot $0.25 | Rake $0.01 
Board [Kh 4s Ac 8s 3h]
Seat 1: Dorex2007 (button) folded on the River
Seat 2: Tobiz89 (small blind) folded before Flop
Seat 3: Montagnais (big blind) collected ($0.24)
Seat 4: Monster Pony folded before Flop (didn't bet)
Seat 5: davvei folded before Flop (didn't bet)
Seat 6: laureano290 folded before Flop (didn't bet)
Seat 7: Almanza63 folded before Flop (didn't bet)
Seat 8: Ridleerr folded before Flop (didn't bet)
Seat 9: RosemontTony folded before Flop (didn't bet)



PokerStars Hand #237346164177:  Hold'em No Limit ($0.01/$0.02 USD) - 2022/07/13 19:02:59 PT [2022/07/13 22:02:59 ET]
Table 'Aaltje III' 9-max Seat #2 is the button
Seat 1: Dorex2007 ($2.65 in chips) 
Seat 2: Tobiz89 ($2.77 in chips) 
Seat 3: Montagnais ($3.04 in chips) 
Seat 4: Monster Pony ($1.88 in chips) 
Seat 5: davvei ($1.57 in chips) 
Seat 6: laureano290 ($2.35 in chips) 
Seat 7: Almanza63 ($2.84 in chips) 
Seat 8: Ridleerr ($2.11 in chips) 
Seat 9: RosemontTony ($2 in chips) 
Montagnais: posts small blind $0.01
Monster Pony: posts big blind $0.02
*** HOLE CARDS ***
Dealt to Dorex2007 [8s 3c]
davvei: calls $0.02
laureano290: folds 
Almanza63: folds 
Ridleerr: folds 
RosemontTony: folds 
Dorex2007: folds 
Tobiz89: raises $0.08 to $0.10
Montagnais: calls $0.09
Monster Pony: folds 
davvei: calls $0.08
*** FLOP *** [7h 7c Th]
Montagnais: checks 
davvei: checks 
Tobiz89: checks 
*** TURN *** [7h 7c Th] [Qh]
Montagnais: checks 
davvei: checks 
Tobiz89: checks 
*** RIVER *** [7h 7c Th Qh] [9s]
Montagnais: checks 
davvei: bets $0.32
Tobiz89: folds 
Montagnais: folds 
Uncalled bet ($0.32) returned to davvei
davvei collected $0.31 from pot
*** SUMMARY ***
Total pot $0.32 | Rake $0.01 
Board [7h 7c Th Qh 9s]
Seat 1: Dorex2007 folded before Flop (didn't bet)
Seat 2: Tobiz89 (button) folded on the River
Seat 3: Montagnais (small blind) folded on the River
Seat 4: Monster Pony (big blind) folded before Flop
Seat 5: davvei collected ($0.31)
Seat 6: laureano290 folded before Flop (didn't bet)
Seat 7: Almanza63 folded before Flop (didn't bet)
Seat 8: Ridleerr folded before Flop (didn't bet)
Seat 9: RosemontTony folded before Flop (didn't bet)



PokerStars Hand #237346178562:  Hold'em No Limit ($0.01/$0.02 USD) - 2022/07/13 19:04:15 PT [2022/07/13 22:04:15 ET]
Table 'Aaltje III' 9-max Seat #3 is the button
Seat 1: Dorex2007 ($2.65 in chips) 
Seat 2: Tobiz89 ($2.67 in chips) 
Seat 3: Montagnais ($2.94 in chips) 
Seat 4: Monster Pony ($1.86 in chips) 
Seat 5: davvei ($1.78 in chips) 
Seat 6: laureano290 ($2.35 in chips) 
Seat 7: Almanza63 ($2.84 in chips) 
Seat 8: Ridleerr ($2.11 in chips) 
Seat 9: RosemontTony ($2 in chips) 
Monster Pony: posts small blind $0.01
davvei: posts big blind $0.02
*** HOLE CARDS ***
Dealt to Dorex2007 [Th 5d]
laureano290: folds 
Almanza63: folds 
Ridleerr: folds 
RosemontTony: calls $0.02
Dorex2007: folds 
Tobiz89: folds 
Montagnais has timed out
Montagnais: folds 
Monster Pony: folds 
davvei: checks 
*** FLOP *** [Tc Ks 4s]
davvei: checks 
RosemontTony: bets $0.05
davvei: folds 
Uncalled bet ($0.05) returned to RosemontTony
RosemontTony collected $0.05 from pot
*** SUMMARY ***
Total pot $0.05 | Rake $0 
Board [Tc Ks 4s]
Seat 1: Dorex2007 folded before Flop (didn't bet)
Seat 2: Tobiz89 folded before Flop (didn't bet)
Seat 3: Montagnais (button) folded before Flop (didn't bet)
Seat 4: Monster Pony (small blind) folded before Flop
Seat 5: davvei (big blind) folded on the Flop
Seat 6: laureano290 folded before Flop (didn't bet)
Seat 7: Almanza63 folded before Flop (didn't bet)
Seat 8: Ridleerr folded before Flop (didn't bet)
Seat 9: RosemontTony collected ($0.05)



PokerStars Hand #237346195656:  Hold'em No Limit ($0.01/$0.02 USD) - 2022/07/13 19:05:03 PT [2022/07/13 22:05:03 ET]
Table 'Aaltje III' 9-max Seat #4 is the button
Seat 1: Dorex2007 ($2.65 in chips) 
Seat 2: Tobiz89 ($2.67 in chips) 
Seat 4: Monster Pony ($1.85 in chips) 
Seat 5: davvei ($1.76 in chips) 
Seat 7: Almanza63 ($2.84 in chips) 
Seat 8: Ridleerr ($2.11 in chips) 
Seat 9: RosemontTony ($2.03 in chips) 
davvei: posts small blind $0.01
laureano290: is sitting out 
Almanza63: posts big blind $0.02
*** HOLE CARDS ***
Dealt to Dorex2007 [Td 4s]
Ridleerr: folds 
RosemontTony: folds 
laureano290 leaves the table
Dorex2007: folds 
Tobiz89: folds 
Monster Pony: folds 
dumebel joins the table at seat #6 
davvei: folds 
Uncalled bet ($0.01) returned to Almanza63
Almanza63 collected $0.02 from pot
*** SUMMARY ***
Total pot $0.02 | Rake $0 
Seat 1: Dorex2007 folded before Flop (didn't bet)
Seat 2: Tobiz89 folded before Flop (didn't bet)
Seat 4: Monster Pony (button) folded before Flop (didn't bet)
Seat 5: davvei (small blind) folded before Flop
Seat 7: Almanza63 (big blind) collected ($0.02)
Seat 8: Ridleerr folded before Flop (didn't bet)
Seat 9: RosemontTony folded before Flop (didn't bet)



PokerStars Hand #237346205984:  Hold'em No Limit ($0.01/$0.02 USD) - 2022/07/13 19:05:58 PT [2022/07/13 22:05:58 ET]
Table 'Aaltje III' 9-max Seat #5 is the button
Seat 1: Dorex2007 ($2.65 in chips) 
Seat 2: Tobiz89 ($2.67 in chips) 
Seat 4: Monster Pony ($1.85 in chips) 
Seat 5: davvei ($1.75 in chips) 
Seat 7: Almanza63 ($2.85 in chips) 
Seat 8: Ridleerr ($2.11 in chips) 
Seat 9: RosemontTony ($2.03 in chips) 
Almanza63: posts small blind $0.01
Ridleerr: posts big blind $0.02
*** HOLE CARDS ***
Dealt to Dorex2007 [Tc Ac]
RosemontTony: folds 
RosemontTony leaves the table
Dorex2007: calls $0.02
Tobiz89: folds 
Monster Pony: folds 
davvei: folds 
Almanza63: folds 
Ridleerr: checks 
*** FLOP *** [Jh 2c As]
Ridleerr: checks 
Dorex2007: bets $0.03
Ridleerr: folds 
Uncalled bet ($0.03) returned to Dorex2007
Dorex2007 collected $0.05 from pot
*** SUMMARY ***
Total pot $0.05 | Rake $0 
Board [Jh 2c As]
Seat 1: Dorex2007 collected ($0.05)
Seat 2: Tobiz89 folded before Flop (didn't bet)
Seat 4: Monster Pony folded before Flop (didn't bet)
Seat 5: davvei (button) folded before Flop (didn't bet)
Seat 7: Almanza63 (small blind) folded before Flop
Seat 8: Ridleerr (big blind) folded on the Flop
Seat 9: RosemontTony folded before Flop (didn't bet)



PokerStars Hand #237346212721:  Hold'em No Limit ($0.01/$0.02 USD) - 2022/07/13 19:06:34 PT [2022/07/13 22:06:34 ET]
Table 'Aaltje III' 9-max Seat #7 is the button
Seat 1: Dorex2007 ($2.68 in chips) 
Seat 2: Tobiz89 ($2.67 in chips) 
Seat 4: Monster Pony ($1.85 in chips) 
Seat 5: davvei ($1.75 in chips) 
Seat 7: Almanza63 ($2.84 in chips) 
Seat 8: Ridleerr ($2.09 in chips) 
Ridleerr: posts small blind $0.01
Dorex2007: posts big blind $0.02
dumebel: sits out 
*** HOLE CARDS ***
Dealt to Dorex2007 [Th 4h]
Tobiz89: folds 
Monster Pony: calls $0.02
davvei: folds 
Almanza63: folds 
Ridleerr: calls $0.01
Dorex2007: checks 
*** FLOP *** [Kh 2h 8c]
Ridleerr: checks 
Dorex2007: checks 
Monster Pony: checks 
*** TURN *** [Kh 2h 8c] [5c]
Ridleerr: bets $0.03
Dorex2007: calls $0.03
Monster Pony: folds 
*** RIVER *** [Kh 2h 8c 5c] [2d]
Ridleerr: checks 
Dorex2007: bets $0.08
Ridleerr: folds 
Uncalled bet ($0.08) returned to Dorex2007
Dorex2007 collected $0.12 from pot
*** SUMMARY ***
Total pot $0.12 | Rake $0 
Board [Kh 2h 8c 5c 2d]
Seat 1: Dorex2007 (big blind) collected ($0.12)
Seat 2: Tobiz89 folded before Flop (didn't bet)
Seat 4: Monster Pony folded on the Turn
Seat 5: davvei folded before Flop (didn't bet)
Seat 7: Almanza63 (button) folded before Flop (didn't bet)
Seat 8: Ridleerr (small blind) folded on the River



PokerStars Hand #237346221370:  Hold'em No Limit ($0.01/$0.02 USD) - 2022/07/13 19:07:20 PT [2022/07/13 22:07:20 ET]
Table 'Aaltje III' 9-max Seat #8 is the button
Seat 1: Dorex2007 ($2.75 in chips) 
Seat 2: Tobiz89 ($2.67 in chips) 
Seat 3: Montagnais ($2.94 in chips) 
Seat 4: Monster Pony ($1.83 in chips) 
Seat 5: davvei ($1.75 in chips) 
Seat 6: dumebel ($1.60 in chips) 
Seat 7: Almanza63 ($2.84 in chips) 
Seat 8: Ridleerr ($2.04 in chips) 
Dorex2007: posts small blind $0.01
Tobiz89: posts big blind $0.02
dumebel: posts big blind $0.02
*** HOLE CARDS ***
Dealt to Dorex2007 [6s 4s]
Montagnais: calls $0.02
Monster Pony: folds 
davvei: raises $0.02 to $0.04
dumebel: calls $0.02
Almanza63: folds 
Ridleerr: raises $0.04 to $0.08
Dorex2007: folds 
Tobiz89: folds 
Montagnais: calls $0.06
davvei: raises $0.04 to $0.12
dumebel: folds 
Ridleerr: raises $1.92 to $2.04 and is all-in
Montagnais: folds 
davvei: calls $1.63 and is all-in
Uncalled bet ($0.29) returned to Ridleerr
*** FLOP *** [Td 8c 3h]
*** TURN *** [Td 8c 3h] [Tc]
*** RIVER *** [Td 8c 3h Tc] [Jd]
*** SHOW DOWN ***
davvei: shows [Ac Ad] (two pair, Aces and Tens)
Ridleerr: shows [Ks Kh] (two pair, Kings and Tens)
davvei collected $3.52 from pot
*** SUMMARY ***
Total pot $3.65 | Rake $0.13 
Board [Td 8c 3h Tc Jd]
Seat 1: Dorex2007 (small blind) folded before Flop
Seat 2: Tobiz89 (big blind) folded before Flop
Seat 3: Montagnais folded before Flop
Seat 4: Monster Pony folded before Flop (didn't bet)
Seat 5: davvei showed [Ac Ad] and won ($3.52) with two pair, Aces and Tens
Seat 6: dumebel folded before Flop
Seat 7: Almanza63 folded before Flop (didn't bet)
Seat 8: Ridleerr (button) showed [Ks Kh] and lost with two pair, Kings and Tens



PokerStars Hand #237346229848:  Hold'em No Limit ($0.01/$0.02 USD) - 2022/07/13 19:08:06 PT [2022/07/13 22:08:06 ET]
Table 'Aaltje III' 9-max Seat #1 is the button
Seat 1: Dorex2007 ($2.74 in chips) 
Seat 2: Tobiz89 ($2.65 in chips) 
Seat 3: Montagnais ($2.86 in chips) 
Seat 4: Monster Pony ($1.83 in chips) 
Seat 5: davvei ($3.52 in chips) 
Seat 6: dumebel ($1.56 in chips) 
Seat 7: Almanza63 ($2.84 in chips) 
Seat 8: Ridleerr ($0.29 in chips) 
Tobiz89: posts small blind $0.01
Montagnais: posts big blind $0.02
*** HOLE CARDS ***
Dealt to Dorex2007 [2s 7c]
Monster Pony: folds 
davvei: folds 
dumebel: calls $0.02
Almanza63: raises $0.06 to $0.08
Ridleerr: folds 
Dorex2007: folds 
Tobiz89: folds 
Montagnais: calls $0.06
dumebel: calls $0.06
*** FLOP *** [3h 2d Ad]
Montagnais: checks 
dumebel: bets $0.12
Almanza63: folds 
Montagnais: raises $2.66 to $2.78 and is all-in
dumebel: calls $1.36 and is all-in
Uncalled bet ($1.30) returned to Montagnais
*** TURN *** [3h 2d Ad] [4c]
*** RIVER *** [3h 2d Ad 4c] [5d]
*** SHOW DOWN ***
Montagnais: shows [Ah Jd] (a straight, Ace to Five)
dumebel: shows [4d Kd] (a flush, Ace high)
dumebel collected $3.10 from pot
*** SUMMARY ***
Total pot $3.21 | Rake $0.11 
Board [3h 2d Ad 4c 5d]
Seat 1: Dorex2007 (button) folded before Flop (didn't bet)
Seat 2: Tobiz89 (small blind) folded before Flop
Seat 3: Montagnais (big blind) showed [Ah Jd] and lost with a straight, Ace to Five
Seat 4: Monster Pony folded before Flop (didn't bet)
Seat 5: davvei folded before Flop (didn't bet)
Seat 6: dumebel showed [4d Kd] and won ($3.10) with a flush, Ace high
Seat 7: Almanza63 folded on the Flop
Seat 8: Ridleerr folded before Flop (didn't bet)



PokerStars Hand #237346239328:  Hold'em No Limit ($0.01/$0.02 USD) - 2022/07/13 19:08:57 PT [2022/07/13 22:08:57 ET]
Table 'Aaltje III' 9-max Seat #2 is the button
Seat 1: Dorex2007 ($2.74 in chips) 
Seat 2: Tobiz89 ($2.64 in chips) 
Seat 3: Montagnais ($1.30 in chips) 
Seat 4: Monster Pony ($1.83 in chips) 
Seat 5: davvei ($3.52 in chips) 
Seat 6: dumebel ($3.10 in chips) 
Seat 7: Almanza63 ($2.76 in chips) 
Seat 8: Ridleerr ($0.29 in chips) 
Montagnais: posts small blind $0.01
Monster Pony: posts big blind $0.02
alfreud777 is connected 
alfreud777: sits out 
*** HOLE CARDS ***
Dealt to Dorex2007 [Jc 7d]
davvei: calls $0.02
dumebel: folds 
Almanza63: folds 
Ridleerr: raises $0.04 to $0.06
Dorex2007: folds 
Tobiz89: folds 
Montagnais: raises $1.24 to $1.30 and is all-in
Monster Pony: folds 
davvei: folds 
Ridleerr: calls $0.23 and is all-in
Uncalled bet ($1.01) returned to Montagnais
*** FLOP *** [Js 6s 2d]
*** TURN *** [Js 6s 2d] [7h]
*** RIVER *** [Js 6s 2d 7h] [4s]
*** SHOW DOWN ***
Montagnais: shows [6h Ac] (a pair of Sixes)
Ridleerr: shows [Jd Qd] (a pair of Jacks)
Ridleerr collected $0.60 from pot
*** SUMMARY ***
Total pot $0.62 | Rake $0.02 
Board [Js 6s 2d 7h 4s]
Seat 1: Dorex2007 folded before Flop (didn't bet)
Seat 2: Tobiz89 (button) folded before Flop (didn't bet)
Seat 3: Montagnais (small blind) showed [6h Ac] and lost with a pair of Sixes
Seat 4: Monster Pony (big blind) folded before Flop
Seat 5: davvei folded before Flop
Seat 6: dumebel folded before Flop (didn't bet)
Seat 7: Almanza63 folded before Flop (didn't bet)
Seat 8: Ridleerr showed [Jd Qd] and won ($0.60) with a pair of Jacks



PokerStars Hand #237346246480:  Hold'em No Limit ($0.01/$0.02 USD) - 2022/07/13 19:09:35 PT [2022/07/13 22:09:35 ET]
Table 'Aaltje III' 9-max Seat #3 is the button
Seat 1: Dorex2007 ($2.74 in chips) 
Seat 2: Tobiz89 ($2.64 in chips) 
Seat 3: Montagnais ($1.01 in chips) 
Seat 4: Monster Pony ($1.81 in chips) 
Seat 5: davvei ($3.50 in chips) 
Seat 6: dumebel ($3.10 in chips) 
Seat 7: Almanza63 ($2.76 in chips) 
Seat 8: Ridleerr ($0.60 in chips) 
Seat 9: alfreud777 ($2 in chips) 
Monster Pony: posts small blind $0.01
davvei: posts big blind $0.02
alfreud777: posts big blind $0.02
*** HOLE CARDS ***
Dealt to Dorex2007 [9d Qh]
dumebel: calls $0.02
Almanza63: folds 
Ridleerr: folds 
alfreud777: raises $0.06 to $0.08
Dorex2007: folds 
Tobiz89: folds 
Montagnais: raises $0.93 to $1.01 and is all-in
Monster Pony: folds 
davvei: folds 
dumebel: calls $0.99
alfreud777: folds 
*** FLOP *** [2h Th 2c]
*** TURN *** [2h Th 2c] [Kh]
*** RIVER *** [2h Th 2c Kh] [3d]
*** SHOW DOWN ***
dumebel: shows [Ac Ts] (two pair, Tens and Deuces)
Montagnais: shows [9c Td] (two pair, Tens and Deuces - lower kicker)
dumebel collected $2.06 from pot
*** SUMMARY ***
Total pot $2.13 | Rake $0.07 
Board [2h Th 2c Kh 3d]
Seat 1: Dorex2007 folded before Flop (didn't bet)
Seat 2: Tobiz89 folded before Flop (didn't bet)
Seat 3: Montagnais (button) showed [9c Td] and lost with two pair, Tens and Deuces
Seat 4: Monster Pony (small blind) folded before Flop
Seat 5: davvei (big blind) folded before Flop
Seat 6: dumebel showed [Ac Ts] and won ($2.06) with two pair, Tens and Deuces
Seat 7: Almanza63 folded before Flop (didn't bet)
Seat 8: Ridleerr folded before Flop (didn't bet)
Seat 9: alfreud777 folded before Flop



PokerStars Hand #237346256170:  Hold'em No Limit ($0.01/$0.02 USD) - 2022/07/13 19:10:27 PT [2022/07/13 22:10:27 ET]
Table 'Aaltje III' 9-max Seat #4 is the button
Seat 1: Dorex2007 ($2.74 in chips) 
Seat 2: Tobiz89 ($2.64 in chips) 
Seat 4: Monster Pony ($1.80 in chips) 
Seat 5: davvei ($3.48 in chips) 
Seat 6: dumebel ($4.15 in chips) 
Seat 7: Almanza63 ($2.76 in chips) 
Seat 8: Ridleerr ($0.60 in chips) 
Seat 9: alfreud777 ($1.92 in chips) 
davvei: posts small blind $0.01
dumebel: posts big blind $0.02
*** HOLE CARDS ***
Dealt to Dorex2007 [Jd 3d]
Almanza63: folds 
Ridleerr: folds 
alfreud777: folds 
Dorex2007: folds 
Tobiz89: folds 
Monster Pony: folds 
davvei: folds 
Uncalled bet ($0.01) returned to dumebel
dumebel collected $0.02 from pot
*** SUMMARY ***
Total pot $0.02 | Rake $0 
Seat 1: Dorex2007 folded before Flop (didn't bet)
Seat 2: Tobiz89 folded before Flop (didn't bet)
Seat 4: Monster Pony (button) folded before Flop (didn't bet)
Seat 5: davvei (small blind) folded before Flop
Seat 6: dumebel (big blind) collected ($0.02)
Seat 7: Almanza63 folded before Flop (didn't bet)
Seat 8: Ridleerr folded before Flop (didn't bet)
Seat 9: alfreud777 folded before Flop (didn't bet)



PokerStars Hand #237346260711:  Hold'em No Limit ($0.01/$0.02 USD) - 2022/07/13 19:10:38 PT [2022/07/13 22:10:38 ET]
Table 'Aaltje III' 9-max Seat #5 is the button
Seat 1: Dorex2007 ($2.74 in chips) 
Seat 2: Tobiz89 ($2.64 in chips) 
Seat 3: Montagnais ($2 in chips) 
Seat 4: Monster Pony ($1.80 in chips) 
Seat 5: davvei ($3.47 in chips) 
Seat 6: dumebel ($4.16 in chips) 
Seat 7: Almanza63 ($2.76 in chips) 
Seat 8: Ridleerr ($0.60 in chips) 
Seat 9: alfreud777 ($1.92 in chips) 
dumebel: posts small blind $0.01
Almanza63: posts big blind $0.02
*** HOLE CARDS ***
Dealt to Dorex2007 [3c 9d]
Ridleerr: folds 
alfreud777: calls $0.02
Dorex2007: folds 
Tobiz89: folds 
Montagnais: raises $1.98 to $2 and is all-in
Monster Pony: folds 
davvei: folds 
dumebel: folds 
Almanza63: folds 
alfreud777: folds 
Uncalled bet ($1.98) returned to Montagnais
Montagnais collected $0.07 from pot
*** SUMMARY ***
Total pot $0.07 | Rake $0 
Seat 1: Dorex2007 folded before Flop (didn't bet)
Seat 2: Tobiz89 folded before Flop (didn't bet)
Seat 3: Montagnais collected ($0.07)
Seat 4: Monster Pony folded before Flop (didn't bet)
Seat 5: davvei (button) folded before Flop (didn't bet)
Seat 6: dumebel (small blind) folded before Flop
Seat 7: Almanza63 (big blind) folded before Flop
Seat 8: Ridleerr folded before Flop (didn't bet)
Seat 9: alfreud777 folded before Flop



PokerStars Hand #237346265264:  Hold'em No Limit ($0.01/$0.02 USD) - 2022/07/13 19:11:02 PT [2022/07/13 22:11:02 ET]
Table 'Aaltje III' 9-max Seat #6 is the button
Seat 1: Dorex2007 ($2.74 in chips) 
Seat 2: Tobiz89 ($2.64 in chips) 
Seat 3: Montagnais ($2.05 in chips) 
Seat 4: Monster Pony ($1.80 in chips) 
Seat 5: davvei ($3.47 in chips) 
Seat 6: dumebel ($4.15 in chips) 
Seat 7: Almanza63 ($2.74 in chips) 
Seat 8: Ridleerr ($0.60 in chips) 
Seat 9: alfreud777 ($1.90 in chips) 
Almanza63: posts small blind $0.01
Ridleerr: posts big blind $0.02
*** HOLE CARDS ***
Dealt to Dorex2007 [9d Qc]
alfreud777: folds 
Dorex2007: folds 
Tobiz89: folds 
Montagnais: calls $0.02
Monster Pony: calls $0.02
davvei: folds 
dumebel: raises $0.18 to $0.20
Almanza63: folds 
Ridleerr: folds 
Montagnais: raises $1.85 to $2.05 and is all-in
Monster Pony: folds 
dumebel: calls $1.85
*** FLOP *** [5s Ts 6c]
*** TURN *** [5s Ts 6c] [2s]
*** RIVER *** [5s Ts 6c 2s] [2h]
*** SHOW DOWN ***
Montagnais: shows [Kd Th] (two pair, Tens and Deuces)
dumebel: shows [Qs Ad] (a pair of Deuces)
Montagnais collected $4 from pot
*** SUMMARY ***
Total pot $4.15 | Rake $0.15 
Board [5s Ts 6c 2s 2h]
Seat 1: Dorex2007 folded before Flop (didn't bet)
Seat 2: Tobiz89 folded before Flop (didn't bet)
Seat 3: Montagnais showed [Kd Th] and won ($4) with two pair, Tens and Deuces
Seat 4: Monster Pony folded before Flop
Seat 5: davvei folded before Flop (didn't bet)
Seat 6: dumebel (button) showed [Qs Ad] and lost with a pair of Deuces
Seat 7: Almanza63 (small blind) folded before Flop
Seat 8: Ridleerr (big blind) folded before Flop
Seat 9: alfreud777 folded before Flop (didn't bet)



PokerStars Hand #237346271577:  Hold'em No Limit ($0.01/$0.02 USD) - 2022/07/13 19:11:36 PT [2022/07/13 22:11:36 ET]
Table 'Aaltje III' 9-max Seat #7 is the button
Seat 1: Dorex2007 ($2.74 in chips) 
Seat 2: Tobiz89 ($2.64 in chips) 
Seat 3: Montagnais ($4 in chips) 
Seat 4: Monster Pony ($1.78 in chips) 
Seat 5: davvei ($3.47 in chips) 
Seat 6: dumebel ($2.10 in chips) 
Seat 7: Almanza63 ($2.73 in chips) 
Seat 8: Ridleerr ($0.58 in chips) 
Seat 9: alfreud777 ($1.90 in chips) 
Ridleerr: posts small blind $0.01
alfreud777: posts big blind $0.02
*** HOLE CARDS ***
Dealt to Dorex2007 [Ac 9c]
Dorex2007: folds 
Tobiz89: folds 
Montagnais: calls $0.02
Monster Pony: calls $0.02
davvei: folds 
dumebel: raises $0.08 to $0.10
Almanza63: folds 
Ridleerr: folds 
alfreud777: folds 
Montagnais: calls $0.08
Monster Pony: calls $0.08
*** FLOP *** [Td 9d Kh]
Montagnais: checks 
Monster Pony: checks 
dumebel: bets $0.22
Montagnais: calls $0.22
Monster Pony: calls $0.22
*** TURN *** [Td 9d Kh] [Ts]
Montagnais: checks 
Monster Pony: checks 
dumebel: bets $0.48
Montagnais: folds 
Monster Pony: calls $0.48
*** RIVER *** [Td 9d Kh Ts] [4d]
Monster Pony: checks 
dumebel: checks 
*** SHOW DOWN ***
Monster Pony: shows [8h 7h] (a pair of Tens)
dumebel: shows [Jc Th] (three of a kind, Tens)
dumebel collected $1.88 from pot
*** SUMMARY ***
Total pot $1.95 | Rake $0.07 
Board [Td 9d Kh Ts 4d]
Seat 1: Dorex2007 folded before Flop (didn't bet)
Seat 2: Tobiz89 folded before Flop (didn't bet)
Seat 3: Montagnais folded on the Turn
Seat 4: Monster Pony showed [8h 7h] and lost with a pair of Tens
Seat 5: davvei folded before Flop (didn't bet)
Seat 6: dumebel showed [Jc Th] and won ($1.88) with three of a kind, Tens
Seat 7: Almanza63 (button) folded before Flop (didn't bet)
Seat 8: Ridleerr (small blind) folded before Flop
Seat 9: alfreud777 (big blind) folded before Flop



PokerStars Hand #237346285657:  Hold'em No Limit ($0.01/$0.02 USD) - 2022/07/13 19:12:53 PT [2022/07/13 22:12:53 ET]
Table 'Aaltje III' 9-max Seat #8 is the button
Seat 1: Dorex2007 ($2.74 in chips) 
Seat 2: Tobiz89 ($2.64 in chips) 
Seat 3: Montagnais ($3.68 in chips) 
Seat 4: Monster Pony ($0.98 in chips) 
Seat 5: davvei ($3.47 in chips) 
Seat 6: dumebel ($3.18 in chips) 
Seat 7: Almanza63 ($2.73 in chips) 
Seat 8: Ridleerr ($0.57 in chips) 
Seat 9: alfreud777 ($1.88 in chips) 
alfreud777: posts small blind $0.01
Dorex2007: posts big blind $0.02
*** HOLE CARDS ***
Dealt to Dorex2007 [9d 6c]
Tobiz89: folds 
Montagnais: folds 
Monster Pony: folds 
davvei: calls $0.02
dumebel: folds 
Almanza63: raises $0.06 to $0.08
Ridleerr: folds 
alfreud777: folds 
Dorex2007: folds 
davvei: calls $0.06
*** FLOP *** [6d Kd 8d]
davvei: checks 
Almanza63: checks 
*** TURN *** [6d Kd 8d] [Ks]
davvei: checks 
Almanza63: bets $0.10
davvei: folds 
Uncalled bet ($0.10) returned to Almanza63
Almanza63 collected $0.18 from pot
*** SUMMARY ***
Total pot $0.19 | Rake $0.01 
Board [6d Kd 8d Ks]
Seat 1: Dorex2007 (big blind) folded before Flop
Seat 2: Tobiz89 folded before Flop (didn't bet)
Seat 3: Montagnais folded before Flop (didn't bet)
Seat 4: Monster Pony folded before Flop (didn't bet)
Seat 5: davvei folded on the Turn
Seat 6: dumebel folded before Flop (didn't bet)
Seat 7: Almanza63 collected ($0.18)
Seat 8: Ridleerr (button) folded before Flop (didn't bet)
Seat 9: alfreud777 (small blind) folded before Flop



PokerStars Hand #237346292793:  Hold'em No Limit ($0.01/$0.02 USD) - 2022/07/13 19:13:32 PT [2022/07/13 22:13:32 ET]
Table 'Aaltje III' 9-max Seat #9 is the button
Seat 1: Dorex2007 ($2.72 in chips) 
Seat 2: Tobiz89 ($2.64 in chips) 
Seat 3: Montagnais ($3.68 in chips) 
Seat 4: Monster Pony ($0.98 in chips) 
Seat 5: davvei ($3.39 in chips) 
Seat 6: dumebel ($3.18 in chips) 
Seat 7: Almanza63 ($2.83 in chips) 
Seat 8: Ridleerr ($0.57 in chips) 
Seat 9: alfreud777 ($1.87 in chips) 
Dorex2007: posts small blind $0.01
Tobiz89: posts big blind $0.02
*** HOLE CARDS ***
Dealt to Dorex2007 [7d Qc]
Montagnais: calls $0.02
Monster Pony: folds 
davvei: folds 
dumebel: folds 
Almanza63: folds 
Ridleerr: folds 
alfreud777: calls $0.02
Dorex2007: folds 
davvei leaves the table
Tobiz89: checks 
*** FLOP *** [Jh 8h 5d]
meelis9 joins the table at seat #5 
Tobiz89: checks 
Montagnais: bets $3.66 and is all-in
alfreud777: folds 
Tobiz89: folds 
Uncalled bet ($3.66) returned to Montagnais
Montagnais collected $0.07 from pot
*** SUMMARY ***
Total pot $0.07 | Rake $0 
Board [Jh 8h 5d]
Seat 1: Dorex2007 (small blind) folded before Flop
Seat 2: Tobiz89 (big blind) folded on the Flop
Seat 3: Montagnais collected ($0.07)
Seat 4: Monster Pony folded before Flop (didn't bet)
Seat 5: davvei folded before Flop (didn't bet)
Seat 6: dumebel folded before Flop (didn't bet)
Seat 7: Almanza63 folded before Flop (didn't bet)
Seat 8: Ridleerr folded before Flop (didn't bet)
Seat 9: alfreud777 (button) folded on the Flop



PokerStars Hand #237346299731:  Hold'em No Limit ($0.01/$0.02 USD) - 2022/07/13 19:14:09 PT [2022/07/13 22:14:09 ET]
Table 'Aaltje III' 9-max Seat #1 is the button
Seat 1: Dorex2007 ($2.71 in chips) 
Seat 2: Tobiz89 ($2.62 in chips) 
Seat 3: Montagnais ($3.73 in chips) 
Seat 4: Monster Pony ($0.98 in chips) 
Seat 6: dumebel ($3.18 in chips) 
Seat 7: Almanza63 ($2.83 in chips) 
Seat 8: Ridleerr ($0.57 in chips) 
Seat 9: alfreud777 ($1.85 in chips) 
Tobiz89: posts small blind $0.01
Montagnais: posts big blind $0.02
meelis9: sits out 
*** HOLE CARDS ***
Dealt to Dorex2007 [Qc 6d]
Monster Pony has timed out
Monster Pony: folds 
dumebel: folds 
Almanza63: folds 
Ridleerr: raises $0.55 to $0.57 and is all-in
alfreud777: folds 
Dorex2007: folds 
Tobiz89: folds 
Montagnais: folds 
Uncalled bet ($0.55) returned to Ridleerr
Ridleerr collected $0.05 from pot
*** SUMMARY ***
Total pot $0.05 | Rake $0 
Seat 1: Dorex2007 (button) folded before Flop (didn't bet)
Seat 2: Tobiz89 (small blind) folded before Flop
Seat 3: Montagnais (big blind) folded before Flop
Seat 4: Monster Pony folded before Flop (didn't bet)
Seat 6: dumebel folded before Flop (didn't bet)
Seat 7: Almanza63 folded before Flop (didn't bet)
Seat 8: Ridleerr collected ($0.05)
Seat 9: alfreud777 folded before Flop (didn't bet)



PokerStars Hand #237346305812:  Hold'em No Limit ($0.01/$0.02 USD) - 2022/07/13 19:14:43 PT [2022/07/13 22:14:43 ET]
Table 'Aaltje III' 9-max Seat #2 is the button
Seat 1: Dorex2007 ($2.71 in chips) 
Seat 2: Tobiz89 ($2.61 in chips) 
Seat 3: Montagnais ($3.71 in chips) 
Seat 4: Monster Pony ($0.98 in chips) 
Seat 5: meelis9 ($2 in chips) 
Seat 6: dumebel ($3.18 in chips) 
Seat 7: Almanza63 ($2.83 in chips) 
Seat 8: Ridleerr ($0.60 in chips) 
Seat 9: alfreud777 ($1.85 in chips) 
Montagnais: posts small blind $0.01
Monster Pony: posts big blind $0.02
meelis9: posts big blind $0.02
*** HOLE CARDS ***
Dealt to Dorex2007 [Th 9c]
meelis9: checks 
dumebel: folds 
Almanza63: folds 
Ridleerr: raises $0.02 to $0.04
alfreud777: folds 
Dorex2007: folds 
Tobiz89: folds 
Montagnais: calls $0.03
Monster Pony: folds 
meelis9: folds 
*** FLOP *** [As 6h 2h]
Montagnais: bets $3.67 and is all-in
Ridleerr: calls $0.56 and is all-in
Uncalled bet ($3.11) returned to Montagnais
*** TURN *** [As 6h 2h] [Ts]
*** RIVER *** [As 6h 2h Ts] [9s]
*** SHOW DOWN ***
Montagnais: shows [Ac 7c] (a pair of Aces)
Ridleerr: shows [Ad Js] (a pair of Aces - Jack kicker)
Ridleerr cashed out the hand for $1 | Cash Out Fee $0.01
*** SUMMARY ***
Total pot $1.24 | Rake $0.04 
Board [As 6h 2h Ts 9s]
Seat 1: Dorex2007 folded before Flop (didn't bet)
Seat 2: Tobiz89 (button) folded before Flop (didn't bet)
Seat 3: Montagnais (small blind) showed [Ac 7c] and lost with a pair of Aces
Seat 4: Monster Pony (big blind) folded before Flop
Seat 5: meelis9 folded before Flop (didn't bet)
Seat 6: dumebel folded before Flop (didn't bet)
Seat 7: Almanza63 folded before Flop (didn't bet)
Seat 8: Ridleerr showed [Ad Js] and won ($1.20) with a pair of Aces (pot not awarded as player cashed out)
Seat 9: alfreud777 folded before Flop (didn't bet)



PokerStars Hand #237346313953:  Hold'em No Limit ($0.01/$0.02 USD) - 2022/07/13 19:15:27 PT [2022/07/13 22:15:27 ET]
Table 'Aaltje III' 9-max Seat #3 is the button
Seat 1: Dorex2007 ($2.71 in chips) 
Seat 2: Tobiz89 ($2.61 in chips) 
Seat 3: Montagnais ($3.11 in chips) 
Seat 4: Monster Pony ($0.96 in chips) 
Seat 5: meelis9 ($2 in chips) 
Seat 6: dumebel ($3.18 in chips) 
Seat 7: Almanza63 ($2.83 in chips) 
Seat 8: Ridleerr ($1 in chips) 
Seat 9: alfreud777 ($1.85 in chips) 
Monster Pony: posts small blind $0.01
meelis9: posts big blind $0.02
*** HOLE CARDS ***
Dealt to Dorex2007 [7c Qh]
dumebel: raises $0.10 to $0.12
Almanza63: calls $0.12
Ridleerr: folds 
alfreud777: folds 
Dorex2007: folds 
Tobiz89: folds 
Montagnais: folds 
Monster Pony: folds 
meelis9: folds 
*** FLOP *** [6h 3h 6d]
dumebel: bets $0.16
Almanza63: calls $0.16
*** TURN *** [6h 3h 6d] [3d]
dumebel: bets $0.28
Almanza63: folds 
Uncalled bet ($0.28) returned to dumebel
dumebel collected $0.57 from pot
*** SUMMARY ***
Total pot $0.59 | Rake $0.02 
Board [6h 3h 6d 3d]
Seat 1: Dorex2007 folded before Flop (didn't bet)
Seat 2: Tobiz89 folded before Flop (didn't bet)
Seat 3: Montagnais (button) folded before Flop (didn't bet)
Seat 4: Monster Pony (small blind) folded before Flop
Seat 5: meelis9 (big blind) folded before Flop
Seat 6: dumebel collected ($0.57)
Seat 7: Almanza63 folded on the Turn
Seat 8: Ridleerr folded before Flop (didn't bet)
Seat 9: alfreud777 folded before Flop (didn't bet)



PokerStars Hand #237346323315:  Hold'em No Limit ($0.01/$0.02 USD) - 2022/07/13 19:16:07 PT [2022/07/13 22:16:07 ET]
Table 'Aaltje III' 9-max Seat #4 is the button
Seat 1: Dorex2007 ($2.71 in chips) 
Seat 2: Tobiz89 ($2.61 in chips) 
Seat 3: Montagnais ($3.11 in chips) 
Seat 4: Monster Pony ($0.95 in chips) 
Seat 5: meelis9 ($2 in chips) 
Seat 6: dumebel ($3.47 in chips) 
Seat 7: Almanza63 ($2.55 in chips) 
Seat 8: Ridleerr ($1 in chips) 
Seat 9: alfreud777 ($1.85 in chips) 
meelis9: posts small blind $0.01
dumebel: posts big blind $0.02
*** HOLE CARDS ***
Dealt to Dorex2007 [Ac Jc]
Almanza63: folds 
Ridleerr: folds 
alfreud777: folds 
Dorex2007: raises $0.04 to $0.06
Tobiz89: raises $0.12 to $0.18
Montagnais: calls $0.18
Monster Pony: folds 
meelis9: folds 
dumebel: folds 
Dorex2007: folds 
*** FLOP *** [Kh 9d Ts]
Tobiz89: bets $0.21
Montagnais: raises $2.72 to $2.93 and is all-in
Tobiz89: calls $2.22 and is all-in
Uncalled bet ($0.50) returned to Montagnais
*** TURN *** [Kh 9d Ts] [8h]
*** RIVER *** [Kh 9d Ts 8h] [5d]
*** SHOW DOWN ***
Tobiz89: shows [Ks Ah] (a pair of Kings)
Montagnais: shows [Kd Td] (two pair, Kings and Tens)
Montagnais collected $5.12 from pot
*** SUMMARY ***
Total pot $5.31 | Rake $0.19 
Board [Kh 9d Ts 8h 5d]
Seat 1: Dorex2007 folded before Flop
Seat 2: Tobiz89 showed [Ks Ah] and lost with a pair of Kings
Seat 3: Montagnais showed [Kd Td] and won ($5.12) with two pair, Kings and Tens
Seat 4: Monster Pony (button) folded before Flop (didn't bet)
Seat 5: meelis9 (small blind) folded before Flop
Seat 6: dumebel (big blind) folded before Flop
Seat 7: Almanza63 folded before Flop (didn't bet)
Seat 8: Ridleerr folded before Flop (didn't bet)
Seat 9: alfreud777 folded before Flop (didn't bet)



PokerStars Hand #237346331833:  Hold'em No Limit ($0.01/$0.02 USD) - 2022/07/13 19:16:53 PT [2022/07/13 22:16:53 ET]
Table 'Aaltje III' 9-max Seat #5 is the button
Seat 1: Dorex2007 ($2.65 in chips) 
Seat 2: Tobiz89 ($2 in chips) 
Seat 3: Montagnais ($5.62 in chips) 
Seat 4: Monster Pony ($0.95 in chips) 
Seat 5: meelis9 ($2 in chips) 
Seat 6: dumebel ($3.45 in chips) 
Seat 7: Almanza63 ($2.55 in chips) 
Seat 8: Ridleerr ($1 in chips) 
Seat 9: alfreud777 ($1.85 in chips) 
dumebel: posts small blind $0.01
Almanza63: posts big blind $0.02
*** HOLE CARDS ***
Dealt to Dorex2007 [Qh Ts]
Ridleerr: folds 
alfreud777: calls $0.02
Dorex2007: folds 
Tobiz89: folds 
Montagnais: folds 
Monster Pony: folds 
meelis9: folds 
dumebel: calls $0.01
Almanza63: checks 
*** FLOP *** [Qs 8s 5d]
dumebel: checks 
Almanza63: bets $0.06
alfreud777: calls $0.06
dumebel: calls $0.06
*** TURN *** [Qs 8s 5d] [Kd]
dumebel: checks 
Almanza63: checks 
alfreud777: bets $0.12
dumebel: folds 
Almanza63: calls $0.12
*** RIVER *** [Qs 8s 5d Kd] [Ah]
Almanza63: checks 
alfreud777: bets $0.26
Almanza63: folds 
Uncalled bet ($0.26) returned to alfreud777
alfreud777 collected $0.46 from pot
*** SUMMARY ***
Total pot $0.48 | Rake $0.02 
Board [Qs 8s 5d Kd Ah]
Seat 1: Dorex2007 folded before Flop (didn't bet)
Seat 2: Tobiz89 folded before Flop (didn't bet)
Seat 3: Montagnais folded before Flop (didn't bet)
Seat 4: Monster Pony folded before Flop (didn't bet)
Seat 5: meelis9 (button) folded before Flop (didn't bet)
Seat 6: dumebel (small blind) folded on the Turn
Seat 7: Almanza63 (big blind) folded on the River
Seat 8: Ridleerr folded before Flop (didn't bet)
Seat 9: alfreud777 collected ($0.46)



PokerStars Hand #237346344657:  Hold'em No Limit ($0.01/$0.02 USD) - 2022/07/13 19:18:04 PT [2022/07/13 22:18:04 ET]
Table 'Aaltje III' 9-max Seat #6 is the button
Seat 1: Dorex2007 ($2.65 in chips) 
Seat 2: Tobiz89 ($2 in chips) 
Seat 3: Montagnais ($5.62 in chips) 
Seat 4: Monster Pony ($0.95 in chips) 
Seat 5: meelis9 ($2 in chips) 
Seat 6: dumebel ($3.37 in chips) 
Seat 7: Almanza63 ($2.35 in chips) 
Seat 8: Ridleerr ($1 in chips) 
Seat 9: alfreud777 ($2.11 in chips) 
Almanza63: posts small blind $0.01
Ridleerr: posts big blind $0.02
*** HOLE CARDS ***
Dealt to Dorex2007 [4d 5h]
alfreud777: folds 
Dorex2007: folds 
Tobiz89: folds 
Montagnais: calls $0.02
Monster Pony: folds 
meelis9: folds 
dumebel: folds 
Almanza63: folds 
Ridleerr: checks 
*** FLOP *** [4h 7h Qc]
Ridleerr: checks 
Montagnais: checks 
*** TURN *** [4h 7h Qc] [Kh]
Ridleerr: checks 
Montagnais: checks 
*** RIVER *** [4h 7h Qc Kh] [8c]
Ridleerr: bets $0.02
Montagnais: calls $0.02
*** SHOW DOWN ***
Ridleerr: shows [7c 9h] (a pair of Sevens)
Montagnais: mucks hand 
Ridleerr collected $0.09 from pot
*** SUMMARY ***
Total pot $0.09 | Rake $0 
Board [4h 7h Qc Kh 8c]
Seat 1: Dorex2007 folded before Flop (didn't bet)
Seat 2: Tobiz89 folded before Flop (didn't bet)
Seat 3: Montagnais mucked [Jd Ah]
Seat 4: Monster Pony folded before Flop (didn't bet)
Seat 5: meelis9 folded before Flop (didn't bet)
Seat 6: dumebel (button) folded before Flop (didn't bet)
Seat 7: Almanza63 (small blind) folded before Flop
Seat 8: Ridleerr (big blind) showed [7c 9h] and won ($0.09) with a pair of Sevens
Seat 9: alfreud777 folded before Flop (didn't bet)



PokerStars Hand #237346352965:  Hold'em No Limit ($0.01/$0.02 USD) - 2022/07/13 19:18:50 PT [2022/07/13 22:18:50 ET]
Table 'Aaltje III' 9-max Seat #7 is the button
Seat 1: Dorex2007 ($2.65 in chips) 
Seat 2: Tobiz89 ($2 in chips) 
Seat 3: Montagnais ($5.58 in chips) 
Seat 4: Monster Pony ($0.95 in chips) 
Seat 5: meelis9 ($2 in chips) 
Seat 6: dumebel ($3.37 in chips) 
Seat 7: Almanza63 ($2.34 in chips) 
Seat 8: Ridleerr ($1.05 in chips) 
Seat 9: alfreud777 ($2.11 in chips) 
Ridleerr: posts small blind $0.01
alfreud777: posts big blind $0.02
*** HOLE CARDS ***
Dealt to Dorex2007 [3s Kc]
Dorex2007: folds 
Tobiz89: folds 
Montagnais: folds 
Monster Pony: folds 
meelis9: folds 
dumebel: folds 
Almanza63: raises $0.08 to $0.10
Ridleerr: folds 
alfreud777: folds 
Uncalled bet ($0.08) returned to Almanza63
Almanza63 collected $0.05 from pot
*** SUMMARY ***
Total pot $0.05 | Rake $0 
Seat 1: Dorex2007 folded before Flop (didn't bet)
Seat 2: Tobiz89 folded before Flop (didn't bet)
Seat 3: Montagnais folded before Flop (didn't bet)
Seat 4: Monster Pony folded before Flop (didn't bet)
Seat 5: meelis9 folded before Flop (didn't bet)
Seat 6: dumebel folded before Flop (didn't bet)
Seat 7: Almanza63 (button) collected ($0.05)
Seat 8: Ridleerr (small blind) folded before Flop
Seat 9: alfreud777 (big blind) folded before Flop



PokerStars Hand #237346358402:  Hold'em No Limit ($0.01/$0.02 USD) - 2022/07/13 19:19:20 PT [2022/07/13 22:19:20 ET]
Table 'Aaltje III' 9-max Seat #8 is the button
Seat 1: Dorex2007 ($2.65 in chips) 
Seat 2: Tobiz89 ($2 in chips) 
Seat 3: Montagnais ($5.58 in chips) 
Seat 4: Monster Pony ($0.95 in chips) 
Seat 5: meelis9 ($2 in chips) 
Seat 6: dumebel ($3.37 in chips) 
Seat 7: Almanza63 ($2.37 in chips) 
Seat 8: Ridleerr ($1.04 in chips) 
Seat 9: alfreud777 ($2.09 in chips) 
alfreud777: posts small blind $0.01
Dorex2007: posts big blind $0.02
*** HOLE CARDS ***
Dealt to Dorex2007 [2d Qh]
Tobiz89: folds 
Montagnais: calls $0.02
Monster Pony has timed out
Monster Pony: folds 
meelis9: raises $0.06 to $0.08
dumebel: folds 
Almanza63: folds 
Ridleerr: folds 
alfreud777: folds 
Dorex2007: folds 
Montagnais: calls $0.06
*** FLOP *** [6h Qc 6c]
Montagnais: checks 
meelis9: bets $0.09
Montagnais: folds 
Uncalled bet ($0.09) returned to meelis9
meelis9 collected $0.18 from pot
*** SUMMARY ***
Total pot $0.19 | Rake $0.01 
Board [6h Qc 6c]
Seat 1: Dorex2007 (big blind) folded before Flop
Seat 2: Tobiz89 folded before Flop (didn't bet)
Seat 3: Montagnais folded on the Flop
Seat 4: Monster Pony folded before Flop (didn't bet)
Seat 5: meelis9 collected ($0.18)
Seat 6: dumebel folded before Flop (didn't bet)
Seat 7: Almanza63 folded before Flop (didn't bet)
Seat 8: Ridleerr (button) folded before Flop (didn't bet)
Seat 9: alfreud777 (small blind) folded before Flop



PokerStars Hand #237346373058:  Hold'em No Limit ($0.01/$0.02 USD) - 2022/07/13 19:20:07 PT [2022/07/13 22:20:07 ET]
Table 'Aaltje III' 9-max Seat #9 is the button
Seat 1: Dorex2007 ($2.63 in chips) 
Seat 3: Montagnais ($5.50 in chips) 
Seat 5: meelis9 ($2.10 in chips) 
Seat 6: dumebel ($3.37 in chips) 
Seat 7: Almanza63 ($2.37 in chips) 
Seat 8: Ridleerr ($1.04 in chips) 
Seat 9: alfreud777 ($2.08 in chips) 
Dorex2007: posts small blind $0.01
Tobiz89: is sitting out 
Montagnais: posts big blind $0.02
*** HOLE CARDS ***
Dealt to Dorex2007 [Qh 3s]
Tobiz89 leaves the table
meelis9: raises $0.06 to $0.08
dumebel: folds 
Almanza63: folds 
Ridleerr: folds 
alfreud777: folds 
Dorex2007: folds 
Montagnais: calls $0.06
*** FLOP *** [9h 6h 2h]
Montagnais: checks 
meelis9: bets $0.08
Montagnais: folds 
Uncalled bet ($0.08) returned to meelis9
meelis9 collected $0.16 from pot
*** SUMMARY ***
Total pot $0.17 | Rake $0.01 
Board [9h 6h 2h]
Seat 1: Dorex2007 (small blind) folded before Flop
Seat 3: Montagnais (big blind) folded on the Flop
Seat 5: meelis9 collected ($0.16)
Seat 6: dumebel folded before Flop (didn't bet)
Seat 7: Almanza63 folded before Flop (didn't bet)
Seat 8: Ridleerr folded before Flop (didn't bet)
Seat 9: alfreud777 (button) folded before Flop (didn't bet)



PokerStars Hand #237346378229:  Hold'em No Limit ($0.01/$0.02 USD) - 2022/07/13 19:20:36 PT [2022/07/13 22:20:36 ET]
Table 'Aaltje III' 9-max Seat #1 is the button
Seat 1: Dorex2007 ($2.62 in chips) 
Seat 3: Montagnais ($5.42 in chips) 
Seat 5: meelis9 ($2.18 in chips) 
Seat 6: dumebel ($3.37 in chips) 
Seat 7: Almanza63 ($2.37 in chips) 
Seat 8: Ridleerr ($1.04 in chips) 
Seat 9: alfreud777 ($2.08 in chips) 
Montagnais: posts small blind $0.01
meelis9: posts big blind $0.02
*** HOLE CARDS ***
Dealt to Dorex2007 [9c Js]
dumebel: calls $0.02
Almanza63: folds 
Ridleerr: folds 
alfreud777: folds 
Dorex2007: calls $0.02
Montagnais: calls $0.01
meelis9: checks 
*** FLOP *** [Ad 6h Kh]
Montagnais: checks 
meelis9: checks 
dumebel: checks 
Dorex2007: checks 
*** TURN *** [Ad 6h Kh] [5h]
Montagnais: checks 
meelis9: checks 
dumebel: bets $0.04
Dorex2007: folds 
Montagnais: folds 
meelis9: folds 
Uncalled bet ($0.04) returned to dumebel
dumebel collected $0.08 from pot
*** SUMMARY ***
Total pot $0.08 | Rake $0 
Board [Ad 6h Kh 5h]
Seat 1: Dorex2007 (button) folded on the Turn
Seat 3: Montagnais (small blind) folded on the Turn
Seat 5: meelis9 (big blind) folded on the Turn
Seat 6: dumebel collected ($0.08)
Seat 7: Almanza63 folded before Flop (didn't bet)
Seat 8: Ridleerr folded before Flop (didn't bet)
Seat 9: alfreud777 folded before Flop (didn't bet)



PokerStars Hand #237346387417:  Hold'em No Limit ($0.01/$0.02 USD) - 2022/07/13 19:21:27 PT [2022/07/13 22:21:27 ET]
Table 'Aaltje III' 9-max Seat #3 is the button
Seat 1: Dorex2007 ($2.60 in chips) 
Seat 3: Montagnais ($5.40 in chips) 
Seat 5: meelis9 ($2.16 in chips) 
Seat 6: dumebel ($3.43 in chips) 
Seat 7: Almanza63 ($2.37 in chips) 
Seat 8: Ridleerr ($1.04 in chips) 
Seat 9: alfreud777 ($2.08 in chips) 
meelis9: posts small blind $0.01
dumebel: posts big blind $0.02
*** HOLE CARDS ***
Dealt to Dorex2007 [8s 7d]
Almanza63: folds 
Ridleerr: folds 
Minimi005 joins the table at seat #2 
alfreud777: folds 
Dorex2007: folds 
Montagnais: raises $0.05 to $0.07
meelis9: folds 
dumebel: calls $0.05
*** FLOP *** [9h 5c 3d]
dumebel: checks 
Montagnais: bets $0.07
dumebel: calls $0.07
*** TURN *** [9h 5c 3d] [Td]
dumebel: checks 
Montagnais: checks 
*** RIVER *** [9h 5c 3d Td] [2s]
dumebel: bets $0.14
Montagnais: folds 
Uncalled bet ($0.14) returned to dumebel
dumebel collected $0.28 from pot
*** SUMMARY ***
Total pot $0.29 | Rake $0.01 
Board [9h 5c 3d Td 2s]
Seat 1: Dorex2007 folded before Flop (didn't bet)
Seat 3: Montagnais (button) folded on the River
Seat 5: meelis9 (small blind) folded before Flop
Seat 6: dumebel (big blind) collected ($0.28)
Seat 7: Almanza63 folded before Flop (didn't bet)
Seat 8: Ridleerr folded before Flop (didn't bet)
Seat 9: alfreud777 folded before Flop (didn't bet)



PokerStars Hand #237346394321:  Hold'em No Limit ($0.01/$0.02 USD) - 2022/07/13 19:22:05 PT [2022/07/13 22:22:05 ET]
Table 'Aaltje III' 9-max Seat #5 is the button
Seat 1: Dorex2007 ($2.60 in chips) 
Seat 3: Montagnais ($5.26 in chips) 
Seat 5: meelis9 ($2.15 in chips) 
Seat 6: dumebel ($3.57 in chips) 
Seat 7: Almanza63 ($2.37 in chips) 
Seat 8: Ridleerr ($1.04 in chips) 
Seat 9: alfreud777 ($2.08 in chips) 
dumebel: posts small blind $0.01
Almanza63: posts big blind $0.02
Minimi005: sits out 
*** HOLE CARDS ***
Dealt to Dorex2007 [Qc 3c]
Ridleerr: folds 
alfreud777: raises $0.02 to $0.04
Dorex2007: folds 
Montagnais: calls $0.04
meelis9: folds 
dumebel: folds 
Almanza63: folds 
*** FLOP *** [Ad Ts 2d]
alfreud777: checks 
Montagnais: bets $0.05
alfreud777: calls $0.05
*** TURN *** [Ad Ts 2d] [Qd]
alfreud777: checks 
Montagnais: checks 
*** RIVER *** [Ad Ts 2d Qd] [4h]
alfreud777: bets $0.14
Montagnais: folds 
Uncalled bet ($0.14) returned to alfreud777
alfreud777 collected $0.20 from pot
*** SUMMARY ***
Total pot $0.21 | Rake $0.01 
Board [Ad Ts 2d Qd 4h]
Seat 1: Dorex2007 folded before Flop (didn't bet)
Seat 3: Montagnais folded on the River
Seat 5: meelis9 (button) folded before Flop (didn't bet)
Seat 6: dumebel (small blind) folded before Flop
Seat 7: Almanza63 (big blind) folded before Flop
Seat 8: Ridleerr folded before Flop (didn't bet)
Seat 9: alfreud777 collected ($0.20)



PokerStars Hand #237346403007:  Hold'em No Limit ($0.01/$0.02 USD) - 2022/07/13 19:22:54 PT [2022/07/13 22:22:54 ET]
Table 'Aaltje III' 9-max Seat #6 is the button
Seat 1: Dorex2007 ($2.60 in chips) 
Seat 3: Montagnais ($5.17 in chips) 
Seat 5: meelis9 ($2.15 in chips) 
Seat 6: dumebel ($3.56 in chips) 
Seat 7: Almanza63 ($2.35 in chips) 
Seat 8: Ridleerr ($1.04 in chips) 
Seat 9: alfreud777 ($2.19 in chips) 
Almanza63: posts small blind $0.01
Ridleerr: posts big blind $0.02
Minimi005: sits out 
*** HOLE CARDS ***
Dealt to Dorex2007 [Ah Kd]
alfreud777: folds 
Dorex2007: raises $0.04 to $0.06
Montagnais: folds 
meelis9: folds 
dumebel: folds 
Almanza63: folds 
Ridleerr: calls $0.04
*** FLOP *** [9h 3c Kc]
Ridleerr: checks 
Dorex2007: bets $0.13
Ridleerr: folds 
Uncalled bet ($0.13) returned to Dorex2007
Dorex2007 collected $0.13 from pot
*** SUMMARY ***
Total pot $0.13 | Rake $0 
Board [9h 3c Kc]
Seat 1: Dorex2007 collected ($0.13)
Seat 3: Montagnais folded before Flop (didn't bet)
Seat 5: meelis9 folded before Flop (didn't bet)
Seat 6: dumebel (button) folded before Flop (didn't bet)
Seat 7: Almanza63 (small blind) folded before Flop
Seat 8: Ridleerr (big blind) folded on the Flop
Seat 9: alfreud777 folded before Flop (didn't bet)



PokerStars Hand #237346409445:  Hold'em No Limit ($0.01/$0.02 USD) - 2022/07/13 19:23:30 PT [2022/07/13 22:23:30 ET]
Table 'Aaltje III' 9-max Seat #7 is the button
Seat 1: Dorex2007 ($2.67 in chips) 
Seat 3: Montagnais ($5.17 in chips) 
Seat 5: meelis9 ($2.15 in chips) 
Seat 6: dumebel ($3.56 in chips) 
Seat 7: Almanza63 ($2.34 in chips) 
Seat 8: Ridleerr ($0.98 in chips) 
Seat 9: alfreud777 ($2.19 in chips) 
Ridleerr: posts small blind $0.01
alfreud777: posts big blind $0.02
Minimi005: sits out 
*** HOLE CARDS ***
Dealt to Dorex2007 [6d 9h]
Dorex2007: folds 
Montagnais: calls $0.02
meelis9: folds 
dumebel: raises $0.06 to $0.08
Almanza63: folds 
Ridleerr: folds 
alfreud777: folds 
Montagnais: calls $0.06
*** FLOP *** [7c 5h 6h]
Montagnais: checks 
dumebel: bets $0.09
Montagnais: calls $0.09
*** TURN *** [7c 5h 6h] [Ah]
Montagnais: checks 
dumebel: checks 
*** RIVER *** [7c 5h 6h Ah] [2d]
Montagnais: bets $0.36
dumebel: folds 
Uncalled bet ($0.36) returned to Montagnais
Montagnais collected $0.36 from pot
*** SUMMARY ***
Total pot $0.37 | Rake $0.01 
Board [7c 5h 6h Ah 2d]
Seat 1: Dorex2007 folded before Flop (didn't bet)
Seat 3: Montagnais collected ($0.36)
Seat 5: meelis9 folded before Flop (didn't bet)
Seat 6: dumebel folded on the River
Seat 7: Almanza63 (button) folded before Flop (didn't bet)
Seat 8: Ridleerr (small blind) folded before Flop
Seat 9: alfreud777 (big blind) folded before Flop



PokerStars Hand #237346417673:  Hold'em No Limit ($0.01/$0.02 USD) - 2022/07/13 19:24:16 PT [2022/07/13 22:24:16 ET]
Table 'Aaltje III' 9-max Seat #8 is the button
Seat 1: Dorex2007 ($2.67 in chips) 
Seat 3: Montagnais ($5.36 in chips) 
Seat 5: meelis9 ($2.15 in chips) 
Seat 6: dumebel ($3.39 in chips) 
Seat 7: Almanza63 ($2.34 in chips) 
Seat 8: Ridleerr ($0.97 in chips) 
Seat 9: alfreud777 ($2.17 in chips) 
alfreud777: posts small blind $0.01
Dorex2007: posts big blind $0.02
Minimi005: sits out 
*** HOLE CARDS ***
Dealt to Dorex2007 [Kd 2d]
Montagnais: folds 
meelis9: folds 
dumebel: calls $0.02
Almanza63: folds 
Ridleerr: folds 
alfreud777: calls $0.01
Dorex2007: checks 
*** FLOP *** [4d 3c 7d]
alfreud777: bets $0.04
Dorex2007: calls $0.04
dumebel: folds 
*** TURN *** [4d 3c 7d] [Qc]
alfreud777: bets $0.14
Dorex2007: calls $0.14
*** RIVER *** [4d 3c 7d Qc] [4s]
alfreud777: checks 
Dorex2007: bets $0.27
alfreud777: folds 
Uncalled bet ($0.27) returned to Dorex2007
Dorex2007 collected $0.41 from pot
*** SUMMARY ***
Total pot $0.42 | Rake $0.01 
Board [4d 3c 7d Qc 4s]
Seat 1: Dorex2007 (big blind) collected ($0.41)
Seat 3: Montagnais folded before Flop (didn't bet)
Seat 5: meelis9 folded before Flop (didn't bet)
Seat 6: dumebel folded on the Flop
Seat 7: Almanza63 folded before Flop (didn't bet)
Seat 8: Ridleerr (button) folded before Flop (didn't bet)
Seat 9: alfreud777 (small blind) folded on the River



PokerStars Hand #237346428293:  Hold'em No Limit ($0.01/$0.02 USD) - 2022/07/13 19:25:15 PT [2022/07/13 22:25:15 ET]
Table 'Aaltje III' 9-max Seat #9 is the button
Seat 1: Dorex2007 ($2.88 in chips) 
Seat 2: Minimi005 ($1.16 in chips) 
Seat 3: Montagnais ($5.36 in chips) 
Seat 5: meelis9 ($2.15 in chips) 
Seat 6: dumebel ($3.37 in chips) 
Seat 7: Almanza63 ($2.34 in chips) 
Seat 8: Ridleerr ($0.97 in chips) 
Seat 9: alfreud777 ($1.97 in chips) 
Dorex2007: posts small blind $0.01
Minimi005: posts big blind $0.02
*** HOLE CARDS ***
Dealt to Dorex2007 [5d Qs]
Montagnais: folds 
meelis9: folds 
dumebel: raises $0.04 to $0.06
Almanza63: raises $0.12 to $0.18
Ridleerr: folds 
alfreud777: folds 
Dorex2007: folds 
Minimi005: folds 
dumebel: folds 
Uncalled bet ($0.12) returned to Almanza63
Almanza63 collected $0.15 from pot
*** SUMMARY ***
Total pot $0.15 | Rake $0 
Seat 1: Dorex2007 (small blind) folded before Flop
Seat 2: Minimi005 (big blind) folded before Flop
Seat 3: Montagnais folded before Flop (didn't bet)
Seat 5: meelis9 folded before Flop (didn't bet)
Seat 6: dumebel folded before Flop
Seat 7: Almanza63 collected ($0.15)
Seat 8: Ridleerr folded before Flop (didn't bet)
Seat 9: alfreud777 (button) folded before Flop (didn't bet)



PokerStars Hand #237346435401:  Hold'em No Limit ($0.01/$0.02 USD) - 2022/07/13 19:25:55 PT [2022/07/13 22:25:55 ET]
Table 'Aaltje III' 9-max Seat #1 is the button
Seat 1: Dorex2007 ($2.87 in chips) 
Seat 2: Minimi005 ($1.14 in chips) 
Seat 3: Montagnais ($5.36 in chips) 
Seat 5: meelis9 ($2.15 in chips) 
Seat 6: dumebel ($3.31 in chips) 
Seat 7: Almanza63 ($2.43 in chips) 
Seat 8: Ridleerr ($0.97 in chips) 
Seat 9: alfreud777 ($1.97 in chips) 
Minimi005: posts small blind $0.01
Montagnais: posts big blind $0.02
*** HOLE CARDS ***
Dealt to Dorex2007 [Ah 4h]
meelis9: folds 
dumebel: folds 
Almanza63: raises $0.16 to $0.18
Ridleerr: folds 
alfreud777: folds 
Dorex2007: folds 
Minimi005: calls $0.17
Montagnais: folds 
*** FLOP *** [Jd 5d 9c]
Minimi005: checks 
Almanza63: bets $0.20
Minimi005: raises $0.76 to $0.96 and is all-in
Almanza63: calls $0.76
*** TURN *** [Jd 5d 9c] [5s]
*** RIVER *** [Jd 5d 9c 5s] [Qd]
*** SHOW DOWN ***
Minimi005: shows [Tc Th] (two pair, Tens and Fives)
Almanza63: shows [Kh Kc] (two pair, Kings and Fives)
Almanza63 collected $2.22 from pot
*** SUMMARY ***
Total pot $2.30 | Rake $0.08 
Board [Jd 5d 9c 5s Qd]
Seat 1: Dorex2007 (button) folded before Flop (didn't bet)
Seat 2: Minimi005 (small blind) showed [Tc Th] and lost with two pair, Tens and Fives
Seat 3: Montagnais (big blind) folded before Flop
Seat 5: meelis9 folded before Flop (didn't bet)
Seat 6: dumebel folded before Flop (didn't bet)
Seat 7: Almanza63 showed [Kh Kc] and won ($2.22) with two pair, Kings and Fives
Seat 8: Ridleerr folded before Flop (didn't bet)
Seat 9: alfreud777 folded before Flop (didn't bet)



PokerStars Hand #237346444102:  Hold'em No Limit ($0.01/$0.02 USD) - 2022/07/13 19:26:44 PT [2022/07/13 22:26:44 ET]
Table 'Aaltje III' 9-max Seat #3 is the button
Seat 1: Dorex2007 ($2.87 in chips) 
Seat 3: Montagnais ($5.34 in chips) 
Seat 5: meelis9 ($2.15 in chips) 
Seat 6: dumebel ($3.31 in chips) 
Seat 7: Almanza63 ($3.51 in chips) 
Seat 8: Ridleerr ($0.97 in chips) 
Seat 9: alfreud777 ($1.97 in chips) 
meelis9: posts small blind $0.01
dumebel: posts big blind $0.02
*** HOLE CARDS ***
Dealt to Dorex2007 [3h Jc]
Minimi005 leaves the table
Almanza63: folds 
Ridleerr: folds 
alfreud777: calls $0.02
Dorex2007: folds 
Montagnais: calls $0.02
meelis9: folds 
dumebel: checks 
*** FLOP *** [Ac 3c 2d]
dumebel: checks 
alfreud777: checks 
Montagnais: checks 
*** TURN *** [Ac 3c 2d] [5d]
dumebel: checks 
alfreud777: bets $0.05
Montagnais: calls $0.05
dumebel: raises $0.22 to $0.27
alfreud777: folds 
Montagnais: folds 
Uncalled bet ($0.22) returned to dumebel
dumebel collected $0.21 from pot
*** SUMMARY ***
Total pot $0.22 | Rake $0.01 
Board [Ac 3c 2d 5d]
Seat 1: Dorex2007 folded before Flop (didn't bet)
Seat 3: Montagnais (button) folded on the Turn
Seat 5: meelis9 (small blind) folded before Flop
Seat 6: dumebel (big blind) collected ($0.21)
Seat 7: Almanza63 folded before Flop (didn't bet)
Seat 8: Ridleerr folded before Flop (didn't bet)
Seat 9: alfreud777 folded on the Turn



PokerStars Hand #237346454944:  Hold'em No Limit ($0.01/$0.02 USD) - 2022/07/13 19:27:45 PT [2022/07/13 22:27:45 ET]
Table 'Aaltje III' 9-max Seat #5 is the button
Seat 1: Dorex2007 ($2.87 in chips) 
Seat 3: Montagnais ($5.27 in chips) 
Seat 5: meelis9 ($2.14 in chips) 
Seat 6: dumebel ($3.45 in chips) 
Seat 7: Almanza63 ($3.51 in chips) 
Seat 8: Ridleerr ($0.97 in chips) 
Seat 9: alfreud777 ($1.90 in chips) 
dumebel: posts small blind $0.01
Almanza63: posts big blind $0.02
*** HOLE CARDS ***
Dealt to Dorex2007 [2c Jh]
Ridleerr: folds 
alfreud777: folds 
Dorex2007: folds 
Montagnais: calls $0.02
meelis9: folds 
dumebel: raises $0.04 to $0.06
Almanza63: folds 
Montagnais: calls $0.04
*** FLOP *** [9c 5h Jd]
dumebel: bets $0.07
Montagnais: folds 
Uncalled bet ($0.07) returned to dumebel
dumebel collected $0.14 from pot
*** SUMMARY ***
Total pot $0.14 | Rake $0 
Board [9c 5h Jd]
Seat 1: Dorex2007 folded before Flop (didn't bet)
Seat 3: Montagnais folded on the Flop
Seat 5: meelis9 (button) folded before Flop (didn't bet)
Seat 6: dumebel (small blind) collected ($0.14)
Seat 7: Almanza63 (big blind) folded before Flop
Seat 8: Ridleerr folded before Flop (didn't bet)
Seat 9: alfreud777 folded before Flop (didn't bet)



PokerStars Hand #237346460235:  Hold'em No Limit ($0.01/$0.02 USD) - 2022/07/13 19:28:15 PT [2022/07/13 22:28:15 ET]
Table 'Aaltje III' 9-max Seat #6 is the button
Seat 1: Dorex2007 ($2.87 in chips) 
Seat 3: Montagnais ($5.21 in chips) 
Seat 5: meelis9 ($2.14 in chips) 
Seat 6: dumebel ($3.53 in chips) 
Seat 7: Almanza63 ($3.49 in chips) 
Seat 8: Ridleerr ($0.97 in chips) 
Seat 9: alfreud777 ($1.90 in chips) 
Almanza63: posts small blind $0.01
Ridleerr: posts big blind $0.02
*** HOLE CARDS ***
Dealt to Dorex2007 [Js 6d]
sassoflavio joins the table at seat #2 
alfreud777: folds 
Dorex2007: folds 
Montagnais: calls $0.02
meelis9: raises $0.06 to $0.08
dumebel: folds 
Almanza63: folds 
Ridleerr: folds 
Montagnais: calls $0.06
*** FLOP *** [Tc 5h 2c]
Montagnais: checks 
meelis9: bets $0.09
Montagnais: folds 
Uncalled bet ($0.09) returned to meelis9
meelis9 collected $0.18 from pot
*** SUMMARY ***
Total pot $0.19 | Rake $0.01 
Board [Tc 5h 2c]
Seat 1: Dorex2007 folded before Flop (didn't bet)
Seat 3: Montagnais folded on the Flop
Seat 5: meelis9 collected ($0.18)
Seat 6: dumebel (button) folded before Flop (didn't bet)
Seat 7: Almanza63 (small blind) folded before Flop
Seat 8: Ridleerr (big blind) folded before Flop
Seat 9: alfreud777 folded before Flop (didn't bet)



PokerStars Hand #237346470471:  Hold'em No Limit ($0.01/$0.02 USD) - 2022/07/13 19:29:13 PT [2022/07/13 22:29:13 ET]
Table 'Aaltje III' 9-max Seat #7 is the button
Seat 1: Dorex2007 ($2.87 in chips) 
Seat 2: sassoflavio ($0.80 in chips) 
Seat 3: Montagnais ($5.13 in chips) 
Seat 5: meelis9 ($2.24 in chips) 
Seat 6: dumebel ($3.53 in chips) 
Seat 7: Almanza63 ($3.48 in chips) 
Seat 8: Ridleerr ($0.95 in chips) 
Seat 9: alfreud777 ($1.90 in chips) 
Ridleerr: posts small blind $0.01
alfreud777: posts big blind $0.02
sassoflavio: posts big blind $0.02
*** HOLE CARDS ***
Dealt to Dorex2007 [9h Ah]
Dorex2007: calls $0.02
sassoflavio: checks 
Montagnais: folds 
meelis9: folds 
dumebel: folds 
Almanza63: folds 
Ridleerr: calls $0.01
alfreud777: checks 
*** FLOP *** [4d Kc Jc]
Ridleerr: checks 
alfreud777: checks 
Dorex2007: checks 
sassoflavio: bets $0.02
Ridleerr: folds 
alfreud777: calls $0.02
Dorex2007: folds 
*** TURN *** [4d Kc Jc] [Kh]
alfreud777: checks 
sassoflavio: bets $0.04
alfreud777: calls $0.04
*** RIVER *** [4d Kc Jc Kh] [3c]
alfreud777: checks 
sassoflavio: checks 
*** SHOW DOWN ***
alfreud777: shows [4h Qs] (two pair, Kings and Fours)
sassoflavio: shows [7c Jh] (two pair, Kings and Jacks)
sassoflavio collected $0.19 from pot
*** SUMMARY ***
Total pot $0.20 | Rake $0.01 
Board [4d Kc Jc Kh 3c]
Seat 1: Dorex2007 folded on the Flop
Seat 2: sassoflavio showed [7c Jh] and won ($0.19) with two pair, Kings and Jacks
Seat 3: Montagnais folded before Flop (didn't bet)
Seat 5: meelis9 folded before Flop (didn't bet)
Seat 6: dumebel folded before Flop (didn't bet)
Seat 7: Almanza63 (button) folded before Flop (didn't bet)
Seat 8: Ridleerr (small blind) folded on the Flop
Seat 9: alfreud777 (big blind) showed [4h Qs] and lost with two pair, Kings and Fours



PokerStars Hand #237346492247:  Hold'em No Limit ($0.01/$0.02 USD) - 2022/07/13 19:30:48 PT [2022/07/13 22:30:48 ET]
Table 'Aaltje III' 9-max Seat #8 is the button
Seat 1: Dorex2007 ($2.85 in chips) 
Seat 2: sassoflavio ($0.91 in chips) 
Seat 3: Montagnais ($5.13 in chips) 
Seat 5: meelis9 ($2.24 in chips) 
Seat 6: dumebel ($3.53 in chips) 
Seat 7: Almanza63 ($3.48 in chips) 
Seat 8: Ridleerr ($0.93 in chips) 
Seat 9: alfreud777 ($1.82 in chips) 
alfreud777: posts small blind $0.01
Dorex2007: posts big blind $0.02
*** HOLE CARDS ***
Dealt to Dorex2007 [Kh 9d]
sassoflavio: raises $0.02 to $0.04
Montagnais: folds 
meelis9: folds 
dumebel: folds 
Almanza63: folds 
Ridleerr: folds 
alfreud777: calls $0.03
Dorex2007: folds 
*** FLOP *** [6d 9c Qd]
alfreud777: bets $0.06
sassoflavio: calls $0.06
*** TURN *** [6d 9c Qd] [Jc]
alfreud777: checks 
sassoflavio: checks 
*** RIVER *** [6d 9c Qd Jc] [Ah]
alfreud777: bets $0.14
sassoflavio: calls $0.14
*** SHOW DOWN ***
alfreud777: shows [3s 4d] (high card Ace)
sassoflavio: shows [Th Jh] (a pair of Jacks)
sassoflavio collected $0.48 from pot
*** SUMMARY ***
Total pot $0.50 | Rake $0.02 
Board [6d 9c Qd Jc Ah]
Seat 1: Dorex2007 (big blind) folded before Flop
Seat 2: sassoflavio showed [Th Jh] and won ($0.48) with a pair of Jacks
Seat 3: Montagnais folded before Flop (didn't bet)
Seat 5: meelis9 folded before Flop (didn't bet)
Seat 6: dumebel folded before Flop (didn't bet)
Seat 7: Almanza63 folded before Flop (didn't bet)
Seat 8: Ridleerr (button) folded before Flop (didn't bet)
Seat 9: alfreud777 (small blind) showed [3s 4d] and lost with high card Ace



PokerStars Hand #237346502512:  Hold'em No Limit ($0.01/$0.02 USD) - 2022/07/13 19:31:47 PT [2022/07/13 22:31:47 ET]
Table 'Aaltje III' 9-max Seat #9 is the button
Seat 1: Dorex2007 ($2.83 in chips) 
Seat 2: sassoflavio ($1.15 in chips) 
Seat 3: Montagnais ($5.13 in chips) 
Seat 5: meelis9 ($2.24 in chips) 
Seat 6: dumebel ($3.53 in chips) 
Seat 7: Almanza63 ($3.48 in chips) 
Seat 8: Ridleerr ($0.93 in chips) 
Seat 9: alfreud777 ($1.58 in chips) 
Dorex2007: posts small blind $0.01
sassoflavio: posts big blind $0.02
*** HOLE CARDS ***
Dealt to Dorex2007 [Qs 3h]
Montagnais: calls $0.02
meelis9: folds 
dumebel has timed out
dumebel: folds 
Almanza63: folds 
Ridleerr: folds 
alfreud777: folds 
Dorex2007: folds 
sassoflavio: checks 
*** FLOP *** [Kh 4d Th]
sassoflavio: checks 
Montagnais: bets $5.11 and is all-in
sassoflavio: calls $1.13 and is all-in
Uncalled bet ($3.98) returned to Montagnais
*** TURN *** [Kh 4d Th] [3d]
*** RIVER *** [Kh 4d Th 3d] [8d]
*** SHOW DOWN ***
sassoflavio: shows [2h 5h] (high card King)
Montagnais: shows [Ks Jd] (a pair of Kings)
Montagnais collected $2.23 from pot
*** SUMMARY ***
Total pot $2.31 | Rake $0.08 
Board [Kh 4d Th 3d 8d]
Seat 1: Dorex2007 (small blind) folded before Flop
Seat 2: sassoflavio (big blind) showed [2h 5h] and lost with high card King
Seat 3: Montagnais showed [Ks Jd] and won ($2.23) with a pair of Kings
Seat 5: meelis9 folded before Flop (didn't bet)
Seat 6: dumebel folded before Flop (didn't bet)
Seat 7: Almanza63 folded before Flop (didn't bet)
Seat 8: Ridleerr folded before Flop (didn't bet)
Seat 9: alfreud777 (button) folded before Flop (didn't bet)



PokerStars Hand #237346512298:  Hold'em No Limit ($0.01/$0.02 USD) - 2022/07/13 19:32:43 PT [2022/07/13 22:32:43 ET]
Table 'Aaltje III' 9-max Seat #1 is the button
Seat 1: Dorex2007 ($2.82 in chips) 
Seat 3: Montagnais ($6.21 in chips) 
Seat 5: meelis9 ($2.24 in chips) 
Seat 6: dumebel ($3.53 in chips) 
Seat 7: Almanza63 ($3.48 in chips) 
Seat 8: Ridleerr ($0.93 in chips) 
Seat 9: alfreud777 ($1.58 in chips) 
Montagnais: posts small blind $0.01
meelis9: posts big blind $0.02
*** HOLE CARDS ***
Dealt to Dorex2007 [9d 2h]
dumebel: folds 
Almanza63: folds 
Ridleerr: raises $0.04 to $0.06
alfreud777: folds 
Dorex2007: folds 
Montagnais: calls $0.05
meelis9: folds 
*** FLOP *** [Td Th 9h]
Montagnais: checks 
Ridleerr: checks 
*** TURN *** [Td Th 9h] [6c]
Montagnais: checks 
Ridleerr: bets $0.05
Montagnais: folds 
Uncalled bet ($0.05) returned to Ridleerr
Ridleerr collected $0.14 from pot
*** SUMMARY ***
Total pot $0.14 | Rake $0 
Board [Td Th 9h 6c]
Seat 1: Dorex2007 (button) folded before Flop (didn't bet)
Seat 3: Montagnais (small blind) folded on the Turn
Seat 5: meelis9 (big blind) folded before Flop
Seat 6: dumebel folded before Flop (didn't bet)
Seat 7: Almanza63 folded before Flop (didn't bet)
Seat 8: Ridleerr collected ($0.14)
Seat 9: alfreud777 folded before Flop (didn't bet)



PokerStars Hand #237346522189:  Hold'em No Limit ($0.01/$0.02 USD) - 2022/07/13 19:33:09 PT [2022/07/13 22:33:09 ET]
Table 'Aaltje III' 9-max Seat #3 is the button
Seat 1: Dorex2007 ($2.82 in chips) 
Seat 2: sassoflavio ($0.80 in chips) 
Seat 3: Montagnais ($6.15 in chips) 
Seat 5: meelis9 ($2.22 in chips) 
Seat 6: dumebel ($3.53 in chips) 
Seat 7: Almanza63 ($3.48 in chips) 
Seat 8: Ridleerr ($1.01 in chips) 
Seat 9: alfreud777 ($1.58 in chips) 
meelis9: posts small blind $0.01
dumebel: posts big blind $0.02
sassoflavio: posts small blind $0.01
*** HOLE CARDS ***
Dealt to Dorex2007 [3c Ac]
Almanza63: raises $0.06 to $0.08
Ridleerr: folds 
alfreud777: folds 
Dorex2007: folds 
sassoflavio: calls $0.08
Montagnais: calls $0.08
meelis9: folds 
dumebel: raises $0.06 to $0.14
Almanza63: calls $0.06
sassoflavio: calls $0.06
Montagnais: calls $0.06
*** FLOP *** [Th Jh 2s]
dumebel: checks 
Almanza63: checks 
sassoflavio: bets $0.02
Montagnais: calls $0.02
dumebel: calls $0.02
Almanza63: calls $0.02
*** TURN *** [Th Jh 2s] [Ah]
dumebel: checks 
Almanza63: checks 
sassoflavio: checks 
Montagnais: bets $5.99 and is all-in
dumebel: folds 
Almanza63: folds 
sassoflavio: folds 
Uncalled bet ($5.99) returned to Montagnais
Montagnais collected $0.64 from pot
*** SUMMARY ***
Total pot $0.66 | Rake $0.02 
Board [Th Jh 2s Ah]
Seat 1: Dorex2007 folded before Flop (didn't bet)
Seat 2: sassoflavio folded on the Turn
Seat 3: Montagnais (button) collected ($0.64)
Seat 5: meelis9 (small blind) folded before Flop
Seat 6: dumebel (big blind) folded on the Turn
Seat 7: Almanza63 folded on the Turn
Seat 8: Ridleerr folded before Flop (didn't bet)
Seat 9: alfreud777 folded before Flop (didn't bet)



PokerStars Hand #237346537944:  Hold'em No Limit ($0.01/$0.02 USD) - 2022/07/13 19:34:40 PT [2022/07/13 22:34:40 ET]
Table 'Aaltje III' 9-max Seat #5 is the button
Seat 1: Dorex2007 ($2.82 in chips) 
Seat 2: sassoflavio ($0.63 in chips) 
Seat 3: Montagnais ($6.63 in chips) 
Seat 5: meelis9 ($2.21 in chips) 
Seat 6: dumebel ($3.37 in chips) 
Seat 7: Almanza63 ($3.32 in chips) 
Seat 8: Ridleerr ($1.01 in chips) 
Seat 9: alfreud777 ($1.58 in chips) 
dumebel: posts small blind $0.01
Almanza63: posts big blind $0.02
*** HOLE CARDS ***
Dealt to Dorex2007 [Qd 7s]
Ridleerr: folds 
alfreud777: folds 
Dorex2007: folds 
sassoflavio: calls $0.02
Montagnais: calls $0.02
meelis9: raises $0.06 to $0.08
dumebel: folds 
Almanza63: raises $0.12 to $0.20
sassoflavio: calls $0.18
Montagnais: folds 
meelis9: calls $0.12
*** FLOP *** [Qh 8c Td]
Almanza63: checks 
sassoflavio: checks 
meelis9: bets $0.24
Almanza63: calls $0.24
sassoflavio: folds 
*** TURN *** [Qh 8c Td] [9h]
Almanza63: checks 
meelis9: checks 
*** RIVER *** [Qh 8c Td 9h] [Tc]
Almanza63: bets $0.73
meelis9: folds 
Uncalled bet ($0.73) returned to Almanza63
Almanza63 collected $1.07 from pot
*** SUMMARY ***
Total pot $1.11 | Rake $0.04 
Board [Qh 8c Td 9h Tc]
Seat 1: Dorex2007 folded before Flop (didn't bet)
Seat 2: sassoflavio folded on the Flop
Seat 3: Montagnais folded before Flop
Seat 5: meelis9 (button) folded on the River
Seat 6: dumebel (small blind) folded before Flop
Seat 7: Almanza63 (big blind) collected ($1.07)
Seat 8: Ridleerr folded before Flop (didn't bet)
Seat 9: alfreud777 folded before Flop (didn't bet)



PokerStars Hand #237346560061:  Hold'em No Limit ($0.01/$0.02 USD) - 2022/07/13 19:36:49 PT [2022/07/13 22:36:49 ET]
Table 'Aaltje III' 9-max Seat #6 is the button
Seat 1: Dorex2007 ($2.82 in chips) 
Seat 2: sassoflavio ($0.43 in chips) 
Seat 3: Montagnais ($6.61 in chips) 
Seat 5: meelis9 ($2 in chips) 
Seat 6: dumebel ($3.36 in chips) 
Seat 7: Almanza63 ($3.95 in chips) 
Seat 8: Ridleerr ($1.01 in chips) 
Seat 9: alfreud777 ($1.58 in chips) 
Almanza63: posts small blind $0.01
Ridleerr: posts big blind $0.02
*** HOLE CARDS ***
Dealt to Dorex2007 [Ad 9c]
alfreud777: folds 
Dorex2007: folds 
sassoflavio has timed out
sassoflavio: folds 
Montagnais: folds 
meelis9: folds 
dumebel: raises $0.04 to $0.06
Almanza63: calls $0.05
Ridleerr: calls $0.04
*** FLOP *** [4c 7s 7c]
Almanza63: checks 
Ridleerr: bets $0.08
dumebel: folds 
Almanza63: folds 
Uncalled bet ($0.08) returned to Ridleerr
Ridleerr collected $0.17 from pot
*** SUMMARY ***
Total pot $0.18 | Rake $0.01 
Board [4c 7s 7c]
Seat 1: Dorex2007 folded before Flop (didn't bet)
Seat 2: sassoflavio folded before Flop (didn't bet)
Seat 3: Montagnais folded before Flop (didn't bet)
Seat 5: meelis9 folded before Flop (didn't bet)
Seat 6: dumebel (button) folded on the Flop
Seat 7: Almanza63 (small blind) folded on the Flop
Seat 8: Ridleerr (big blind) collected ($0.17)
Seat 9: alfreud777 folded before Flop (didn't bet)



PokerStars Hand #237346566742:  Hold'em No Limit ($0.01/$0.02 USD) - 2022/07/13 19:37:29 PT [2022/07/13 22:37:29 ET]
Table 'Aaltje III' 9-max Seat #7 is the button
Seat 1: Dorex2007 ($2.82 in chips) 
Seat 3: Montagnais ($6.61 in chips) 
Seat 5: meelis9 ($2 in chips) 
Seat 6: dumebel ($3.30 in chips) 
Seat 7: Almanza63 ($3.89 in chips) 
Seat 8: Ridleerr ($1.12 in chips) 
Seat 9: alfreud777 ($1.58 in chips) 
Ridleerr: posts small blind $0.01
alfreud777: posts big blind $0.02
*** HOLE CARDS ***
Dealt to Dorex2007 [4c Ac]
Dorex2007: calls $0.02
Montagnais: calls $0.02
meelis9: folds 
dumebel: folds 
Almanza63: folds 
Ridleerr: calls $0.01
alfreud777: checks 
*** FLOP *** [3h 7c Js]
Ridleerr: bets $0.04
alfreud777: folds 
Dorex2007: folds 
Montagnais: folds 
Uncalled bet ($0.04) returned to Ridleerr
Ridleerr collected $0.08 from pot
*** SUMMARY ***
Total pot $0.08 | Rake $0 
Board [3h 7c Js]
Seat 1: Dorex2007 folded on the Flop
Seat 3: Montagnais folded on the Flop
Seat 5: meelis9 folded before Flop (didn't bet)
Seat 6: dumebel folded before Flop (didn't bet)
Seat 7: Almanza63 (button) folded before Flop (didn't bet)
Seat 8: Ridleerr (small blind) collected ($0.08)
Seat 9: alfreud777 (big blind) folded on the Flop



PokerStars Hand #237346572198:  Hold'em No Limit ($0.01/$0.02 USD) - 2022/07/13 19:38:02 PT [2022/07/13 22:38:02 ET]
Table 'Aaltje III' 9-max Seat #8 is the button
Seat 1: Dorex2007 ($2.80 in chips) 
Seat 3: Montagnais ($6.59 in chips) 
Seat 5: meelis9 ($2 in chips) 
Seat 6: dumebel ($3.30 in chips) 
Seat 7: Almanza63 ($3.89 in chips) 
Seat 8: Ridleerr ($1.18 in chips) 
Seat 9: alfreud777 ($1.56 in chips) 
alfreud777: posts small blind $0.01
Dorex2007: posts big blind $0.02
*** HOLE CARDS ***
Dealt to Dorex2007 [Td Jd]
sassoflavio is disconnected 
Montagnais: folds 
meelis9: folds 
dumebel: folds 
Almanza63: folds 
Ridleerr: raises $0.02 to $0.04
alfreud777: raises $0.08 to $0.12
Dorex2007: folds 
Ridleerr: folds 
Uncalled bet ($0.08) returned to alfreud777
alfreud777 collected $0.10 from pot
*** SUMMARY ***
Total pot $0.10 | Rake $0 
Seat 1: Dorex2007 (big blind) folded before Flop
Seat 3: Montagnais folded before Flop (didn't bet)
Seat 5: meelis9 folded before Flop (didn't bet)
Seat 6: dumebel folded before Flop (didn't bet)
Seat 7: Almanza63 folded before Flop (didn't bet)
Seat 8: Ridleerr (button) folded before Flop
Seat 9: alfreud777 (small blind) collected ($0.10)



PokerStars Hand #237346578388:  Hold'em No Limit ($0.01/$0.02 USD) - 2022/07/13 19:38:38 PT [2022/07/13 22:38:38 ET]
Table 'Aaltje III' 9-max Seat #9 is the button
Seat 1: Dorex2007 ($2.78 in chips) 
Seat 3: Montagnais ($6.59 in chips) 
Seat 5: meelis9 ($2 in chips) 
Seat 6: dumebel ($3.30 in chips) 
Seat 7: Almanza63 ($3.89 in chips) 
Seat 9: alfreud777 ($1.62 in chips) 
Dorex2007: posts small blind $0.01
Montagnais: posts big blind $0.02
*** HOLE CARDS ***
Dealt to Dorex2007 [4d Ks]
Ridleerr leaves the table
meelis9: folds 
dumebel: folds 
Almanza63: raises $0.06 to $0.08
alfreud777: folds 
Dorex2007: folds 
Montagnais: calls $0.06
*** FLOP *** [As Jc 5s]
Montagnais: checks 
Almanza63: checks 
*** TURN *** [As Jc 5s] [8h]
Montagnais: bets $0.16
Almanza63: folds 
Uncalled bet ($0.16) returned to Montagnais
Montagnais collected $0.16 from pot
*** SUMMARY ***
Total pot $0.17 | Rake $0.01 
Board [As Jc 5s 8h]
Seat 1: Dorex2007 (small blind) folded before Flop
Seat 3: Montagnais (big blind) collected ($0.16)
Seat 5: meelis9 folded before Flop (didn't bet)
Seat 6: dumebel folded before Flop (didn't bet)
Seat 7: Almanza63 folded on the Turn
Seat 9: alfreud777 (button) folded before Flop (didn't bet)



PokerStars Hand #237346584220:  Hold'em No Limit ($0.01/$0.02 USD) - 2022/07/13 19:39:12 PT [2022/07/13 22:39:12 ET]
Table 'Aaltje III' 9-max Seat #1 is the button
Seat 1: Dorex2007 ($2.77 in chips) 
Seat 3: Montagnais ($6.67 in chips) 
Seat 5: meelis9 ($2 in chips) 
Seat 6: dumebel ($3.30 in chips) 
Seat 7: Almanza63 ($3.81 in chips) 
Seat 9: alfreud777 ($1.62 in chips) 
Montagnais: posts small blind $0.01
meelis9: posts big blind $0.02
*** HOLE CARDS ***
Dealt to Dorex2007 [9h 5c]
dumebel: calls $0.02
Almanza63: folds 
alfreud777: raises $0.02 to $0.04
Dorex2007: folds 
Montagnais: calls $0.03
meelis9: folds 
dumebel: calls $0.02
*** FLOP *** [9c 6d Jh]
MACSYM_RO joins the table at seat #8 
Montagnais: bets $0.14
dumebel: calls $0.14
alfreud777: folds 
*** TURN *** [9c 6d Jh] [4c]
Montagnais: checks 
dumebel: bets $0.20
Montagnais: calls $0.20
*** RIVER *** [9c 6d Jh 4c] [3d]
Montagnais: checks 
dumebel: checks 
*** SHOW DOWN ***
Montagnais: shows [As 9d] (a pair of Nines)
dumebel: mucks hand 
Montagnais collected $0.79 from pot
Monster Pony leaves the table
*** SUMMARY ***
Total pot $0.82 | Rake $0.03 
Board [9c 6d Jh 4c 3d]
Seat 1: Dorex2007 (button) folded before Flop (didn't bet)
Seat 3: Montagnais (small blind) showed [As 9d] and won ($0.79) with a pair of Nines
Seat 5: meelis9 (big blind) folded before Flop
Seat 6: dumebel mucked [9s 8d]
Seat 7: Almanza63 folded before Flop (didn't bet)
Seat 9: alfreud777 folded on the Flop



PokerStars Hand #237346593835:  Hold'em No Limit ($0.01/$0.02 USD) - 2022/07/13 19:40:09 PT [2022/07/13 22:40:09 ET]
Table 'Aaltje III' 9-max Seat #3 is the button
Seat 1: Dorex2007 ($2.77 in chips) 
Seat 3: Montagnais ($7.08 in chips) 
Seat 5: meelis9 ($2 in chips) 
Seat 6: dumebel ($2.92 in chips) 
Seat 7: Almanza63 ($3.81 in chips) 
Seat 8: MACSYM_RO ($1.01 in chips) 
Seat 9: alfreud777 ($1.58 in chips) 
meelis9: posts small blind $0.01
dumebel: posts big blind $0.02
MACSYM_RO: posts big blind $0.02
*** HOLE CARDS ***
Dealt to Dorex2007 [8d 2c]
Almanza63: folds 
MACSYM_RO: checks 
alfreud777: folds 
Dorex2007: folds 
Montagnais: calls $0.02
meelis9: folds 
dumebel: checks 
*** FLOP *** [Kc Ts 3h]
dumebel: checks 
MACSYM_RO: checks 
Montagnais: checks 
*** TURN *** [Kc Ts 3h] [Qd]
dumebel: checks 
MACSYM_RO: checks 
Montagnais: bets $0.07
dumebel: folds 
MACSYM_RO: folds 
Uncalled bet ($0.07) returned to Montagnais
Montagnais collected $0.07 from pot
*** SUMMARY ***
Total pot $0.07 | Rake $0 
Board [Kc Ts 3h Qd]
Seat 1: Dorex2007 folded before Flop (didn't bet)
Seat 3: Montagnais (button) collected ($0.07)
Seat 5: meelis9 (small blind) folded before Flop
Seat 6: dumebel (big blind) folded on the Turn
Seat 7: Almanza63 folded before Flop (didn't bet)
Seat 8: MACSYM_RO folded on the Turn (didn't bet)
Seat 9: alfreud777 folded before Flop (didn't bet)



PokerStars Hand #237346600361:  Hold'em No Limit ($0.01/$0.02 USD) - 2022/07/13 19:40:47 PT [2022/07/13 22:40:47 ET]
Table 'Aaltje III' 9-max Seat #5 is the button
Seat 1: Dorex2007 ($2.77 in chips) 
Seat 3: Montagnais ($7.13 in chips) 
Seat 5: meelis9 ($2 in chips) 
Seat 6: dumebel ($2.90 in chips) 
Seat 7: Almanza63 ($3.81 in chips) 
Seat 8: MACSYM_RO ($0.99 in chips) 
Seat 9: alfreud777 ($1.58 in chips) 
dumebel: posts small blind $0.01
Almanza63: posts big blind $0.02
*** HOLE CARDS ***
Dealt to Dorex2007 [Ac 2s]
vero2610 joins the table at seat #4 
MACSYM_RO: calls $0.02
alfreud777: folds 
Dorex2007: folds 
Montagnais: folds 
meelis9: raises $0.04 to $0.06
dumebel: raises $0.16 to $0.22
Almanza63: folds 
MACSYM_RO: calls $0.20
meelis9: folds 
*** FLOP *** [Tc 9s Td]
dumebel: bets $2.68 and is all-in
MACSYM_RO: folds 
Uncalled bet ($2.68) returned to dumebel
dumebel collected $0.50 from pot
*** SUMMARY ***
Total pot $0.52 | Rake $0.02 
Board [Tc 9s Td]
Seat 1: Dorex2007 folded before Flop (didn't bet)
Seat 3: Montagnais folded before Flop (didn't bet)
Seat 5: meelis9 (button) folded before Flop
Seat 6: dumebel (small blind) collected ($0.50)
Seat 7: Almanza63 (big blind) folded before Flop
Seat 8: MACSYM_RO folded on the Flop
Seat 9: alfreud777 folded before Flop (didn't bet)



PokerStars Hand #237346607500:  Hold'em No Limit ($0.01/$0.02 USD) - 2022/07/13 19:41:30 PT [2022/07/13 22:41:30 ET]
Table 'Aaltje III' 9-max Seat #6 is the button
Seat 1: Dorex2007 ($2.77 in chips) 
Seat 3: Montagnais ($7.13 in chips) 
Seat 4: vero2610 ($2 in chips) 
Seat 5: meelis9 ($2 in chips) 
Seat 6: dumebel ($3.18 in chips) 
Seat 7: Almanza63 ($3.79 in chips) 
Seat 8: MACSYM_RO ($0.77 in chips) 
Seat 9: alfreud777 ($1.58 in chips) 
Almanza63: posts small blind $0.01
MACSYM_RO: posts big blind $0.02
vero2610: posts big blind $0.02
*** HOLE CARDS ***
Dealt to Dorex2007 [5c 9s]
alfreud777: folds 
Dorex2007: folds 
Montagnais: folds 
vero2610: checks 
meelis9: folds 
dumebel: folds 
Almanza63: calls $0.01
MACSYM_RO: checks 
*** FLOP *** [2c 3h 2s]
Almanza63: checks 
MACSYM_RO: checks 
vero2610: checks 
*** TURN *** [2c 3h 2s] [Qh]
Almanza63: checks 
MACSYM_RO: checks 
vero2610: checks 
*** RIVER *** [2c 3h 2s Qh] [Jh]
Almanza63: checks 
MACSYM_RO: checks 
vero2610: checks 
*** SHOW DOWN ***
Almanza63: shows [Ks 7c] (a pair of Deuces)
MACSYM_RO: shows [3s 4s] (two pair, Threes and Deuces)
vero2610: mucks hand 
MACSYM_RO collected $0.06 from pot
*** SUMMARY ***
Total pot $0.06 | Rake $0 
Board [2c 3h 2s Qh Jh]
Seat 1: Dorex2007 folded before Flop (didn't bet)
Seat 3: Montagnais folded before Flop (didn't bet)
Seat 4: vero2610 mucked [7d 5h]
Seat 5: meelis9 folded before Flop (didn't bet)
Seat 6: dumebel (button) folded before Flop (didn't bet)
Seat 7: Almanza63 (small blind) showed [Ks 7c] and lost with a pair of Deuces
Seat 8: MACSYM_RO (big blind) showed [3s 4s] and won ($0.06) with two pair, Threes and Deuces
Seat 9: alfreud777 folded before Flop (didn't bet)



PokerStars Hand #237346615845:  Hold'em No Limit ($0.01/$0.02 USD) - 2022/07/13 19:42:20 PT [2022/07/13 22:42:20 ET]
Table 'Aaltje III' 9-max Seat #7 is the button
Seat 1: Dorex2007 ($2.77 in chips) 
Seat 3: Montagnais ($7.13 in chips) 
Seat 4: vero2610 ($1.98 in chips) 
Seat 5: meelis9 ($2 in chips) 
Seat 6: dumebel ($3.18 in chips) 
Seat 7: Almanza63 ($3.77 in chips) 
Seat 8: MACSYM_RO ($0.81 in chips) 
Seat 9: alfreud777 ($1.58 in chips) 
MACSYM_RO: posts small blind $0.01
alfreud777: posts big blind $0.02
*** HOLE CARDS ***
Dealt to Dorex2007 [3h 4s]
Dorex2007: folds 
Montagnais: raises $0.12 to $0.14
vero2610: folds 
meelis9: folds 
dumebel: folds 
Almanza63: folds 
MACSYM_RO: folds 
alfreud777: raises $1.44 to $1.58 and is all-in
Montagnais: calls $1.44
*** FLOP *** [8d 3c 3d]
*** TURN *** [8d 3c 3d] [2h]
*** RIVER *** [8d 3c 3d 2h] [Kc]
*** SHOW DOWN ***
alfreud777: shows [Jc Jd] (two pair, Jacks and Threes)
Montagnais: shows [Ks Ad] (two pair, Kings and Threes)
Montagnais collected $3.06 from pot
alfreud777 cashed out the hand for $1.72 | Cash Out Fee $0.02
*** SUMMARY ***
Total pot $3.17 | Rake $0.11 
Board [8d 3c 3d 2h Kc]
Seat 1: Dorex2007 folded before Flop (didn't bet)
Seat 3: Montagnais showed [Ks Ad] and won ($3.06) with two pair, Kings and Threes
Seat 4: vero2610 folded before Flop (didn't bet)
Seat 5: meelis9 folded before Flop (didn't bet)
Seat 6: dumebel folded before Flop (didn't bet)
Seat 7: Almanza63 (button) folded before Flop (didn't bet)
Seat 8: MACSYM_RO (small blind) folded before Flop
Seat 9: alfreud777 (big blind) showed [Jc Jd] and lost with two pair, Jacks and Threes (cashed out).



PokerStars Hand #237346621824:  Hold'em No Limit ($0.01/$0.02 USD) - 2022/07/13 19:42:56 PT [2022/07/13 22:42:56 ET]
Table 'Aaltje III' 9-max Seat #8 is the button
Seat 1: Dorex2007 ($2.77 in chips) 
Seat 3: Montagnais ($8.61 in chips) 
Seat 4: vero2610 ($1.98 in chips) 
Seat 5: meelis9 ($2 in chips) 
Seat 6: dumebel ($3.18 in chips) 
Seat 7: Almanza63 ($3.77 in chips) 
Seat 8: MACSYM_RO ($0.80 in chips) 
Seat 9: alfreud777 ($1.72 in chips) 
alfreud777: posts small blind $0.01
Dorex2007: posts big blind $0.02
*** HOLE CARDS ***
Dealt to Dorex2007 [Kh Js]
Montagnais: folds 
vero2610: calls $0.02
meelis9: folds 
dumebel: folds 
Almanza63: folds 
MACSYM_RO: calls $0.02
alfreud777: folds 
Dorex2007: checks 
*** FLOP *** [9s 5h 4d]
Dorex2007: checks 
vero2610: checks 
MACSYM_RO: checks 
*** TURN *** [9s 5h 4d] [9c]
Dorex2007: checks 
vero2610: checks 
MACSYM_RO: checks 
*** RIVER *** [9s 5h 4d 9c] [2d]
Dorex2007: checks 
vero2610: checks 
MACSYM_RO: checks 
*** SHOW DOWN ***
Dorex2007: shows [Kh Js] (a pair of Nines)
vero2610: mucks hand 
MACSYM_RO: mucks hand 
Dorex2007 collected $0.07 from pot
*** SUMMARY ***
Total pot $0.07 | Rake $0 
Board [9s 5h 4d 9c 2d]
Seat 1: Dorex2007 (big blind) showed [Kh Js] and won ($0.07) with a pair of Nines
Seat 3: Montagnais folded before Flop (didn't bet)
Seat 4: vero2610 mucked [Kc Th]
Seat 5: meelis9 folded before Flop (didn't bet)
Seat 6: dumebel folded before Flop (didn't bet)
Seat 7: Almanza63 folded before Flop (didn't bet)
Seat 8: MACSYM_RO (button) mucked [Ts 8d]
Seat 9: alfreud777 (small blind) folded before Flop



PokerStars Hand #237346629172:  Hold'em No Limit ($0.01/$0.02 USD) - 2022/07/13 19:43:40 PT [2022/07/13 22:43:40 ET]
Table 'Aaltje III' 9-max Seat #9 is the button
Seat 1: Dorex2007 ($2.82 in chips) 
Seat 3: Montagnais ($8.61 in chips) 
Seat 4: vero2610 ($1.96 in chips) 
Seat 5: meelis9 ($2 in chips) 
Seat 6: dumebel ($3.18 in chips) 
Seat 7: Almanza63 ($3.77 in chips) 
Seat 8: MACSYM_RO ($0.78 in chips) 
Seat 9: alfreud777 ($1.71 in chips) 
Dorex2007: posts small blind $0.01
Montagnais: posts big blind $0.02
*** HOLE CARDS ***
Dealt to Dorex2007 [3s 3d]
vero2610: calls $0.02
meelis9: folds 
dumebel: folds 
Almanza63: folds 
MACSYM_RO: folds 
alfreud777: raises $0.02 to $0.04
Dorex2007: calls $0.03
Montagnais: calls $0.02
vero2610: folds 
*** FLOP *** [2d 6d Ks]
Dorex2007: checks 
Montagnais: checks 
alfreud777: bets $0.06
Dorex2007: folds 
Montagnais: folds 
Uncalled bet ($0.06) returned to alfreud777
alfreud777 collected $0.14 from pot
*** SUMMARY ***
Total pot $0.14 | Rake $0 
Board [2d 6d Ks]
Seat 1: Dorex2007 (small blind) folded on the Flop
Seat 3: Montagnais (big blind) folded on the Flop
Seat 4: vero2610 folded before Flop
Seat 5: meelis9 folded before Flop (didn't bet)
Seat 6: dumebel folded before Flop (didn't bet)
Seat 7: Almanza63 folded before Flop (didn't bet)
Seat 8: MACSYM_RO folded before Flop (didn't bet)
Seat 9: alfreud777 (button) collected ($0.14)



PokerStars Hand #237346651922:  Hold'em No Limit ($0.01/$0.02 USD) - 2022/07/13 19:45:08 PT [2022/07/13 22:45:08 ET]
Table 'Aaltje III' 9-max Seat #1 is the button
Seat 1: Dorex2007 ($2.78 in chips) 
Seat 3: Montagnais ($8.57 in chips) 
Seat 4: vero2610 ($1.94 in chips) 
Seat 5: meelis9 ($2 in chips) 
Seat 6: dumebel ($3.18 in chips) 
Seat 7: Almanza63 ($3.77 in chips) 
Seat 8: MACSYM_RO ($0.78 in chips) 
Seat 9: alfreud777 ($1.81 in chips) 
Montagnais: posts small blind $0.01
vero2610: posts big blind $0.02
*** HOLE CARDS ***
Dealt to Dorex2007 [4d 7d]
meelis9: raises $0.06 to $0.08
dumebel: raises $0.06 to $0.14
Almanza63: folds 
MACSYM_RO: calls $0.14
alfreud777: folds 
Dorex2007: folds 
Montagnais: folds 
vero2610: calls $0.12
meelis9: calls $0.06
*** FLOP *** [2c Th 5s]
vero2610: checks 
meelis9: checks 
dumebel: bets $0.27
MACSYM_RO: folds 
vero2610: folds 
meelis9: folds 
Uncalled bet ($0.27) returned to dumebel
dumebel collected $0.55 from pot
*** SUMMARY ***
Total pot $0.57 | Rake $0.02 
Board [2c Th 5s]
Seat 1: Dorex2007 (button) folded before Flop (didn't bet)
Seat 3: Montagnais (small blind) folded before Flop
Seat 4: vero2610 (big blind) folded on the Flop
Seat 5: meelis9 folded on the Flop
Seat 6: dumebel collected ($0.55)
Seat 7: Almanza63 folded before Flop (didn't bet)
Seat 8: MACSYM_RO folded on the Flop
Seat 9: alfreud777 folded before Flop (didn't bet)



PokerStars Hand #237346659938:  Hold'em No Limit ($0.01/$0.02 USD) - 2022/07/13 19:45:56 PT [2022/07/13 22:45:56 ET]
Table 'Aaltje III' 9-max Seat #3 is the button
Seat 1: Dorex2007 ($2.78 in chips) 
Seat 3: Montagnais ($8.56 in chips) 
Seat 4: vero2610 ($1.80 in chips) 
Seat 5: meelis9 ($2 in chips) 
Seat 6: dumebel ($3.59 in chips) 
Seat 7: Almanza63 ($3.77 in chips) 
Seat 8: MACSYM_RO ($0.64 in chips) 
vero2610: posts small blind $0.01
meelis9: posts big blind $0.02
*** HOLE CARDS ***
Dealt to Dorex2007 [4c 6h]
dumebel: raises $0.08 to $0.10
Almanza63: folds 
MACSYM_RO: calls $0.10
Dorex2007: folds 
Montagnais: folds 
vero2610: folds 
meelis9: folds 
*** FLOP *** [Th 6s Qd]
dumebel: bets $0.11
MACSYM_RO: calls $0.11
*** TURN *** [Th 6s Qd] [Ks]
dumebel: checks 
MACSYM_RO: checks 
*** RIVER *** [Th 6s Qd Ks] [2s]
dumebel: checks 
MACSYM_RO: checks 
*** SHOW DOWN ***
dumebel: shows [8h 8c] (a pair of Eights)
MACSYM_RO: mucks hand 
dumebel collected $0.43 from pot
*** SUMMARY ***
Total pot $0.45 | Rake $0.02 
Board [Th 6s Qd Ks 2s]
Seat 1: Dorex2007 folded before Flop (didn't bet)
Seat 3: Montagnais (button) folded before Flop (didn't bet)
Seat 4: vero2610 (small blind) folded before Flop
Seat 5: meelis9 (big blind) folded before Flop
Seat 6: dumebel showed [8h 8c] and won ($0.43) with a pair of Eights
Seat 7: Almanza63 folded before Flop (didn't bet)
Seat 8: MACSYM_RO mucked [6d 9d]



PokerStars Hand #237346665107:  Hold'em No Limit ($0.01/$0.02 USD) - 2022/07/13 19:46:27 PT [2022/07/13 22:46:27 ET]
Table 'Aaltje III' 9-max Seat #4 is the button
Seat 1: Dorex2007 ($2.78 in chips) 
Seat 3: Montagnais ($8.56 in chips) 
Seat 4: vero2610 ($1.79 in chips) 
Seat 5: meelis9 ($2 in chips) 
Seat 6: dumebel ($3.81 in chips) 
Seat 7: Almanza63 ($3.77 in chips) 
Seat 8: MACSYM_RO ($0.43 in chips) 
meelis9: posts small blind $0.01
dumebel: posts big blind $0.02
*** HOLE CARDS ***
Dealt to Dorex2007 [7h 5c]
Almanza63: folds 
MACSYM_RO: calls $0.02
Dorex2007: folds 
Montagnais: calls $0.02
vero2610: calls $0.02
meelis9: folds 
dumebel: raises $0.18 to $0.20
MACSYM_RO: calls $0.18
Montagnais: folds 
vero2610: folds 
*** FLOP *** [8c 5h Jd]
dumebel: bets $3.61 and is all-in
MACSYM_RO: calls $0.23 and is all-in
Uncalled bet ($3.38) returned to dumebel
*** TURN *** [8c 5h Jd] [Ks]
*** RIVER *** [8c 5h Jd Ks] [3s]
*** SHOW DOWN ***
dumebel: shows [Kd Js] (two pair, Kings and Jacks)
MACSYM_RO: shows [9h 8d] (a pair of Eights)
dumebel collected $0.88 from pot
MACSYM_RO cashed out the hand for $0.20
*** SUMMARY ***
Total pot $0.91 | Rake $0.03 
Board [8c 5h Jd Ks 3s]
Seat 1: Dorex2007 folded before Flop (didn't bet)
Seat 3: Montagnais folded before Flop
Seat 4: vero2610 (button) folded before Flop
Seat 5: meelis9 (small blind) folded before Flop
Seat 6: dumebel (big blind) showed [Kd Js] and won ($0.88) with two pair, Kings and Jacks
Seat 7: Almanza63 folded before Flop (didn't bet)
Seat 8: MACSYM_RO showed [9h 8d] and lost with a pair of Eights (cashed out).



PokerStars Hand #237346672112:  Hold'em No Limit ($0.01/$0.02 USD) - 2022/07/13 19:47:09 PT [2022/07/13 22:47:09 ET]
Table 'Aaltje III' 9-max Seat #5 is the button
Seat 1: Dorex2007 ($2.78 in chips) 
Seat 3: Montagnais ($8.54 in chips) 
Seat 4: vero2610 ($1.77 in chips) 
Seat 5: meelis9 ($2 in chips) 
Seat 6: dumebel ($4.26 in chips) 
Seat 7: Almanza63 ($3.77 in chips) 
Seat 8: MACSYM_RO ($0.20 in chips) 
dumebel: posts small blind $0.01
Almanza63: posts big blind $0.02
*** HOLE CARDS ***
Dealt to Dorex2007 [Qh 3d]
MACSYM_RO: folds 
Dorex2007: folds 
Montagnais: folds 
vero2610: folds 
meelis9: raises $0.04 to $0.06
dumebel: calls $0.05
Almanza63: calls $0.04
*** FLOP *** [2s 7s 9h]
dumebel: checks 
Almanza63: checks 
meelis9: checks 
*** TURN *** [2s 7s 9h] [8s]
dumebel: checks 
Almanza63: checks 
meelis9: bets $0.10
dumebel: calls $0.10
sassoflavio leaves the table
Almanza63: folds 
*** RIVER *** [2s 7s 9h 8s] [6s]
dumebel: checks 
meelis9: checks 
*** SHOW DOWN ***
dumebel: shows [7h 7c] (three of a kind, Sevens)
meelis9: shows [Jh Tc] (a straight, Seven to Jack)
meelis9 collected $0.37 from pot
*** SUMMARY ***
Total pot $0.38 | Rake $0.01 
Board [2s 7s 9h 8s 6s]
Seat 1: Dorex2007 folded before Flop (didn't bet)
Seat 3: Montagnais folded before Flop (didn't bet)
Seat 4: vero2610 folded before Flop (didn't bet)
Seat 5: meelis9 (button) showed [Jh Tc] and won ($0.37) with a straight, Seven to Jack
Seat 6: dumebel (small blind) showed [7h 7c] and lost with three of a kind, Sevens
Seat 7: Almanza63 (big blind) folded on the Turn
Seat 8: MACSYM_RO folded before Flop (didn't bet)



PokerStars Hand #237346685717:  Hold'em No Limit ($0.01/$0.02 USD) - 2022/07/13 19:48:30 PT [2022/07/13 22:48:30 ET]
Table 'Aaltje III' 9-max Seat #6 is the button
Seat 1: Dorex2007 ($2.78 in chips) 
Seat 3: Montagnais ($8.54 in chips) 
Seat 4: vero2610 ($1.77 in chips) 
Seat 5: meelis9 ($2.21 in chips) 
Seat 6: dumebel ($4.10 in chips) 
Seat 7: Almanza63 ($3.71 in chips) 
Seat 8: MACSYM_RO ($0.20 in chips) 
Almanza63: posts small blind $0.01
MACSYM_RO: posts big blind $0.02
*** HOLE CARDS ***
Dealt to Dorex2007 [9c Ks]
Dorex2007: folds 
Montagnais: folds 
vero2610: folds 
meelis9: folds 
dumebel: folds 
Almanza63: folds 
Uncalled bet ($0.01) returned to MACSYM_RO
MACSYM_RO collected $0.02 from pot
*** SUMMARY ***
Total pot $0.02 | Rake $0 
Seat 1: Dorex2007 folded before Flop (didn't bet)
Seat 3: Montagnais folded before Flop (didn't bet)
Seat 4: vero2610 folded before Flop (didn't bet)
Seat 5: meelis9 folded before Flop (didn't bet)
Seat 6: dumebel (button) folded before Flop (didn't bet)
Seat 7: Almanza63 (small blind) folded before Flop
Seat 8: MACSYM_RO (big blind) collected ($0.02)



PokerStars Hand #237346690524:  Hold'em No Limit ($0.01/$0.02 USD) - 2022/07/13 19:48:47 PT [2022/07/13 22:48:47 ET]
Table 'Aaltje III' 9-max Seat #7 is the button
Seat 1: Dorex2007 ($2.78 in chips) 
Seat 3: Montagnais ($8.54 in chips) 
Seat 4: vero2610 ($1.77 in chips) 
Seat 5: meelis9 ($2.21 in chips) 
Seat 6: dumebel ($4.10 in chips) 
Seat 7: Almanza63 ($3.70 in chips) 
Seat 8: MACSYM_RO ($0.21 in chips) 
MACSYM_RO: posts small blind $0.01
Dorex2007: posts big blind $0.02
*** HOLE CARDS ***
Dealt to Dorex2007 [6s Kc]
Montagnais: folds 
vero2610: folds 
WeeedMNReap joins the table at seat #2 
meelis9: folds 
dumebel: folds 
Almanza63: folds 
MACSYM_RO: raises $0.02 to $0.04
Dorex2007: folds 
Uncalled bet ($0.02) returned to MACSYM_RO
MACSYM_RO collected $0.04 from pot
*** SUMMARY ***
Total pot $0.04 | Rake $0 
Seat 1: Dorex2007 (big blind) folded before Flop
Seat 3: Montagnais folded before Flop (didn't bet)
Seat 4: vero2610 folded before Flop (didn't bet)
Seat 5: meelis9 folded before Flop (didn't bet)
Seat 6: dumebel folded before Flop (didn't bet)
Seat 7: Almanza63 (button) folded before Flop (didn't bet)
Seat 8: MACSYM_RO (small blind) collected ($0.04)



PokerStars Hand #237346693476:  Hold'em No Limit ($0.01/$0.02 USD) - 2022/07/13 19:49:05 PT [2022/07/13 22:49:05 ET]
Table 'Aaltje III' 9-max Seat #8 is the button
Seat 1: Dorex2007 ($2.76 in chips) 
Seat 2: WeeedMNReap ($0.80 in chips) 
Seat 3: Montagnais ($8.54 in chips) 
Seat 4: vero2610 ($1.77 in chips) 
Seat 5: meelis9 ($2.21 in chips) 
Seat 6: dumebel ($4.10 in chips) 
Seat 7: Almanza63 ($3.70 in chips) 
Seat 8: MACSYM_RO ($0.23 in chips) 
Dorex2007: posts small blind $0.01
WeeedMNReap: posts big blind $0.02
*** HOLE CARDS ***
Dealt to Dorex2007 [8h 4d]
Montagnais: calls $0.02
vero2610: folds 
meelis9: folds 
dumebel: folds 
Almanza63: folds 
MACSYM_RO: raises $0.04 to $0.06
Dorex2007: folds 
WeeedMNReap: folds 
dumebel leaves the table
Montagnais: calls $0.04
*** FLOP *** [2h 8c 2s]
Montagnais: checks 
MACSYM_RO: bets $0.17 and is all-in
Montagnais: folds 
Uncalled bet ($0.17) returned to MACSYM_RO
MACSYM_RO collected $0.14 from pot
*** SUMMARY ***
Total pot $0.15 | Rake $0.01 
Board [2h 8c 2s]
Seat 1: Dorex2007 (small blind) folded before Flop
Seat 2: WeeedMNReap (big blind) folded before Flop
Seat 3: Montagnais folded on the Flop
Seat 4: vero2610 folded before Flop (didn't bet)
Seat 5: meelis9 folded before Flop (didn't bet)
Seat 6: dumebel folded before Flop (didn't bet)
Seat 7: Almanza63 folded before Flop (didn't bet)
Seat 8: MACSYM_RO (button) collected ($0.14)



PokerStars Hand #237346698317:  Hold'em No Limit ($0.01/$0.02 USD) - 2022/07/13 19:49:34 PT [2022/07/13 22:49:34 ET]
Table 'Aaltje III' 9-max Seat #1 is the button
Seat 1: Dorex2007 ($2.75 in chips) 
Seat 2: WeeedMNReap ($0.78 in chips) 
Seat 3: Montagnais ($8.48 in chips) 
Seat 4: vero2610 ($1.77 in chips) 
Seat 5: meelis9 ($2.21 in chips) 
Seat 7: Almanza63 ($3.70 in chips) 
Seat 8: MACSYM_RO ($0.31 in chips) 
WeeedMNReap: posts small blind $0.01
Montagnais: posts big blind $0.02
*** HOLE CARDS ***
Dealt to Dorex2007 [8h Ts]
vero2610: folds 
meelis9: folds 
Almanza63: folds 
MACSYM_RO: raises $0.04 to $0.06
Dorex2007: folds 
WeeedMNReap: calls $0.05
Montagnais: calls $0.04
*** FLOP *** [9c 8d 2d]
WeeedMNReap: bets $0.08
Montagnais: calls $0.08
MACSYM_RO: folds 
*** TURN *** [9c 8d 2d] [3h]
WeeedMNReap: bets $0.64 and is all-in
Montagnais: folds 
Uncalled bet ($0.64) returned to WeeedMNReap
WeeedMNReap collected $0.33 from pot
*** SUMMARY ***
Total pot $0.34 | Rake $0.01 
Board [9c 8d 2d 3h]
Seat 1: Dorex2007 (button) folded before Flop (didn't bet)
Seat 2: WeeedMNReap (small blind) collected ($0.33)
Seat 3: Montagnais (big blind) folded on the Turn
Seat 4: vero2610 folded before Flop (didn't bet)
Seat 5: meelis9 folded before Flop (didn't bet)
Seat 7: Almanza63 folded before Flop (didn't bet)
Seat 8: MACSYM_RO folded on the Flop



PokerStars Hand #237346707352:  Hold'em No Limit ($0.01/$0.02 USD) - 2022/07/13 19:50:28 PT [2022/07/13 22:50:28 ET]
Table 'Aaltje III' 9-max Seat #2 is the button
Seat 1: Dorex2007 ($2.75 in chips) 
Seat 2: WeeedMNReap ($0.97 in chips) 
Seat 3: Montagnais ($8.34 in chips) 
Seat 4: vero2610 ($1.77 in chips) 
Seat 5: meelis9 ($2.21 in chips) 
Seat 7: Almanza63 ($3.70 in chips) 
Seat 8: MACSYM_RO ($0.25 in chips) 
Montagnais: posts small blind $0.01
vero2610: posts big blind $0.02
*** HOLE CARDS ***
Dealt to Dorex2007 [Qs 7d]
meelis9: folds 
meelis9 leaves the table
Almanza63: folds 
MACSYM_RO: raises $0.04 to $0.06
Dorex2007: folds 
WeeedMNReap: calls $0.06
Montagnais: raises $8.28 to $8.34 and is all-in
vero2610: folds 
MACSYM_RO: calls $0.19 and is all-in
WeeedMNReap: folds 
Uncalled bet ($8.09) returned to Montagnais
*** FLOP *** [7s Jh Ad]
*** TURN *** [7s Jh Ad] [3d]
*** RIVER *** [7s Jh Ad 3d] [Tc]
*** SHOW DOWN ***
Montagnais: shows [4s 4h] (a pair of Fours)
MACSYM_RO: shows [Ts 9c] (a pair of Tens)
MACSYM_RO collected $0.56 from pot
*** SUMMARY ***
Total pot $0.58 | Rake $0.02 
Board [7s Jh Ad 3d Tc]
Seat 1: Dorex2007 folded before Flop (didn't bet)
Seat 2: WeeedMNReap (button) folded before Flop
Seat 3: Montagnais (small blind) showed [4s 4h] and lost with a pair of Fours
Seat 4: vero2610 (big blind) folded before Flop
Seat 5: meelis9 folded before Flop (didn't bet)
Seat 7: Almanza63 folded before Flop (didn't bet)
Seat 8: MACSYM_RO showed [Ts 9c] and won ($0.56) with a pair of Tens



PokerStars Hand #237346713474:  Hold'em No Limit ($0.01/$0.02 USD) - 2022/07/13 19:51:05 PT [2022/07/13 22:51:05 ET]
Table 'Aaltje III' 9-max Seat #3 is the button
Seat 1: Dorex2007 ($2.75 in chips) 
Seat 2: WeeedMNReap ($0.91 in chips) 
Seat 3: Montagnais ($8.09 in chips) 
Seat 4: vero2610 ($1.75 in chips) 
Seat 7: Almanza63 ($3.70 in chips) 
Seat 8: MACSYM_RO ($0.56 in chips) 
vero2610: posts small blind $0.01
Almanza63: posts big blind $0.02
*** HOLE CARDS ***
Dealt to Dorex2007 [9d 4c]
MACSYM_RO: folds 
Dorex2007: folds 
WeeedMNReap: folds 
Montagnais: calls $0.02
vero2610: folds 
Almanza63: checks 
*** FLOP *** [Qs 7h Qd]
Almanza63: checks 
Montagnais: bets $0.05
Almanza63: folds 
Uncalled bet ($0.05) returned to Montagnais
Montagnais collected $0.05 from pot
*** SUMMARY ***
Total pot $0.05 | Rake $0 
Board [Qs 7h Qd]
Seat 1: Dorex2007 folded before Flop (didn't bet)
Seat 2: WeeedMNReap folded before Flop (didn't bet)
Seat 3: Montagnais (button) collected ($0.05)
Seat 4: vero2610 (small blind) folded before Flop
Seat 7: Almanza63 (big blind) folded on the Flop
Seat 8: MACSYM_RO folded before Flop (didn't bet)



PokerStars Hand #237346717271:  Hold'em No Limit ($0.01/$0.02 USD) - 2022/07/13 19:51:28 PT [2022/07/13 22:51:28 ET]
Table 'Aaltje III' 9-max Seat #4 is the button
Seat 1: Dorex2007 ($2.75 in chips) 
Seat 2: WeeedMNReap ($0.91 in chips) 
Seat 3: Montagnais ($8.12 in chips) 
Seat 4: vero2610 ($1.74 in chips) 
Seat 7: Almanza63 ($3.68 in chips) 
Seat 8: MACSYM_RO ($0.56 in chips) 
Almanza63: posts small blind $0.01
MACSYM_RO: posts big blind $0.02
*** HOLE CARDS ***
Dealt to Dorex2007 [Kd As]
Dorex2007: raises $0.02 to $0.04
WeeedMNReap: calls $0.04
Montagnais: folds 
vero2610: folds 
Almanza63: folds 
MACSYM_RO: folds 
*** FLOP *** [7s 4c Jd]
Dorex2007: checks 
WeeedMNReap: checks 
*** TURN *** [7s 4c Jd] [Qc]
Dorex2007: checks 
WeeedMNReap: bets $0.05
Dorex2007: calls $0.05
*** RIVER *** [7s 4c Jd Qc] [Qd]
Dorex2007: checks 
WeeedMNReap: bets $0.12
Dorex2007: folds 
Uncalled bet ($0.12) returned to WeeedMNReap
WeeedMNReap collected $0.20 from pot
*** SUMMARY ***
Total pot $0.21 | Rake $0.01 
Board [7s 4c Jd Qc Qd]
Seat 1: Dorex2007 folded on the River
Seat 2: WeeedMNReap collected ($0.20)
Seat 3: Montagnais folded before Flop (didn't bet)
Seat 4: vero2610 (button) folded before Flop (didn't bet)
Seat 7: Almanza63 (small blind) folded before Flop
Seat 8: MACSYM_RO (big blind) folded before Flop



PokerStars Hand #237346725840:  Hold'em No Limit ($0.01/$0.02 USD) - 2022/07/13 19:52:20 PT [2022/07/13 22:52:20 ET]
Table 'Aaltje III' 9-max Seat #7 is the button
Seat 1: Dorex2007 ($2.66 in chips) 
Seat 2: WeeedMNReap ($1.02 in chips) 
Seat 3: Montagnais ($8.12 in chips) 
Seat 4: vero2610 ($1.74 in chips) 
Seat 7: Almanza63 ($3.67 in chips) 
Seat 8: MACSYM_RO ($0.54 in chips) 
MACSYM_RO: posts small blind $0.01
Dorex2007: posts big blind $0.02
*** HOLE CARDS ***
Dealt to Dorex2007 [Qh Jh]
WeeedMNReap: raises $0.02 to $0.04
Montagnais: folds 
vero2610: folds 
Almanza63: calls $0.04
MACSYM_RO: calls $0.03
Dorex2007: calls $0.02
*** FLOP *** [Th 6h 9h]
MACSYM_RO: checks 
Dorex2007: checks 
WeeedMNReap: bets $0.04
Almanza63: calls $0.04
MACSYM_RO: folds 
Dorex2007: calls $0.04
*** TURN *** [Th 6h 9h] [Qd]
Dorex2007: checks 
WeeedMNReap: checks 
Almanza63: bets $0.19
Dorex2007: calls $0.19
WeeedMNReap: folds 
*** RIVER *** [Th 6h 9h Qd] [7s]
Dorex2007: bets $0.64
Almanza63: raises $0.64 to $1.28
Dorex2007: calls $0.64
*** SHOW DOWN ***
Almanza63: shows [5h Kh] (a flush, King high)
Dorex2007: mucks hand 
Almanza63 collected $3.11 from pot
*** SUMMARY ***
Total pot $3.22 | Rake $0.11 
Board [Th 6h 9h Qd 7s]
Seat 1: Dorex2007 (big blind) mucked [Qh Jh]
Seat 2: WeeedMNReap folded on the Turn
Seat 3: Montagnais folded before Flop (didn't bet)
Seat 4: vero2610 folded before Flop (didn't bet)
Seat 7: Almanza63 (button) showed [5h Kh] and won ($3.11) with a flush, King high
Seat 8: MACSYM_RO (small blind) folded on the Flop



PokerStars Hand #237346745305:  Hold'em No Limit ($0.01/$0.02 USD) - 2022/07/13 19:53:58 PT [2022/07/13 22:53:58 ET]
Table 'Aaltje III' 9-max Seat #8 is the button
Seat 1: Dorex2007 ($2 in chips) 
Seat 2: WeeedMNReap ($0.94 in chips) 
Seat 3: Montagnais ($8.12 in chips) 
Seat 4: vero2610 ($1.74 in chips) 
Seat 7: Almanza63 ($5.23 in chips) 
Seat 8: MACSYM_RO ($0.50 in chips) 
Dorex2007: posts small blind $0.01
WeeedMNReap: posts big blind $0.02
*** HOLE CARDS ***
Dealt to Dorex2007 [Th 5c]
Montagnais: calls $0.02
vero2610: folds 
Almanza63: folds 
MACSYM_RO: folds 
Dorex2007: calls $0.01
WeeedMNReap: checks 
*** FLOP *** [4h Ts Ks]
Dorex2007: checks 
WeeedMNReap: checks 
Montagnais: checks 
*** TURN *** [4h Ts Ks] [8s]
Dorex2007: checks 
WeeedMNReap: bets $0.03
Montagnais: folds 
Dorex2007: folds 
Uncalled bet ($0.03) returned to WeeedMNReap
WeeedMNReap collected $0.06 from pot
*** SUMMARY ***
Total pot $0.06 | Rake $0 
Board [4h Ts Ks 8s]
Seat 1: Dorex2007 (small blind) folded on the Turn
Seat 2: WeeedMNReap (big blind) collected ($0.06)
Seat 3: Montagnais folded on the Turn
Seat 4: vero2610 folded before Flop (didn't bet)
Seat 7: Almanza63 folded before Flop (didn't bet)
Seat 8: MACSYM_RO (button) folded before Flop (didn't bet)



PokerStars Hand #237346758316:  Hold'em No Limit ($0.01/$0.02 USD) - 2022/07/13 19:55:17 PT [2022/07/13 22:55:17 ET]
Table 'Aaltje III' 9-max Seat #1 is the button
Seat 1: Dorex2007 ($2 in chips) 
Seat 2: WeeedMNReap ($0.98 in chips) 
Seat 3: Montagnais ($8.10 in chips) 
Seat 4: vero2610 ($1.74 in chips) 
Seat 7: Almanza63 ($5.23 in chips) 
Seat 8: MACSYM_RO ($0.50 in chips) 
WeeedMNReap: posts small blind $0.01
Montagnais: posts big blind $0.02
*** HOLE CARDS ***
Dealt to Dorex2007 [Th 6d]
vero2610: folds 
Almanza63: folds 
MACSYM_RO: folds 
Dorex2007: folds 
WeeedMNReap: folds 
Uncalled bet ($0.01) returned to Montagnais
Montagnais collected $0.02 from pot
*** SUMMARY ***
Total pot $0.02 | Rake $0 
Seat 1: Dorex2007 (button) folded before Flop (didn't bet)
Seat 2: WeeedMNReap (small blind) folded before Flop
Seat 3: Montagnais (big blind) collected ($0.02)
Seat 4: vero2610 folded before Flop (didn't bet)
Seat 7: Almanza63 folded before Flop (didn't bet)
Seat 8: MACSYM_RO folded before Flop (didn't bet)



PokerStars Hand #237346759748:  Hold'em No Limit ($0.01/$0.02 USD) - 2022/07/13 19:55:27 PT [2022/07/13 22:55:27 ET]
Table 'Aaltje III' 9-max Seat #2 is the button
Seat 1: Dorex2007 ($2 in chips) 
Seat 2: WeeedMNReap ($0.97 in chips) 
Seat 3: Montagnais ($8.11 in chips) 
Seat 4: vero2610 ($1.74 in chips) 
Seat 7: Almanza63 ($5.23 in chips) 
Seat 8: MACSYM_RO ($0.50 in chips) 
Montagnais: posts small blind $0.01
vero2610: posts big blind $0.02
*** HOLE CARDS ***
Dealt to Dorex2007 [5s 7d]
Almanza63: folds 
MACSYM_RO: raises $0.04 to $0.06
Dorex2007: folds 
WeeedMNReap: folds 
Montagnais: calls $0.05
vero2610: calls $0.04
*** FLOP *** [Kd 7h Ac]
Montagnais: checks 
vero2610: checks 
MACSYM_RO: bets $0.06
Montagnais: folds 
vero2610: folds 
Uncalled bet ($0.06) returned to MACSYM_RO
MACSYM_RO collected $0.17 from pot
*** SUMMARY ***
Total pot $0.18 | Rake $0.01 
Board [Kd 7h Ac]
Seat 1: Dorex2007 folded before Flop (didn't bet)
Seat 2: WeeedMNReap (button) folded before Flop (didn't bet)
Seat 3: Montagnais (small blind) folded on the Flop
Seat 4: vero2610 (big blind) folded on the Flop
Seat 7: Almanza63 folded before Flop (didn't bet)
Seat 8: MACSYM_RO collected ($0.17)



PokerStars Hand #237346763264:  Hold'em No Limit ($0.01/$0.02 USD) - 2022/07/13 19:55:52 PT [2022/07/13 22:55:52 ET]
Table 'Aaltje III' 9-max Seat #3 is the button
Seat 1: Dorex2007 ($2 in chips) 
Seat 2: WeeedMNReap ($0.97 in chips) 
Seat 3: Montagnais ($8.05 in chips) 
Seat 4: vero2610 ($1.68 in chips) 
Seat 7: Almanza63 ($5.23 in chips) 
Seat 8: MACSYM_RO ($0.61 in chips) 
vero2610: posts small blind $0.01
Almanza63: posts big blind $0.02
*** HOLE CARDS ***
Dealt to Dorex2007 [6h 4s]
MACSYM_RO: folds 
Dorex2007: folds 
WeeedMNReap: raises $0.04 to $0.06
Montagnais: calls $0.06
vero2610: calls $0.05
Almanza63: folds 
*** FLOP *** [Jd 7d Ac]
vero2610: checks 
WeeedMNReap: checks 
Montagnais: checks 
*** TURN *** [Jd 7d Ac] [8d]
vero2610: checks 
WeeedMNReap: bets $0.09
Montagnais: folds 
vero2610: calls $0.09
*** RIVER *** [Jd 7d Ac 8d] [Qc]
vero2610: checks 
WeeedMNReap: bets $0.16
vero2610: folds 
Uncalled bet ($0.16) returned to WeeedMNReap
WeeedMNReap collected $0.37 from pot
*** SUMMARY ***
Total pot $0.38 | Rake $0.01 
Board [Jd 7d Ac 8d Qc]
Seat 1: Dorex2007 folded before Flop (didn't bet)
Seat 2: WeeedMNReap collected ($0.37)
Seat 3: Montagnais (button) folded on the Turn
Seat 4: vero2610 (small blind) folded on the River
Seat 7: Almanza63 (big blind) folded before Flop
Seat 8: MACSYM_RO folded before Flop (didn't bet)



PokerStars Hand #237346772190:  Hold'em No Limit ($0.01/$0.02 USD) - 2022/07/13 19:56:57 PT [2022/07/13 22:56:57 ET]
Table 'Aaltje III' 9-max Seat #4 is the button
Seat 1: Dorex2007 ($2 in chips) 
Seat 2: WeeedMNReap ($1.19 in chips) 
Seat 3: Montagnais ($7.99 in chips) 
Seat 4: vero2610 ($1.85 in chips) 
Seat 7: Almanza63 ($5.21 in chips) 
Seat 8: MACSYM_RO ($0.61 in chips) 
Almanza63: posts small blind $0.01
MACSYM_RO: posts big blind $0.02
*** HOLE CARDS ***
Dealt to Dorex2007 [5c Jh]
Dorex2007: folds 
WeeedMNReap: raises $0.02 to $0.04
Montagnais: calls $0.04
vero2610: folds 
Almanza63: calls $0.03
MACSYM_RO: calls $0.02
*** FLOP *** [Jd 2d 2s]
Almanza63: checks 
MACSYM_RO: checks 
WeeedMNReap: checks 
Montagnais: checks 
*** TURN *** [Jd 2d 2s] [7d]
Almanza63: checks 
MACSYM_RO: checks 
WeeedMNReap: bets $0.08
Montagnais: folds 
Almanza63: folds 
MACSYM_RO: folds 
Uncalled bet ($0.08) returned to WeeedMNReap
WeeedMNReap collected $0.15 from pot
*** SUMMARY ***
Total pot $0.16 | Rake $0.01 
Board [Jd 2d 2s 7d]
Seat 1: Dorex2007 folded before Flop (didn't bet)
Seat 2: WeeedMNReap collected ($0.15)
Seat 3: Montagnais folded on the Turn
Seat 4: vero2610 (button) folded before Flop (didn't bet)
Seat 7: Almanza63 (small blind) folded on the Turn
Seat 8: MACSYM_RO (big blind) folded on the Turn



PokerStars Hand #237346786113:  Hold'em No Limit ($0.01/$0.02 USD) - 2022/07/13 19:58:03 PT [2022/07/13 22:58:03 ET]
Table 'Aaltje III' 9-max Seat #7 is the button
Seat 1: Dorex2007 ($2 in chips) 
Seat 2: WeeedMNReap ($1.30 in chips) 
Seat 3: Montagnais ($7.95 in chips) 
Seat 4: vero2610 ($2 in chips) 
Seat 7: Almanza63 ($5.17 in chips) 
Seat 8: MACSYM_RO ($0.57 in chips) 
MACSYM_RO: posts small blind $0.01
Dorex2007: posts big blind $0.02
*** HOLE CARDS ***
Dealt to Dorex2007 [Qs Kc]
WeeedMNReap: calls $0.02
Montagnais: calls $0.02
vero2610: folds 
Almanza63: folds 
MACSYM_RO: calls $0.01
Dorex2007: checks 
*** FLOP *** [Qc Ad Ah]
MACSYM_RO: checks 
Dorex2007: checks 
WeeedMNReap: checks 
Montagnais: checks 
*** TURN *** [Qc Ad Ah] [4h]
MACSYM_RO: bets $0.08
Dorex2007: folds 
WeeedMNReap: calls $0.08
Montagnais: folds 
*** RIVER *** [Qc Ad Ah 4h] [4c]
MACSYM_RO: bets $0.23
WeeedMNReap: folds 
Uncalled bet ($0.23) returned to MACSYM_RO
MACSYM_RO collected $0.23 from pot
*** SUMMARY ***
Total pot $0.24 | Rake $0.01 
Board [Qc Ad Ah 4h 4c]
Seat 1: Dorex2007 (big blind) folded on the Turn
Seat 2: WeeedMNReap folded on the River
Seat 3: Montagnais folded on the Turn
Seat 4: vero2610 folded before Flop (didn't bet)
Seat 7: Almanza63 (button) folded before Flop (didn't bet)
Seat 8: MACSYM_RO (small blind) collected ($0.23)



PokerStars Hand #237346795855:  Hold'em No Limit ($0.01/$0.02 USD) - 2022/07/13 19:59:14 PT [2022/07/13 22:59:14 ET]
Table 'Aaltje III' 9-max Seat #8 is the button
Seat 1: Dorex2007 ($2 in chips) 
Seat 2: WeeedMNReap ($1.20 in chips) 
Seat 3: Montagnais ($7.93 in chips) 
Seat 4: vero2610 ($2 in chips) 
Seat 7: Almanza63 ($5.17 in chips) 
Seat 8: MACSYM_RO ($0.70 in chips) 
Dorex2007: posts small blind $0.01
WeeedMNReap: posts big blind $0.02
*** HOLE CARDS ***
Dealt to Dorex2007 [Kd 4c]
Montagnais: folds 
vero2610: folds 
Almanza63: folds 
MACSYM_RO: calls $0.02
Dorex2007: folds 
WeeedMNReap: checks 
*** FLOP *** [Ts 7h 6h]
WeeedMNReap: checks 
MACSYM_RO: bets $0.02
WeeedMNReap: calls $0.02
*** TURN *** [Ts 7h 6h] [9s]
WeeedMNReap: checks 
MACSYM_RO: checks 
*** RIVER *** [Ts 7h 6h 9s] [Ac]
WeeedMNReap: bets $0.18
MACSYM_RO: folds 
Uncalled bet ($0.18) returned to WeeedMNReap
WeeedMNReap collected $0.09 from pot
*** SUMMARY ***
Total pot $0.09 | Rake $0 
Board [Ts 7h 6h 9s Ac]
Seat 1: Dorex2007 (small blind) folded before Flop
Seat 2: WeeedMNReap (big blind) collected ($0.09)
Seat 3: Montagnais folded before Flop (didn't bet)
Seat 4: vero2610 folded before Flop (didn't bet)
Seat 7: Almanza63 folded before Flop (didn't bet)
Seat 8: MACSYM_RO (button) folded on the River



PokerStars Hand #237346803672:  Hold'em No Limit ($0.01/$0.02 USD) - 2022/07/13 20:00:11 PT [2022/07/13 23:00:11 ET]
Table 'Aaltje III' 9-max Seat #1 is the button
Seat 1: Dorex2007 ($2 in chips) 
Seat 2: WeeedMNReap ($1.25 in chips) 
Seat 3: Montagnais ($7.93 in chips) 
Seat 4: vero2610 ($2 in chips) 
Seat 7: Almanza63 ($5.17 in chips) 
Seat 8: MACSYM_RO ($0.66 in chips) 
WeeedMNReap: posts small blind $0.01
Montagnais: posts big blind $0.02
*** HOLE CARDS ***
Dealt to Dorex2007 [6s Js]
vero2610: folds 
rtp1502 joins the table at seat #5 
Almanza63: folds 
MACSYM_RO: folds 
Dorex2007: calls $0.02
WeeedMNReap: folds 
kAiba109 joins the table at seat #6 
Montagnais: checks 
*** FLOP *** [Ad 8d Th]
Montagnais: checks 
Dorex2007: checks 
*** TURN *** [Ad 8d Th] [Qd]
Montagnais: bets $0.05
Dorex2007: folds 
Uncalled bet ($0.05) returned to Montagnais
Montagnais collected $0.05 from pot
*** SUMMARY ***
Total pot $0.05 | Rake $0 
Board [Ad 8d Th Qd]
Seat 1: Dorex2007 (button) folded on the Turn
Seat 2: WeeedMNReap (small blind) folded before Flop
Seat 3: Montagnais (big blind) collected ($0.05)
Seat 4: vero2610 folded before Flop (didn't bet)
Seat 7: Almanza63 folded before Flop (didn't bet)
Seat 8: MACSYM_RO folded before Flop (didn't bet)



PokerStars Hand #237346807573:  Hold'em No Limit ($0.01/$0.02 USD) - 2022/07/13 20:00:37 PT [2022/07/13 23:00:37 ET]
Table 'Aaltje III' 9-max Seat #2 is the button
Seat 1: Dorex2007 ($2 in chips) 
Seat 2: WeeedMNReap ($1.24 in chips) 
Seat 3: Montagnais ($7.96 in chips) 
Seat 4: vero2610 ($2 in chips) 
Seat 7: Almanza63 ($5.17 in chips) 
Seat 8: MACSYM_RO ($0.66 in chips) 
Montagnais: posts small blind $0.01
vero2610: posts big blind $0.02
rtp1502: sits out 
kAiba109: sits out 
*** HOLE CARDS ***
Dealt to Dorex2007 [Ad 3c]
Almanza63: folds 
MACSYM_RO: raises $0.04 to $0.06
Dorex2007: folds 
WeeedMNReap: calls $0.06
Montagnais: calls $0.05
vero2610: calls $0.04
*** FLOP *** [3d 9d 8h]
Montagnais: checks 
vero2610: checks 
MACSYM_RO: checks 
WeeedMNReap: checks 
*** TURN *** [3d 9d 8h] [5h]
Montagnais: checks 
vero2610: checks 
MACSYM_RO: bets $0.04
WeeedMNReap: calls $0.04
Montagnais: calls $0.04
vero2610: calls $0.04
*** RIVER *** [3d 9d 8h 5h] [3s]
Montagnais: bets $7.86 and is all-in
vero2610: folds 
MACSYM_RO: folds 
WeeedMNReap: folds 
Uncalled bet ($7.86) returned to Montagnais
Montagnais collected $0.39 from pot
*** SUMMARY ***
Total pot $0.40 | Rake $0.01 
Board [3d 9d 8h 5h 3s]
Seat 1: Dorex2007 folded before Flop (didn't bet)
Seat 2: WeeedMNReap (button) folded on the River
Seat 3: Montagnais (small blind) collected ($0.39)
Seat 4: vero2610 (big blind) folded on the River
Seat 7: Almanza63 folded before Flop (didn't bet)
Seat 8: MACSYM_RO folded on the River



PokerStars Hand #237346818688:  Hold'em No Limit ($0.01/$0.02 USD) - 2022/07/13 20:01:48 PT [2022/07/13 23:01:48 ET]
Table 'Aaltje III' 9-max Seat #3 is the button
Seat 1: Dorex2007 ($2 in chips) 
Seat 2: WeeedMNReap ($1.14 in chips) 
Seat 3: Montagnais ($8.25 in chips) 
Seat 4: vero2610 ($1.90 in chips) 
Seat 5: rtp1502 ($1.60 in chips) 
Seat 7: Almanza63 ($5.17 in chips) 
Seat 8: MACSYM_RO ($0.56 in chips) 
vero2610: posts small blind $0.01
rtp1502: posts big blind $0.02
kAiba109: sits out 
*** HOLE CARDS ***
Dealt to Dorex2007 [3h Qc]
Almanza63: folds 
MACSYM_RO: calls $0.02
Dorex2007: folds 
WeeedMNReap: folds 
Montagnais: folds 
vero2610: folds 
rtp1502: checks 
*** FLOP *** [Ad Ah 5c]
rtp1502: checks 
MACSYM_RO: checks 
*** TURN *** [Ad Ah 5c] [7c]
rtp1502: checks 
MACSYM_RO: bets $0.04
rtp1502: calls $0.04
*** RIVER *** [Ad Ah 5c 7c] [7s]
rtp1502: checks 
MACSYM_RO: bets $0.13
rtp1502: raises $0.39 to $0.52
MACSYM_RO: calls $0.37 and is all-in
Uncalled bet ($0.02) returned to rtp1502
*** SHOW DOWN ***
rtp1502: shows [7h 8c] (a full house, Sevens full of Aces)
MACSYM_RO: shows [7d Kc] (a full house, Sevens full of Aces)
rtp1502 collected $0.55 from pot
MACSYM_RO collected $0.54 from pot
*** SUMMARY ***
Total pot $1.13 | Rake $0.04 
Board [Ad Ah 5c 7c 7s]
Seat 1: Dorex2007 folded before Flop (didn't bet)
Seat 2: WeeedMNReap folded before Flop (didn't bet)
Seat 3: Montagnais (button) folded before Flop (didn't bet)
Seat 4: vero2610 (small blind) folded before Flop
Seat 5: rtp1502 (big blind) showed [7h 8c] and won ($0.55) with a full house, Sevens full of Aces
Seat 7: Almanza63 folded before Flop (didn't bet)
Seat 8: MACSYM_RO showed [7d Kc] and won ($0.54) with a full house, Sevens full of Aces



PokerStars Hand #237346829294:  Hold'em No Limit ($0.01/$0.02 USD) - 2022/07/13 20:02:53 PT [2022/07/13 23:02:53 ET]
Table 'Aaltje III' 9-max Seat #4 is the button
Seat 1: Dorex2007 ($2 in chips) 
Seat 2: WeeedMNReap ($1.14 in chips) 
Seat 3: Montagnais ($8.25 in chips) 
Seat 4: vero2610 ($1.89 in chips) 
Seat 5: rtp1502 ($1.59 in chips) 
Seat 6: kAiba109 ($0.80 in chips) 
Seat 7: Almanza63 ($5.17 in chips) 
Seat 8: MACSYM_RO ($0.54 in chips) 
rtp1502: posts small blind $0.01
kAiba109: posts big blind $0.02
*** HOLE CARDS ***
Dealt to Dorex2007 [5h 5c]
Almanza63: folds 
MACSYM_RO: folds 
Dorex2007: calls $0.02
WeeedMNReap: folds 
Montagnais: folds 
vero2610: calls $0.02
rtp1502: calls $0.01
kAiba109: checks 
*** FLOP *** [6s 6h 3c]
rtp1502: checks 
kAiba109: checks 
Dorex2007: checks 
vero2610: checks 
*** TURN *** [6s 6h 3c] [Qh]
rtp1502: checks 
kAiba109: checks 
Dorex2007: checks 
vero2610: checks 
*** RIVER *** [6s 6h 3c Qh] [2h]
rtp1502: checks 
kAiba109: checks 
Dorex2007: checks 
vero2610: checks 
*** SHOW DOWN ***
rtp1502: shows [Ts 8s] (a pair of Sixes)
kAiba109: shows [7h Jd] (a pair of Sixes - Queen+Jack kicker)
Dorex2007: shows [5h 5c] (two pair, Sixes and Fives)
vero2610: mucks hand 
Dorex2007 collected $0.08 from pot
*** SUMMARY ***
Total pot $0.08 | Rake $0 
Board [6s 6h 3c Qh 2h]
Seat 1: Dorex2007 showed [5h 5c] and won ($0.08) with two pair, Sixes and Fives
Seat 2: WeeedMNReap folded before Flop (didn't bet)
Seat 3: Montagnais folded before Flop (didn't bet)
Seat 4: vero2610 (button) mucked [Tc Ks]
Seat 5: rtp1502 (small blind) showed [Ts 8s] and lost with a pair of Sixes
Seat 6: kAiba109 (big blind) showed [7h Jd] and lost with a pair of Sixes
Seat 7: Almanza63 folded before Flop (didn't bet)
Seat 8: MACSYM_RO folded before Flop (didn't bet)



PokerStars Hand #237346838207:  Hold'em No Limit ($0.01/$0.02 USD) - 2022/07/13 20:03:49 PT [2022/07/13 23:03:49 ET]
Table 'Aaltje III' 9-max Seat #5 is the button
Seat 1: Dorex2007 ($2.06 in chips) 
Seat 2: WeeedMNReap ($1.14 in chips) 
Seat 3: Montagnais ($8.25 in chips) 
Seat 4: vero2610 ($1.87 in chips) 
Seat 5: rtp1502 ($1.57 in chips) 
Seat 6: kAiba109 ($0.78 in chips) 
Seat 7: Almanza63 ($5.17 in chips) 
Seat 8: MACSYM_RO ($0.54 in chips) 
kAiba109: posts small blind $0.01
Almanza63: posts big blind $0.02
*** HOLE CARDS ***
Dealt to Dorex2007 [6s Qd]
MACSYM_RO: calls $0.02
Dorex2007: folds 
WeeedMNReap has timed out
WeeedMNReap: folds 
Montagnais: folds 
vero2610: folds 
rtp1502: calls $0.02
kAiba109: folds 
Almanza63: checks 
*** FLOP *** [9d 9s Ad]
Almanza63: checks 
MACSYM_RO: bets $0.04
rtp1502: calls $0.04
Almanza63: folds 
*** TURN *** [9d 9s Ad] [Js]
MACSYM_RO: bets $0.04
rtp1502: calls $0.04
*** RIVER *** [9d 9s Ad Js] [4s]
MACSYM_RO: bets $0.04
rtp1502: raises $0.30 to $0.34
MACSYM_RO: folds 
Uncalled bet ($0.30) returned to rtp1502
rtp1502 collected $0.30 from pot
*** SUMMARY ***
Total pot $0.31 | Rake $0.01 
Board [9d 9s Ad Js 4s]
Seat 1: Dorex2007 folded before Flop (didn't bet)
Seat 2: WeeedMNReap folded before Flop (didn't bet)
Seat 3: Montagnais folded before Flop (didn't bet)
Seat 4: vero2610 folded before Flop (didn't bet)
Seat 5: rtp1502 (button) collected ($0.30)
Seat 6: kAiba109 (small blind) folded before Flop
Seat 7: Almanza63 (big blind) folded on the Flop
Seat 8: MACSYM_RO folded on the River



