PokerStars Hand #232557445522:  Hold'em No Limit ($0.01/$0.02 USD) - 2021/12/26 18:06:48 PT [2021/12/26 21:06:48 ET]
Table 'Galahad II' 9-max Seat #1 is the button
Seat 1: TaseevoInva ($3.41 in chips) 
Seat 3: kerwyn71 ($1.86 in chips) 
Seat 4: Dorex2007 ($2 in chips) 
Seat 5: nhoangli ($5.02 in chips) 
Seat 6: Benoit1999 ($3.09 in chips) 
Seat 7: simdiggity ($2 in chips) 
Seat 8: LPG0680 ($2.55 in chips) 
Seat 9: frosa9397 ($1.97 in chips) 
kerwyn71: posts small blind $0.01
Dorex2007: posts big blind $0.02
*** HOLE CARDS ***
Dealt to Dorex2007 [7h 8h]
nhoangli: raises $0.04 to $0.06
Benoit1999: folds 
simdiggity: folds 
LPG0680: folds 
frosa9397 has timed out
frosa9397: folds 
TaseevoInva: folds 
kerwyn71: folds 
Dorex2007: folds 
Uncalled bet ($0.04) returned to nhoangli
nhoangli collected $0.05 from pot
nhoangli: doesn't show hand 
*** SUMMARY ***
Total pot $0.05 | Rake $0 
Seat 1: TaseevoInva (button) folded before Flop (didn't bet)
Seat 3: kerwyn71 (small blind) folded before Flop
Seat 4: Dorex2007 (big blind) folded before Flop
Seat 5: nhoangli collected ($0.05)
Seat 6: Benoit1999 folded before Flop (didn't bet)
Seat 7: simdiggity folded before Flop (didn't bet)
Seat 8: LPG0680 folded before Flop (didn't bet)
Seat 9: frosa9397 folded before Flop (didn't bet)



PokerStars Hand #232557455489:  Hold'em No Limit ($0.01/$0.02 USD) - 2021/12/26 18:07:24 PT [2021/12/26 21:07:24 ET]
Table 'Galahad II' 9-max Seat #3 is the button
Seat 1: TaseevoInva ($3.41 in chips) 
Seat 3: kerwyn71 ($1.85 in chips) 
Seat 4: Dorex2007 ($2 in chips) 
Seat 5: nhoangli ($5.05 in chips) 
Seat 6: Benoit1999 ($3.09 in chips) 
Seat 7: simdiggity ($2 in chips) 
Seat 8: LPG0680 ($2.55 in chips) 
Dorex2007: posts small blind $0.01
nhoangli: posts big blind $0.02
*** HOLE CARDS ***
Dealt to Dorex2007 [Ah 8s]
Benoit1999: folds 
simdiggity: folds 
LPG0680: folds 
TaseevoInva: raises $0.02 to $0.04
kerwyn71: calls $0.04
Dorex2007: folds 
nhoangli: raises $0.02 to $0.06
TaseevoInva: calls $0.02
kerwyn71: calls $0.02
*** FLOP *** [Qd 2d 3c]
nhoangli: checks 
TaseevoInva: checks 
kerwyn71: checks 
*** TURN *** [Qd 2d 3c] [4s]
nhoangli: checks 
TaseevoInva: checks 
kerwyn71: checks 
*** RIVER *** [Qd 2d 3c 4s] [2h]
nhoangli: checks 
TaseevoInva: checks 
kerwyn71: checks 
*** SHOW DOWN ***
nhoangli: shows [Td Jh] (a pair of Deuces)
TaseevoInva: shows [6c 6h] (two pair, Sixes and Deuces)
kerwyn71: mucks hand 
TaseevoInva collected $0.18 from pot
*** SUMMARY ***
Total pot $0.19 | Rake $0.01 
Board [Qd 2d 3c 4s 2h]
Seat 1: TaseevoInva showed [6c 6h] and won ($0.18) with two pair, Sixes and Deuces
Seat 3: kerwyn71 (button) mucked [Th Ac]
Seat 4: Dorex2007 (small blind) folded before Flop
Seat 5: nhoangli (big blind) showed [Td Jh] and lost with a pair of Deuces
Seat 6: Benoit1999 folded before Flop (didn't bet)
Seat 7: simdiggity folded before Flop (didn't bet)
Seat 8: LPG0680 folded before Flop (didn't bet)



PokerStars Hand #232557478949:  Hold'em No Limit ($0.01/$0.02 USD) - 2021/12/26 18:08:27 PT [2021/12/26 21:08:27 ET]
Table 'Galahad II' 9-max Seat #4 is the button
Seat 1: TaseevoInva ($3.53 in chips) 
Seat 3: kerwyn71 ($1.79 in chips) 
Seat 4: Dorex2007 ($2 in chips) 
Seat 5: nhoangli ($4.99 in chips) 
Seat 6: Benoit1999 ($3.09 in chips) 
Seat 7: simdiggity ($2 in chips) 
Seat 8: LPG0680 ($2.55 in chips) 
nhoangli: posts small blind $0.01
Benoit1999: posts big blind $0.02
*** HOLE CARDS ***
Dealt to Dorex2007 [3d Td]
simdiggity: folds 
LPG0680: folds 
TaseevoInva: folds 
kerwyn71: folds 
Dorex2007: folds 
nhoangli: raises $0.02 to $0.04
Benoit1999: folds 
Uncalled bet ($0.02) returned to nhoangli
nhoangli collected $0.04 from pot
nhoangli: doesn't show hand 
*** SUMMARY ***
Total pot $0.04 | Rake $0 
Seat 1: TaseevoInva folded before Flop (didn't bet)
Seat 3: kerwyn71 folded before Flop (didn't bet)
Seat 4: Dorex2007 (button) folded before Flop (didn't bet)
Seat 5: nhoangli (small blind) collected ($0.04)
Seat 6: Benoit1999 (big blind) folded before Flop
Seat 7: simdiggity folded before Flop (didn't bet)
Seat 8: LPG0680 folded before Flop (didn't bet)



PokerStars Hand #232557483157:  Hold'em No Limit ($0.01/$0.02 USD) - 2021/12/26 18:08:42 PT [2021/12/26 21:08:42 ET]
Table 'Galahad II' 9-max Seat #5 is the button
Seat 1: TaseevoInva ($3.53 in chips) 
Seat 3: kerwyn71 ($1.79 in chips) 
Seat 4: Dorex2007 ($2 in chips) 
Seat 5: nhoangli ($5.01 in chips) 
Seat 6: Benoit1999 ($3.07 in chips) 
Seat 7: simdiggity ($2 in chips) 
Seat 8: LPG0680 ($2.55 in chips) 
Benoit1999: posts small blind $0.01
simdiggity: posts big blind $0.02
*** HOLE CARDS ***
Dealt to Dorex2007 [Th 4s]
LPG0680: folds 
TaseevoInva: folds 
kerwyn71: calls $0.02
Dorex2007: folds 
nhoangli: calls $0.02
Benoit1999: folds 
simdiggity: checks 
*** FLOP *** [Kc 8c 6s]
simdiggity: checks 
kerwyn71: checks 
nhoangli: checks 
*** TURN *** [Kc 8c 6s] [Ac]
simdiggity: bets $0.02
kerwyn71: folds 
nhoangli: calls $0.02
*** RIVER *** [Kc 8c 6s Ac] [9d]
simdiggity: checks 
nhoangli: checks 
*** SHOW DOWN ***
simdiggity: shows [Qc 4h] (high card Ace)
nhoangli: shows [6c 7d] (a pair of Sixes)
nhoangli collected $0.11 from pot
*** SUMMARY ***
Total pot $0.11 | Rake $0 
Board [Kc 8c 6s Ac 9d]
Seat 1: TaseevoInva folded before Flop (didn't bet)
Seat 3: kerwyn71 folded on the Turn
Seat 4: Dorex2007 folded before Flop (didn't bet)
Seat 5: nhoangli (button) showed [6c 7d] and won ($0.11) with a pair of Sixes
Seat 6: Benoit1999 (small blind) folded before Flop
Seat 7: simdiggity (big blind) showed [Qc 4h] and lost with high card Ace
Seat 8: LPG0680 folded before Flop (didn't bet)



PokerStars Hand #232557493657:  Hold'em No Limit ($0.01/$0.02 USD) - 2021/12/26 18:09:14 PT [2021/12/26 21:09:14 ET]
Table 'Galahad II' 9-max Seat #6 is the button
Seat 1: TaseevoInva ($3.53 in chips) 
Seat 3: kerwyn71 ($1.77 in chips) 
Seat 4: Dorex2007 ($2 in chips) 
Seat 5: nhoangli ($5.08 in chips) 
Seat 6: Benoit1999 ($3.06 in chips) 
Seat 7: simdiggity ($2 in chips) 
Seat 8: LPG0680 ($2.55 in chips) 
simdiggity: posts small blind $0.01
LPG0680: posts big blind $0.02
*** HOLE CARDS ***
Dealt to Dorex2007 [3d Qd]
TaseevoInva: folds 
kerwyn71: folds 
Dorex2007: folds 
nhoangli: folds 
Benoit1999: raises $0.03 to $0.05
simdiggity: folds 
LPG0680: calls $0.03
*** FLOP *** [5s As 9c]
LPG0680: checks 
Benoit1999: bets $0.04
LPG0680: calls $0.04
*** TURN *** [5s As 9c] [9s]
LPG0680: bets $0.09
frosa9397 is disconnected 
Benoit1999: raises $0.27 to $0.36
LPG0680: folds 
Uncalled bet ($0.27) returned to Benoit1999
Benoit1999 collected $0.36 from pot
*** SUMMARY ***
Total pot $0.37 | Rake $0.01 
Board [5s As 9c 9s]
Seat 1: TaseevoInva folded before Flop (didn't bet)
Seat 3: kerwyn71 folded before Flop (didn't bet)
Seat 4: Dorex2007 folded before Flop (didn't bet)
Seat 5: nhoangli folded before Flop (didn't bet)
Seat 6: Benoit1999 (button) collected ($0.36)
Seat 7: simdiggity (small blind) folded before Flop
Seat 8: LPG0680 (big blind) folded on the Turn



PokerStars Hand #232557503581:  Hold'em No Limit ($0.01/$0.02 USD) - 2021/12/26 18:09:51 PT [2021/12/26 21:09:51 ET]
Table 'Galahad II' 9-max Seat #7 is the button
Seat 1: TaseevoInva ($3.53 in chips) 
Seat 3: kerwyn71 ($1.77 in chips) 
Seat 4: Dorex2007 ($2 in chips) 
Seat 5: nhoangli ($5.08 in chips) 
Seat 6: Benoit1999 ($3.24 in chips) 
Seat 7: simdiggity ($2 in chips) 
Seat 8: LPG0680 ($2.37 in chips) 
LPG0680: posts small blind $0.01
TaseevoInva: posts big blind $0.02
*** HOLE CARDS ***
Dealt to Dorex2007 [Js Jh]
kerwyn71: folds 
kerwyn71 leaves the table
Dorex2007: raises $0.02 to $0.04
nhoangli: raises $0.04 to $0.08
Benoit1999: folds 
MARMELAD.Wh1TeY joins the table at seat #3 
simdiggity: raises $0.23 to $0.31
LPG0680: calls $0.30
TaseevoInva: folds 
Dorex2007: folds 
nhoangli: folds 
*** FLOP *** [8c 5d Ts]
LPG0680: checks 
MARMELAD.Wh1TeY leaves the table
simdiggity: bets $0.48
LPG0680: calls $0.48
*** TURN *** [8c 5d Ts] [Ad]
Zog Buster joins the table at seat #3 
LPG0680: checks 
simdiggity: bets $1.21 and is all-in
LPG0680: calls $1.21
*** RIVER *** [8c 5d Ts Ad] [Kc]
*** SHOW DOWN ***
LPG0680: shows [5c Ac] (two pair, Aces and Fives)
simdiggity: shows [9h 9s] (a pair of Nines)
LPG0680 collected $4 from pot
*** SUMMARY ***
Total pot $4.14 | Rake $0.14 
Board [8c 5d Ts Ad Kc]
Seat 1: TaseevoInva (big blind) folded before Flop
Seat 3: kerwyn71 folded before Flop (didn't bet)
Seat 4: Dorex2007 folded before Flop
Seat 5: nhoangli folded before Flop
Seat 6: Benoit1999 folded before Flop (didn't bet)
Seat 7: simdiggity (button) showed [9h 9s] and lost with a pair of Nines
Seat 8: LPG0680 (small blind) showed [5c Ac] and won ($4) with two pair, Aces and Fives



PokerStars Hand #232557520184:  Hold'em No Limit ($0.01/$0.02 USD) - 2021/12/26 18:10:52 PT [2021/12/26 21:10:52 ET]
Table 'Galahad II' 9-max Seat #8 is the button
Seat 1: TaseevoInva ($3.51 in chips) 
Seat 3: Zog Buster ($2 in chips) 
Seat 4: Dorex2007 ($2 in chips) 
Seat 5: nhoangli ($5 in chips) 
Seat 6: Benoit1999 ($3.24 in chips) 
Seat 7: simdiggity ($2 in chips) 
Seat 8: LPG0680 ($4.37 in chips) 
TaseevoInva: posts small blind $0.01
Zog Buster: posts big blind $0.02
*** HOLE CARDS ***
Dealt to Dorex2007 [6d 7s]
Dorex2007: folds 
nhoangli: raises $0.06 to $0.08
Benoit1999: raises $0.24 to $0.32
simdiggity: folds 
LPG0680: calls $0.32
TaseevoInva: folds 
Zog Buster: folds 
nhoangli: folds 
*** FLOP *** [Jd Jh As]
Benoit1999: checks 
LPG0680: bets $0.36
Benoit1999: calls $0.36
*** TURN *** [Jd Jh As] [4c]
Benoit1999: checks 
LPG0680: bets $0.81
Benoit1999: calls $0.81
*** RIVER *** [Jd Jh As 4c] [8s]
Benoit1999: checks 
LPG0680: checks 
*** SHOW DOWN ***
Benoit1999: shows [Ad Kc] (two pair, Aces and Jacks)
LPG0680: shows [Qc Jc] (three of a kind, Jacks)
LPG0680 collected $2.98 from pot
*** SUMMARY ***
Total pot $3.09 | Rake $0.11 
Board [Jd Jh As 4c 8s]
Seat 1: TaseevoInva (small blind) folded before Flop
Seat 3: Zog Buster (big blind) folded before Flop
Seat 4: Dorex2007 folded before Flop (didn't bet)
Seat 5: nhoangli folded before Flop
Seat 6: Benoit1999 showed [Ad Kc] and lost with two pair, Aces and Jacks
Seat 7: simdiggity folded before Flop (didn't bet)
Seat 8: LPG0680 (button) showed [Qc Jc] and won ($2.98) with three of a kind, Jacks



PokerStars Hand #232557535035:  Hold'em No Limit ($0.01/$0.02 USD) - 2021/12/26 18:11:46 PT [2021/12/26 21:11:46 ET]
Table 'Galahad II' 9-max Seat #1 is the button
Seat 1: TaseevoInva ($3.50 in chips) 
Seat 3: Zog Buster ($2 in chips) 
Seat 4: Dorex2007 ($2 in chips) 
Seat 5: nhoangli ($4.92 in chips) 
Seat 6: Benoit1999 ($2 in chips) 
Seat 7: simdiggity ($2 in chips) 
Seat 8: LPG0680 ($5.86 in chips) 
Zog Buster: posts small blind $0.01
Dorex2007: posts big blind $0.02
*** HOLE CARDS ***
Dealt to Dorex2007 [9c Ad]
nhoangli: folds 
Benoit1999: folds 
simdiggity: folds 
LPG0680: calls $0.02
TaseevoInva: folds 
Zog Buster: folds 
Dorex2007: checks 
*** FLOP *** [Ac Qd 5c]
Dorex2007: checks 
simdiggity leaves the table
LPG0680: bets $0.10
Dorex2007: calls $0.10
*** TURN *** [Ac Qd 5c] [5d]
Dorex2007: bets $0.16
LPG0680: calls $0.16
*** RIVER *** [Ac Qd 5c 5d] [Qc]
Dorex2007: checks 
LPG0680: checks 
*** SHOW DOWN ***
Dorex2007: shows [9c Ad] (two pair, Aces and Queens)
LPG0680: mucks hand 
Dorex2007 collected $0.55 from pot
*** SUMMARY ***
Total pot $0.57 | Rake $0.02 
Board [Ac Qd 5c 5d Qc]
Seat 1: TaseevoInva (button) folded before Flop (didn't bet)
Seat 3: Zog Buster (small blind) folded before Flop
Seat 4: Dorex2007 (big blind) showed [9c Ad] and won ($0.55) with two pair, Aces and Queens
Seat 5: nhoangli folded before Flop (didn't bet)
Seat 6: Benoit1999 folded before Flop (didn't bet)
Seat 7: simdiggity folded before Flop (didn't bet)
Seat 8: LPG0680 mucked [8d As]



PokerStars Hand #232557555852:  Hold'em No Limit ($0.01/$0.02 USD) - 2021/12/26 18:12:34 PT [2021/12/26 21:12:34 ET]
Table 'Galahad II' 9-max Seat #3 is the button
Seat 1: TaseevoInva ($3.50 in chips) 
Seat 3: Zog Buster ($2 in chips) 
Seat 4: Dorex2007 ($2.27 in chips) 
Seat 5: nhoangli ($4.92 in chips) 
Seat 6: Benoit1999 ($2 in chips) 
Seat 8: LPG0680 ($5.58 in chips) 
Dorex2007: posts small blind $0.01
nhoangli: posts big blind $0.02
*** HOLE CARDS ***
Dealt to Dorex2007 [Qc 5c]
Benoit1999: folds 
LPG0680: calls $0.02
TaseevoInva: folds 
Zog Buster: folds 
Dorex2007: folds 
Paty Doll726 joins the table at seat #7 
nhoangli: checks 
*** FLOP *** [7s 4h 3s]
nhoangli: bets $0.04
LPG0680: calls $0.04
*** TURN *** [7s 4h 3s] [Qh]
nhoangli: bets $0.06
LPG0680: calls $0.06
*** RIVER *** [7s 4h 3s Qh] [3d]
nhoangli: bets $0.08
LPG0680: folds 
Uncalled bet ($0.08) returned to nhoangli
nhoangli collected $0.24 from pot
nhoangli: doesn't show hand 
*** SUMMARY ***
Total pot $0.25 | Rake $0.01 
Board [7s 4h 3s Qh 3d]
Seat 1: TaseevoInva folded before Flop (didn't bet)
Seat 3: Zog Buster (button) folded before Flop (didn't bet)
Seat 4: Dorex2007 (small blind) folded before Flop
Seat 5: nhoangli (big blind) collected ($0.24)
Seat 6: Benoit1999 folded before Flop (didn't bet)
Seat 8: LPG0680 folded on the River



PokerStars Hand #232557570447:  Hold'em No Limit ($0.01/$0.02 USD) - 2021/12/26 18:13:28 PT [2021/12/26 21:13:28 ET]
Table 'Galahad II' 9-max Seat #4 is the button
Seat 1: TaseevoInva ($3.50 in chips) 
Seat 3: Zog Buster ($2 in chips) 
Seat 4: Dorex2007 ($2.26 in chips) 
Seat 5: nhoangli ($5.04 in chips) 
Seat 6: Benoit1999 ($2 in chips) 
Seat 8: LPG0680 ($5.46 in chips) 
nhoangli: posts small blind $0.01
Benoit1999: posts big blind $0.02
Paty Doll726: sits out 
*** HOLE CARDS ***
Dealt to Dorex2007 [6h 9d]
LPG0680: calls $0.02
TaseevoInva: folds 
Zog Buster: folds 
Dorex2007: folds 
nhoangli: folds 
Benoit1999: checks 
*** FLOP *** [8h 6d 9s]
LUCASVINIC11 leaves the table
Benoit1999: checks 
LPG0680: checks 
*** TURN *** [8h 6d 9s] [6s]
Benoit1999: bets $0.04
ShivaShango joins the table at seat #2 
LPG0680: calls $0.04
*** RIVER *** [8h 6d 9s 6s] [5d]
Benoit1999: bets $0.10
LPG0680: calls $0.10
*** SHOW DOWN ***
Benoit1999: shows [3d Jd] (a pair of Sixes)
LPG0680: shows [5c Tc] (two pair, Sixes and Fives)
LPG0680 collected $0.32 from pot
*** SUMMARY ***
Total pot $0.33 | Rake $0.01 
Board [8h 6d 9s 6s 5d]
Seat 1: TaseevoInva folded before Flop (didn't bet)
Seat 3: Zog Buster folded before Flop (didn't bet)
Seat 4: Dorex2007 (button) folded before Flop (didn't bet)
Seat 5: nhoangli (small blind) folded before Flop
Seat 6: Benoit1999 (big blind) showed [3d Jd] and lost with a pair of Sixes
Seat 8: LPG0680 showed [5c Tc] and won ($0.32) with two pair, Sixes and Fives



PokerStars Hand #232557580894:  Hold'em No Limit ($0.01/$0.02 USD) - 2021/12/26 18:14:06 PT [2021/12/26 21:14:06 ET]
Table 'Galahad II' 9-max Seat #5 is the button
Seat 1: TaseevoInva ($3.50 in chips) 
Seat 2: ShivaShango ($2 in chips) 
Seat 3: Zog Buster ($2 in chips) 
Seat 4: Dorex2007 ($2.26 in chips) 
Seat 5: nhoangli ($5.03 in chips) 
Seat 6: Benoit1999 ($2 in chips) 
Seat 7: Paty Doll726 ($0.80 in chips) 
Seat 8: LPG0680 ($5.62 in chips) 
Benoit1999: posts small blind $0.01
Paty Doll726: posts big blind $0.02
ShivaShango: posts big blind $0.02
*** HOLE CARDS ***
Dealt to Dorex2007 [7d 9d]
LPG0680: raises $0.08 to $0.10
TaseevoInva: folds 
ShivaShango: folds 
Zog Buster: calls $0.10
Dorex2007: folds 
nhoangli: folds 
Benoit1999: folds 
Paty Doll726: folds 
*** FLOP *** [5d Ks 8h]
LPG0680: bets $0.12
Zog Buster: folds 
Uncalled bet ($0.12) returned to LPG0680
LPG0680 collected $0.24 from pot
LPG0680: doesn't show hand 
*** SUMMARY ***
Total pot $0.25 | Rake $0.01 
Board [5d Ks 8h]
Seat 1: TaseevoInva folded before Flop (didn't bet)
Seat 2: ShivaShango folded before Flop (didn't bet)
Seat 3: Zog Buster folded on the Flop
Seat 4: Dorex2007 folded before Flop (didn't bet)
Seat 5: nhoangli (button) folded before Flop (didn't bet)
Seat 6: Benoit1999 (small blind) folded before Flop
Seat 7: Paty Doll726 (big blind) folded before Flop
Seat 8: LPG0680 collected ($0.24)



PokerStars Hand #232557589693:  Hold'em No Limit ($0.01/$0.02 USD) - 2021/12/26 18:14:39 PT [2021/12/26 21:14:39 ET]
Table 'Galahad II' 9-max Seat #6 is the button
Seat 1: TaseevoInva ($3.50 in chips) 
Seat 2: ShivaShango ($1.98 in chips) 
Seat 3: Zog Buster ($2 in chips) 
Seat 4: Dorex2007 ($2.26 in chips) 
Seat 5: nhoangli ($5.03 in chips) 
Seat 6: Benoit1999 ($2 in chips) 
Seat 7: Paty Doll726 ($0.78 in chips) 
Seat 8: LPG0680 ($5.76 in chips) 
Paty Doll726: posts small blind $0.01
LPG0680: posts big blind $0.02
*** HOLE CARDS ***
Dealt to Dorex2007 [2h 5s]
TaseevoInva: folds 
ShivaShango: folds 
Zog Buster: folds 
Dorex2007: folds 
nhoangli: raises $0.02 to $0.04
Benoit1999: folds 
Paty Doll726: raises $0.74 to $0.78 and is all-in
LPG0680: folds 
nhoangli: folds 
Uncalled bet ($0.74) returned to Paty Doll726
Paty Doll726 collected $0.10 from pot
*** SUMMARY ***
Total pot $0.10 | Rake $0 
Seat 1: TaseevoInva folded before Flop (didn't bet)
Seat 2: ShivaShango folded before Flop (didn't bet)
Seat 3: Zog Buster folded before Flop (didn't bet)
Seat 4: Dorex2007 folded before Flop (didn't bet)
Seat 5: nhoangli folded before Flop
Seat 6: Benoit1999 (button) folded before Flop (didn't bet)
Seat 7: Paty Doll726 (small blind) collected ($0.10)
Seat 8: LPG0680 (big blind) folded before Flop



PokerStars Hand #232557596840:  Hold'em No Limit ($0.01/$0.02 USD) - 2021/12/26 18:15:05 PT [2021/12/26 21:15:05 ET]
Table 'Galahad II' 9-max Seat #7 is the button
Seat 1: TaseevoInva ($3.50 in chips) 
Seat 2: ShivaShango ($1.98 in chips) 
Seat 3: Zog Buster ($2 in chips) 
Seat 4: Dorex2007 ($2.26 in chips) 
Seat 5: nhoangli ($4.99 in chips) 
Seat 6: Benoit1999 ($2 in chips) 
Seat 7: Paty Doll726 ($0.84 in chips) 
Seat 8: LPG0680 ($5.74 in chips) 
LPG0680: posts small blind $0.01
TaseevoInva: posts big blind $0.02
*** HOLE CARDS ***
Dealt to Dorex2007 [Tc Jc]
ShivaShango: folds 
Zog Buster: folds 
Dorex2007: folds 
nhoangli: calls $0.02
Benoit1999: folds 
Paty Doll726: calls $0.02
LPG0680: calls $0.01
TaseevoInva: checks 
*** FLOP *** [7c 8s 2h]
LPG0680: checks 
TaseevoInva: checks 
nhoangli: bets $0.04
Paty Doll726: raises $0.78 to $0.82 and is all-in
LPG0680: folds 
TaseevoInva: folds 
nhoangli: calls $0.78
TaseevoInva leaves the table
*** TURN *** [7c 8s 2h] [9h]
*** RIVER *** [7c 8s 2h 9h] [3c]
*** SHOW DOWN ***
nhoangli: shows [Kc Kh] (a pair of Kings)
Paty Doll726: shows [Jh Jd] (a pair of Jacks)
nhoangli collected $1.66 from pot
Paty Doll726 cashed out the hand for $0.16
*** SUMMARY ***
Total pot $1.72 | Rake $0.06 
Board [7c 8s 2h 9h 3c]
Seat 1: TaseevoInva (big blind) folded on the Flop
Seat 2: ShivaShango folded before Flop (didn't bet)
Seat 3: Zog Buster folded before Flop (didn't bet)
Seat 4: Dorex2007 folded before Flop (didn't bet)
Seat 5: nhoangli showed [Kc Kh] and won ($1.66) with a pair of Kings
Seat 6: Benoit1999 folded before Flop (didn't bet)
Seat 7: Paty Doll726 (button) showed [Jh Jd] and lost with a pair of Jacks (cashed out).
Seat 8: LPG0680 (small blind) folded on the Flop



PokerStars Hand #232557611336:  Hold'em No Limit ($0.01/$0.02 USD) - 2021/12/26 18:15:59 PT [2021/12/26 21:15:59 ET]
Table 'Galahad II' 9-max Seat #8 is the button
Seat 2: ShivaShango ($1.98 in chips) 
Seat 3: Zog Buster ($2 in chips) 
Seat 4: Dorex2007 ($2.26 in chips) 
Seat 5: nhoangli ($5.81 in chips) 
Seat 6: Benoit1999 ($2 in chips) 
Seat 7: Paty Doll726 ($0.16 in chips) 
Seat 8: LPG0680 ($5.72 in chips) 
ShivaShango: posts small blind $0.01
Zog Buster: posts big blind $0.02
*** HOLE CARDS ***
Dealt to Dorex2007 [As 6c]
Dorex2007: folds 
nhoangli: raises $0.02 to $0.04
Benoit1999: folds 
Paty Doll726: folds 
Paty Doll726 leaves the table
LPG0680: raises $0.06 to $0.10
ShivaShango: folds 
Zog Buster: folds 
nhoangli: calls $0.06
*** FLOP *** [9s Qs 5s]
nhoangli: checks 
LPG0680: checks 
*** TURN *** [9s Qs 5s] [Ts]
zerga1611 joins the table at seat #7 
nhoangli: checks 
LPG0680: bets $0.12
nhoangli: folds 
Uncalled bet ($0.12) returned to LPG0680
LPG0680 collected $0.22 from pot
LPG0680: doesn't show hand 
*** SUMMARY ***
Total pot $0.23 | Rake $0.01 
Board [9s Qs 5s Ts]
Seat 2: ShivaShango (small blind) folded before Flop
Seat 3: Zog Buster (big blind) folded before Flop
Seat 4: Dorex2007 folded before Flop (didn't bet)
Seat 5: nhoangli folded on the Turn
Seat 6: Benoit1999 folded before Flop (didn't bet)
Seat 7: Paty Doll726 folded before Flop (didn't bet)
Seat 8: LPG0680 (button) collected ($0.22)



PokerStars Hand #232557624592:  Hold'em No Limit ($0.01/$0.02 USD) - 2021/12/26 18:16:38 PT [2021/12/26 21:16:38 ET]
Table 'Galahad II' 9-max Seat #2 is the button
Seat 2: ShivaShango ($1.97 in chips) 
Seat 3: Zog Buster ($2 in chips) 
Seat 4: Dorex2007 ($2.26 in chips) 
Seat 5: nhoangli ($5.71 in chips) 
Seat 6: Benoit1999 ($2 in chips) 
Seat 7: zerga1611 ($0.80 in chips) 
Seat 8: LPG0680 ($5.84 in chips) 
Zog Buster: posts small blind $0.01
Dorex2007: posts big blind $0.02
zerga1611: posts big blind $0.02
*** HOLE CARDS ***
Dealt to Dorex2007 [Th 7d]
nhoangli: folds 
Benoit1999: folds 
Ganso1978 joins the table at seat #1 
zerga1611: checks 
LPG0680: calls $0.02
ShivaShango: folds 
Zog Buster: folds 
Dorex2007: checks 
*** FLOP *** [Kc 9s Ad]
Dorex2007: checks 
zerga1611: bets $0.05
LPG0680: calls $0.05
Dorex2007: folds 
*** TURN *** [Kc 9s Ad] [9h]
zerga1611: checks 
LPG0680: checks 
*** RIVER *** [Kc 9s Ad 9h] [Kh]
zerga1611: checks 
LPG0680: checks 
*** SHOW DOWN ***
zerga1611: shows [7c As] (two pair, Aces and Kings)
LPG0680: mucks hand 
zerga1611 collected $0.16 from pot
*** SUMMARY ***
Total pot $0.17 | Rake $0.01 
Board [Kc 9s Ad 9h Kh]
Seat 2: ShivaShango (button) folded before Flop (didn't bet)
Seat 3: Zog Buster (small blind) folded before Flop
Seat 4: Dorex2007 (big blind) folded on the Flop
Seat 5: nhoangli folded before Flop (didn't bet)
Seat 6: Benoit1999 folded before Flop (didn't bet)
Seat 7: zerga1611 showed [7c As] and won ($0.16) with two pair, Aces and Kings
Seat 8: LPG0680 mucked [Qs 8d]



PokerStars Hand #232557639077:  Hold'em No Limit ($0.01/$0.02 USD) - 2021/12/26 18:17:32 PT [2021/12/26 21:17:32 ET]
Table 'Galahad II' 9-max Seat #3 is the button
Seat 1: Ganso1978 ($2 in chips) 
Seat 2: ShivaShango ($1.97 in chips) 
Seat 3: Zog Buster ($2 in chips) 
Seat 4: Dorex2007 ($2.24 in chips) 
Seat 5: nhoangli ($5.71 in chips) 
Seat 6: Benoit1999 ($2 in chips) 
Seat 7: zerga1611 ($0.89 in chips) 
Seat 8: LPG0680 ($5.77 in chips) 
Dorex2007: posts small blind $0.01
nhoangli: posts big blind $0.02
Ganso1978: posts big blind $0.02
*** HOLE CARDS ***
Dealt to Dorex2007 [Ac 8d]
Benoit1999: folds 
zerga1611: folds 
LPG0680: raises $0.08 to $0.10
Ganso1978: calls $0.08
ShivaShango: folds 
Zog Buster: folds 
Dorex2007: folds 
nhoangli: calls $0.08
*** FLOP *** [3s 6s Ad]
nhoangli: checks 
LPG0680: checks 
Ganso1978: bets $0.30
nhoangli: calls $0.30
LPG0680: calls $0.30
*** TURN *** [3s 6s Ad] [Jc]
nhoangli: checks 
LPG0680: checks 
Ganso1978: checks 
*** RIVER *** [3s 6s Ad Jc] [2h]
nhoangli: checks 
LPG0680: checks 
Ganso1978: checks 
*** SHOW DOWN ***
nhoangli: shows [Ah Ks] (a pair of Aces)
LPG0680: mucks hand 
Ganso1978: mucks hand 
nhoangli collected $1.17 from pot
*** SUMMARY ***
Total pot $1.21 | Rake $0.04 
Board [3s 6s Ad Jc 2h]
Seat 1: Ganso1978 mucked [4h As]
Seat 2: ShivaShango folded before Flop (didn't bet)
Seat 3: Zog Buster (button) folded before Flop (didn't bet)
Seat 4: Dorex2007 (small blind) folded before Flop
Seat 5: nhoangli (big blind) showed [Ah Ks] and won ($1.17) with a pair of Aces
Seat 6: Benoit1999 folded before Flop (didn't bet)
Seat 7: zerga1611 folded before Flop (didn't bet)
Seat 8: LPG0680 mucked [Kh Kd]



PokerStars Hand #232557653191:  Hold'em No Limit ($0.01/$0.02 USD) - 2021/12/26 18:18:24 PT [2021/12/26 21:18:24 ET]
Table 'Galahad II' 9-max Seat #4 is the button
Seat 1: Ganso1978 ($1.60 in chips) 
Seat 2: ShivaShango ($1.97 in chips) 
Seat 3: Zog Buster ($2 in chips) 
Seat 4: Dorex2007 ($2.23 in chips) 
Seat 5: nhoangli ($6.48 in chips) 
Seat 6: Benoit1999 ($2 in chips) 
Seat 7: zerga1611 ($0.89 in chips) 
Seat 8: LPG0680 ($5.37 in chips) 
nhoangli: posts small blind $0.01
Benoit1999: posts big blind $0.02
*** HOLE CARDS ***
Dealt to Dorex2007 [2h 8h]
zerga1611: raises $0.02 to $0.04
LPG0680: calls $0.04
Ganso1978: calls $0.04
ShivaShango: folds 
Zog Buster: folds 
Dorex2007 has timed out
Dorex2007: folds 
nhoangli: raises $0.04 to $0.08
Benoit1999: folds 
zerga1611: calls $0.04
LPG0680: calls $0.04
Ganso1978: calls $0.04
*** FLOP *** [Jc 7h 4c]
nhoangli: bets $0.10
zerga1611: folds 
LPG0680: folds 
Ganso1978: folds 
Uncalled bet ($0.10) returned to nhoangli
nhoangli collected $0.33 from pot
nhoangli: doesn't show hand 
*** SUMMARY ***
Total pot $0.34 | Rake $0.01 
Board [Jc 7h 4c]
Seat 1: Ganso1978 folded on the Flop
Seat 2: ShivaShango folded before Flop (didn't bet)
Seat 3: Zog Buster folded before Flop (didn't bet)
Seat 4: Dorex2007 (button) folded before Flop (didn't bet)
Seat 5: nhoangli (small blind) collected ($0.33)
Seat 6: Benoit1999 (big blind) folded before Flop
Seat 7: zerga1611 folded on the Flop
Seat 8: LPG0680 folded on the Flop



PokerStars Hand #232557668543:  Hold'em No Limit ($0.01/$0.02 USD) - 2021/12/26 18:19:20 PT [2021/12/26 21:19:20 ET]
Table 'Galahad II' 9-max Seat #5 is the button
Seat 1: Ganso1978 ($1.52 in chips) 
Seat 2: ShivaShango ($1.97 in chips) 
Seat 3: Zog Buster ($2 in chips) 
Seat 4: Dorex2007 ($2.23 in chips) 
Seat 5: nhoangli ($6.73 in chips) 
Seat 6: Benoit1999 ($2 in chips) 
Seat 7: zerga1611 ($0.81 in chips) 
Seat 8: LPG0680 ($5.29 in chips) 
Benoit1999: posts small blind $0.01
zerga1611: posts big blind $0.02
*** HOLE CARDS ***
Dealt to Dorex2007 [As 8s]
LPG0680: calls $0.02
Ganso1978: calls $0.02
ShivaShango: raises $0.04 to $0.06
Zog Buster: calls $0.06
Dorex2007: folds 
nhoangli: folds 
Benoit1999: folds 
zerga1611: calls $0.04
LPG0680: calls $0.04
Ganso1978: folds 
*** FLOP *** [Ks 7h Ts]
frosa9397 leaves the table
zerga1611: checks 
LPG0680: bets $0.12
ShivaShango: calls $0.12
Zog Buster: folds 
zerga1611: folds 
*** TURN *** [Ks 7h Ts] [4c]
LPG0680: checks 
ShivaShango: checks 
*** RIVER *** [Ks 7h Ts 4c] [Js]
LPG0680: bets $0.49
ShivaShango: calls $0.49
*** SHOW DOWN ***
LPG0680: shows [5s 9s] (a flush, King high)
ShivaShango: mucks hand 
LPG0680 collected $1.44 from pot
*** SUMMARY ***
Total pot $1.49 | Rake $0.05 
Board [Ks 7h Ts 4c Js]
Seat 1: Ganso1978 folded before Flop
Seat 2: ShivaShango mucked [Jd Jh]
Seat 3: Zog Buster folded on the Flop
Seat 4: Dorex2007 folded before Flop (didn't bet)
Seat 5: nhoangli (button) folded before Flop (didn't bet)
Seat 6: Benoit1999 (small blind) folded before Flop
Seat 7: zerga1611 (big blind) folded on the Flop
Seat 8: LPG0680 showed [5s 9s] and won ($1.44) with a flush, King high



PokerStars Hand #232557694987:  Hold'em No Limit ($0.01/$0.02 USD) - 2021/12/26 18:20:26 PT [2021/12/26 21:20:26 ET]
Table 'Galahad II' 9-max Seat #6 is the button
Seat 1: Ganso1978 ($1.50 in chips) 
Seat 2: ShivaShango ($1.30 in chips) 
Seat 3: Zog Buster ($2 in chips) 
Seat 4: Dorex2007 ($2.23 in chips) 
Seat 5: nhoangli ($6.73 in chips) 
Seat 6: Benoit1999 ($2 in chips) 
Seat 7: zerga1611 ($0.75 in chips) 
Seat 8: LPG0680 ($6.06 in chips) 
zerga1611: posts small blind $0.01
LPG0680: posts big blind $0.02
*** HOLE CARDS ***
Dealt to Dorex2007 [3s 8c]
Ganso1978: raises $0.02 to $0.04
ShivaShango: folds 
Zog Buster: folds 
Dorex2007: folds 
nhoangli: calls $0.04
Benoit1999: folds 
zerga1611: calls $0.03
LPG0680: calls $0.02
*** FLOP *** [Jh 9h Ad]
zerga1611: checks 
LPG0680: checks 
Ganso1978: checks 
nhoangli: bets $0.08
zerga1611: folds 
LPG0680: folds 
Ganso1978: calls $0.08
*** TURN *** [Jh 9h Ad] [5h]
Ganso1978: checks 
nhoangli: checks 
*** RIVER *** [Jh 9h Ad 5h] [2d]
Scrubly joins the table at seat #9 
Ganso1978: checks 
nhoangli: bets $0.14
Ganso1978: calls $0.14
*** SHOW DOWN ***
nhoangli: shows [8h Ts] (high card Ace)
Ganso1978: shows [Qc 9c] (a pair of Nines)
Ganso1978 collected $0.58 from pot
*** SUMMARY ***
Total pot $0.60 | Rake $0.02 
Board [Jh 9h Ad 5h 2d]
Seat 1: Ganso1978 showed [Qc 9c] and won ($0.58) with a pair of Nines
Seat 2: ShivaShango folded before Flop (didn't bet)
Seat 3: Zog Buster folded before Flop (didn't bet)
Seat 4: Dorex2007 folded before Flop (didn't bet)
Seat 5: nhoangli showed [8h Ts] and lost with high card Ace
Seat 6: Benoit1999 (button) folded before Flop (didn't bet)
Seat 7: zerga1611 (small blind) folded on the Flop
Seat 8: LPG0680 (big blind) folded on the Flop



PokerStars Hand #232557710823:  Hold'em No Limit ($0.01/$0.02 USD) - 2021/12/26 18:21:25 PT [2021/12/26 21:21:25 ET]
Table 'Galahad II' 9-max Seat #7 is the button
Seat 1: Ganso1978 ($1.82 in chips) 
Seat 2: ShivaShango ($2 in chips) 
Seat 3: Zog Buster ($2 in chips) 
Seat 4: Dorex2007 ($2.23 in chips) 
Seat 5: nhoangli ($6.47 in chips) 
Seat 6: Benoit1999 ($2 in chips) 
Seat 7: zerga1611 ($0.71 in chips) 
Seat 8: LPG0680 ($6.02 in chips) 
Seat 9: Scrubly ($0.80 in chips) 
LPG0680: posts small blind $0.01
Scrubly: posts big blind $0.02
*** HOLE CARDS ***
Dealt to Dorex2007 [5h 4d]
Ganso1978: calls $0.02
ShivaShango: folds 
Zog Buster: folds 
Dorex2007: folds 
nhoangli: folds 
Benoit1999: folds 
zerga1611: folds 
LPG0680: folds 
Scrubly: checks 
*** FLOP *** [9d 8d 7s]
Scrubly: bets $0.05
Ganso1978: calls $0.05
*** TURN *** [9d 8d 7s] [5c]
Scrubly: bets $0.14
Ganso1978: raises $0.14 to $0.28
Scrubly: calls $0.14
*** RIVER *** [9d 8d 7s 5c] [9s]
Scrubly: checks 
Ganso1978: bets $0.35
Scrubly: calls $0.35
*** SHOW DOWN ***
Ganso1978: shows [Qc 6c] (a straight, Five to Nine)
Scrubly: mucks hand 
Ganso1978 collected $1.36 from pot
*** SUMMARY ***
Total pot $1.41 | Rake $0.05 
Board [9d 8d 7s 5c 9s]
Seat 1: Ganso1978 showed [Qc 6c] and won ($1.36) with a straight, Five to Nine
Seat 2: ShivaShango folded before Flop (didn't bet)
Seat 3: Zog Buster folded before Flop (didn't bet)
Seat 4: Dorex2007 folded before Flop (didn't bet)
Seat 5: nhoangli folded before Flop (didn't bet)
Seat 6: Benoit1999 folded before Flop (didn't bet)
Seat 7: zerga1611 (button) folded before Flop (didn't bet)
Seat 8: LPG0680 (small blind) folded before Flop
Seat 9: Scrubly (big blind) mucked [7c 8c]



PokerStars Hand #232557720746:  Hold'em No Limit ($0.01/$0.02 USD) - 2021/12/26 18:22:03 PT [2021/12/26 21:22:03 ET]
Table 'Galahad II' 9-max Seat #8 is the button
Seat 1: Ganso1978 ($2.48 in chips) 
Seat 2: ShivaShango ($2 in chips) 
Seat 3: Zog Buster ($2 in chips) 
Seat 4: Dorex2007 ($2.23 in chips) 
Seat 5: nhoangli ($6.47 in chips) 
Seat 6: Benoit1999 ($2 in chips) 
Seat 7: zerga1611 ($0.71 in chips) 
Seat 8: LPG0680 ($6.01 in chips) 
Seat 9: Scrubly ($0.10 in chips) 
Scrubly: posts small blind $0.01
Ganso1978: posts big blind $0.02
*** HOLE CARDS ***
Dealt to Dorex2007 [4h 3s]
ShivaShango has timed out
ShivaShango: folds 
Zog Buster: folds 
Dorex2007: folds 
nhoangli: folds 
Benoit1999: folds 
zerga1611: folds 
LPG0680: calls $0.02
Scrubly: raises $0.02 to $0.04
Ganso1978: folds 
LPG0680: calls $0.02
*** FLOP *** [Tc Jd 4s]
Scrubly: checks 
LPG0680: checks 
*** TURN *** [Tc Jd 4s] [Js]
Scrubly: bets $0.06 and is all-in
LPG0680: calls $0.06
*** RIVER *** [Tc Jd 4s Js] [6h]
*** SHOW DOWN ***
Scrubly: shows [2d Qh] (a pair of Jacks)
LPG0680: shows [5s 2s] (a pair of Jacks - lower kicker)
Scrubly collected $0.21 from pot
*** SUMMARY ***
Total pot $0.22 | Rake $0.01 
Board [Tc Jd 4s Js 6h]
Seat 1: Ganso1978 (big blind) folded before Flop
Seat 2: ShivaShango folded before Flop (didn't bet)
Seat 3: Zog Buster folded before Flop (didn't bet)
Seat 4: Dorex2007 folded before Flop (didn't bet)
Seat 5: nhoangli folded before Flop (didn't bet)
Seat 6: Benoit1999 folded before Flop (didn't bet)
Seat 7: zerga1611 folded before Flop (didn't bet)
Seat 8: LPG0680 (button) showed [5s 2s] and lost with a pair of Jacks
Seat 9: Scrubly (small blind) showed [2d Qh] and won ($0.21) with a pair of Jacks



PokerStars Hand #232557738052:  Hold'em No Limit ($0.01/$0.02 USD) - 2021/12/26 18:23:08 PT [2021/12/26 21:23:08 ET]
Table 'Galahad II' 9-max Seat #9 is the button
Seat 1: Ganso1978 ($2.46 in chips) 
Seat 2: ShivaShango ($2 in chips) 
Seat 3: Zog Buster ($2 in chips) 
Seat 4: Dorex2007 ($2.23 in chips) 
Seat 5: nhoangli ($6.47 in chips) 
Seat 6: Benoit1999 ($2 in chips) 
Seat 7: zerga1611 ($0.71 in chips) 
Seat 8: LPG0680 ($5.91 in chips) 
Seat 9: Scrubly ($0.21 in chips) 
Ganso1978: posts small blind $0.01
ShivaShango: posts big blind $0.02
*** HOLE CARDS ***
Dealt to Dorex2007 [4c 2h]
Zog Buster: folds 
Dorex2007: folds 
nhoangli: folds 
Benoit1999: raises $0.03 to $0.05
zerga1611: folds 
LPG0680: folds 
Scrubly: folds 
Ganso1978: folds 
ShivaShango: folds 
Uncalled bet ($0.03) returned to Benoit1999
Benoit1999 collected $0.05 from pot
*** SUMMARY ***
Total pot $0.05 | Rake $0 
Seat 1: Ganso1978 (small blind) folded before Flop
Seat 2: ShivaShango (big blind) folded before Flop
Seat 3: Zog Buster folded before Flop (didn't bet)
Seat 4: Dorex2007 folded before Flop (didn't bet)
Seat 5: nhoangli folded before Flop (didn't bet)
Seat 6: Benoit1999 collected ($0.05)
Seat 7: zerga1611 folded before Flop (didn't bet)
Seat 8: LPG0680 folded before Flop (didn't bet)
Seat 9: Scrubly (button) folded before Flop (didn't bet)



PokerStars Hand #232557745322:  Hold'em No Limit ($0.01/$0.02 USD) - 2021/12/26 18:23:36 PT [2021/12/26 21:23:36 ET]
Table 'Galahad II' 9-max Seat #1 is the button
Seat 1: Ganso1978 ($2.45 in chips) 
Seat 2: ShivaShango ($1.98 in chips) 
Seat 3: Zog Buster ($2 in chips) 
Seat 4: Dorex2007 ($2.23 in chips) 
Seat 5: nhoangli ($6.47 in chips) 
Seat 6: Benoit1999 ($2.03 in chips) 
Seat 7: zerga1611 ($0.71 in chips) 
Seat 8: LPG0680 ($5.91 in chips) 
Seat 9: Scrubly ($0.21 in chips) 
ShivaShango: posts small blind $0.01
Zog Buster: posts big blind $0.02
*** HOLE CARDS ***
Dealt to Dorex2007 [8d 6c]
Dorex2007: folds 
nhoangli: folds 
Benoit1999: folds 
zerga1611: folds 
LPG0680: calls $0.02
Scrubly: raises $0.19 to $0.21 and is all-in
Ganso1978: calls $0.21
ShivaShango: folds 
Zog Buster: folds 
LPG0680: calls $0.19
*** FLOP *** [Ad 8c 4d]
LPG0680: checks 
Ganso1978: checks 
*** TURN *** [Ad 8c 4d] [Tc]
LPG0680: checks 
ShivaShango leaves the table
Ganso1978: bets $0.08
LPG0680: calls $0.08
*** RIVER *** [Ad 8c 4d Tc] [9h]
LPG0680: checks 
Ganso1978: checks 
*** SHOW DOWN ***
LPG0680: shows [9c 7s] (a pair of Nines)
Ganso1978: shows [Jh Jc] (a pair of Jacks)
Ganso1978 collected $0.15 from side pot
Scrubly: shows [Qs Ac] (a pair of Aces)
Scrubly collected $0.64 from main pot
*** SUMMARY ***
Total pot $0.82 Main pot $0.64. Side pot $0.15. | Rake $0.03 
Board [Ad 8c 4d Tc 9h]
Seat 1: Ganso1978 (button) showed [Jh Jc] and won ($0.15) with a pair of Jacks
Seat 2: ShivaShango (small blind) folded before Flop
Seat 3: Zog Buster (big blind) folded before Flop
Seat 4: Dorex2007 folded before Flop (didn't bet)
Seat 5: nhoangli folded before Flop (didn't bet)
Seat 6: Benoit1999 folded before Flop (didn't bet)
Seat 7: zerga1611 folded before Flop (didn't bet)
Seat 8: LPG0680 showed [9c 7s] and lost with a pair of Nines
Seat 9: Scrubly showed [Qs Ac] and won ($0.64) with a pair of Aces



PokerStars Hand #232557759341:  Hold'em No Limit ($0.01/$0.02 USD) - 2021/12/26 18:24:28 PT [2021/12/26 21:24:28 ET]
Table 'Galahad II' 9-max Seat #3 is the button
Seat 1: Ganso1978 ($2.31 in chips) 
Seat 3: Zog Buster ($2 in chips) 
Seat 4: Dorex2007 ($2.23 in chips) 
Seat 5: nhoangli ($6.47 in chips) 
Seat 6: Benoit1999 ($2.03 in chips) 
Seat 7: zerga1611 ($0.71 in chips) 
Seat 8: LPG0680 ($5.62 in chips) 
Seat 9: Scrubly ($0.64 in chips) 
Dorex2007: posts small blind $0.01
nhoangli: posts big blind $0.02
*** HOLE CARDS ***
Dealt to Dorex2007 [5d 9h]
Benoit1999: folds 
zerga1611 has timed out
zerga1611: folds 
LPG0680: calls $0.02
Scrubly: folds 
Ganso1978: folds 
Ganso1978 leaves the table
Zog Buster: folds 
Dorex2007: folds 
pelu71 joins the table at seat #1 
nhoangli: checks 
*** FLOP *** [4c 5s Qd]
nhoangli: checks 
LPG0680: checks 
*** TURN *** [4c 5s Qd] [2d]
nhoangli: bets $0.02
LPG0680: calls $0.02
*** RIVER *** [4c 5s Qd 2d] [Js]
nhoangli: bets $0.06
LPG0680: folds 
Uncalled bet ($0.06) returned to nhoangli
nhoangli collected $0.09 from pot
nhoangli: doesn't show hand 
*** SUMMARY ***
Total pot $0.09 | Rake $0 
Board [4c 5s Qd 2d Js]
Seat 1: Ganso1978 folded before Flop (didn't bet)
Seat 3: Zog Buster (button) folded before Flop (didn't bet)
Seat 4: Dorex2007 (small blind) folded before Flop
Seat 5: nhoangli (big blind) collected ($0.09)
Seat 6: Benoit1999 folded before Flop (didn't bet)
Seat 7: zerga1611 folded before Flop (didn't bet)
Seat 8: LPG0680 folded on the River
Seat 9: Scrubly folded before Flop (didn't bet)



PokerStars Hand #232557782420:  Hold'em No Limit ($0.01/$0.02 USD) - 2021/12/26 18:25:26 PT [2021/12/26 21:25:26 ET]
Table 'Galahad II' 9-max Seat #4 is the button
Seat 3: Zog Buster ($2 in chips) 
Seat 4: Dorex2007 ($2.22 in chips) 
Seat 5: nhoangli ($6.52 in chips) 
Seat 6: Benoit1999 ($2.03 in chips) 
Seat 8: LPG0680 ($5.58 in chips) 
Seat 9: Scrubly ($0.64 in chips) 
nhoangli: posts small blind $0.01
Benoit1999: posts big blind $0.02
pelu71: sits out 
*** HOLE CARDS ***
Dealt to Dorex2007 [Ks 2c]
ParadoX9202 joins the table at seat #2 
LPG0680: calls $0.02
Scrubly: raises $0.07 to $0.09
Zog Buster: folds 
Dorex2007: folds 
nhoangli: folds 
Benoit1999: folds 
LPG0680: calls $0.07
*** FLOP *** [7h Qh 7d]
LPG0680: checks 
Scrubly: checks 
*** TURN *** [7h Qh 7d] [Th]
LPG0680: checks 
Scrubly: bets $0.55 and is all-in
LPG0680: folds 
Uncalled bet ($0.55) returned to Scrubly
Scrubly collected $0.20 from pot
Scrubly: doesn't show hand 
*** SUMMARY ***
Total pot $0.21 | Rake $0.01 
Board [7h Qh 7d Th]
Seat 3: Zog Buster folded before Flop (didn't bet)
Seat 4: Dorex2007 (button) folded before Flop (didn't bet)
Seat 5: nhoangli (small blind) folded before Flop
Seat 6: Benoit1999 (big blind) folded before Flop
Seat 8: LPG0680 folded on the Turn
Seat 9: Scrubly collected ($0.20)



PokerStars Hand #232557791088:  Hold'em No Limit ($0.01/$0.02 USD) - 2021/12/26 18:25:58 PT [2021/12/26 21:25:58 ET]
Table 'Galahad II' 9-max Seat #5 is the button
Seat 2: ParadoX9202 ($2 in chips) 
Seat 3: Zog Buster ($2 in chips) 
Seat 4: Dorex2007 ($2.22 in chips) 
Seat 5: nhoangli ($6.51 in chips) 
Seat 6: Benoit1999 ($2.01 in chips) 
Seat 8: LPG0680 ($5.49 in chips) 
Seat 9: Scrubly ($0.75 in chips) 
Benoit1999: posts small blind $0.01
LPG0680: posts big blind $0.02
pelu71: sits out 
ParadoX9202: posts big blind $0.02
*** HOLE CARDS ***
Dealt to Dorex2007 [8s Ad]
Scrubly: folds 
ParadoX9202: raises $0.04 to $0.06
Zog Buster: calls $0.06
Dorex2007: folds 
nhoangli: folds 
Benoit1999: folds 
LPG0680: calls $0.04
*** FLOP *** [Td Tc Kh]
zerga1611 is disconnected 
LPG0680: checks 
ParadoX9202: checks 
Zog Buster: checks 
*** TURN *** [Td Tc Kh] [9d]
LPG0680: checks 
ParadoX9202: checks 
Zog Buster: bets $0.10
LPG0680: calls $0.10
ParadoX9202: calls $0.10
*** RIVER *** [Td Tc Kh 9d] [5h]
LPG0680: checks 
ParadoX9202: checks 
Zog Buster: checks 
*** SHOW DOWN ***
LPG0680: shows [Jd As] (a pair of Tens)
ParadoX9202: shows [Ac Qh] (a pair of Tens - Ace+King+Queen kicker)
Zog Buster: shows [Qs Ks] (two pair, Kings and Tens)
Zog Buster collected $0.47 from pot
*** SUMMARY ***
Total pot $0.49 | Rake $0.02 
Board [Td Tc Kh 9d 5h]
Seat 2: ParadoX9202 showed [Ac Qh] and lost with a pair of Tens
Seat 3: Zog Buster showed [Qs Ks] and won ($0.47) with two pair, Kings and Tens
Seat 4: Dorex2007 folded before Flop (didn't bet)
Seat 5: nhoangli (button) folded before Flop (didn't bet)
Seat 6: Benoit1999 (small blind) folded before Flop
Seat 8: LPG0680 (big blind) showed [Jd As] and lost with a pair of Tens
Seat 9: Scrubly folded before Flop (didn't bet)



PokerStars Hand #232557811835:  Hold'em No Limit ($0.01/$0.02 USD) - 2021/12/26 18:26:47 PT [2021/12/26 21:26:47 ET]
Table 'Galahad II' 9-max Seat #6 is the button
Seat 2: ParadoX9202 ($1.84 in chips) 
Seat 3: Zog Buster ($2.31 in chips) 
Seat 4: Dorex2007 ($2.22 in chips) 
Seat 5: nhoangli ($6.51 in chips) 
Seat 6: Benoit1999 ($2 in chips) 
Seat 8: LPG0680 ($5.33 in chips) 
Seat 9: Scrubly ($0.75 in chips) 
LPG0680: posts small blind $0.01
Scrubly: posts big blind $0.02
pelu71: sits out 
*** HOLE CARDS ***
Dealt to Dorex2007 [3h Kh]
ParadoX9202: folds 
Zog Buster: folds 
Dorex2007: folds 
nhoangli: folds 
Benoit1999: raises $0.03 to $0.05
LPG0680: calls $0.04
Scrubly: calls $0.03
*** FLOP *** [Ad 3c 9h]
LPG0680: bets $0.07
Scrubly: folds 
Benoit1999: folds 
Uncalled bet ($0.07) returned to LPG0680
LPG0680 collected $0.14 from pot
LPG0680: doesn't show hand 
*** SUMMARY ***
Total pot $0.15 | Rake $0.01 
Board [Ad 3c 9h]
Seat 2: ParadoX9202 folded before Flop (didn't bet)
Seat 3: Zog Buster folded before Flop (didn't bet)
Seat 4: Dorex2007 folded before Flop (didn't bet)
Seat 5: nhoangli folded before Flop (didn't bet)
Seat 6: Benoit1999 (button) folded on the Flop
Seat 8: LPG0680 (small blind) collected ($0.14)
Seat 9: Scrubly (big blind) folded on the Flop



PokerStars Hand #232557819346:  Hold'em No Limit ($0.01/$0.02 USD) - 2021/12/26 18:27:15 PT [2021/12/26 21:27:15 ET]
Table 'Galahad II' 9-max Seat #8 is the button
Seat 1: pelu71 ($1.68 in chips) 
Seat 2: ParadoX9202 ($1.84 in chips) 
Seat 3: Zog Buster ($2.31 in chips) 
Seat 4: Dorex2007 ($2.22 in chips) 
Seat 5: nhoangli ($6.51 in chips) 
Seat 6: Benoit1999 ($2 in chips) 
Seat 8: LPG0680 ($5.42 in chips) 
Seat 9: Scrubly ($0.70 in chips) 
Scrubly: posts small blind $0.01
pelu71: posts big blind $0.02
*** HOLE CARDS ***
Dealt to Dorex2007 [2d Td]
ParadoX9202 has timed out
ParadoX9202: folds 
Zog Buster: folds 
zerga1611 leaves the table
Dorex2007: folds 
nhoangli: folds 
Benoit1999: raises $0.03 to $0.05
LPG0680: raises $0.03 to $0.08
Scrubly: raises $0.62 to $0.70 and is all-in
pelu71: folds 
Benoit1999: folds 
LPG0680: calls $0.62
*** FLOP *** [Kc Qh 6c]
*** TURN *** [Kc Qh 6c] [9s]
*** RIVER *** [Kc Qh 6c 9s] [Ks]
*** SHOW DOWN ***
Scrubly: shows [9d 9c] (a full house, Nines full of Kings)
LPG0680: shows [Jc 7c] (a pair of Kings)
Scrubly collected $1.42 from pot
*** SUMMARY ***
Total pot $1.47 | Rake $0.05 
Board [Kc Qh 6c 9s Ks]
Seat 1: pelu71 (big blind) folded before Flop
Seat 2: ParadoX9202 folded before Flop (didn't bet)
Seat 3: Zog Buster folded before Flop (didn't bet)
Seat 4: Dorex2007 folded before Flop (didn't bet)
Seat 5: nhoangli folded before Flop (didn't bet)
Seat 6: Benoit1999 folded before Flop
Seat 8: LPG0680 (button) showed [Jc 7c] and lost with a pair of Kings
Seat 9: Scrubly (small blind) showed [9d 9c] and won ($1.42) with a full house, Nines full of Kings



PokerStars Hand #232557831718:  Hold'em No Limit ($0.01/$0.02 USD) - 2021/12/26 18:28:03 PT [2021/12/26 21:28:03 ET]
Table 'Galahad II' 9-max Seat #9 is the button
Seat 1: pelu71 ($1.66 in chips) 
Seat 2: ParadoX9202 ($1.84 in chips) 
Seat 3: Zog Buster ($2.31 in chips) 
Seat 4: Dorex2007 ($2.22 in chips) 
Seat 5: nhoangli ($6.51 in chips) 
Seat 6: Benoit1999 ($2 in chips) 
Seat 8: LPG0680 ($4.72 in chips) 
Seat 9: Scrubly ($1.42 in chips) 
pelu71: posts small blind $0.01
ParadoX9202: posts big blind $0.02
*** HOLE CARDS ***
Dealt to Dorex2007 [9h 6h]
Zog Buster: folds 
Dorex2007: folds 
nhoangli: calls $0.02
Benoit1999: folds 
LPG0680: calls $0.02
Scrubly: calls $0.02
pelu71: folds 
ParadoX9202: checks 
*** FLOP *** [4d As Kh]
ParadoX9202: checks 
nhoangli: checks 
LPG0680: checks 
Scrubly: checks 
*** TURN *** [4d As Kh] [3c]
ParadoX9202: checks 
nhoangli: bets $0.06
LPG0680: folds 
Scrubly: folds 
ParadoX9202: folds 
Uncalled bet ($0.06) returned to nhoangli
nhoangli collected $0.09 from pot
nhoangli: doesn't show hand 
*** SUMMARY ***
Total pot $0.09 | Rake $0 
Board [4d As Kh 3c]
Seat 1: pelu71 (small blind) folded before Flop
Seat 2: ParadoX9202 (big blind) folded on the Turn
Seat 3: Zog Buster folded before Flop (didn't bet)
Seat 4: Dorex2007 folded before Flop (didn't bet)
Seat 5: nhoangli collected ($0.09)
Seat 6: Benoit1999 folded before Flop (didn't bet)
Seat 8: LPG0680 folded on the Turn
Seat 9: Scrubly (button) folded on the Turn



PokerStars Hand #232557842440:  Hold'em No Limit ($0.01/$0.02 USD) - 2021/12/26 18:28:44 PT [2021/12/26 21:28:44 ET]
Table 'Galahad II' 9-max Seat #1 is the button
Seat 1: pelu71 ($1.65 in chips) 
Seat 2: ParadoX9202 ($1.82 in chips) 
Seat 3: Zog Buster ($2.31 in chips) 
Seat 4: Dorex2007 ($2.22 in chips) 
Seat 5: nhoangli ($6.58 in chips) 
Seat 6: Benoit1999 ($2 in chips) 
Seat 8: LPG0680 ($4.70 in chips) 
Seat 9: Scrubly ($1.40 in chips) 
ParadoX9202: posts small blind $0.01
Zog Buster: posts big blind $0.02
*** HOLE CARDS ***
Dealt to Dorex2007 [Jc 4c]
Dorex2007: folds 
nhoangli: raises $0.02 to $0.04
Benoit1999: folds 
LPG0680: calls $0.04
Scrubly: calls $0.04
pelu71: raises $0.16 to $0.20
ParadoX9202: raises $0.16 to $0.36
Zog Buster: folds 
nhoangli: calls $0.32
LPG0680: folds 
Scrubly: folds 
pelu71: calls $0.16
*** FLOP *** [3c 8h 7h]
KevinT64 joins the table at seat #7 
ParadoX9202: bets $1.46 and is all-in
nhoangli: folds 
Scrubly leaves the table
pelu71: folds 
Uncalled bet ($1.46) returned to ParadoX9202
ParadoX9202 collected $1.14 from pot
ParadoX9202: doesn't show hand 
*** SUMMARY ***
Total pot $1.18 | Rake $0.04 
Board [3c 8h 7h]
Seat 1: pelu71 (button) folded on the Flop
Seat 2: ParadoX9202 (small blind) collected ($1.14)
Seat 3: Zog Buster (big blind) folded before Flop
Seat 4: Dorex2007 folded before Flop (didn't bet)
Seat 5: nhoangli folded on the Flop
Seat 6: Benoit1999 folded before Flop (didn't bet)
Seat 8: LPG0680 folded before Flop
Seat 9: Scrubly folded before Flop



PokerStars Hand #232557862546:  Hold'em No Limit ($0.01/$0.02 USD) - 2021/12/26 18:30:01 PT [2021/12/26 21:30:01 ET]
Table 'Galahad II' 9-max Seat #2 is the button
Seat 1: pelu71 ($1.29 in chips) 
Seat 2: ParadoX9202 ($2.60 in chips) 
Seat 3: Zog Buster ($2.29 in chips) 
Seat 4: Dorex2007 ($2.22 in chips) 
Seat 5: nhoangli ($6.22 in chips) 
Seat 6: Benoit1999 ($2 in chips) 
Seat 7: KevinT64 ($2 in chips) 
Seat 8: LPG0680 ($4.66 in chips) 
Zog Buster: posts small blind $0.01
Dorex2007: posts big blind $0.02
KevinT64: posts big blind $0.02
*** HOLE CARDS ***
Dealt to Dorex2007 [Tc 7d]
nhoangli: folds 
Benoit1999: folds 
KevinT64: checks 
LPG0680: calls $0.02
pelu71: calls $0.02
ParadoX9202: folds 
Zog Buster: folds 
BryW888 joins the table at seat #9 
Dorex2007: checks 
*** FLOP *** [Jd 3s Ks]
Dorex2007: checks 
KevinT64: checks 
LPG0680: bets $0.10
pelu71: folds 
Dorex2007: folds 
KevinT64: folds 
Uncalled bet ($0.10) returned to LPG0680
LPG0680 collected $0.09 from pot
*** SUMMARY ***
Total pot $0.09 | Rake $0 
Board [Jd 3s Ks]
Seat 1: pelu71 folded on the Flop
Seat 2: ParadoX9202 (button) folded before Flop (didn't bet)
Seat 3: Zog Buster (small blind) folded before Flop
Seat 4: Dorex2007 (big blind) folded on the Flop
Seat 5: nhoangli folded before Flop (didn't bet)
Seat 6: Benoit1999 folded before Flop (didn't bet)
Seat 7: KevinT64 folded on the Flop (didn't bet)
Seat 8: LPG0680 collected ($0.09)



PokerStars Hand #232557871992:  Hold'em No Limit ($0.01/$0.02 USD) - 2021/12/26 18:30:37 PT [2021/12/26 21:30:37 ET]
Table 'Galahad II' 9-max Seat #3 is the button
Seat 1: pelu71 ($1.27 in chips) 
Seat 2: ParadoX9202 ($2.60 in chips) 
Seat 3: Zog Buster ($2.28 in chips) 
Seat 4: Dorex2007 ($2.20 in chips) 
Seat 5: nhoangli ($6.22 in chips) 
Seat 6: Benoit1999 ($2 in chips) 
Seat 7: KevinT64 ($1.98 in chips) 
Seat 8: LPG0680 ($4.73 in chips) 
Dorex2007: posts small blind $0.01
nhoangli: posts big blind $0.02
BryW888: sits out 
*** HOLE CARDS ***
Dealt to Dorex2007 [Jc Kd]
Benoit1999: folds 
KevinT64: folds 
LPG0680: folds 
pelu71: folds 
ParadoX9202: folds 
Zog Buster: folds 
Dorex2007: raises $0.02 to $0.04
nhoangli: calls $0.02
*** FLOP *** [9h 4s 4d]
Dorex2007: checks 
nhoangli: bets $0.04
Dorex2007: folds 
Uncalled bet ($0.04) returned to nhoangli
nhoangli collected $0.08 from pot
nhoangli: doesn't show hand 
*** SUMMARY ***
Total pot $0.08 | Rake $0 
Board [9h 4s 4d]
Seat 1: pelu71 folded before Flop (didn't bet)
Seat 2: ParadoX9202 folded before Flop (didn't bet)
Seat 3: Zog Buster (button) folded before Flop (didn't bet)
Seat 4: Dorex2007 (small blind) folded on the Flop
Seat 5: nhoangli (big blind) collected ($0.08)
Seat 6: Benoit1999 folded before Flop (didn't bet)
Seat 7: KevinT64 folded before Flop (didn't bet)
Seat 8: LPG0680 folded before Flop (didn't bet)



PokerStars Hand #232557879866:  Hold'em No Limit ($0.01/$0.02 USD) - 2021/12/26 18:31:07 PT [2021/12/26 21:31:07 ET]
Table 'Galahad II' 9-max Seat #4 is the button
Seat 1: pelu71 ($1.27 in chips) 
Seat 2: ParadoX9202 ($2.60 in chips) 
Seat 3: Zog Buster ($2.28 in chips) 
Seat 4: Dorex2007 ($2.16 in chips) 
Seat 5: nhoangli ($6.26 in chips) 
Seat 6: Benoit1999 ($2 in chips) 
Seat 7: KevinT64 ($1.98 in chips) 
Seat 8: LPG0680 ($4.73 in chips) 
nhoangli: posts small blind $0.01
Benoit1999: posts big blind $0.02
BryW888: sits out 
*** HOLE CARDS ***
Dealt to Dorex2007 [Js 9c]
KevinT64: folds 
LPG0680: folds 
pelu71: folds 
ParadoX9202: folds 
Zog Buster: folds 
Dorex2007: folds 
nhoangli: calls $0.01
Benoit1999: checks 
*** FLOP *** [Ts Tc 2s]
nhoangli: bets $0.02
Benoit1999: calls $0.02
*** TURN *** [Ts Tc 2s] [2c]
nhoangli: bets $0.04
Benoit1999: calls $0.04
*** RIVER *** [Ts Tc 2s 2c] [Qs]
nhoangli: checks 
Benoit1999: checks 
*** SHOW DOWN ***
nhoangli: shows [6c 8s] (two pair, Tens and Deuces)
Benoit1999: shows [8d Kd] (two pair, Tens and Deuces - King kicker)
Benoit1999 collected $0.15 from pot
*** SUMMARY ***
Total pot $0.16 | Rake $0.01 
Board [Ts Tc 2s 2c Qs]
Seat 1: pelu71 folded before Flop (didn't bet)
Seat 2: ParadoX9202 folded before Flop (didn't bet)
Seat 3: Zog Buster folded before Flop (didn't bet)
Seat 4: Dorex2007 (button) folded before Flop (didn't bet)
Seat 5: nhoangli (small blind) showed [6c 8s] and lost with two pair, Tens and Deuces
Seat 6: Benoit1999 (big blind) showed [8d Kd] and won ($0.15) with two pair, Tens and Deuces
Seat 7: KevinT64 folded before Flop (didn't bet)
Seat 8: LPG0680 folded before Flop (didn't bet)



PokerStars Hand #232557890554:  Hold'em No Limit ($0.01/$0.02 USD) - 2021/12/26 18:31:49 PT [2021/12/26 21:31:49 ET]
Table 'Galahad II' 9-max Seat #5 is the button
Seat 1: pelu71 ($1.27 in chips) 
Seat 2: ParadoX9202 ($2.60 in chips) 
Seat 3: Zog Buster ($2.28 in chips) 
Seat 4: Dorex2007 ($2.16 in chips) 
Seat 5: nhoangli ($6.18 in chips) 
Seat 6: Benoit1999 ($2.07 in chips) 
Seat 7: KevinT64 ($1.98 in chips) 
Seat 8: LPG0680 ($4.73 in chips) 
Benoit1999: posts small blind $0.01
KevinT64: posts big blind $0.02
BryW888: sits out 
*** HOLE CARDS ***
Dealt to Dorex2007 [9s Qs]
LPG0680: folds 
pelu71: calls $0.02
ParadoX9202: folds 
Zog Buster: folds 
Dorex2007: folds 
nhoangli: folds 
Benoit1999: folds 
KevinT64: checks 
*** FLOP *** [6s 4d Tc]
KevinT64: checks 
pelu71: checks 
*** TURN *** [6s 4d Tc] [3d]
KevinT64: checks 
pelu71: checks 
*** RIVER *** [6s 4d Tc 3d] [2c]
KevinT64: checks 
pelu71: checks 
*** SHOW DOWN ***
KevinT64: shows [5d Qh] (a straight, Deuce to Six)
pelu71: mucks hand 
KevinT64 collected $0.05 from pot
*** SUMMARY ***
Total pot $0.05 | Rake $0 
Board [6s 4d Tc 3d 2c]
Seat 1: pelu71 mucked [Js Qd]
Seat 2: ParadoX9202 folded before Flop (didn't bet)
Seat 3: Zog Buster folded before Flop (didn't bet)
Seat 4: Dorex2007 folded before Flop (didn't bet)
Seat 5: nhoangli (button) folded before Flop (didn't bet)
Seat 6: Benoit1999 (small blind) folded before Flop
Seat 7: KevinT64 (big blind) showed [5d Qh] and won ($0.05) with a straight, Deuce to Six
Seat 8: LPG0680 folded before Flop (didn't bet)



PokerStars Hand #232557900117:  Hold'em No Limit ($0.01/$0.02 USD) - 2021/12/26 18:32:26 PT [2021/12/26 21:32:26 ET]
Table 'Galahad II' 9-max Seat #6 is the button
Seat 1: pelu71 ($1.25 in chips) 
Seat 2: ParadoX9202 ($2.60 in chips) 
Seat 3: Zog Buster ($2.28 in chips) 
Seat 4: Dorex2007 ($2.16 in chips) 
Seat 5: nhoangli ($6.18 in chips) 
Seat 6: Benoit1999 ($2.06 in chips) 
Seat 7: KevinT64 ($2.01 in chips) 
Seat 8: LPG0680 ($4.73 in chips) 
KevinT64: posts small blind $0.01
LPG0680: posts big blind $0.02
BryW888: sits out 
*** HOLE CARDS ***
Dealt to Dorex2007 [Th Jc]
pelu71: folds 
ParadoX9202: folds 
Zog Buster: folds 
Dorex2007: folds 
nhoangli: folds 
Benoit1999: raises $0.03 to $0.05
KevinT64: calls $0.04
LPG0680: calls $0.03
*** FLOP *** [Jd 8d 5c]
KevinT64: checks 
LPG0680: bets $0.14
Benoit1999: folds 
KevinT64: calls $0.14
*** TURN *** [Jd 8d 5c] [9c]
KevinT64: bets $0.10
LPG0680: calls $0.10
*** RIVER *** [Jd 8d 5c 9c] [Ts]
KevinT64: bets $0.20
LPG0680: calls $0.20
*** SHOW DOWN ***
KevinT64: shows [Qs Qd] (a straight, Eight to Queen)
LPG0680: mucks hand 
KevinT64 collected $0.99 from pot
*** SUMMARY ***
Total pot $1.03 | Rake $0.04 
Board [Jd 8d 5c 9c Ts]
Seat 1: pelu71 folded before Flop (didn't bet)
Seat 2: ParadoX9202 folded before Flop (didn't bet)
Seat 3: Zog Buster folded before Flop (didn't bet)
Seat 4: Dorex2007 folded before Flop (didn't bet)
Seat 5: nhoangli folded before Flop (didn't bet)
Seat 6: Benoit1999 (button) folded on the Flop
Seat 7: KevinT64 (small blind) showed [Qs Qd] and won ($0.99) with a straight, Eight to Queen
Seat 8: LPG0680 (big blind) mucked [8c 6h]



PokerStars Hand #232557911270:  Hold'em No Limit ($0.01/$0.02 USD) - 2021/12/26 18:33:09 PT [2021/12/26 21:33:09 ET]
Table 'Galahad II' 9-max Seat #7 is the button
Seat 1: pelu71 ($1.25 in chips) 
Seat 2: ParadoX9202 ($2.60 in chips) 
Seat 3: Zog Buster ($2.28 in chips) 
Seat 4: Dorex2007 ($2.16 in chips) 
Seat 5: nhoangli ($6.18 in chips) 
Seat 6: Benoit1999 ($2.01 in chips) 
Seat 7: KevinT64 ($2.51 in chips) 
Seat 8: LPG0680 ($4.24 in chips) 
Seat 9: BryW888 ($1.60 in chips) 
LPG0680: posts small blind $0.01
BryW888: posts big blind $0.02
*** HOLE CARDS ***
Dealt to Dorex2007 [3s 4s]
pelu71: folds 
ParadoX9202: folds 
Zog Buster: folds 
Dorex2007: folds 
nhoangli: folds 
Benoit1999: raises $0.03 to $0.05
KevinT64: folds 
LPG0680: folds 
BryW888: calls $0.03
*** FLOP *** [Qc 6c Td]
BryW888: checks 
Benoit1999: bets $0.04
BryW888: folds 
Uncalled bet ($0.04) returned to Benoit1999
Benoit1999 collected $0.11 from pot
Benoit1999: doesn't show hand 
*** SUMMARY ***
Total pot $0.11 | Rake $0 
Board [Qc 6c Td]
Seat 1: pelu71 folded before Flop (didn't bet)
Seat 2: ParadoX9202 folded before Flop (didn't bet)
Seat 3: Zog Buster folded before Flop (didn't bet)
Seat 4: Dorex2007 folded before Flop (didn't bet)
Seat 5: nhoangli folded before Flop (didn't bet)
Seat 6: Benoit1999 collected ($0.11)
Seat 7: KevinT64 (button) folded before Flop (didn't bet)
Seat 8: LPG0680 (small blind) folded before Flop
Seat 9: BryW888 (big blind) folded on the Flop



PokerStars Hand #232557920531:  Hold'em No Limit ($0.01/$0.02 USD) - 2021/12/26 18:33:44 PT [2021/12/26 21:33:44 ET]
Table 'Galahad II' 9-max Seat #8 is the button
Seat 1: pelu71 ($1.25 in chips) 
Seat 2: ParadoX9202 ($2.60 in chips) 
Seat 3: Zog Buster ($2.28 in chips) 
Seat 4: Dorex2007 ($2.16 in chips) 
Seat 5: nhoangli ($6.18 in chips) 
Seat 6: Benoit1999 ($2.07 in chips) 
Seat 7: KevinT64 ($2.51 in chips) 
Seat 8: LPG0680 ($4.23 in chips) 
Seat 9: BryW888 ($1.55 in chips) 
BryW888: posts small blind $0.01
pelu71: posts big blind $0.02
*** HOLE CARDS ***
Dealt to Dorex2007 [4h 9c]
ParadoX9202: folds 
Zog Buster: folds 
Dorex2007: folds 
nhoangli: folds 
Benoit1999: folds 
KevinT64: folds 
LPG0680: calls $0.02
BryW888: calls $0.01
pelu71: checks 
*** FLOP *** [2c Td 7s]
BryW888: checks 
pelu71: bets $0.02
LPG0680: raises $0.10 to $0.12
BryW888: folds 
pelu71: folds 
Uncalled bet ($0.10) returned to LPG0680
LPG0680 collected $0.10 from pot
LPG0680: doesn't show hand 
*** SUMMARY ***
Total pot $0.10 | Rake $0 
Board [2c Td 7s]
Seat 1: pelu71 (big blind) folded on the Flop
Seat 2: ParadoX9202 folded before Flop (didn't bet)
Seat 3: Zog Buster folded before Flop (didn't bet)
Seat 4: Dorex2007 folded before Flop (didn't bet)
Seat 5: nhoangli folded before Flop (didn't bet)
Seat 6: Benoit1999 folded before Flop (didn't bet)
Seat 7: KevinT64 folded before Flop (didn't bet)
Seat 8: LPG0680 (button) collected ($0.10)
Seat 9: BryW888 (small blind) folded on the Flop



PokerStars Hand #232557931429:  Hold'em No Limit ($0.01/$0.02 USD) - 2021/12/26 18:34:27 PT [2021/12/26 21:34:27 ET]
Table 'Galahad II' 9-max Seat #9 is the button
Seat 1: pelu71 ($1.21 in chips) 
Seat 2: ParadoX9202 ($2.60 in chips) 
Seat 3: Zog Buster ($2.28 in chips) 
Seat 4: Dorex2007 ($2.16 in chips) 
Seat 5: nhoangli ($6.18 in chips) 
Seat 6: Benoit1999 ($2.07 in chips) 
Seat 7: KevinT64 ($2.51 in chips) 
Seat 8: LPG0680 ($4.29 in chips) 
Seat 9: BryW888 ($1.53 in chips) 
pelu71: posts small blind $0.01
ParadoX9202: posts big blind $0.02
*** HOLE CARDS ***
Dealt to Dorex2007 [Tc 2h]
Zog Buster: raises $0.04 to $0.06
Dorex2007: folds 
nhoangli: calls $0.06
Benoit1999: folds 
KevinT64: folds 
LPG0680: calls $0.06
BryW888: calls $0.06
pelu71: folds 
ParadoX9202: calls $0.04
*** FLOP *** [8s 9h 5c]
ParadoX9202: checks 
Zog Buster: checks 
nhoangli: bets $0.10
LPG0680: folds 
BryW888: calls $0.10
ParadoX9202: calls $0.10
Zog Buster: folds 
*** TURN *** [8s 9h 5c] [4c]
ParadoX9202: bets $0.02
nhoangli: calls $0.02
BryW888: calls $0.02
*** RIVER *** [8s 9h 5c 4c] [Jh]
ParadoX9202: checks 
nhoangli: checks 
BryW888: checks 
*** SHOW DOWN ***
ParadoX9202: shows [6c 6s] (a pair of Sixes)
nhoangli: mucks hand 
BryW888: mucks hand 
ParadoX9202 collected $0.65 from pot
*** SUMMARY ***
Total pot $0.67 | Rake $0.02 
Board [8s 9h 5c 4c Jh]
Seat 1: pelu71 (small blind) folded before Flop
Seat 2: ParadoX9202 (big blind) showed [6c 6s] and won ($0.65) with a pair of Sixes
Seat 3: Zog Buster folded on the Flop
Seat 4: Dorex2007 folded before Flop (didn't bet)
Seat 5: nhoangli mucked [2s 3s]
Seat 6: Benoit1999 folded before Flop (didn't bet)
Seat 7: KevinT64 folded before Flop (didn't bet)
Seat 8: LPG0680 folded on the Flop
Seat 9: BryW888 (button) mucked [5h Qh]



PokerStars Hand #232557953806:  Hold'em No Limit ($0.01/$0.02 USD) - 2021/12/26 18:35:52 PT [2021/12/26 21:35:52 ET]
Table 'Galahad II' 9-max Seat #1 is the button
Seat 1: pelu71 ($1.20 in chips) 
Seat 2: ParadoX9202 ($3.07 in chips) 
Seat 3: Zog Buster ($2.22 in chips) 
Seat 4: Dorex2007 ($2.16 in chips) 
Seat 5: nhoangli ($6 in chips) 
Seat 6: Benoit1999 ($2.07 in chips) 
Seat 7: KevinT64 ($2.51 in chips) 
Seat 8: LPG0680 ($4.23 in chips) 
Seat 9: BryW888 ($1.35 in chips) 
ParadoX9202: posts small blind $0.01
Zog Buster: posts big blind $0.02
*** HOLE CARDS ***
Dealt to Dorex2007 [Kc Qs]
Dorex2007: folds 
nhoangli: folds 
Benoit1999: folds 
KevinT64: folds 
LPG0680: raises $0.04 to $0.06
BryW888: calls $0.06
pelu71: folds 
ParadoX9202: folds 
Zog Buster: calls $0.04
*** FLOP *** [Ac 6d 5h]
Zog Buster: bets $0.14
LPG0680: calls $0.14
BryW888: calls $0.14
*** TURN *** [Ac 6d 5h] [4d]
Zog Buster: bets $0.24
LPG0680: folds 
BryW888: calls $0.24
*** RIVER *** [Ac 6d 5h 4d] [Jc]
Zog Buster: checks 
BryW888: bets $0.52
Zog Buster: calls $0.52
*** SHOW DOWN ***
BryW888: shows [As Js] (two pair, Aces and Jacks)
Zog Buster: mucks hand 
BryW888 collected $2.06 from pot
*** SUMMARY ***
Total pot $2.13 | Rake $0.07 
Board [Ac 6d 5h 4d Jc]
Seat 1: pelu71 (button) folded before Flop (didn't bet)
Seat 2: ParadoX9202 (small blind) folded before Flop
Seat 3: Zog Buster (big blind) mucked [Kh Ah]
Seat 4: Dorex2007 folded before Flop (didn't bet)
Seat 5: nhoangli folded before Flop (didn't bet)
Seat 6: Benoit1999 folded before Flop (didn't bet)
Seat 7: KevinT64 folded before Flop (didn't bet)
Seat 8: LPG0680 folded on the Turn
Seat 9: BryW888 showed [As Js] and won ($2.06) with two pair, Aces and Jacks



PokerStars Hand #232557974597:  Hold'em No Limit ($0.01/$0.02 USD) - 2021/12/26 18:36:53 PT [2021/12/26 21:36:53 ET]
Table 'Galahad II' 9-max Seat #2 is the button
Seat 1: pelu71 ($1.20 in chips) 
Seat 2: ParadoX9202 ($3.06 in chips) 
Seat 3: Zog Buster ($2 in chips) 
Seat 4: Dorex2007 ($2.16 in chips) 
Seat 5: nhoangli ($6 in chips) 
Seat 6: Benoit1999 ($2.07 in chips) 
Seat 7: KevinT64 ($2.51 in chips) 
Seat 8: LPG0680 ($4.03 in chips) 
Seat 9: BryW888 ($2.45 in chips) 
Zog Buster: posts small blind $0.01
Dorex2007: posts big blind $0.02
*** HOLE CARDS ***
Dealt to Dorex2007 [Qc Qs]
nhoangli: folds 
Benoit1999: folds 
KevinT64: calls $0.02
LPG0680: calls $0.02
BryW888: calls $0.02
pelu71: folds 
ParadoX9202: folds 
Zog Buster: raises $0.30 to $0.32
Dorex2007: calls $0.30
KevinT64: folds 
LPG0680: folds 
BryW888: folds 
*** FLOP *** [Tc Ts 3s]
Zog Buster: checks 
Dorex2007: bets $0.34
Zog Buster: folds 
Uncalled bet ($0.34) returned to Dorex2007
Dorex2007 collected $0.68 from pot
Dorex2007: doesn't show hand 
*** SUMMARY ***
Total pot $0.70 | Rake $0.02 
Board [Tc Ts 3s]
Seat 1: pelu71 folded before Flop (didn't bet)
Seat 2: ParadoX9202 (button) folded before Flop (didn't bet)
Seat 3: Zog Buster (small blind) folded on the Flop
Seat 4: Dorex2007 (big blind) collected ($0.68)
Seat 5: nhoangli folded before Flop (didn't bet)
Seat 6: Benoit1999 folded before Flop (didn't bet)
Seat 7: KevinT64 folded before Flop
Seat 8: LPG0680 folded before Flop
Seat 9: BryW888 folded before Flop



PokerStars Hand #232557989838:  Hold'em No Limit ($0.01/$0.02 USD) - 2021/12/26 18:37:50 PT [2021/12/26 21:37:50 ET]
Table 'Galahad II' 9-max Seat #3 is the button
Seat 1: pelu71 ($1.20 in chips) 
Seat 2: ParadoX9202 ($3.06 in chips) 
Seat 3: Zog Buster ($2 in chips) 
Seat 4: Dorex2007 ($2.52 in chips) 
Seat 5: nhoangli ($6 in chips) 
Seat 6: Benoit1999 ($2.07 in chips) 
Seat 7: KevinT64 ($2.49 in chips) 
Seat 8: LPG0680 ($4.01 in chips) 
Seat 9: BryW888 ($2.43 in chips) 
Dorex2007: posts small blind $0.01
nhoangli: posts big blind $0.02
*** HOLE CARDS ***
Dealt to Dorex2007 [2d Qc]
Benoit1999: folds 
KevinT64: folds 
LPG0680: raises $0.04 to $0.06
BryW888: folds 
pelu71: folds 
ParadoX9202: folds 
Zog Buster: folds 
Dorex2007: folds 
nhoangli: calls $0.04
*** FLOP *** [Kc 5h Jc]
nhoangli: checks 
LPG0680: checks 
*** TURN *** [Kc 5h Jc] [9d]
nhoangli: bets $0.08
LPG0680: folds 
Uncalled bet ($0.08) returned to nhoangli
nhoangli collected $0.13 from pot
nhoangli: doesn't show hand 
*** SUMMARY ***
Total pot $0.13 | Rake $0 
Board [Kc 5h Jc 9d]
Seat 1: pelu71 folded before Flop (didn't bet)
Seat 2: ParadoX9202 folded before Flop (didn't bet)
Seat 3: Zog Buster (button) folded before Flop (didn't bet)
Seat 4: Dorex2007 (small blind) folded before Flop
Seat 5: nhoangli (big blind) collected ($0.13)
Seat 6: Benoit1999 folded before Flop (didn't bet)
Seat 7: KevinT64 folded before Flop (didn't bet)
Seat 8: LPG0680 folded on the Turn
Seat 9: BryW888 folded before Flop (didn't bet)



PokerStars Hand #232557999035:  Hold'em No Limit ($0.01/$0.02 USD) - 2021/12/26 18:38:25 PT [2021/12/26 21:38:25 ET]
Table 'Galahad II' 9-max Seat #4 is the button
Seat 1: pelu71 ($1.20 in chips) 
Seat 2: ParadoX9202 ($3.06 in chips) 
Seat 3: Zog Buster ($2 in chips) 
Seat 4: Dorex2007 ($2.51 in chips) 
Seat 5: nhoangli ($6.07 in chips) 
Seat 6: Benoit1999 ($2.07 in chips) 
Seat 7: KevinT64 ($2.49 in chips) 
Seat 8: LPG0680 ($3.95 in chips) 
Seat 9: BryW888 ($2.43 in chips) 
nhoangli: posts small blind $0.01
Benoit1999: posts big blind $0.02
*** HOLE CARDS ***
Dealt to Dorex2007 [4s 8s]
KevinT64: folds 
LPG0680: calls $0.02
BryW888: folds 
pelu71: folds 
ParadoX9202: folds 
Zog Buster: folds 
Dorex2007: folds 
nhoangli: calls $0.01
Benoit1999: checks 
*** FLOP *** [6d 8d Js]
nhoangli: bets $0.02
Benoit1999: folds 
LPG0680: folds 
Uncalled bet ($0.02) returned to nhoangli
nhoangli collected $0.06 from pot
nhoangli: doesn't show hand 
*** SUMMARY ***
Total pot $0.06 | Rake $0 
Board [6d 8d Js]
Seat 1: pelu71 folded before Flop (didn't bet)
Seat 2: ParadoX9202 folded before Flop (didn't bet)
Seat 3: Zog Buster folded before Flop (didn't bet)
Seat 4: Dorex2007 (button) folded before Flop (didn't bet)
Seat 5: nhoangli (small blind) collected ($0.06)
Seat 6: Benoit1999 (big blind) folded on the Flop
Seat 7: KevinT64 folded before Flop (didn't bet)
Seat 8: LPG0680 folded on the Flop
Seat 9: BryW888 folded before Flop (didn't bet)



PokerStars Hand #232558011904:  Hold'em No Limit ($0.01/$0.02 USD) - 2021/12/26 18:38:58 PT [2021/12/26 21:38:58 ET]
Table 'Galahad II' 9-max Seat #5 is the button
Seat 1: pelu71 ($1.20 in chips) 
Seat 2: ParadoX9202 ($3.06 in chips) 
Seat 3: Zog Buster ($2 in chips) 
Seat 4: Dorex2007 ($2.51 in chips) 
Seat 5: nhoangli ($6.11 in chips) 
Seat 6: Benoit1999 ($2.05 in chips) 
Seat 7: KevinT64 ($2.49 in chips) 
Seat 8: LPG0680 ($3.93 in chips) 
Seat 9: BryW888 ($2.43 in chips) 
Benoit1999: posts small blind $0.01
KevinT64: posts big blind $0.02
*** HOLE CARDS ***
Dealt to Dorex2007 [Jh 2s]
LPG0680: calls $0.02
BryW888: calls $0.02
pelu71: calls $0.02
ParadoX9202: folds 
Zog Buster: folds 
Dorex2007: folds 
nhoangli: raises $0.02 to $0.04
Benoit1999: folds 
KevinT64: folds 
LPG0680: calls $0.02
BryW888: calls $0.02
pelu71: calls $0.02
*** FLOP *** [8c 5s 7c]
LPG0680: checks 
BryW888: checks 
pelu71: checks 
nhoangli: bets $0.08
LPG0680: calls $0.08
BryW888: calls $0.08
pelu71: folds 
*** TURN *** [8c 5s 7c] [5d]
LPG0680: checks 
BryW888: checks 
nhoangli: bets $0.12
LPG0680: calls $0.12
BryW888: calls $0.12
*** RIVER *** [8c 5s 7c 5d] [Ah]
LPG0680: checks 
BryW888: bets $0.38
nhoangli: calls $0.38
LPG0680: folds 
*** SHOW DOWN ***
BryW888: shows [Kc 5c] (three of a kind, Fives)
nhoangli: mucks hand 
BryW888 collected $1.50 from pot
*** SUMMARY ***
Total pot $1.55 | Rake $0.05 
Board [8c 5s 7c 5d Ah]
Seat 1: pelu71 folded on the Flop
Seat 2: ParadoX9202 folded before Flop (didn't bet)
Seat 3: Zog Buster folded before Flop (didn't bet)
Seat 4: Dorex2007 folded before Flop (didn't bet)
Seat 5: nhoangli (button) mucked [3c Ac]
Seat 6: Benoit1999 (small blind) folded before Flop
Seat 7: KevinT64 (big blind) folded before Flop
Seat 8: LPG0680 folded on the River
Seat 9: BryW888 showed [Kc 5c] and won ($1.50) with three of a kind, Fives



PokerStars Hand #232558031714:  Hold'em No Limit ($0.01/$0.02 USD) - 2021/12/26 18:40:15 PT [2021/12/26 21:40:15 ET]
Table 'Galahad II' 9-max Seat #6 is the button
Seat 1: pelu71 ($1.16 in chips) 
Seat 2: ParadoX9202 ($3.06 in chips) 
Seat 3: Zog Buster ($2 in chips) 
Seat 4: Dorex2007 ($2.51 in chips) 
Seat 5: nhoangli ($5.49 in chips) 
Seat 6: Benoit1999 ($2.04 in chips) 
Seat 7: KevinT64 ($2.47 in chips) 
Seat 8: LPG0680 ($3.69 in chips) 
Seat 9: BryW888 ($3.31 in chips) 
KevinT64: posts small blind $0.01
LPG0680: posts big blind $0.02
*** HOLE CARDS ***
Dealt to Dorex2007 [4h 4c]
BryW888: folds 
pelu71: calls $0.02
ParadoX9202: folds 
Zog Buster: folds 
Dorex2007: calls $0.02
ParadoX9202 leaves the table
nhoangli: folds 
Benoit1999: folds 
KevinT64: folds 
LPG0680: checks 
*** FLOP *** [8h Jd 2h]
LPG0680: checks 
pelu71: checks 
Dorex2007: checks 
*** TURN *** [8h Jd 2h] [Ts]
LPG0680: bets $0.15
pelu71: folds 
Dorex2007: folds 
Uncalled bet ($0.15) returned to LPG0680
LPG0680 collected $0.07 from pot
LPG0680: doesn't show hand 
*** SUMMARY ***
Total pot $0.07 | Rake $0 
Board [8h Jd 2h Ts]
Seat 1: pelu71 folded on the Turn
Seat 2: ParadoX9202 folded before Flop (didn't bet)
Seat 3: Zog Buster folded before Flop (didn't bet)
Seat 4: Dorex2007 folded on the Turn
Seat 5: nhoangli folded before Flop (didn't bet)
Seat 6: Benoit1999 (button) folded before Flop (didn't bet)
Seat 7: KevinT64 (small blind) folded before Flop
Seat 8: LPG0680 (big blind) collected ($0.07)
Seat 9: BryW888 folded before Flop (didn't bet)



PokerStars Hand #232558044505:  Hold'em No Limit ($0.01/$0.02 USD) - 2021/12/26 18:41:05 PT [2021/12/26 21:41:05 ET]
Table 'Galahad II' 9-max Seat #7 is the button
Seat 1: pelu71 ($1.14 in chips) 
Seat 3: Zog Buster ($2 in chips) 
Seat 4: Dorex2007 ($2.49 in chips) 
Seat 5: nhoangli ($5.49 in chips) 
Seat 6: Benoit1999 ($2.04 in chips) 
Seat 7: KevinT64 ($2.46 in chips) 
Seat 8: LPG0680 ($3.74 in chips) 
Seat 9: BryW888 ($3.31 in chips) 
LPG0680: posts small blind $0.01
BryW888: posts big blind $0.02
*** HOLE CARDS ***
Dealt to Dorex2007 [7c 9s]
pelu71: calls $0.02
Zog Buster: calls $0.02
Dorex2007: folds 
nhoangli: folds 
Benoit1999: folds 
KevinT64: folds 
LPG0680: raises $0.08 to $0.10
BryW888: calls $0.08
pelu71: calls $0.08
Zog Buster: calls $0.08
*** FLOP *** [Th Qs 2d]
LPG0680: checks 
BryW888: checks 
pelu71: bets $0.28
Zog Buster: folds 
LPG0680: calls $0.28
BryW888: folds 
*** TURN *** [Th Qs 2d] [Jd]
LPG0680: checks 
pelu71: bets $0.76 and is all-in
LPG0680: calls $0.76
*** RIVER *** [Th Qs 2d Jd] [8h]
*** SHOW DOWN ***
LPG0680: shows [9h Jc] (a straight, Eight to Queen)
pelu71: shows [Qh Ts] (two pair, Queens and Tens)
LPG0680 collected $2.39 from pot
*** SUMMARY ***
Total pot $2.48 | Rake $0.09 
Board [Th Qs 2d Jd 8h]
Seat 1: pelu71 showed [Qh Ts] and lost with two pair, Queens and Tens
Seat 3: Zog Buster folded on the Flop
Seat 4: Dorex2007 folded before Flop (didn't bet)
Seat 5: nhoangli folded before Flop (didn't bet)
Seat 6: Benoit1999 folded before Flop (didn't bet)
Seat 7: KevinT64 (button) folded before Flop (didn't bet)
Seat 8: LPG0680 (small blind) showed [9h Jc] and won ($2.39) with a straight, Eight to Queen
Seat 9: BryW888 (big blind) folded on the Flop



PokerStars Hand #232558066395:  Hold'em No Limit ($0.01/$0.02 USD) - 2021/12/26 18:42:29 PT [2021/12/26 21:42:29 ET]
Table 'Galahad II' 9-max Seat #8 is the button
Seat 3: Zog Buster ($2 in chips) 
Seat 4: Dorex2007 ($2.49 in chips) 
Seat 5: nhoangli ($5.49 in chips) 
Seat 6: Benoit1999 ($2.04 in chips) 
Seat 7: KevinT64 ($2.46 in chips) 
Seat 8: LPG0680 ($4.99 in chips) 
Seat 9: BryW888 ($3.21 in chips) 
BryW888: posts small blind $0.01
Zog Buster: posts big blind $0.02
*** HOLE CARDS ***
Dealt to Dorex2007 [Ad 2d]
Dorex2007: folds 
pelu71 leaves the table
nhoangli: raises $0.02 to $0.04
Benoit1999: folds 
KevinT64: calls $0.04
LPG0680: calls $0.04
BryW888: folds 
Zog Buster: folds 
*** FLOP *** [7h 3d Tc]
nhoangli: checks 
KevinT64: checks 
LPG0680: checks 
*** TURN *** [7h 3d Tc] [6h]
nhoangli: bets $0.06
KevinT64: folds 
LPG0680: calls $0.06
*** RIVER *** [7h 3d Tc 6h] [3h]
nhoangli: checks 
LPG0680: bets $0.26
nhoangli: folds 
Uncalled bet ($0.26) returned to LPG0680
LPG0680 collected $0.26 from pot
LPG0680: doesn't show hand 
*** SUMMARY ***
Total pot $0.27 | Rake $0.01 
Board [7h 3d Tc 6h 3h]
Seat 3: Zog Buster (big blind) folded before Flop
Seat 4: Dorex2007 folded before Flop (didn't bet)
Seat 5: nhoangli folded on the River
Seat 6: Benoit1999 folded before Flop (didn't bet)
Seat 7: KevinT64 folded on the Turn
Seat 8: LPG0680 (button) collected ($0.26)
Seat 9: BryW888 (small blind) folded before Flop



PokerStars Hand #232558082438:  Hold'em No Limit ($0.01/$0.02 USD) - 2021/12/26 18:43:30 PT [2021/12/26 21:43:30 ET]
Table 'Galahad II' 9-max Seat #9 is the button
Seat 3: Zog Buster ($2 in chips) 
Seat 4: Dorex2007 ($2.49 in chips) 
Seat 5: nhoangli ($5.39 in chips) 
Seat 6: Benoit1999 ($2.04 in chips) 
Seat 7: KevinT64 ($2.42 in chips) 
Seat 8: LPG0680 ($5.15 in chips) 
Seat 9: BryW888 ($3.20 in chips) 
Zog Buster: posts small blind $0.01
Dorex2007: posts big blind $0.02
*** HOLE CARDS ***
Dealt to Dorex2007 [4h Qd]
nhoangli: raises $0.02 to $0.04
Benoit1999: folds 
KevinT64: folds 
LPG0680: folds 
BryW888: calls $0.04
Zog Buster: folds 
Dorex2007: folds 
*** FLOP *** [9d 7d 8d]
nhoangli: bets $0.06
BryW888: folds 
Uncalled bet ($0.06) returned to nhoangli
nhoangli collected $0.11 from pot
nhoangli: doesn't show hand 
*** SUMMARY ***
Total pot $0.11 | Rake $0 
Board [9d 7d 8d]
Seat 3: Zog Buster (small blind) folded before Flop
Seat 4: Dorex2007 (big blind) folded before Flop
Seat 5: nhoangli collected ($0.11)
Seat 6: Benoit1999 folded before Flop (didn't bet)
Seat 7: KevinT64 folded before Flop (didn't bet)
Seat 8: LPG0680 folded before Flop (didn't bet)
Seat 9: BryW888 (button) folded on the Flop



PokerStars Hand #232558089412:  Hold'em No Limit ($0.01/$0.02 USD) - 2021/12/26 18:43:57 PT [2021/12/26 21:43:57 ET]
Table 'Galahad II' 9-max Seat #3 is the button
Seat 3: Zog Buster ($2 in chips) 
Seat 4: Dorex2007 ($2.47 in chips) 
Seat 5: nhoangli ($5.46 in chips) 
Seat 6: Benoit1999 ($2.04 in chips) 
Seat 7: KevinT64 ($2.42 in chips) 
Seat 8: LPG0680 ($5.15 in chips) 
Seat 9: BryW888 ($3.16 in chips) 
Dorex2007: posts small blind $0.01
nhoangli: posts big blind $0.02
*** HOLE CARDS ***
Dealt to Dorex2007 [Qc Jc]
Benoit1999: folds 
KevinT64: folds 
LPG0680: calls $0.02
BryW888: folds 
Zog Buster: folds 
Dorex2007: calls $0.01
nhoangli: raises $0.02 to $0.04
LPG0680: calls $0.02
Dorex2007: calls $0.02
*** FLOP *** [2h Kh 7s]
Dorex2007: bets $0.06
nhoangli: folds 
LPG0680: folds 
Uncalled bet ($0.06) returned to Dorex2007
Dorex2007 collected $0.12 from pot
Dorex2007: doesn't show hand 
*** SUMMARY ***
Total pot $0.12 | Rake $0 
Board [2h Kh 7s]
Seat 3: Zog Buster (button) folded before Flop (didn't bet)
Seat 4: Dorex2007 (small blind) collected ($0.12)
Seat 5: nhoangli (big blind) folded on the Flop
Seat 6: Benoit1999 folded before Flop (didn't bet)
Seat 7: KevinT64 folded before Flop (didn't bet)
Seat 8: LPG0680 folded on the Flop
Seat 9: BryW888 folded before Flop (didn't bet)



PokerStars Hand #232558107908:  Hold'em No Limit ($0.01/$0.02 USD) - 2021/12/26 18:44:35 PT [2021/12/26 21:44:35 ET]
Table 'Galahad II' 9-max Seat #4 is the button
Seat 3: Zog Buster ($2 in chips) 
Seat 4: Dorex2007 ($2.55 in chips) 
Seat 5: nhoangli ($5.42 in chips) 
Seat 6: Benoit1999 ($2.04 in chips) 
Seat 7: KevinT64 ($2.42 in chips) 
Seat 8: LPG0680 ($5.11 in chips) 
Seat 9: BryW888 ($3.16 in chips) 
nhoangli: posts small blind $0.01
Benoit1999: posts big blind $0.02
*** HOLE CARDS ***
Dealt to Dorex2007 [8h 6s]
KevinT64: folds 
LPG0680: calls $0.02
BryW888: calls $0.02
Zog Buster: raises $0.09 to $0.11
Dorex2007: folds 
nhoangli: calls $0.10
Benoit1999: folds 
LPG0680: calls $0.09
BryW888: folds 
*** FLOP *** [2s 9s 2c]
KevinT64 leaves the table
nhoangli: checks 
LPG0680: checks 
Zog Buster: checks 
*** TURN *** [2s 9s 2c] [Kc]
Benoit1999 leaves the table
nhoangli: bets $0.16
LPG0680: folds 
Zog Buster: calls $0.16
*** RIVER *** [2s 9s 2c Kc] [Jh]
nhoangli: bets $0.14
Zog Buster: calls $0.14
*** SHOW DOWN ***
nhoangli: shows [Kd Td] (two pair, Kings and Deuces)
Zog Buster: shows [Ah Kh] (two pair, Kings and Deuces - Ace kicker)
Zog Buster collected $0.94 from pot
*** SUMMARY ***
Total pot $0.97 | Rake $0.03 
Board [2s 9s 2c Kc Jh]
Seat 3: Zog Buster showed [Ah Kh] and won ($0.94) with two pair, Kings and Deuces
Seat 4: Dorex2007 (button) folded before Flop (didn't bet)
Seat 5: nhoangli (small blind) showed [Kd Td] and lost with two pair, Kings and Deuces
Seat 6: Benoit1999 (big blind) folded before Flop
Seat 7: KevinT64 folded before Flop (didn't bet)
Seat 8: LPG0680 folded on the Turn
Seat 9: BryW888 folded before Flop



PokerStars Hand #232558124912:  Hold'em No Limit ($0.01/$0.02 USD) - 2021/12/26 18:45:43 PT [2021/12/26 21:45:43 ET]
Table 'Galahad II' 9-max Seat #5 is the button
Seat 3: Zog Buster ($2.53 in chips) 
Seat 4: Dorex2007 ($2.55 in chips) 
Seat 5: nhoangli ($5.01 in chips) 
Seat 8: LPG0680 ($5 in chips) 
Seat 9: BryW888 ($3.14 in chips) 
LPG0680: posts small blind $0.01
BryW888: posts big blind $0.02
*** HOLE CARDS ***
Dealt to Dorex2007 [As 3d]
Zog Buster: folds 
Dorex2007: folds 
nhoangli: raises $0.02 to $0.04
LPG0680: calls $0.03
BryW888: folds 
*** FLOP *** [5d 4s Qc]
LPG0680: checks 
nhoangli: checks 
*** TURN *** [5d 4s Qc] [3c]
LPG0680: checks 
nhoangli: bets $0.06
LPG0680: folds 
Uncalled bet ($0.06) returned to nhoangli
nhoangli collected $0.10 from pot
nhoangli: doesn't show hand 
*** SUMMARY ***
Total pot $0.10 | Rake $0 
Board [5d 4s Qc 3c]
Seat 3: Zog Buster folded before Flop (didn't bet)
Seat 4: Dorex2007 folded before Flop (didn't bet)
Seat 5: nhoangli (button) collected ($0.10)
Seat 8: LPG0680 (small blind) folded on the Turn
Seat 9: BryW888 (big blind) folded before Flop



PokerStars Hand #232558135705:  Hold'em No Limit ($0.01/$0.02 USD) - 2021/12/26 18:46:25 PT [2021/12/26 21:46:25 ET]
Table 'Galahad II' 9-max Seat #8 is the button
Seat 3: Zog Buster ($2.53 in chips) 
Seat 4: Dorex2007 ($2.55 in chips) 
Seat 5: nhoangli ($5.07 in chips) 
Seat 8: LPG0680 ($4.96 in chips) 
Seat 9: BryW888 ($3.12 in chips) 
BryW888: posts small blind $0.01
Zog Buster: posts big blind $0.02
*** HOLE CARDS ***
Dealt to Dorex2007 [6h 9h]
Dorex2007: folds 
nhoangli: calls $0.02
LPG0680: calls $0.02
BryW888: calls $0.01
Zog Buster: checks 
*** FLOP *** [3h 7s 9c]
BryW888: checks 
Zog Buster: checks 
nhoangli: bets $0.04
LPG0680: folds 
BryW888: folds 
Zog Buster: folds 
Uncalled bet ($0.04) returned to nhoangli
nhoangli collected $0.08 from pot
nhoangli: doesn't show hand 
*** SUMMARY ***
Total pot $0.08 | Rake $0 
Board [3h 7s 9c]
Seat 3: Zog Buster (big blind) folded on the Flop
Seat 4: Dorex2007 folded before Flop (didn't bet)
Seat 5: nhoangli collected ($0.08)
Seat 8: LPG0680 (button) folded on the Flop
Seat 9: BryW888 (small blind) folded on the Flop



PokerStars Hand #232558142987:  Hold'em No Limit ($0.01/$0.02 USD) - 2021/12/26 18:46:53 PT [2021/12/26 21:46:53 ET]
Table 'Galahad II' 9-max Seat #9 is the button
Seat 3: Zog Buster ($2.51 in chips) 
Seat 4: Dorex2007 ($2.55 in chips) 
Seat 5: nhoangli ($5.13 in chips) 
Seat 8: LPG0680 ($4.94 in chips) 
Seat 9: BryW888 ($3.10 in chips) 
Zog Buster: posts small blind $0.01
Dorex2007: posts big blind $0.02
*** HOLE CARDS ***
Dealt to Dorex2007 [Td 7c]
nhoangli: folds 
LPG0680: calls $0.02
BryW888: calls $0.02
Zog Buster: folds 
Dorex2007: checks 
*** FLOP *** [Qc Kc 2h]
Dorex2007: checks 
LPG0680: checks 
BryW888: checks 
*** TURN *** [Qc Kc 2h] [8s]
Dorex2007: checks 
LPG0680: checks 
BryW888: checks 
*** RIVER *** [Qc Kc 2h 8s] [4s]
Dorex2007: checks 
LPG0680: checks 
BryW888: checks 
*** SHOW DOWN ***
Dorex2007: shows [Td 7c] (high card King)
LPG0680: shows [6d 4c] (a pair of Fours)
BryW888: mucks hand 
LPG0680 collected $0.07 from pot
*** SUMMARY ***
Total pot $0.07 | Rake $0 
Board [Qc Kc 2h 8s 4s]
Seat 3: Zog Buster (small blind) folded before Flop
Seat 4: Dorex2007 (big blind) showed [Td 7c] and lost with high card King
Seat 5: nhoangli folded before Flop (didn't bet)
Seat 8: LPG0680 showed [6d 4c] and won ($0.07) with a pair of Fours
Seat 9: BryW888 (button) mucked [3s 3d]



PokerStars Hand #232558151208:  Hold'em No Limit ($0.01/$0.02 USD) - 2021/12/26 18:47:25 PT [2021/12/26 21:47:25 ET]
Table 'Galahad II' 9-max Seat #3 is the button
Seat 3: Zog Buster ($2.50 in chips) 
Seat 4: Dorex2007 ($2.53 in chips) 
Seat 5: nhoangli ($5.13 in chips) 
Seat 8: LPG0680 ($4.99 in chips) 
Seat 9: BryW888 ($3.08 in chips) 
Dorex2007: posts small blind $0.01
nhoangli: posts big blind $0.02
*** HOLE CARDS ***
Dealt to Dorex2007 [Qs 8d]
LPG0680: calls $0.02
BryW888: calls $0.02
Zog Buster: folds 
Dorex2007: folds 
nhoangli: raises $0.02 to $0.04
LPG0680: calls $0.02
BryW888: calls $0.02
*** FLOP *** [5h Ad 7s]
nhoangli: checks 
LPG0680: checks 
BryW888: checks 
*** TURN *** [5h Ad 7s] [3s]
nhoangli: bets $0.06
LPG0680: calls $0.06
BryW888: calls $0.06
*** RIVER *** [5h Ad 7s 3s] [Jh]
nhoangli: bets $0.12
LPG0680: folds 
BryW888: folds 
Uncalled bet ($0.12) returned to nhoangli
nhoangli collected $0.30 from pot
nhoangli: doesn't show hand 
*** SUMMARY ***
Total pot $0.31 | Rake $0.01 
Board [5h Ad 7s 3s Jh]
Seat 3: Zog Buster (button) folded before Flop (didn't bet)
Seat 4: Dorex2007 (small blind) folded before Flop
Seat 5: nhoangli (big blind) collected ($0.30)
Seat 8: LPG0680 folded on the River
Seat 9: BryW888 folded on the River



