PokerStars Hand #227959593287:  Hold'em No Limit ($0.01/$0.02 USD) - 2021/06/30 12:38:10 PT [2021/06/30 15:38:10 ET]
Table 'Adalberta III' 9-max Seat #1 is the button
Seat 1: murtazaykp ($2.29 in chips) 
Seat 2: leo_leo_me ($0.66 in chips) 
Seat 3: roman777142 ($2.62 in chips) 
Seat 4: novoxopersk ($3.50 in chips) 
Seat 5: tomashovka55 ($2.02 in chips) 
Seat 7: bueninnN ($2.02 in chips) 
Seat 8: mayakden ($2.41 in chips) 
Seat 9: Dorex2007 ($2 in chips) 
leo_leo_me: posts small blind $0.01
roman777142: posts big blind $0.02
Dorex2007: posts big blind $0.02
*** HOLE CARDS ***
Dealt to Dorex2007 [2d 3s]
novoxopersk: folds 
tomashovka55: folds 
bueninnN: folds 
mayakden: folds 
Dorex2007: raises $0.04 to $0.06
murtazaykp: folds 
leo_leo_me: folds 
roman777142: calls $0.04
*** FLOP *** [6d 6h 8d]
roman777142: checks 
Dorex2007: checks 
*** TURN *** [6d 6h 8d] [4c]
sc2005 leaves the table
roman777142: checks 
Dorex2007: bets $0.06
roman777142: folds 
Uncalled bet ($0.06) returned to Dorex2007
Dorex2007 collected $0.13 from pot
Dorex2007: doesn't show hand 
*** SUMMARY ***
Total pot $0.13 | Rake $0 
Board [6d 6h 8d 4c]
Seat 1: murtazaykp (button) folded before Flop (didn't bet)
Seat 2: leo_leo_me (small blind) folded before Flop
Seat 3: roman777142 (big blind) folded on the Turn
Seat 4: novoxopersk folded before Flop (didn't bet)
Seat 5: tomashovka55 folded before Flop (didn't bet)
Seat 7: bueninnN folded before Flop (didn't bet)
Seat 8: mayakden folded before Flop (didn't bet)
Seat 9: Dorex2007 collected ($0.13)



PokerStars Hand #227959619975:  Hold'em No Limit ($0.01/$0.02 USD) - 2021/06/30 12:39:05 PT [2021/06/30 15:39:05 ET]
Table 'Adalberta III' 9-max Seat #2 is the button
Seat 1: murtazaykp ($2.29 in chips) 
Seat 2: leo_leo_me ($0.65 in chips) 
Seat 3: roman777142 ($2.56 in chips) 
Seat 4: novoxopersk ($3.50 in chips) 
Seat 7: bueninnN ($2.02 in chips) 
Seat 8: mayakden ($2.41 in chips) 
Seat 9: Dorex2007 ($2.07 in chips) 
roman777142: posts small blind $0.01
novoxopersk: posts big blind $0.02
*** HOLE CARDS ***
Dealt to Dorex2007 [4h 5c]
bueninnN: folds 
mayakden: raises $0.03 to $0.05
Dorex2007: folds 
murtazaykp: folds 
leo_leo_me: folds 
roman777142: folds 
Rallars joins the table at seat #6 
novoxopersk: calls $0.03
*** FLOP *** [8s 6h 7c]
novoxopersk: bets $0.02
mayakden: raises $0.06 to $0.08
novoxopersk: folds 
Uncalled bet ($0.06) returned to mayakden
mayakden collected $0.14 from pot
mayakden: doesn't show hand 
*** SUMMARY ***
Total pot $0.15 | Rake $0.01 
Board [8s 6h 7c]
Seat 1: murtazaykp folded before Flop (didn't bet)
Seat 2: leo_leo_me (button) folded before Flop (didn't bet)
Seat 3: roman777142 (small blind) folded before Flop
Seat 4: novoxopersk (big blind) folded on the Flop
Seat 7: bueninnN folded before Flop (didn't bet)
Seat 8: mayakden collected ($0.14)
Seat 9: Dorex2007 folded before Flop (didn't bet)



PokerStars Hand #227959641772:  Hold'em No Limit ($0.01/$0.02 USD) - 2021/06/30 12:39:49 PT [2021/06/30 15:39:49 ET]
Table 'Adalberta III' 9-max Seat #3 is the button
Seat 1: murtazaykp ($2.29 in chips) 
Seat 2: leo_leo_me ($0.65 in chips) 
Seat 3: roman777142 ($2.55 in chips) 
Seat 4: novoxopersk ($3.43 in chips) 
Seat 6: Rallars ($2 in chips) 
Seat 7: bueninnN ($2.02 in chips) 
Seat 8: mayakden ($2.48 in chips) 
Seat 9: Dorex2007 ($2.07 in chips) 
novoxopersk: posts small blind $0.01
Rallars: posts big blind $0.02
*** HOLE CARDS ***
Dealt to Dorex2007 [9s 4d]
bueninnN: raises $0.04 to $0.06
mayakden: folds 
Dorex2007: folds 
murtazaykp: folds 
leo_leo_me: folds 
roman777142: folds 
novoxopersk: calls $0.05
Rallars: calls $0.04
*** FLOP *** [5d Ks 7d]
novoxopersk: checks 
Rallars: checks 
bueninnN: bets $0.04
novoxopersk: calls $0.04
Rallars: calls $0.04
*** TURN *** [5d Ks 7d] [9c]
novoxopersk: checks 
Rallars: bets $0.13
bueninnN: folds 
novoxopersk: calls $0.13
*** RIVER *** [5d Ks 7d 9c] [9h]
novoxopersk: checks 
Rallars: checks 
*** SHOW DOWN ***
novoxopersk: shows [8c 8s] (two pair, Nines and Eights)
Rallars: shows [Jh Kd] (two pair, Kings and Nines)
Rallars collected $0.54 from pot
*** SUMMARY ***
Total pot $0.56 | Rake $0.02 
Board [5d Ks 7d 9c 9h]
Seat 1: murtazaykp folded before Flop (didn't bet)
Seat 2: leo_leo_me folded before Flop (didn't bet)
Seat 3: roman777142 (button) folded before Flop (didn't bet)
Seat 4: novoxopersk (small blind) showed [8c 8s] and lost with two pair, Nines and Eights
Seat 6: Rallars (big blind) showed [Jh Kd] and won ($0.54) with two pair, Kings and Nines
Seat 7: bueninnN folded on the Turn
Seat 8: mayakden folded before Flop (didn't bet)
Seat 9: Dorex2007 folded before Flop (didn't bet)



PokerStars Hand #227959692678:  Hold'em No Limit ($0.01/$0.02 USD) - 2021/06/30 12:41:33 PT [2021/06/30 15:41:33 ET]
Table 'Adalberta III' 9-max Seat #4 is the button
Seat 1: murtazaykp ($2.29 in chips) 
Seat 2: leo_leo_me ($0.65 in chips) 
Seat 3: roman777142 ($2.55 in chips) 
Seat 4: novoxopersk ($3.20 in chips) 
Seat 6: Rallars ($2.31 in chips) 
Seat 7: bueninnN ($1.92 in chips) 
Seat 8: mayakden ($2.48 in chips) 
Seat 9: Dorex2007 ($2.07 in chips) 
Rallars: posts small blind $0.01
bueninnN: posts big blind $0.02
*** HOLE CARDS ***
Dealt to Dorex2007 [Ah Ac]
mayakden: folds 
Dorex2007: raises $0.04 to $0.06
murtazaykp: folds 
leo_leo_me: folds 
roman777142: folds 
novoxopersk: folds 
Rallars: folds 
bueninnN: folds 
Uncalled bet ($0.04) returned to Dorex2007
Dorex2007 collected $0.05 from pot
Dorex2007: doesn't show hand 
*** SUMMARY ***
Total pot $0.05 | Rake $0 
Seat 1: murtazaykp folded before Flop (didn't bet)
Seat 2: leo_leo_me folded before Flop (didn't bet)
Seat 3: roman777142 folded before Flop (didn't bet)
Seat 4: novoxopersk (button) folded before Flop (didn't bet)
Seat 6: Rallars (small blind) folded before Flop
Seat 7: bueninnN (big blind) folded before Flop
Seat 8: mayakden folded before Flop (didn't bet)
Seat 9: Dorex2007 collected ($0.05)



PokerStars Hand #227959701496:  Hold'em No Limit ($0.01/$0.02 USD) - 2021/06/30 12:41:51 PT [2021/06/30 15:41:51 ET]
Table 'Adalberta III' 9-max Seat #6 is the button
Seat 1: murtazaykp ($2.29 in chips) 
Seat 2: leo_leo_me ($0.65 in chips) 
Seat 3: roman777142 ($2.55 in chips) 
Seat 4: novoxopersk ($3.20 in chips) 
Seat 5: tomashovka55 ($2.02 in chips) 
Seat 6: Rallars ($2.30 in chips) 
Seat 7: bueninnN ($1.90 in chips) 
Seat 8: mayakden ($2.48 in chips) 
Seat 9: Dorex2007 ($2.10 in chips) 
bueninnN: posts small blind $0.01
mayakden: posts big blind $0.02
tomashovka55: posts small & big blinds $0.03
*** HOLE CARDS ***
Dealt to Dorex2007 [Tc 3d]
Dorex2007: folds 
murtazaykp: folds 
leo_leo_me: folds 
roman777142: calls $0.02
novoxopersk: folds 
tomashovka55: checks 
Rallars: raises $0.08 to $0.10
bueninnN: folds 
mayakden: folds 
roman777142: folds 
tomashovka55: folds 
Uncalled bet ($0.08) returned to Rallars
Rallars collected $0.10 from pot
Rallars: doesn't show hand 
*** SUMMARY ***
Total pot $0.10 | Rake $0 
Seat 1: murtazaykp folded before Flop (didn't bet)
Seat 2: leo_leo_me folded before Flop (didn't bet)
Seat 3: roman777142 folded before Flop
Seat 4: novoxopersk folded before Flop (didn't bet)
Seat 5: tomashovka55 folded before Flop (didn't bet)
Seat 6: Rallars (button) collected ($0.10)
Seat 7: bueninnN (small blind) folded before Flop
Seat 8: mayakden (big blind) folded before Flop
Seat 9: Dorex2007 folded before Flop (didn't bet)



PokerStars Hand #227959718914:  Hold'em No Limit ($0.01/$0.02 USD) - 2021/06/30 12:42:26 PT [2021/06/30 15:42:26 ET]
Table 'Adalberta III' 9-max Seat #7 is the button
Seat 1: murtazaykp ($2.29 in chips) 
Seat 2: leo_leo_me ($0.65 in chips) 
Seat 3: roman777142 ($2.53 in chips) 
Seat 4: novoxopersk ($3.20 in chips) 
Seat 5: tomashovka55 ($2 in chips) 
Seat 6: Rallars ($2.38 in chips) 
Seat 7: bueninnN ($1.89 in chips) 
Seat 8: mayakden ($2.46 in chips) 
Seat 9: Dorex2007 ($2.10 in chips) 
mayakden: posts small blind $0.01
Dorex2007: posts big blind $0.02
*** HOLE CARDS ***
Dealt to Dorex2007 [Qs 5d]
murtazaykp: folds 
leo_leo_me: calls $0.02
roman777142: folds 
novoxopersk: folds 
tomashovka55: folds 
Rallars: folds 
bueninnN: raises $0.04 to $0.06
mayakden: folds 
Dorex2007: folds 
leo_leo_me: calls $0.04
*** FLOP *** [2d 8h Qd]
leo_leo_me: checks 
bueninnN: checks 
*** TURN *** [2d 8h Qd] [6d]
leo_leo_me: checks 
bueninnN: checks 
*** RIVER *** [2d 8h Qd 6d] [5s]
leo_leo_me: checks 
bueninnN: checks 
*** SHOW DOWN ***
leo_leo_me: shows [4d 4c] (a pair of Fours)
bueninnN: mucks hand 
leo_leo_me collected $0.14 from pot
*** SUMMARY ***
Total pot $0.15 | Rake $0.01 
Board [2d 8h Qd 6d 5s]
Seat 1: murtazaykp folded before Flop (didn't bet)
Seat 2: leo_leo_me showed [4d 4c] and won ($0.14) with a pair of Fours
Seat 3: roman777142 folded before Flop (didn't bet)
Seat 4: novoxopersk folded before Flop (didn't bet)
Seat 5: tomashovka55 folded before Flop (didn't bet)
Seat 6: Rallars folded before Flop (didn't bet)
Seat 7: bueninnN (button) mucked [Ts Ks]
Seat 8: mayakden (small blind) folded before Flop
Seat 9: Dorex2007 (big blind) folded before Flop



PokerStars Hand #227959750913:  Hold'em No Limit ($0.01/$0.02 USD) - 2021/06/30 12:43:14 PT [2021/06/30 15:43:14 ET]
Table 'Adalberta III' 9-max Seat #8 is the button
Seat 1: murtazaykp ($2.29 in chips) 
Seat 2: leo_leo_me ($0.73 in chips) 
Seat 3: roman777142 ($2.53 in chips) 
Seat 4: novoxopersk ($3.20 in chips) 
Seat 5: tomashovka55 ($2 in chips) 
Seat 6: Rallars ($2.38 in chips) 
Seat 7: bueninnN ($1.83 in chips) 
Seat 8: mayakden ($2.45 in chips) 
Seat 9: Dorex2007 ($2.08 in chips) 
Dorex2007: posts small blind $0.01
murtazaykp: posts big blind $0.02
*** HOLE CARDS ***
Dealt to Dorex2007 [7c Tc]
leo_leo_me: folds 
roman777142: folds 
novoxopersk: folds 
tomashovka55: folds 
Rallars: folds 
bueninnN: folds 
mayakden: folds 
Dorex2007: folds 
Uncalled bet ($0.01) returned to murtazaykp
murtazaykp collected $0.02 from pot
murtazaykp: doesn't show hand 
*** SUMMARY ***
Total pot $0.02 | Rake $0 
Seat 1: murtazaykp (big blind) collected ($0.02)
Seat 2: leo_leo_me folded before Flop (didn't bet)
Seat 3: roman777142 folded before Flop (didn't bet)
Seat 4: novoxopersk folded before Flop (didn't bet)
Seat 5: tomashovka55 folded before Flop (didn't bet)
Seat 6: Rallars folded before Flop (didn't bet)
Seat 7: bueninnN folded before Flop (didn't bet)
Seat 8: mayakden (button) folded before Flop (didn't bet)
Seat 9: Dorex2007 (small blind) folded before Flop



PokerStars Hand #227959759687:  Hold'em No Limit ($0.01/$0.02 USD) - 2021/06/30 12:43:32 PT [2021/06/30 15:43:32 ET]
Table 'Adalberta III' 9-max Seat #9 is the button
Seat 1: murtazaykp ($2.30 in chips) 
Seat 2: leo_leo_me ($0.73 in chips) 
Seat 3: roman777142 ($2.53 in chips) 
Seat 4: novoxopersk ($3.20 in chips) 
Seat 5: tomashovka55 ($2 in chips) 
Seat 6: Rallars ($2.38 in chips) 
Seat 7: bueninnN ($1.83 in chips) 
Seat 8: mayakden ($2.45 in chips) 
Seat 9: Dorex2007 ($2.07 in chips) 
murtazaykp: posts small blind $0.01
leo_leo_me: posts big blind $0.02
*** HOLE CARDS ***
Dealt to Dorex2007 [8c Jd]
roman777142: folds 
novoxopersk: folds 
tomashovka55: folds 
Rallars: folds 
bueninnN has timed out
bueninnN: folds 
mayakden: folds 
Dorex2007: folds 
murtazaykp: folds 
Uncalled bet ($0.01) returned to leo_leo_me
bueninnN is disconnected 
leo_leo_me collected $0.02 from pot
leo_leo_me: doesn't show hand 
*** SUMMARY ***
Total pot $0.02 | Rake $0 
Seat 1: murtazaykp (small blind) folded before Flop
Seat 2: leo_leo_me (big blind) collected ($0.02)
Seat 3: roman777142 folded before Flop (didn't bet)
Seat 4: novoxopersk folded before Flop (didn't bet)
Seat 5: tomashovka55 folded before Flop (didn't bet)
Seat 6: Rallars folded before Flop (didn't bet)
Seat 7: bueninnN folded before Flop (didn't bet)
Seat 8: mayakden folded before Flop (didn't bet)
Seat 9: Dorex2007 (button) folded before Flop (didn't bet)



PokerStars Hand #227959775161:  Hold'em No Limit ($0.01/$0.02 USD) - 2021/06/30 12:44:04 PT [2021/06/30 15:44:04 ET]
Table 'Adalberta III' 9-max Seat #1 is the button
Seat 1: murtazaykp ($2.29 in chips) 
Seat 2: leo_leo_me ($0.74 in chips) 
Seat 3: roman777142 ($2.53 in chips) 
Seat 4: novoxopersk ($3.20 in chips) 
Seat 5: tomashovka55 ($2 in chips) 
Seat 6: Rallars ($2.38 in chips) 
Seat 8: mayakden ($2.45 in chips) 
Seat 9: Dorex2007 ($2.07 in chips) 
leo_leo_me: posts small blind $0.01
roman777142: posts big blind $0.02
*** HOLE CARDS ***
Dealt to Dorex2007 [4s Ts]
novoxopersk has timed out
novoxopersk: folds 
tomashovka55: folds 
Rallars: folds 
mayakden: raises $0.04 to $0.06
Dorex2007: folds 
murtazaykp: calls $0.06
leo_leo_me: folds 
roman777142: folds 
*** FLOP *** [8h 7s Td]
mayakden: bets $0.07
murtazaykp: calls $0.07
*** TURN *** [8h 7s Td] [Tc]
mayakden: checks 
murtazaykp: bets $0.12
mayakden: calls $0.12
*** RIVER *** [8h 7s Td Tc] [Qd]
mayakden: bets $0.26
murtazaykp: folds 
Uncalled bet ($0.26) returned to mayakden
mayakden collected $0.51 from pot
mayakden: doesn't show hand 
*** SUMMARY ***
Total pot $0.53 | Rake $0.02 
Board [8h 7s Td Tc Qd]
Seat 1: murtazaykp (button) folded on the River
Seat 2: leo_leo_me (small blind) folded before Flop
Seat 3: roman777142 (big blind) folded before Flop
Seat 4: novoxopersk folded before Flop (didn't bet)
Seat 5: tomashovka55 folded before Flop (didn't bet)
Seat 6: Rallars folded before Flop (didn't bet)
Seat 8: mayakden collected ($0.51)
Seat 9: Dorex2007 folded before Flop (didn't bet)



PokerStars Hand #227959837438:  Hold'em No Limit ($0.01/$0.02 USD) - 2021/06/30 12:46:11 PT [2021/06/30 15:46:11 ET]
Table 'Adalberta III' 9-max Seat #2 is the button
Seat 1: murtazaykp ($2.04 in chips) 
Seat 2: leo_leo_me ($0.73 in chips) 
Seat 3: roman777142 ($2.51 in chips) 
Seat 5: tomashovka55 ($2 in chips) 
Seat 6: Rallars ($2.38 in chips) 
Seat 8: mayakden ($2.71 in chips) 
Seat 9: Dorex2007 ($2.07 in chips) 
roman777142: posts small blind $0.01
tomashovka55: posts big blind $0.02
*** HOLE CARDS ***
Dealt to Dorex2007 [2h 6s]
Rallars: folds 
mayakden: folds 
novoxopersk leaves the table
Dorex2007: folds 
murtazaykp: folds 
leo_leo_me: folds 
roman777142: folds 
Uncalled bet ($0.01) returned to tomashovka55
tomashovka55 collected $0.02 from pot
tomashovka55: doesn't show hand 
*** SUMMARY ***
Total pot $0.02 | Rake $0 
Seat 1: murtazaykp folded before Flop (didn't bet)
Seat 2: leo_leo_me (button) folded before Flop (didn't bet)
Seat 3: roman777142 (small blind) folded before Flop
Seat 5: tomashovka55 (big blind) collected ($0.02)
Seat 6: Rallars folded before Flop (didn't bet)
Seat 8: mayakden folded before Flop (didn't bet)
Seat 9: Dorex2007 folded before Flop (didn't bet)



PokerStars Hand #227959847537:  Hold'em No Limit ($0.01/$0.02 USD) - 2021/06/30 12:46:31 PT [2021/06/30 15:46:31 ET]
Table 'Adalberta III' 9-max Seat #3 is the button
Seat 1: murtazaykp ($2.04 in chips) 
Seat 2: leo_leo_me ($0.73 in chips) 
Seat 3: roman777142 ($2.50 in chips) 
Seat 5: tomashovka55 ($2.01 in chips) 
Seat 6: Rallars ($2.38 in chips) 
Seat 8: mayakden ($2.71 in chips) 
Seat 9: Dorex2007 ($2.07 in chips) 
tomashovka55: posts small blind $0.01
Rallars: posts big blind $0.02
*** HOLE CARDS ***
Dealt to Dorex2007 [Ah Jd]
mayakden: folds 
Dorex2007: raises $0.04 to $0.06
murtazaykp: folds 
leo_leo_me: raises $0.67 to $0.73 and is all-in
roman777142: folds 
tomashovka55: folds 
Rallars: folds 
Dorex2007: folds 
Uncalled bet ($0.67) returned to leo_leo_me
leo_leo_me collected $0.15 from pot
leo_leo_me: doesn't show hand 
*** SUMMARY ***
Total pot $0.15 | Rake $0 
Seat 1: murtazaykp folded before Flop (didn't bet)
Seat 2: leo_leo_me collected ($0.15)
Seat 3: roman777142 (button) folded before Flop (didn't bet)
Seat 5: tomashovka55 (small blind) folded before Flop
Seat 6: Rallars (big blind) folded before Flop
Seat 8: mayakden folded before Flop (didn't bet)
Seat 9: Dorex2007 folded before Flop



PokerStars Hand #227959856286:  Hold'em No Limit ($0.01/$0.02 USD) - 2021/06/30 12:46:49 PT [2021/06/30 15:46:49 ET]
Table 'Adalberta III' 9-max Seat #5 is the button
Seat 1: murtazaykp ($2.04 in chips) 
Seat 2: leo_leo_me ($0.82 in chips) 
Seat 3: roman777142 ($2.50 in chips) 
Seat 5: tomashovka55 ($2 in chips) 
Seat 6: Rallars ($2.36 in chips) 
Seat 8: mayakden ($2.71 in chips) 
Seat 9: Dorex2007 ($2.01 in chips) 
Rallars: posts small blind $0.01
mayakden: posts big blind $0.02
*** HOLE CARDS ***
Dealt to Dorex2007 [6h 9c]
Dorex2007: folds 
murtazaykp: folds 
leo_leo_me: folds 
roman777142: calls $0.02
tomashovka55: folds 
Rallars: folds 
mayakden: checks 
*** FLOP *** [2s As 6c]
bueninnN is disconnected 
mayakden: checks 
roman777142: checks 
*** TURN *** [2s As 6c] [Qs]
mayakden: checks 
roman777142: checks 
*** RIVER *** [2s As 6c Qs] [Qc]
mayakden: checks 
roman777142: checks 
*** SHOW DOWN ***
mayakden: shows [5h 7c] (a pair of Queens)
roman777142: shows [3d 3c] (two pair, Queens and Threes)
roman777142 collected $0.05 from pot
*** SUMMARY ***
Total pot $0.05 | Rake $0 
Board [2s As 6c Qs Qc]
Seat 1: murtazaykp folded before Flop (didn't bet)
Seat 2: leo_leo_me folded before Flop (didn't bet)
Seat 3: roman777142 showed [3d 3c] and won ($0.05) with two pair, Queens and Threes
Seat 5: tomashovka55 (button) folded before Flop (didn't bet)
Seat 6: Rallars (small blind) folded before Flop
Seat 8: mayakden (big blind) showed [5h 7c] and lost with a pair of Queens
Seat 9: Dorex2007 folded before Flop (didn't bet)



PokerStars Hand #227959879877:  Hold'em No Limit ($0.01/$0.02 USD) - 2021/06/30 12:47:37 PT [2021/06/30 15:47:37 ET]
Table 'Adalberta III' 9-max Seat #6 is the button
Seat 1: murtazaykp ($2.04 in chips) 
Seat 2: leo_leo_me ($0.82 in chips) 
Seat 3: roman777142 ($2.53 in chips) 
Seat 5: tomashovka55 ($2 in chips) 
Seat 6: Rallars ($2.35 in chips) 
Seat 8: mayakden ($2.69 in chips) 
Seat 9: Dorex2007 ($2.01 in chips) 
mayakden: posts small blind $0.01
Dorex2007: posts big blind $0.02
*** HOLE CARDS ***
Dealt to Dorex2007 [3s Jh]
murtazaykp: folds 
leo_leo_me: folds 
roman777142: folds 
tomashovka55: folds 
Rallars: raises $0.03 to $0.05
mayakden: folds 
Dorex2007: folds 
Uncalled bet ($0.03) returned to Rallars
Rallars collected $0.05 from pot
Rallars: doesn't show hand 
*** SUMMARY ***
Total pot $0.05 | Rake $0 
Seat 1: murtazaykp folded before Flop (didn't bet)
Seat 2: leo_leo_me folded before Flop (didn't bet)
Seat 3: roman777142 folded before Flop (didn't bet)
Seat 5: tomashovka55 folded before Flop (didn't bet)
Seat 6: Rallars (button) collected ($0.05)
Seat 8: mayakden (small blind) folded before Flop
Seat 9: Dorex2007 (big blind) folded before Flop



PokerStars Hand #227959890236:  Hold'em No Limit ($0.01/$0.02 USD) - 2021/06/30 12:47:58 PT [2021/06/30 15:47:58 ET]
Table 'Adalberta III' 9-max Seat #8 is the button
Seat 1: murtazaykp ($2.04 in chips) 
Seat 2: leo_leo_me ($0.82 in chips) 
Seat 3: roman777142 ($2.53 in chips) 
Seat 5: tomashovka55 ($2 in chips) 
Seat 6: Rallars ($2.38 in chips) 
Seat 8: mayakden ($2.68 in chips) 
Seat 9: Dorex2007 ($1.99 in chips) 
Dorex2007: posts small blind $0.01
murtazaykp: posts big blind $0.02
*** HOLE CARDS ***
Dealt to Dorex2007 [9s 7d]
leo_leo_me: calls $0.02
roman777142: raises $0.04 to $0.06
bueninnN is disconnected 
tomashovka55: calls $0.06
Rallars: folds 
mayakden: folds 
Dorex2007: folds 
murtazaykp: calls $0.04
leo_leo_me: calls $0.04
*** FLOP *** [5d 6d 9c]
murtazaykp: bets $0.16
leo_leo_me: folds 
roman777142: raises $2.31 to $2.47 and is all-in
tomashovka55: folds 
murtazaykp: calls $1.82 and is all-in
Uncalled bet ($0.49) returned to roman777142
UbearA joins the table at seat #4 
*** TURN *** [5d 6d 9c] [4s]
*** RIVER *** [5d 6d 9c 4s] [8s]
*** SHOW DOWN ***
murtazaykp: shows [9d Qd] (a pair of Nines)
roman777142: shows [7c 8c] (a straight, Five to Nine)
roman777142 collected $4.06 from pot
murtazaykp cashed out the hand for $1.58 | Cash Out Fee $0.02
*** SUMMARY ***
Total pot $4.21 | Rake $0.15 
Board [5d 6d 9c 4s 8s]
Seat 1: murtazaykp (big blind) showed [9d Qd] and lost with a pair of Nines (cashed out).
Seat 2: leo_leo_me folded on the Flop
Seat 3: roman777142 showed [7c 8c] and won ($4.06) with a straight, Five to Nine
Seat 5: tomashovka55 folded on the Flop
Seat 6: Rallars folded before Flop (didn't bet)
Seat 8: mayakden (button) folded before Flop (didn't bet)
Seat 9: Dorex2007 (small blind) folded before Flop



PokerStars Hand #227959923199:  Hold'em No Limit ($0.01/$0.02 USD) - 2021/06/30 12:49:05 PT [2021/06/30 15:49:05 ET]
Table 'Adalberta III' 9-max Seat #9 is the button
Seat 1: murtazaykp ($2 in chips) 
Seat 2: leo_leo_me ($0.76 in chips) 
Seat 3: roman777142 ($4.55 in chips) 
Seat 5: tomashovka55 ($2 in chips) 
Seat 6: Rallars ($2.38 in chips) 
Seat 8: mayakden ($2.68 in chips) 
Seat 9: Dorex2007 ($1.98 in chips) 
murtazaykp: posts small blind $0.01
leo_leo_me: posts big blind $0.02
UbearA: sits out 
*** HOLE CARDS ***
Dealt to Dorex2007 [9s 2s]
roman777142: calls $0.02
tomashovka55: folds 
Rallars: folds 
mayakden has timed out
mayakden: folds 
Dorex2007: folds 
murtazaykp: folds 
leo_leo_me: checks 
*** FLOP *** [5h 4c Kd]
leo_leo_me: bets $0.02
roman777142: folds 
Uncalled bet ($0.02) returned to leo_leo_me
leo_leo_me collected $0.05 from pot
leo_leo_me: doesn't show hand 
*** SUMMARY ***
Total pot $0.05 | Rake $0 
Board [5h 4c Kd]
Seat 1: murtazaykp (small blind) folded before Flop
Seat 2: leo_leo_me (big blind) collected ($0.05)
Seat 3: roman777142 folded on the Flop
Seat 5: tomashovka55 folded before Flop (didn't bet)
Seat 6: Rallars folded before Flop (didn't bet)
Seat 8: mayakden folded before Flop (didn't bet)
Seat 9: Dorex2007 (button) folded before Flop (didn't bet)



PokerStars Hand #227959942198:  Hold'em No Limit ($0.01/$0.02 USD) - 2021/06/30 12:49:44 PT [2021/06/30 15:49:44 ET]
Table 'Adalberta III' 9-max Seat #1 is the button
Seat 1: murtazaykp ($2 in chips) 
Seat 2: leo_leo_me ($0.79 in chips) 
Seat 3: roman777142 ($4.53 in chips) 
Seat 5: tomashovka55 ($2 in chips) 
Seat 6: Rallars ($2.38 in chips) 
Seat 9: Dorex2007 ($2 in chips) 
leo_leo_me: posts small blind $0.01
roman777142: posts big blind $0.02
UbearA: sits out 
*** HOLE CARDS ***
Dealt to Dorex2007 [Qc Ad]
tomashovka55: folds 
Rallars: folds 
Dorex2007: raises $0.04 to $0.06
murtazaykp: calls $0.06
leo_leo_me: folds 
roman777142: folds 
*** FLOP *** [6c 2d Kh]
Dorex2007: checks 
murtazaykp: bets $0.09
Dorex2007: folds 
Uncalled bet ($0.09) returned to murtazaykp
murtazaykp collected $0.14 from pot
murtazaykp: doesn't show hand 
*** SUMMARY ***
Total pot $0.15 | Rake $0.01 
Board [6c 2d Kh]
Seat 1: murtazaykp (button) collected ($0.14)
Seat 2: leo_leo_me (small blind) folded before Flop
Seat 3: roman777142 (big blind) folded before Flop
Seat 5: tomashovka55 folded before Flop (didn't bet)
Seat 6: Rallars folded before Flop (didn't bet)
Seat 9: Dorex2007 folded on the Flop



PokerStars Hand #227960021005:  Hold'em No Limit ($0.01/$0.02 USD) - 2021/06/30 12:52:26 PT [2021/06/30 15:52:26 ET]
Table 'Adalberta III' 9-max Seat #5 is the button
Seat 1: murtazaykp ($2.16 in chips) 
Seat 2: leo_leo_me ($0.78 in chips) 
Seat 3: roman777142 ($4.35 in chips) 
Seat 4: UbearA ($0.91 in chips) 
Seat 5: tomashovka55 ($2 in chips) 
Seat 6: Rallars ($2.36 in chips) 
Seat 8: mayakden ($2.68 in chips) 
Seat 9: Dorex2007 ($1.94 in chips) 
Rallars: posts small blind $0.01
mayakden: posts big blind $0.02
*** HOLE CARDS ***
Dealt to Dorex2007 [2d 5d]
Dorex2007: folds 
murtazaykp: folds 
leo_leo_me: folds 
roman777142: folds 
UbearA: folds 
tomashovka55: folds 
Rallars: raises $0.04 to $0.06
mayakden: folds 
Uncalled bet ($0.04) returned to Rallars
Rallars collected $0.04 from pot
Rallars: doesn't show hand 
*** SUMMARY ***
Total pot $0.04 | Rake $0 
Seat 1: murtazaykp folded before Flop (didn't bet)
Seat 2: leo_leo_me folded before Flop (didn't bet)
Seat 3: roman777142 folded before Flop (didn't bet)
Seat 4: UbearA folded before Flop (didn't bet)
Seat 5: tomashovka55 (button) folded before Flop (didn't bet)
Seat 6: Rallars (small blind) collected ($0.04)
Seat 8: mayakden (big blind) folded before Flop
Seat 9: Dorex2007 folded before Flop (didn't bet)



PokerStars Hand #227960035286:  Hold'em No Limit ($0.01/$0.02 USD) - 2021/06/30 12:52:55 PT [2021/06/30 15:52:55 ET]
Table 'Adalberta III' 9-max Seat #6 is the button
Seat 1: murtazaykp ($2.16 in chips) 
Seat 2: leo_leo_me ($0.78 in chips) 
Seat 3: roman777142 ($4.35 in chips) 
Seat 4: UbearA ($0.91 in chips) 
Seat 5: tomashovka55 ($2 in chips) 
Seat 6: Rallars ($2.38 in chips) 
Seat 8: mayakden ($2.66 in chips) 
Seat 9: Dorex2007 ($1.94 in chips) 
mayakden: posts small blind $0.01
Dorex2007: posts big blind $0.02
*** HOLE CARDS ***
Dealt to Dorex2007 [4h 8s]
murtazaykp: folds 
leo_leo_me: calls $0.02
roman777142: folds 
UbearA: folds 
tomashovka55: folds 
Rallars: folds 
mayakden: raises $0.06 to $0.08
Dorex2007: folds 
leo_leo_me: folds 
Uncalled bet ($0.06) returned to mayakden
mayakden collected $0.06 from pot
mayakden: doesn't show hand 
*** SUMMARY ***
Total pot $0.06 | Rake $0 
Seat 1: murtazaykp folded before Flop (didn't bet)
Seat 2: leo_leo_me folded before Flop
Seat 3: roman777142 folded before Flop (didn't bet)
Seat 4: UbearA folded before Flop (didn't bet)
Seat 5: tomashovka55 folded before Flop (didn't bet)
Seat 6: Rallars (button) folded before Flop (didn't bet)
Seat 8: mayakden (small blind) collected ($0.06)
Seat 9: Dorex2007 (big blind) folded before Flop



PokerStars Hand #227960049844:  Hold'em No Limit ($0.01/$0.02 USD) - 2021/06/30 12:53:25 PT [2021/06/30 15:53:25 ET]
Table 'Adalberta III' 9-max Seat #8 is the button
Seat 1: murtazaykp ($2.16 in chips) 
Seat 2: leo_leo_me ($0.76 in chips) 
Seat 3: roman777142 ($4.35 in chips) 
Seat 4: UbearA ($0.91 in chips) 
Seat 5: tomashovka55 ($2 in chips) 
Seat 6: Rallars ($2.38 in chips) 
Seat 8: mayakden ($2.70 in chips) 
Seat 9: Dorex2007 ($1.92 in chips) 
Dorex2007: posts small blind $0.01
murtazaykp: posts big blind $0.02
*** HOLE CARDS ***
Dealt to Dorex2007 [5h Kh]
leo_leo_me: folds 
roman777142: folds 
UbearA: folds 
tomashovka55: raises $0.03 to $0.05
Rallars: folds 
mayakden: folds 
Dorex2007: folds 
murtazaykp: folds 
Uncalled bet ($0.03) returned to tomashovka55
tomashovka55 collected $0.05 from pot
tomashovka55: doesn't show hand 
*** SUMMARY ***
Total pot $0.05 | Rake $0 
Seat 1: murtazaykp (big blind) folded before Flop
Seat 2: leo_leo_me folded before Flop (didn't bet)
Seat 3: roman777142 folded before Flop (didn't bet)
Seat 4: UbearA folded before Flop (didn't bet)
Seat 5: tomashovka55 collected ($0.05)
Seat 6: Rallars folded before Flop (didn't bet)
Seat 8: mayakden (button) folded before Flop (didn't bet)
Seat 9: Dorex2007 (small blind) folded before Flop



PokerStars Hand #227960061322:  Hold'em No Limit ($0.01/$0.02 USD) - 2021/06/30 12:53:49 PT [2021/06/30 15:53:49 ET]
Table 'Adalberta III' 9-max Seat #9 is the button
Seat 1: murtazaykp ($2.14 in chips) 
Seat 2: leo_leo_me ($0.76 in chips) 
Seat 3: roman777142 ($4.35 in chips) 
Seat 4: UbearA ($0.91 in chips) 
Seat 5: tomashovka55 ($2.03 in chips) 
Seat 6: Rallars ($2.38 in chips) 
Seat 8: mayakden ($2.70 in chips) 
Seat 9: Dorex2007 ($1.91 in chips) 
murtazaykp: posts small blind $0.01
leo_leo_me: posts big blind $0.02
*** HOLE CARDS ***
Dealt to Dorex2007 [Ts 8c]
roman777142 has timed out
roman777142: folds 
UbearA: folds 
bueninnN leaves the table
tomashovka55: raises $0.03 to $0.05
Rallars: folds 
UbearA leaves the table
mayakden has timed out
mayakden: folds 
Dorex2007: folds 
murtazaykp: calls $0.04
leo_leo_me: calls $0.03
*** FLOP *** [6d 5d Kd]
murtazaykp: checks 
leo_leo_me: checks 
tomashovka55: checks 
*** TURN *** [6d 5d Kd] [Qh]
murtazaykp: checks 
leo_leo_me: checks 
tomashovka55: checks 
*** RIVER *** [6d 5d Kd Qh] [Jh]
murtazaykp: checks 
leo_leo_me: checks 
tomashovka55: checks 
*** SHOW DOWN ***
murtazaykp: shows [5c 7s] (a pair of Fives)
leo_leo_me: mucks hand 
tomashovka55: shows [9s 9d] (a pair of Nines)
tomashovka55 collected $0.14 from pot
*** SUMMARY ***
Total pot $0.15 | Rake $0.01 
Board [6d 5d Kd Qh Jh]
Seat 1: murtazaykp (small blind) showed [5c 7s] and lost with a pair of Fives
Seat 2: leo_leo_me (big blind) mucked [4d 4c]
Seat 3: roman777142 folded before Flop (didn't bet)
Seat 4: UbearA folded before Flop (didn't bet)
Seat 5: tomashovka55 showed [9s 9d] and won ($0.14) with a pair of Nines
Seat 6: Rallars folded before Flop (didn't bet)
Seat 8: mayakden folded before Flop (didn't bet)
Seat 9: Dorex2007 (button) folded before Flop (didn't bet)



PokerStars Hand #227960092881:  Hold'em No Limit ($0.01/$0.02 USD) - 2021/06/30 12:54:55 PT [2021/06/30 15:54:55 ET]
Table 'Adalberta III' 9-max Seat #1 is the button
Seat 1: murtazaykp ($2.09 in chips) 
Seat 2: leo_leo_me ($0.71 in chips) 
Seat 3: roman777142 ($4.35 in chips) 
Seat 5: tomashovka55 ($2.12 in chips) 
Seat 6: Rallars ($2.38 in chips) 
Seat 8: mayakden ($2.70 in chips) 
Seat 9: Dorex2007 ($1.91 in chips) 
leo_leo_me: posts small blind $0.01
roman777142: posts big blind $0.02
*** HOLE CARDS ***
Dealt to Dorex2007 [7c 8d]
tomashovka55: folds 
DAMAGER99 joins the table at seat #4 
Rallars: folds 
mayakden: folds 
Dorex2007: folds 
murtazaykp: folds 
leo_leo_me: folds 
Uncalled bet ($0.01) returned to roman777142
roman777142 collected $0.02 from pot
*** SUMMARY ***
Total pot $0.02 | Rake $0 
Seat 1: murtazaykp (button) folded before Flop (didn't bet)
Seat 2: leo_leo_me (small blind) folded before Flop
Seat 3: roman777142 (big blind) collected ($0.02)
Seat 5: tomashovka55 folded before Flop (didn't bet)
Seat 6: Rallars folded before Flop (didn't bet)
Seat 8: mayakden folded before Flop (didn't bet)
Seat 9: Dorex2007 folded before Flop (didn't bet)



PokerStars Hand #227960103277:  Hold'em No Limit ($0.01/$0.02 USD) - 2021/06/30 12:55:22 PT [2021/06/30 15:55:22 ET]
Table 'Adalberta III' 9-max Seat #2 is the button
Seat 1: murtazaykp ($2.09 in chips) 
Seat 2: leo_leo_me ($0.70 in chips) 
Seat 3: roman777142 ($4.36 in chips) 
Seat 4: DAMAGER99 ($1.26 in chips) 
Seat 5: tomashovka55 ($2.12 in chips) 
Seat 6: Rallars ($2.38 in chips) 
Seat 8: mayakden ($2.70 in chips) 
Seat 9: Dorex2007 ($1.91 in chips) 
roman777142: posts small blind $0.01
DAMAGER99: posts big blind $0.02
*** HOLE CARDS ***
Dealt to Dorex2007 [Qd 3s]
tomashovka55: folds 
Rallars: folds 
tomashovka55 leaves the table
mayakden: raises $0.02 to $0.04
Dorex2007: folds 
murtazaykp: raises $0.08 to $0.12
leo_leo_me: folds 
roman777142: raises $0.08 to $0.20
DAMAGER99: folds 
mayakden: folds 
murtazaykp: calls $0.08
*** FLOP *** [2s Jh 3d]
roman777142: bets $0.22
murtazaykp: folds 
Uncalled bet ($0.22) returned to roman777142
roman777142 collected $0.44 from pot
*** SUMMARY ***
Total pot $0.46 | Rake $0.02 
Board [2s Jh 3d]
Seat 1: murtazaykp folded on the Flop
Seat 2: leo_leo_me (button) folded before Flop (didn't bet)
Seat 3: roman777142 (small blind) collected ($0.44)
Seat 4: DAMAGER99 (big blind) folded before Flop
Seat 5: tomashovka55 folded before Flop (didn't bet)
Seat 6: Rallars folded before Flop (didn't bet)
Seat 8: mayakden folded before Flop
Seat 9: Dorex2007 folded before Flop (didn't bet)



PokerStars Hand #227960116393:  Hold'em No Limit ($0.01/$0.02 USD) - 2021/06/30 12:56:03 PT [2021/06/30 15:56:03 ET]
Table 'Adalberta III' 9-max Seat #3 is the button
Seat 1: murtazaykp ($2 in chips) 
Seat 2: leo_leo_me ($0.70 in chips) 
Seat 3: roman777142 ($4.60 in chips) 
Seat 4: DAMAGER99 ($1.24 in chips) 
Seat 6: Rallars ($2.38 in chips) 
Seat 8: mayakden ($2.66 in chips) 
Seat 9: Dorex2007 ($1.91 in chips) 
DAMAGER99: posts small blind $0.01
Rallars: posts big blind $0.02
*** HOLE CARDS ***
Dealt to Dorex2007 [9s Qc]
mayakden: folds 
Dorex2007: folds 
murtazaykp: folds 
leo_leo_me: folds 
roman777142: calls $0.02
DAMAGER99: calls $0.01
Rallars: checks 
*** FLOP *** [Ks Kd 3h]
DAMAGER99: checks 
Rallars: checks 
roman777142: checks 
*** TURN *** [Ks Kd 3h] [Ah]
DAMAGER99: checks 
Rallars: bets $0.03
roman777142: folds 
DAMAGER99: folds 
Uncalled bet ($0.03) returned to Rallars
Rallars collected $0.06 from pot
Rallars: doesn't show hand 
*** SUMMARY ***
Total pot $0.06 | Rake $0 
Board [Ks Kd 3h Ah]
Seat 1: murtazaykp folded before Flop (didn't bet)
Seat 2: leo_leo_me folded before Flop (didn't bet)
Seat 3: roman777142 (button) folded on the Turn
Seat 4: DAMAGER99 (small blind) folded on the Turn
Seat 6: Rallars (big blind) collected ($0.06)
Seat 8: mayakden folded before Flop (didn't bet)
Seat 9: Dorex2007 folded before Flop (didn't bet)



PokerStars Hand #227960139399:  Hold'em No Limit ($0.01/$0.02 USD) - 2021/06/30 12:57:14 PT [2021/06/30 15:57:14 ET]
Table 'Adalberta III' 9-max Seat #4 is the button
Seat 1: murtazaykp ($2 in chips) 
Seat 2: leo_leo_me ($0.70 in chips) 
Seat 3: roman777142 ($4.58 in chips) 
Seat 4: DAMAGER99 ($1.22 in chips) 
Seat 6: Rallars ($2.42 in chips) 
Seat 8: mayakden ($2.66 in chips) 
Seat 9: Dorex2007 ($1.91 in chips) 
Rallars: posts small blind $0.01
mayakden: posts big blind $0.02
*** HOLE CARDS ***
Dealt to Dorex2007 [4s 9d]
Dorex2007: folds 
murtazaykp: raises $0.02 to $0.04
leo_leo_me: folds 
roman777142: calls $0.04
DAMAGER99: folds 
Rallars: folds 
mayakden: folds 
*** FLOP *** [Jd 9s Kh]
murtazaykp: bets $0.07
roman777142: calls $0.07
*** TURN *** [Jd 9s Kh] [5c]
murtazaykp: bets $0.16
roman777142: folds 
Uncalled bet ($0.16) returned to murtazaykp
murtazaykp collected $0.24 from pot
murtazaykp: doesn't show hand 
*** SUMMARY ***
Total pot $0.25 | Rake $0.01 
Board [Jd 9s Kh 5c]
Seat 1: murtazaykp collected ($0.24)
Seat 2: leo_leo_me folded before Flop (didn't bet)
Seat 3: roman777142 folded on the Turn
Seat 4: DAMAGER99 (button) folded before Flop (didn't bet)
Seat 6: Rallars (small blind) folded before Flop
Seat 8: mayakden (big blind) folded before Flop
Seat 9: Dorex2007 folded before Flop (didn't bet)



PokerStars Hand #227960154645:  Hold'em No Limit ($0.01/$0.02 USD) - 2021/06/30 12:58:01 PT [2021/06/30 15:58:01 ET]
Table 'Adalberta III' 9-max Seat #6 is the button
Seat 1: murtazaykp ($2.13 in chips) 
Seat 2: leo_leo_me ($0.70 in chips) 
Seat 4: DAMAGER99 ($1.22 in chips) 
Seat 6: Rallars ($2.41 in chips) 
Seat 8: mayakden ($2.64 in chips) 
Seat 9: Dorex2007 ($1.91 in chips) 
mayakden: posts small blind $0.01
Dorex2007: posts big blind $0.02
*** HOLE CARDS ***
Dealt to Dorex2007 [9s 4s]
murtazaykp: folds 
leo_leo_me: folds 
DAMAGER99: calls $0.02
Rallars: raises $0.07 to $0.09
mayakden: folds 
Dorex2007: folds 
DAMAGER99: calls $0.07
*** FLOP *** [9h Ad Kh]
DAMAGER99: checks 
Rallars: bets $0.12
DAMAGER99: calls $0.12
*** TURN *** [9h Ad Kh] [7d]
DAMAGER99: checks 
Rallars: bets $0.02
DAMAGER99: calls $0.02
*** RIVER *** [9h Ad Kh 7d] [Th]
DAMAGER99: checks 
PentaClubs joins the table at seat #5 
Rallars: checks 
*** SHOW DOWN ***
DAMAGER99: shows [3c 3d] (a pair of Threes)
Rallars: mucks hand 
DAMAGER99 collected $0.47 from pot
*** SUMMARY ***
Total pot $0.49 | Rake $0.02 
Board [9h Ad Kh 7d Th]
Seat 1: murtazaykp folded before Flop (didn't bet)
Seat 2: leo_leo_me folded before Flop (didn't bet)
Seat 4: DAMAGER99 showed [3c 3d] and won ($0.47) with a pair of Threes
Seat 6: Rallars (button) mucked [2h 2c]
Seat 8: mayakden (small blind) folded before Flop
Seat 9: Dorex2007 (big blind) folded before Flop



PokerStars Hand #227960182398:  Hold'em No Limit ($0.01/$0.02 USD) - 2021/06/30 12:59:25 PT [2021/06/30 15:59:25 ET]
Table 'Adalberta III' 9-max Seat #8 is the button
Seat 1: murtazaykp ($2.13 in chips) 
Seat 2: leo_leo_me ($0.70 in chips) 
Seat 4: DAMAGER99 ($1.46 in chips) 
Seat 6: Rallars ($2.18 in chips) 
Seat 8: mayakden ($2.63 in chips) 
Seat 9: Dorex2007 ($1.89 in chips) 
Dorex2007: posts small blind $0.01
murtazaykp: posts big blind $0.02
PentaClubs: sits out 
*** HOLE CARDS ***
Dealt to Dorex2007 [2s 6s]
leo_leo_me: folds 
DAMAGER99: folds 
Rallars: folds 
mayakden: folds 
Dorex2007: folds 
Uncalled bet ($0.01) returned to murtazaykp
murtazaykp collected $0.02 from pot
murtazaykp: doesn't show hand 
*** SUMMARY ***
Total pot $0.02 | Rake $0 
Seat 1: murtazaykp (big blind) collected ($0.02)
Seat 2: leo_leo_me folded before Flop (didn't bet)
Seat 4: DAMAGER99 folded before Flop (didn't bet)
Seat 6: Rallars folded before Flop (didn't bet)
Seat 8: mayakden (button) folded before Flop (didn't bet)
Seat 9: Dorex2007 (small blind) folded before Flop



PokerStars Hand #227960187819:  Hold'em No Limit ($0.01/$0.02 USD) - 2021/06/30 12:59:41 PT [2021/06/30 15:59:41 ET]
Table 'Adalberta III' 9-max Seat #9 is the button
Seat 1: murtazaykp ($2.14 in chips) 
Seat 2: leo_leo_me ($0.70 in chips) 
Seat 4: DAMAGER99 ($1.46 in chips) 
Seat 6: Rallars ($2.18 in chips) 
Seat 8: mayakden ($2.63 in chips) 
Seat 9: Dorex2007 ($1.88 in chips) 
murtazaykp: posts small blind $0.01
leo_leo_me: posts big blind $0.02
PentaClubs: sits out 
*** HOLE CARDS ***
Dealt to Dorex2007 [5d 6d]
DAMAGER99: folds 
Rallars: folds 
mayakden: raises $0.04 to $0.06
Dorex2007: folds 
Boobie_McSnatch joins the table at seat #7 
murtazaykp: folds 
leo_leo_me: folds 
Uncalled bet ($0.04) returned to mayakden
mayakden collected $0.05 from pot
mayakden: doesn't show hand 
*** SUMMARY ***
Total pot $0.05 | Rake $0 
Seat 1: murtazaykp (small blind) folded before Flop
Seat 2: leo_leo_me (big blind) folded before Flop
Seat 4: DAMAGER99 folded before Flop (didn't bet)
Seat 6: Rallars folded before Flop (didn't bet)
Seat 8: mayakden collected ($0.05)
Seat 9: Dorex2007 (button) folded before Flop (didn't bet)



PokerStars Hand #227960193514:  Hold'em No Limit ($0.01/$0.02 USD) - 2021/06/30 12:59:59 PT [2021/06/30 15:59:59 ET]
Table 'Adalberta III' 9-max Seat #1 is the button
Seat 1: murtazaykp ($2.13 in chips) 
Seat 2: leo_leo_me ($0.68 in chips) 
Seat 4: DAMAGER99 ($1.46 in chips) 
Seat 6: Rallars ($2.18 in chips) 
Seat 8: mayakden ($2.66 in chips) 
Seat 9: Dorex2007 ($1.88 in chips) 
leo_leo_me: posts small blind $0.01
DAMAGER99: posts big blind $0.02
PentaClubs: sits out 
Boobie_McSnatch: sits out 
*** HOLE CARDS ***
Dealt to Dorex2007 [Kd Ks]
Rallars: folds 
mayakden: raises $0.04 to $0.06
Dorex2007: calls $0.06
murtazaykp: folds 
leo_leo_me: folds 
DAMAGER99: folds 
*** FLOP *** [Js 5s Kc]
mayakden: bets $0.07
Dorex2007: raises $0.13 to $0.20
mayakden: folds 
Uncalled bet ($0.13) returned to Dorex2007
Dorex2007 collected $0.28 from pot
Dorex2007: doesn't show hand 
*** SUMMARY ***
Total pot $0.29 | Rake $0.01 
Board [Js 5s Kc]
Seat 1: murtazaykp (button) folded before Flop (didn't bet)
Seat 2: leo_leo_me (small blind) folded before Flop
Seat 4: DAMAGER99 (big blind) folded before Flop
Seat 6: Rallars folded before Flop (didn't bet)
Seat 8: mayakden folded on the Flop
Seat 9: Dorex2007 collected ($0.28)



PokerStars Hand #227960207824:  Hold'em No Limit ($0.01/$0.02 USD) - 2021/06/30 13:00:39 PT [2021/06/30 16:00:39 ET]
Table 'Adalberta III' 9-max Seat #2 is the button
Seat 1: murtazaykp ($2.13 in chips) 
Seat 2: leo_leo_me ($0.67 in chips) 
Seat 4: DAMAGER99 ($1.44 in chips) 
Seat 5: PentaClubs ($2 in chips) 
Seat 6: Rallars ($2.18 in chips) 
Seat 8: mayakden ($2.53 in chips) 
Seat 9: Dorex2007 ($2.03 in chips) 
DAMAGER99: posts small blind $0.01
PentaClubs: posts big blind $0.02
Boobie_McSnatch: sits out 
*** HOLE CARDS ***
Dealt to Dorex2007 [Qc Ah]
Rallars: raises $0.03 to $0.05
mayakden: folds 
Dorex2007: calls $0.05
murtazaykp: calls $0.05
leo_leo_me: folds 
DAMAGER99: folds 
PentaClubs: folds 
*** FLOP *** [6c 5c 9d]
Rallars: checks 
Dorex2007: bets $0.09
murtazaykp: raises $0.18 to $0.27
Rallars: folds 
Dorex2007: folds 
Uncalled bet ($0.18) returned to murtazaykp
murtazaykp collected $0.35 from pot
murtazaykp: doesn't show hand 
*** SUMMARY ***
Total pot $0.36 | Rake $0.01 
Board [6c 5c 9d]
Seat 1: murtazaykp collected ($0.35)
Seat 2: leo_leo_me (button) folded before Flop (didn't bet)
Seat 4: DAMAGER99 (small blind) folded before Flop
Seat 5: PentaClubs (big blind) folded before Flop
Seat 6: Rallars folded on the Flop
Seat 8: mayakden folded before Flop (didn't bet)
Seat 9: Dorex2007 folded on the Flop



PokerStars Hand #227960223161:  Hold'em No Limit ($0.01/$0.02 USD) - 2021/06/30 13:01:18 PT [2021/06/30 16:01:18 ET]
Table 'Adalberta III' 9-max Seat #4 is the button
Seat 1: murtazaykp ($2.34 in chips) 
Seat 2: leo_leo_me ($0.67 in chips) 
Seat 4: DAMAGER99 ($1.43 in chips) 
Seat 5: PentaClubs ($1.98 in chips) 
Seat 7: Boobie_McSnatch ($2 in chips) 
Seat 8: mayakden ($2.53 in chips) 
Seat 9: Dorex2007 ($1.89 in chips) 
PentaClubs: posts small blind $0.01
Rallars: is sitting out 
Boobie_McSnatch: posts big blind $0.02
*** HOLE CARDS ***
Dealt to Dorex2007 [6d 8d]
mayakden: folds 
Dorex2007: folds 
murtazaykp: raises $0.04 to $0.06
leo_leo_me: folds 
DAMAGER99: folds 
PentaClubs: folds 
Boobie_McSnatch: folds 
Uncalled bet ($0.04) returned to murtazaykp
murtazaykp collected $0.05 from pot
murtazaykp: doesn't show hand 
*** SUMMARY ***
Total pot $0.05 | Rake $0 
Seat 1: murtazaykp collected ($0.05)
Seat 2: leo_leo_me folded before Flop (didn't bet)
Seat 4: DAMAGER99 (button) folded before Flop (didn't bet)
Seat 5: PentaClubs (small blind) folded before Flop
Seat 7: Boobie_McSnatch (big blind) folded before Flop
Seat 8: mayakden folded before Flop (didn't bet)
Seat 9: Dorex2007 folded before Flop (didn't bet)



PokerStars Hand #227960231528:  Hold'em No Limit ($0.01/$0.02 USD) - 2021/06/30 13:01:38 PT [2021/06/30 16:01:38 ET]
Table 'Adalberta III' 9-max Seat #5 is the button
Seat 1: murtazaykp ($2.37 in chips) 
Seat 2: leo_leo_me ($0.67 in chips) 
Seat 4: DAMAGER99 ($1.43 in chips) 
Seat 5: PentaClubs ($1.97 in chips) 
Seat 7: Boobie_McSnatch ($1.98 in chips) 
Seat 8: mayakden ($2.53 in chips) 
Seat 9: Dorex2007 ($1.89 in chips) 
Boobie_McSnatch: posts small blind $0.01
mayakden: posts big blind $0.02
*** HOLE CARDS ***
Dealt to Dorex2007 [3h 3c]
Dorex2007: folds 
murtazaykp: folds 
leo_leo_me: folds 
DAMAGER99 has timed out
DAMAGER99: folds 
PentaClubs: raises $0.04 to $0.06
Boobie_McSnatch: folds 
mayakden: folds 
Uncalled bet ($0.04) returned to PentaClubs
PentaClubs collected $0.05 from pot
PentaClubs: doesn't show hand 
*** SUMMARY ***
Total pot $0.05 | Rake $0 
Seat 1: murtazaykp folded before Flop (didn't bet)
Seat 2: leo_leo_me folded before Flop (didn't bet)
Seat 4: DAMAGER99 folded before Flop (didn't bet)
Seat 5: PentaClubs (button) collected ($0.05)
Seat 7: Boobie_McSnatch (small blind) folded before Flop
Seat 8: mayakden (big blind) folded before Flop
Seat 9: Dorex2007 folded before Flop (didn't bet)



PokerStars Hand #227960244937:  Hold'em No Limit ($0.01/$0.02 USD) - 2021/06/30 13:02:08 PT [2021/06/30 16:02:08 ET]
Table 'Adalberta III' 9-max Seat #7 is the button
Seat 1: murtazaykp ($2.37 in chips) 
Seat 2: leo_leo_me ($0.67 in chips) 
Seat 5: PentaClubs ($2 in chips) 
Seat 7: Boobie_McSnatch ($1.97 in chips) 
Seat 8: mayakden ($2.51 in chips) 
Seat 9: Dorex2007 ($1.89 in chips) 
mayakden: posts small blind $0.01
Dorex2007: posts big blind $0.02
Rallars: sits out 
*** HOLE CARDS ***
Dealt to Dorex2007 [Kh 7c]
murtazaykp: folds 
leo_leo_me: calls $0.02
PentaClubs: folds 
Boobie_McSnatch: calls $0.02
mayakden: folds 
Dorex2007: checks 
*** FLOP *** [8h 9s Jd]
Dorex2007: checks 
leo_leo_me: checks 
Boobie_McSnatch: bets $0.07
Dorex2007: folds 
leo_leo_me: calls $0.07
*** TURN *** [8h 9s Jd] [9c]
leo_leo_me: checks 
Boobie_McSnatch: bets $0.10
leo_leo_me: folds 
Uncalled bet ($0.10) returned to Boobie_McSnatch
Boobie_McSnatch collected $0.20 from pot
Boobie_McSnatch: doesn't show hand 
*** SUMMARY ***
Total pot $0.21 | Rake $0.01 
Board [8h 9s Jd 9c]
Seat 1: murtazaykp folded before Flop (didn't bet)
Seat 2: leo_leo_me folded on the Turn
Seat 5: PentaClubs folded before Flop (didn't bet)
Seat 7: Boobie_McSnatch (button) collected ($0.20)
Seat 8: mayakden (small blind) folded before Flop
Seat 9: Dorex2007 (big blind) folded on the Flop



PokerStars Hand #227960270138:  Hold'em No Limit ($0.01/$0.02 USD) - 2021/06/30 13:03:00 PT [2021/06/30 16:03:00 ET]
Table 'Adalberta III' 9-max Seat #8 is the button
Seat 2: leo_leo_me ($0.58 in chips) 
Seat 5: PentaClubs ($2 in chips) 
Seat 7: Boobie_McSnatch ($2.08 in chips) 
Seat 8: mayakden ($2.50 in chips) 
Seat 9: Dorex2007 ($1.87 in chips) 
Dorex2007: posts small blind $0.01
murtazaykp: is sitting out 
leo_leo_me: posts big blind $0.02
Rallars: sits out 
*** HOLE CARDS ***
Dealt to Dorex2007 [7d 2d]
PentaClubs: folds 
murtazaykp leaves the table
Boobie_McSnatch: folds 
mayakden: folds 
Dorex2007: folds 
Uncalled bet ($0.01) returned to leo_leo_me
leo_leo_me collected $0.02 from pot
leo_leo_me: doesn't show hand 
*** SUMMARY ***
Total pot $0.02 | Rake $0 
Seat 2: leo_leo_me (big blind) collected ($0.02)
Seat 5: PentaClubs folded before Flop (didn't bet)
Seat 7: Boobie_McSnatch folded before Flop (didn't bet)
Seat 8: mayakden (button) folded before Flop (didn't bet)
Seat 9: Dorex2007 (small blind) folded before Flop



PokerStars Hand #227960275559:  Hold'em No Limit ($0.01/$0.02 USD) - 2021/06/30 13:03:11 PT [2021/06/30 16:03:11 ET]
Table 'Adalberta III' 9-max Seat #9 is the button
Seat 2: leo_leo_me ($0.59 in chips) 
Seat 5: PentaClubs ($2 in chips) 
Seat 7: Boobie_McSnatch ($2.08 in chips) 
Seat 8: mayakden ($2.50 in chips) 
Seat 9: Dorex2007 ($1.86 in chips) 
leo_leo_me: posts small blind $0.01
PentaClubs: posts big blind $0.02
Rallars: sits out 
*** HOLE CARDS ***
Dealt to Dorex2007 [8h Ts]
Boobie_McSnatch: folds 
Rallars leaves the table
mayakden: folds 
Dorex2007: folds 
leo_leo_me: folds 
Uncalled bet ($0.01) returned to PentaClubs
PentaClubs collected $0.02 from pot
PentaClubs: doesn't show hand 
*** SUMMARY ***
Total pot $0.02 | Rake $0 
Seat 2: leo_leo_me (small blind) folded before Flop
Seat 5: PentaClubs (big blind) collected ($0.02)
Seat 7: Boobie_McSnatch folded before Flop (didn't bet)
Seat 8: mayakden folded before Flop (didn't bet)
Seat 9: Dorex2007 (button) folded before Flop (didn't bet)



PokerStars Hand #227960281559:  Hold'em No Limit ($0.01/$0.02 USD) - 2021/06/30 13:03:24 PT [2021/06/30 16:03:24 ET]
Table 'Adalberta III' 9-max Seat #2 is the button
Seat 2: leo_leo_me ($0.58 in chips) 
Seat 5: PentaClubs ($2.01 in chips) 
Seat 7: Boobie_McSnatch ($2.08 in chips) 
Seat 8: mayakden ($2.50 in chips) 
Seat 9: Dorex2007 ($1.86 in chips) 
PentaClubs: posts small blind $0.01
Boobie_McSnatch: posts big blind $0.02
*** HOLE CARDS ***
Dealt to Dorex2007 [2s Jc]
mayakden: folds 
Dorex2007: folds 
leo_leo_me: folds 
PentaClubs: raises $0.04 to $0.06
Boobie_McSnatch: calls $0.04
*** FLOP *** [6h 9c 6c]
PentaClubs: bets $0.06
Boobie_McSnatch: folds 
Uncalled bet ($0.06) returned to PentaClubs
PentaClubs collected $0.12 from pot
PentaClubs: doesn't show hand 
*** SUMMARY ***
Total pot $0.12 | Rake $0 
Board [6h 9c 6c]
Seat 2: leo_leo_me (button) folded before Flop (didn't bet)
Seat 5: PentaClubs (small blind) collected ($0.12)
Seat 7: Boobie_McSnatch (big blind) folded on the Flop
Seat 8: mayakden folded before Flop (didn't bet)
Seat 9: Dorex2007 folded before Flop (didn't bet)



PokerStars Hand #227960291876:  Hold'em No Limit ($0.01/$0.02 USD) - 2021/06/30 13:03:45 PT [2021/06/30 16:03:45 ET]
Table 'Adalberta III' 9-max Seat #5 is the button
Seat 2: leo_leo_me ($0.58 in chips) 
Seat 5: PentaClubs ($2.07 in chips) 
Seat 7: Boobie_McSnatch ($2.02 in chips) 
Seat 8: mayakden ($2.50 in chips) 
Seat 9: Dorex2007 ($1.86 in chips) 
Boobie_McSnatch: posts small blind $0.01
mayakden: posts big blind $0.02
roman777142: sits out 
DAMAGER99: sits out 
*** HOLE CARDS ***
Dealt to Dorex2007 [Qd Td]
Dorex2007: folds 
leo_leo_me: raises $0.02 to $0.04
PentaClubs: folds 
Boobie_McSnatch: folds 
mayakden: folds 
Uncalled bet ($0.02) returned to leo_leo_me
leo_leo_me collected $0.05 from pot
leo_leo_me: doesn't show hand 
*** SUMMARY ***
Total pot $0.05 | Rake $0 
Seat 2: leo_leo_me collected ($0.05)
Seat 5: PentaClubs (button) folded before Flop (didn't bet)
Seat 7: Boobie_McSnatch (small blind) folded before Flop
Seat 8: mayakden (big blind) folded before Flop
Seat 9: Dorex2007 folded before Flop (didn't bet)



PokerStars Hand #227960299593:  Hold'em No Limit ($0.01/$0.02 USD) - 2021/06/30 13:04:01 PT [2021/06/30 16:04:01 ET]
Table 'Adalberta III' 9-max Seat #7 is the button
Seat 2: leo_leo_me ($0.61 in chips) 
Seat 5: PentaClubs ($2.07 in chips) 
Seat 7: Boobie_McSnatch ($2.01 in chips) 
Seat 8: mayakden ($2.48 in chips) 
Seat 9: Dorex2007 ($1.86 in chips) 
mayakden: posts small blind $0.01
Dorex2007: posts big blind $0.02
roman777142: sits out 
DAMAGER99: sits out 
*** HOLE CARDS ***
Dealt to Dorex2007 [Kd 4d]
leo_leo_me: folds 
PentaClubs: folds 
Boobie_McSnatch: folds 
leo_leo_me is disconnected 
mayakden: folds 
Uncalled bet ($0.01) returned to Dorex2007
Dorex2007 collected $0.02 from pot
Dorex2007: doesn't show hand 
*** SUMMARY ***
Total pot $0.02 | Rake $0 
Seat 2: leo_leo_me folded before Flop (didn't bet)
Seat 5: PentaClubs folded before Flop (didn't bet)
Seat 7: Boobie_McSnatch (button) folded before Flop (didn't bet)
Seat 8: mayakden (small blind) folded before Flop
Seat 9: Dorex2007 (big blind) collected ($0.02)



PokerStars Hand #227960305718:  Hold'em No Limit ($0.01/$0.02 USD) - 2021/06/30 13:04:14 PT [2021/06/30 16:04:14 ET]
Table 'Adalberta III' 9-max Seat #8 is the button
Seat 3: roman777142 ($4.47 in chips) 
Seat 5: PentaClubs ($2.07 in chips) 
Seat 7: Boobie_McSnatch ($2.01 in chips) 
Seat 8: mayakden ($2.47 in chips) 
Seat 9: Dorex2007 ($1.87 in chips) 
Dorex2007: posts small blind $0.01
leo_leo_me has timed out while disconnected
leo_leo_me: is sitting out 
roman777142: posts big blind $0.02
DAMAGER99: sits out 
*** HOLE CARDS ***
Dealt to Dorex2007 [8h 3c]
PentaClubs: folds 
Boobie_McSnatch: folds 
mayakden: raises $0.04 to $0.06
Dorex2007: folds 
roman777142: folds 
Uncalled bet ($0.04) returned to mayakden
mayakden collected $0.05 from pot
mayakden: doesn't show hand 
*** SUMMARY ***
Total pot $0.05 | Rake $0 
Seat 3: roman777142 (big blind) folded before Flop
Seat 5: PentaClubs folded before Flop (didn't bet)
Seat 7: Boobie_McSnatch folded before Flop (didn't bet)
Seat 8: mayakden (button) collected ($0.05)
Seat 9: Dorex2007 (small blind) folded before Flop



PokerStars Hand #227960326790:  Hold'em No Limit ($0.01/$0.02 USD) - 2021/06/30 13:04:40 PT [2021/06/30 16:04:40 ET]
Table 'Adalberta III' 9-max Seat #9 is the button
Seat 3: roman777142 ($4.45 in chips) 
Seat 4: DAMAGER99 ($1.43 in chips) 
Seat 5: PentaClubs ($2.07 in chips) 
Seat 7: Boobie_McSnatch ($2.01 in chips) 
Seat 8: mayakden ($2.50 in chips) 
Seat 9: Dorex2007 ($1.86 in chips) 
roman777142: posts small blind $0.01
DAMAGER99: posts big blind $0.02
*** HOLE CARDS ***
Dealt to Dorex2007 [8s Jc]
PentaClubs: folds 
Boobie_McSnatch: folds 
mayakden: folds 
Dorex2007: folds 
roman777142: calls $0.01
DAMAGER99: checks 
*** FLOP *** [Kd 2c Td]
roman777142: checks 
DAMAGER99: checks 
*** TURN *** [Kd 2c Td] [Ad]
roman777142: bets $0.04
DAMAGER99: calls $0.04
*** RIVER *** [Kd 2c Td Ad] [As]
roman777142: checks 
chacalay1 joins the table at seat #1 
DAMAGER99: bets $0.12
roman777142: folds 
Uncalled bet ($0.12) returned to DAMAGER99
DAMAGER99 collected $0.12 from pot
*** SUMMARY ***
Total pot $0.12 | Rake $0 
Board [Kd 2c Td Ad As]
Seat 3: roman777142 (small blind) folded on the River
Seat 4: DAMAGER99 (big blind) collected ($0.12)
Seat 5: PentaClubs folded before Flop (didn't bet)
Seat 7: Boobie_McSnatch folded before Flop (didn't bet)
Seat 8: mayakden folded before Flop (didn't bet)
Seat 9: Dorex2007 (button) folded before Flop (didn't bet)



PokerStars Hand #227960344461:  Hold'em No Limit ($0.01/$0.02 USD) - 2021/06/30 13:05:16 PT [2021/06/30 16:05:16 ET]
Table 'Adalberta III' 9-max Seat #3 is the button
Seat 2: leo_leo_me ($0.61 in chips) 
Seat 3: roman777142 ($4.39 in chips) 
Seat 4: DAMAGER99 ($1.49 in chips) 
Seat 5: PentaClubs ($2.07 in chips) 
Seat 7: Boobie_McSnatch ($2.01 in chips) 
Seat 8: mayakden ($2.50 in chips) 
Seat 9: Dorex2007 ($1.86 in chips) 
DAMAGER99: posts small blind $0.01
PentaClubs: posts big blind $0.02
chacalay1: sits out 
leo_leo_me: posts small & big blinds $0.03
*** HOLE CARDS ***
Dealt to Dorex2007 [2d 4s]
Boobie_McSnatch: folds 
mayakden: folds 
Dorex2007: folds 
leo_leo_me: checks 
roman777142: folds 
DAMAGER99: folds 
PentaClubs: checks 
*** FLOP *** [4d Ad Kd]
PentaClubs: checks 
leo_leo_me: checks 
*** TURN *** [4d Ad Kd] [Ks]
PentaClubs: checks 
leo_leo_me: checks 
*** RIVER *** [4d Ad Kd Ks] [6c]
PentaClubs: checks 
leo_leo_me: checks 
*** SHOW DOWN ***
PentaClubs: shows [8c Jc] (a pair of Kings)
leo_leo_me: mucks hand 
PentaClubs collected $0.06 from pot
*** SUMMARY ***
Total pot $0.06 | Rake $0 
Board [4d Ad Kd Ks 6c]
Seat 2: leo_leo_me mucked [5d 9s]
Seat 3: roman777142 (button) folded before Flop (didn't bet)
Seat 4: DAMAGER99 (small blind) folded before Flop
Seat 5: PentaClubs (big blind) showed [8c Jc] and won ($0.06) with a pair of Kings
Seat 7: Boobie_McSnatch folded before Flop (didn't bet)
Seat 8: mayakden folded before Flop (didn't bet)
Seat 9: Dorex2007 folded before Flop (didn't bet)



PokerStars Hand #227960359942:  Hold'em No Limit ($0.01/$0.02 USD) - 2021/06/30 13:05:48 PT [2021/06/30 16:05:48 ET]
Table 'Adalberta III' 9-max Seat #4 is the button
Seat 2: leo_leo_me ($0.58 in chips) 
Seat 3: roman777142 ($4.39 in chips) 
Seat 4: DAMAGER99 ($1.48 in chips) 
Seat 5: PentaClubs ($2.11 in chips) 
Seat 7: Boobie_McSnatch ($2.01 in chips) 
Seat 8: mayakden ($2.50 in chips) 
Seat 9: Dorex2007 ($1.86 in chips) 
PentaClubs: posts small blind $0.01
Boobie_McSnatch: posts big blind $0.02
chacalay1: sits out 
*** HOLE CARDS ***
Dealt to Dorex2007 [Tc Qd]
mayakden has timed out
mayakden: folds 
Dorex2007: folds 
leo_leo_me: folds 
roman777142: folds 
DAMAGER99: raises $0.02 to $0.04
PentaClubs: folds 
Boobie_McSnatch: folds 
Uncalled bet ($0.02) returned to DAMAGER99
DAMAGER99 collected $0.05 from pot
*** SUMMARY ***
Total pot $0.05 | Rake $0 
Seat 2: leo_leo_me folded before Flop (didn't bet)
Seat 3: roman777142 folded before Flop (didn't bet)
Seat 4: DAMAGER99 (button) collected ($0.05)
Seat 5: PentaClubs (small blind) folded before Flop
Seat 7: Boobie_McSnatch (big blind) folded before Flop
Seat 8: mayakden folded before Flop (didn't bet)
Seat 9: Dorex2007 folded before Flop (didn't bet)



PokerStars Hand #227960375857:  Hold'em No Limit ($0.01/$0.02 USD) - 2021/06/30 13:06:10 PT [2021/06/30 16:06:10 ET]
Table 'Adalberta III' 9-max Seat #5 is the button
Seat 2: leo_leo_me ($0.58 in chips) 
Seat 3: roman777142 ($4.39 in chips) 
Seat 4: DAMAGER99 ($1.51 in chips) 
Seat 5: PentaClubs ($2.10 in chips) 
Seat 7: Boobie_McSnatch ($1.99 in chips) 
Seat 8: mayakden ($2.50 in chips) 
Seat 9: Dorex2007 ($1.86 in chips) 
Boobie_McSnatch: posts small blind $0.01
mayakden: posts big blind $0.02
chacalay1: sits out 
*** HOLE CARDS ***
Dealt to Dorex2007 [3d 3c]
Dorex2007: folds 
leo_leo_me: calls $0.02
Kucher189 joins the table at seat #6 
roman777142: calls $0.02
DAMAGER99: folds 
PentaClubs: raises $0.08 to $0.10
Boobie_McSnatch: folds 
mayakden: folds 
leo_leo_me: folds 
roman777142: folds 
Uncalled bet ($0.08) returned to PentaClubs
PentaClubs collected $0.09 from pot
PentaClubs: doesn't show hand 
*** SUMMARY ***
Total pot $0.09 | Rake $0 
Seat 2: leo_leo_me folded before Flop
Seat 3: roman777142 folded before Flop
Seat 4: DAMAGER99 folded before Flop (didn't bet)
Seat 5: PentaClubs (button) collected ($0.09)
Seat 7: Boobie_McSnatch (small blind) folded before Flop
Seat 8: mayakden (big blind) folded before Flop
Seat 9: Dorex2007 folded before Flop (didn't bet)



PokerStars Hand #227960392817:  Hold'em No Limit ($0.01/$0.02 USD) - 2021/06/30 13:06:45 PT [2021/06/30 16:06:45 ET]
Table 'Adalberta III' 9-max Seat #7 is the button
Seat 2: leo_leo_me ($0.56 in chips) 
Seat 3: roman777142 ($4.37 in chips) 
Seat 4: DAMAGER99 ($1.51 in chips) 
Seat 5: PentaClubs ($2.17 in chips) 
Seat 7: Boobie_McSnatch ($1.98 in chips) 
Seat 8: mayakden ($2.48 in chips) 
Seat 9: Dorex2007 ($1.86 in chips) 
mayakden: posts small blind $0.01
Dorex2007: posts big blind $0.02
chacalay1: sits out 
Kucher189: sits out 
*** HOLE CARDS ***
Dealt to Dorex2007 [4c Ac]
leo_leo_me: calls $0.02
roman777142: folds 
DAMAGER99: folds 
PentaClubs: folds 
Boobie_McSnatch: folds 
mayakden: folds 
Dorex2007: checks 
*** FLOP *** [8c As Jh]
Dorex2007: checks 
leo_leo_me: checks 
*** TURN *** [8c As Jh] [9c]
Dorex2007: bets $0.05
leo_leo_me: calls $0.05
*** RIVER *** [8c As Jh 9c] [3s]
Dorex2007: checks 
leo_leo_me: checks 
*** SHOW DOWN ***
Dorex2007: shows [4c Ac] (a pair of Aces)
leo_leo_me: mucks hand 
Dorex2007 collected $0.14 from pot
*** SUMMARY ***
Total pot $0.15 | Rake $0.01 
Board [8c As Jh 9c 3s]
Seat 2: leo_leo_me mucked [Ks Jc]
Seat 3: roman777142 folded before Flop (didn't bet)
Seat 4: DAMAGER99 folded before Flop (didn't bet)
Seat 5: PentaClubs folded before Flop (didn't bet)
Seat 7: Boobie_McSnatch (button) folded before Flop (didn't bet)
Seat 8: mayakden (small blind) folded before Flop
Seat 9: Dorex2007 (big blind) showed [4c Ac] and won ($0.14) with a pair of Aces



PokerStars Hand #227960407908:  Hold'em No Limit ($0.01/$0.02 USD) - 2021/06/30 13:07:16 PT [2021/06/30 16:07:16 ET]
Table 'Adalberta III' 9-max Seat #8 is the button
Seat 1: chacalay1 ($1.80 in chips) 
Seat 2: leo_leo_me ($0.49 in chips) 
Seat 3: roman777142 ($4.37 in chips) 
Seat 4: DAMAGER99 ($1.51 in chips) 
Seat 5: PentaClubs ($2.17 in chips) 
Seat 7: Boobie_McSnatch ($1.98 in chips) 
Seat 8: mayakden ($2.47 in chips) 
Seat 9: Dorex2007 ($1.93 in chips) 
Dorex2007: posts small blind $0.01
chacalay1: posts big blind $0.02
Kucher189: sits out 
*** HOLE CARDS ***
Dealt to Dorex2007 [Tc 5c]
leo_leo_me: calls $0.02
roman777142: folds 
DAMAGER99: folds 
PentaClubs: folds 
Boobie_McSnatch: folds 
mayakden: folds 
Dorex2007: folds 
chacalay1: checks 
*** FLOP *** [4d 4c 5s]
chacalay1: checks 
leo_leo_me: checks 
*** TURN *** [4d 4c 5s] [6s]
chacalay1: checks 
leo_leo_me: checks 
*** RIVER *** [4d 4c 5s 6s] [Qs]
chacalay1: checks 
leo_leo_me: bets $0.04
chacalay1: calls $0.04
*** SHOW DOWN ***
leo_leo_me: shows [Qh Kd] (two pair, Queens and Fours)
chacalay1: mucks hand 
leo_leo_me collected $0.13 from pot
*** SUMMARY ***
Total pot $0.13 | Rake $0 
Board [4d 4c 5s 6s Qs]
Seat 1: chacalay1 (big blind) mucked [Qd 3h]
Seat 2: leo_leo_me showed [Qh Kd] and won ($0.13) with two pair, Queens and Fours
Seat 3: roman777142 folded before Flop (didn't bet)
Seat 4: DAMAGER99 folded before Flop (didn't bet)
Seat 5: PentaClubs folded before Flop (didn't bet)
Seat 7: Boobie_McSnatch folded before Flop (didn't bet)
Seat 8: mayakden (button) folded before Flop (didn't bet)
Seat 9: Dorex2007 (small blind) folded before Flop



PokerStars Hand #227960439422:  Hold'em No Limit ($0.01/$0.02 USD) - 2021/06/30 13:08:21 PT [2021/06/30 16:08:21 ET]
Table 'Adalberta III' 9-max Seat #9 is the button
Seat 1: chacalay1 ($1.74 in chips) 
Seat 2: leo_leo_me ($0.56 in chips) 
Seat 3: roman777142 ($4.37 in chips) 
Seat 4: DAMAGER99 ($1.51 in chips) 
Seat 5: PentaClubs ($2.17 in chips) 
Seat 7: Boobie_McSnatch ($1.98 in chips) 
Seat 8: mayakden ($2.47 in chips) 
Seat 9: Dorex2007 ($1.92 in chips) 
chacalay1: posts small blind $0.01
leo_leo_me: posts big blind $0.02
Kucher189: sits out 
*** HOLE CARDS ***
Dealt to Dorex2007 [6c 9s]
roman777142: folds 
DAMAGER99: folds 
PentaClubs: raises $0.04 to $0.06
Boobie_McSnatch: folds 
mayakden: folds 
Dorex2007: folds 
chacalay1: folds 
leo_leo_me: folds 
Uncalled bet ($0.04) returned to PentaClubs
PentaClubs collected $0.05 from pot
PentaClubs: doesn't show hand 
*** SUMMARY ***
Total pot $0.05 | Rake $0 
Seat 1: chacalay1 (small blind) folded before Flop
Seat 2: leo_leo_me (big blind) folded before Flop
Seat 3: roman777142 folded before Flop (didn't bet)
Seat 4: DAMAGER99 folded before Flop (didn't bet)
Seat 5: PentaClubs collected ($0.05)
Seat 7: Boobie_McSnatch folded before Flop (didn't bet)
Seat 8: mayakden folded before Flop (didn't bet)
Seat 9: Dorex2007 (button) folded before Flop (didn't bet)



PokerStars Hand #227960454954:  Hold'em No Limit ($0.01/$0.02 USD) - 2021/06/30 13:08:53 PT [2021/06/30 16:08:53 ET]
Table 'Adalberta III' 9-max Seat #1 is the button
Seat 1: chacalay1 ($1.73 in chips) 
Seat 2: leo_leo_me ($0.54 in chips) 
Seat 3: roman777142 ($4.37 in chips) 
Seat 4: DAMAGER99 ($1.51 in chips) 
Seat 5: PentaClubs ($2.20 in chips) 
Seat 7: Boobie_McSnatch ($1.98 in chips) 
Seat 8: mayakden ($2.47 in chips) 
Seat 9: Dorex2007 ($1.92 in chips) 
leo_leo_me: posts small blind $0.01
roman777142: posts big blind $0.02
Kucher189: sits out 
*** HOLE CARDS ***
Dealt to Dorex2007 [Kc Ad]
DAMAGER99: folds 
PentaClubs: folds 
Boobie_McSnatch: folds 
mayakden: folds 
Dorex2007: raises $0.04 to $0.06
chacalay1: folds 
leo_leo_me: folds 
roman777142: folds 
Uncalled bet ($0.04) returned to Dorex2007
Dorex2007 collected $0.05 from pot
Dorex2007: doesn't show hand 
*** SUMMARY ***
Total pot $0.05 | Rake $0 
Seat 1: chacalay1 (button) folded before Flop (didn't bet)
Seat 2: leo_leo_me (small blind) folded before Flop
Seat 3: roman777142 (big blind) folded before Flop
Seat 4: DAMAGER99 folded before Flop (didn't bet)
Seat 5: PentaClubs folded before Flop (didn't bet)
Seat 7: Boobie_McSnatch folded before Flop (didn't bet)
Seat 8: mayakden folded before Flop (didn't bet)
Seat 9: Dorex2007 collected ($0.05)



PokerStars Hand #227960472039:  Hold'em No Limit ($0.01/$0.02 USD) - 2021/06/30 13:09:29 PT [2021/06/30 16:09:29 ET]
Table 'Adalberta III' 9-max Seat #2 is the button
Seat 1: chacalay1 ($1.73 in chips) 
Seat 2: leo_leo_me ($0.53 in chips) 
Seat 3: roman777142 ($4.35 in chips) 
Seat 4: DAMAGER99 ($1.51 in chips) 
Seat 5: PentaClubs ($2.20 in chips) 
Seat 7: Boobie_McSnatch ($1.98 in chips) 
Seat 8: mayakden ($2.47 in chips) 
Seat 9: Dorex2007 ($1.95 in chips) 
roman777142: posts small blind $0.01
DAMAGER99: posts big blind $0.02
Kucher189: sits out 
*** HOLE CARDS ***
Dealt to Dorex2007 [9d 4d]
PentaClubs: folds 
Boobie_McSnatch: folds 
mayakden: folds 
Dorex2007: folds 
chacalay1: folds 
leo_leo_me: folds 
roman777142: folds 
Uncalled bet ($0.01) returned to DAMAGER99
DAMAGER99 collected $0.02 from pot
*** SUMMARY ***
Total pot $0.02 | Rake $0 
Seat 1: chacalay1 folded before Flop (didn't bet)
Seat 2: leo_leo_me (button) folded before Flop (didn't bet)
Seat 3: roman777142 (small blind) folded before Flop
Seat 4: DAMAGER99 (big blind) collected ($0.02)
Seat 5: PentaClubs folded before Flop (didn't bet)
Seat 7: Boobie_McSnatch folded before Flop (didn't bet)
Seat 8: mayakden folded before Flop (didn't bet)
Seat 9: Dorex2007 folded before Flop (didn't bet)



PokerStars Hand #227960482337:  Hold'em No Limit ($0.01/$0.02 USD) - 2021/06/30 13:09:50 PT [2021/06/30 16:09:50 ET]
Table 'Adalberta III' 9-max Seat #3 is the button
Seat 1: chacalay1 ($1.73 in chips) 
Seat 2: leo_leo_me ($0.53 in chips) 
Seat 3: roman777142 ($4.34 in chips) 
Seat 4: DAMAGER99 ($1.52 in chips) 
Seat 5: PentaClubs ($2.20 in chips) 
Seat 7: Boobie_McSnatch ($1.98 in chips) 
Seat 8: mayakden ($2.47 in chips) 
Seat 9: Dorex2007 ($1.95 in chips) 
DAMAGER99: posts small blind $0.01
PentaClubs: posts big blind $0.02
Kucher189: sits out 
*** HOLE CARDS ***
Dealt to Dorex2007 [Kd 5c]
Boobie_McSnatch: folds 
mayakden: folds 
Dorex2007: folds 
chacalay1: folds 
leo_leo_me: folds 
roman777142: calls $0.02
DAMAGER99: calls $0.01
PentaClubs: checks 
*** FLOP *** [Ad 5s Ac]
DAMAGER99: checks 
PentaClubs: checks 
roman777142: checks 
*** TURN *** [Ad 5s Ac] [Ah]
DAMAGER99: checks 
PentaClubs: bets $0.03
roman777142: calls $0.03
DAMAGER99: folds 
*** RIVER *** [Ad 5s Ac Ah] [4s]
PentaClubs: bets $0.06
roman777142: calls $0.06
*** SHOW DOWN ***
PentaClubs: shows [3h 3c] (a full house, Aces full of Threes)
roman777142: shows [9c 9d] (a full house, Aces full of Nines)
roman777142 collected $0.23 from pot
*** SUMMARY ***
Total pot $0.24 | Rake $0.01 
Board [Ad 5s Ac Ah 4s]
Seat 1: chacalay1 folded before Flop (didn't bet)
Seat 2: leo_leo_me folded before Flop (didn't bet)
Seat 3: roman777142 (button) showed [9c 9d] and won ($0.23) with a full house, Aces full of Nines
Seat 4: DAMAGER99 (small blind) folded on the Turn
Seat 5: PentaClubs (big blind) showed [3h 3c] and lost with a full house, Aces full of Threes
Seat 7: Boobie_McSnatch folded before Flop (didn't bet)
Seat 8: mayakden folded before Flop (didn't bet)
Seat 9: Dorex2007 folded before Flop (didn't bet)



PokerStars Hand #227960506008:  Hold'em No Limit ($0.01/$0.02 USD) - 2021/06/30 13:10:39 PT [2021/06/30 16:10:39 ET]
Table 'Adalberta III' 9-max Seat #4 is the button
Seat 1: chacalay1 ($1.73 in chips) 
Seat 2: leo_leo_me ($0.53 in chips) 
Seat 3: roman777142 ($4.46 in chips) 
Seat 4: DAMAGER99 ($1.50 in chips) 
Seat 5: PentaClubs ($2.09 in chips) 
Seat 6: Kucher189 ($0.80 in chips) 
Seat 7: Boobie_McSnatch ($1.98 in chips) 
Seat 8: mayakden ($2.47 in chips) 
Seat 9: Dorex2007 ($1.95 in chips) 
PentaClubs: posts small blind $0.01
Kucher189: posts big blind $0.02
*** HOLE CARDS ***
Dealt to Dorex2007 [Kh Tc]
Boobie_McSnatch: calls $0.02
mayakden: folds 
Dorex2007: raises $0.02 to $0.04
chacalay1: calls $0.04
leo_leo_me: folds 
roman777142: folds 
DAMAGER99: folds 
PentaClubs: folds 
Kucher189: folds 
Boobie_McSnatch: calls $0.02
*** FLOP *** [4s Jh 4d]
Boobie_McSnatch: checks 
Dorex2007: checks 
chacalay1: bets $0.12
Boobie_McSnatch: folds 
Dorex2007: folds 
Uncalled bet ($0.12) returned to chacalay1
chacalay1 collected $0.14 from pot
chacalay1: doesn't show hand 
*** SUMMARY ***
Total pot $0.15 | Rake $0.01 
Board [4s Jh 4d]
Seat 1: chacalay1 collected ($0.14)
Seat 2: leo_leo_me folded before Flop (didn't bet)
Seat 3: roman777142 folded before Flop (didn't bet)
Seat 4: DAMAGER99 (button) folded before Flop (didn't bet)
Seat 5: PentaClubs (small blind) folded before Flop
Seat 6: Kucher189 (big blind) folded before Flop
Seat 7: Boobie_McSnatch folded on the Flop
Seat 8: mayakden folded before Flop (didn't bet)
Seat 9: Dorex2007 folded on the Flop



PokerStars Hand #227960534525:  Hold'em No Limit ($0.01/$0.02 USD) - 2021/06/30 13:11:39 PT [2021/06/30 16:11:39 ET]
Table 'Adalberta III' 9-max Seat #5 is the button
Seat 1: chacalay1 ($1.83 in chips) 
Seat 2: leo_leo_me ($0.53 in chips) 
Seat 3: roman777142 ($4.46 in chips) 
Seat 4: DAMAGER99 ($1.50 in chips) 
Seat 5: PentaClubs ($2.08 in chips) 
Seat 6: Kucher189 ($0.78 in chips) 
Seat 7: Boobie_McSnatch ($1.94 in chips) 
Seat 8: mayakden ($2.47 in chips) 
Seat 9: Dorex2007 ($1.91 in chips) 
Kucher189: posts small blind $0.01
Boobie_McSnatch: posts big blind $0.02
*** HOLE CARDS ***
Dealt to Dorex2007 [2d Jd]
mayakden has timed out
mayakden: folds 
Dorex2007: folds 
chacalay1: folds 
leo_leo_me: calls $0.02
roman777142: folds 
DAMAGER99: folds 
PentaClubs: folds 
Kucher189: folds 
Boobie_McSnatch: checks 
*** FLOP *** [6s Jh 2s]
Boobie_McSnatch: checks 
leo_leo_me: bets $0.02
Boobie_McSnatch: folds 
Uncalled bet ($0.02) returned to leo_leo_me
leo_leo_me collected $0.05 from pot
leo_leo_me: doesn't show hand 
*** SUMMARY ***
Total pot $0.05 | Rake $0 
Board [6s Jh 2s]
Seat 1: chacalay1 folded before Flop (didn't bet)
Seat 2: leo_leo_me collected ($0.05)
Seat 3: roman777142 folded before Flop (didn't bet)
Seat 4: DAMAGER99 folded before Flop (didn't bet)
Seat 5: PentaClubs (button) folded before Flop (didn't bet)
Seat 6: Kucher189 (small blind) folded before Flop
Seat 7: Boobie_McSnatch (big blind) folded on the Flop
Seat 8: mayakden folded before Flop (didn't bet)
Seat 9: Dorex2007 folded before Flop (didn't bet)



PokerStars Hand #227960590503:  Hold'em No Limit ($0.01/$0.02 USD) - 2021/06/30 13:13:37 PT [2021/06/30 16:13:37 ET]
Table 'Adalberta III' 9-max Seat #1 is the button
Seat 1: chacalay1 ($2.16 in chips) 
Seat 2: leo_leo_me ($0.54 in chips) 
Seat 3: roman777142 ($4.46 in chips) 
Seat 4: DAMAGER99 ($1.50 in chips) 
Seat 5: PentaClubs ($1.76 in chips) 
Seat 6: Kucher189 ($0.77 in chips) 
Seat 7: Boobie_McSnatch ($1.91 in chips) 
Seat 9: Dorex2007 ($1.91 in chips) 
leo_leo_me: posts small blind $0.01
roman777142: posts big blind $0.02
mayakden: sits out 
Dorex2007: posts small & big blinds $0.03
*** HOLE CARDS ***
Dealt to Dorex2007 [2d 7c]
DAMAGER99: folds 
PentaClubs: folds 
Kucher189: folds 
Boobie_McSnatch: folds 
Dorex2007: checks 
chacalay1: folds 
leo_leo_me: raises $0.52 to $0.54 and is all-in
roman777142: folds 
Dorex2007: folds 
Uncalled bet ($0.52) returned to leo_leo_me
leo_leo_me collected $0.07 from pot
leo_leo_me: doesn't show hand 
*** SUMMARY ***
Total pot $0.07 | Rake $0 
Seat 1: chacalay1 (button) folded before Flop (didn't bet)
Seat 2: leo_leo_me (small blind) collected ($0.07)
Seat 3: roman777142 (big blind) folded before Flop
Seat 4: DAMAGER99 folded before Flop (didn't bet)
Seat 5: PentaClubs folded before Flop (didn't bet)
Seat 6: Kucher189 folded before Flop (didn't bet)
Seat 7: Boobie_McSnatch folded before Flop (didn't bet)
Seat 9: Dorex2007 folded before Flop (didn't bet)



PokerStars Hand #227960604651:  Hold'em No Limit ($0.01/$0.02 USD) - 2021/06/30 13:14:06 PT [2021/06/30 16:14:06 ET]
Table 'Adalberta III' 9-max Seat #2 is the button
Seat 1: chacalay1 ($2.16 in chips) 
Seat 2: leo_leo_me ($0.59 in chips) 
Seat 3: roman777142 ($4.44 in chips) 
Seat 4: DAMAGER99 ($1.50 in chips) 
Seat 5: PentaClubs ($1.76 in chips) 
Seat 6: Kucher189 ($0.77 in chips) 
Seat 7: Boobie_McSnatch ($1.91 in chips) 
Seat 9: Dorex2007 ($1.88 in chips) 
roman777142: posts small blind $0.01
DAMAGER99: posts big blind $0.02
mayakden: sits out 
*** HOLE CARDS ***
Dealt to Dorex2007 [Jc Ks]
PentaClubs: folds 
Kucher189: folds 
Boobie_McSnatch: raises $0.04 to $0.06
Dorex2007: folds 
chacalay1: folds 
leo_leo_me: folds 
roman777142: folds 
DAMAGER99: folds 
Uncalled bet ($0.04) returned to Boobie_McSnatch
Boobie_McSnatch collected $0.05 from pot
Boobie_McSnatch: doesn't show hand 
*** SUMMARY ***
Total pot $0.05 | Rake $0 
Seat 1: chacalay1 folded before Flop (didn't bet)
Seat 2: leo_leo_me (button) folded before Flop (didn't bet)
Seat 3: roman777142 (small blind) folded before Flop
Seat 4: DAMAGER99 (big blind) folded before Flop
Seat 5: PentaClubs folded before Flop (didn't bet)
Seat 6: Kucher189 folded before Flop (didn't bet)
Seat 7: Boobie_McSnatch collected ($0.05)
Seat 9: Dorex2007 folded before Flop (didn't bet)



PokerStars Hand #227960625719:  Hold'em No Limit ($0.01/$0.02 USD) - 2021/06/30 13:14:50 PT [2021/06/30 16:14:50 ET]
Table 'Adalberta III' 9-max Seat #4 is the button
Seat 1: chacalay1 ($2.16 in chips) 
Seat 2: leo_leo_me ($0.59 in chips) 
Seat 4: DAMAGER99 ($1.48 in chips) 
Seat 5: PentaClubs ($1.76 in chips) 
Seat 6: Kucher189 ($0.77 in chips) 
Seat 7: Boobie_McSnatch ($1.94 in chips) 
Seat 9: Dorex2007 ($1.88 in chips) 
PentaClubs: posts small blind $0.01
Kucher189: posts big blind $0.02
mayakden: sits out 
*** HOLE CARDS ***
Dealt to Dorex2007 [5s 9h]
Boobie_McSnatch: folds 
Dorex2007: folds 
chacalay1: folds 
leo_leo_me: folds 
DAMAGER99: raises $0.02 to $0.04
PentaClubs: folds 
Kucher189: raises $0.06 to $0.10
DAMAGER99: calls $0.06
*** FLOP *** [9d 2d 6c]
Kucher189: bets $0.10
DAMAGER99: calls $0.10
*** TURN *** [9d 2d 6c] [6s]
Kucher189: bets $0.10
DAMAGER99: raises $0.24 to $0.34
Kucher189: folds 
Uncalled bet ($0.24) returned to DAMAGER99
DAMAGER99 collected $0.59 from pot
*** SUMMARY ***
Total pot $0.61 | Rake $0.02 
Board [9d 2d 6c 6s]
Seat 1: chacalay1 folded before Flop (didn't bet)
Seat 2: leo_leo_me folded before Flop (didn't bet)
Seat 4: DAMAGER99 (button) collected ($0.59)
Seat 5: PentaClubs (small blind) folded before Flop
Seat 6: Kucher189 (big blind) folded on the Turn
Seat 7: Boobie_McSnatch folded before Flop (didn't bet)
Seat 9: Dorex2007 folded before Flop (didn't bet)



PokerStars Hand #227960644950:  Hold'em No Limit ($0.01/$0.02 USD) - 2021/06/30 13:15:30 PT [2021/06/30 16:15:30 ET]
Table 'Adalberta III' 9-max Seat #5 is the button
Seat 1: chacalay1 ($2.16 in chips) 
Seat 2: leo_leo_me ($0.59 in chips) 
Seat 4: DAMAGER99 ($1.77 in chips) 
Seat 5: PentaClubs ($1.75 in chips) 
Seat 6: Kucher189 ($0.47 in chips) 
Seat 7: Boobie_McSnatch ($1.94 in chips) 
Seat 9: Dorex2007 ($1.88 in chips) 
Kucher189: posts small blind $0.01
Boobie_McSnatch: posts big blind $0.02
mayakden: sits out 
*** HOLE CARDS ***
Dealt to Dorex2007 [3c As]
Dorex2007: folds 
chacalay1: folds 
leo_leo_me: folds 
DAMAGER99: calls $0.02
PentaClubs: folds 
Kucher189: folds 
Boobie_McSnatch: checks 
*** FLOP *** [Ts Ad Kh]
Boobie_McSnatch: checks 
DAMAGER99: checks 
*** TURN *** [Ts Ad Kh] [6c]
Boobie_McSnatch: checks 
DAMAGER99: checks 
*** RIVER *** [Ts Ad Kh 6c] [3d]
Boobie_McSnatch: checks 
DAMAGER99: checks 
*** SHOW DOWN ***
Boobie_McSnatch: shows [7h Qc] (high card Ace)
DAMAGER99: shows [4h 4d] (a pair of Fours)
DAMAGER99 collected $0.05 from pot
*** SUMMARY ***
Total pot $0.05 | Rake $0 
Board [Ts Ad Kh 6c 3d]
Seat 1: chacalay1 folded before Flop (didn't bet)
Seat 2: leo_leo_me folded before Flop (didn't bet)
Seat 4: DAMAGER99 showed [4h 4d] and won ($0.05) with a pair of Fours
Seat 5: PentaClubs (button) folded before Flop (didn't bet)
Seat 6: Kucher189 (small blind) folded before Flop
Seat 7: Boobie_McSnatch (big blind) showed [7h Qc] and lost with high card Ace
Seat 9: Dorex2007 folded before Flop (didn't bet)



PokerStars Hand #227960661089:  Hold'em No Limit ($0.01/$0.02 USD) - 2021/06/30 13:16:03 PT [2021/06/30 16:16:03 ET]
Table 'Adalberta III' 9-max Seat #6 is the button
Seat 1: chacalay1 ($2.16 in chips) 
Seat 2: leo_leo_me ($0.59 in chips) 
Seat 4: DAMAGER99 ($1.80 in chips) 
Seat 5: PentaClubs ($1.75 in chips) 
Seat 6: Kucher189 ($0.46 in chips) 
Seat 7: Boobie_McSnatch ($1.92 in chips) 
Seat 8: mayakden ($2.47 in chips) 
Seat 9: Dorex2007 ($1.88 in chips) 
Boobie_McSnatch: posts small blind $0.01
mayakden: posts big blind $0.02
*** HOLE CARDS ***
Dealt to Dorex2007 [Ac 4c]
Dorex2007: folds 
chacalay1: folds 
leo_leo_me: folds 
DAMAGER99: folds 
PentaClubs: folds 
Kucher189: raises $0.02 to $0.04
Boobie_McSnatch: calls $0.03
mayakden: folds 
*** FLOP *** [6s Jh 5s]
Boobie_McSnatch: checks 
Kucher189: checks 
*** TURN *** [6s Jh 5s] [8h]
Boobie_McSnatch: checks 
Kucher189: bets $0.04
Boobie_McSnatch: calls $0.04
*** RIVER *** [6s Jh 5s 8h] [3c]
Boobie_McSnatch: checks 
Kucher189: checks 
*** SHOW DOWN ***
Boobie_McSnatch: shows [Qd Jd] (a pair of Jacks)
Kucher189: mucks hand 
Boobie_McSnatch collected $0.17 from pot
*** SUMMARY ***
Total pot $0.18 | Rake $0.01 
Board [6s Jh 5s 8h 3c]
Seat 1: chacalay1 folded before Flop (didn't bet)
Seat 2: leo_leo_me folded before Flop (didn't bet)
Seat 4: DAMAGER99 folded before Flop (didn't bet)
Seat 5: PentaClubs folded before Flop (didn't bet)
Seat 6: Kucher189 (button) mucked [7d 7c]
Seat 7: Boobie_McSnatch (small blind) showed [Qd Jd] and won ($0.17) with a pair of Jacks
Seat 8: mayakden (big blind) folded before Flop
Seat 9: Dorex2007 folded before Flop (didn't bet)



PokerStars Hand #227960694525:  Hold'em No Limit ($0.01/$0.02 USD) - 2021/06/30 13:17:11 PT [2021/06/30 16:17:11 ET]
Table 'Adalberta III' 9-max Seat #7 is the button
Seat 1: chacalay1 ($2.16 in chips) 
Seat 2: leo_leo_me ($0.59 in chips) 
Seat 4: DAMAGER99 ($1.80 in chips) 
Seat 5: PentaClubs ($1.75 in chips) 
Seat 6: Kucher189 ($0.38 in chips) 
Seat 7: Boobie_McSnatch ($2.01 in chips) 
Seat 8: mayakden ($2.45 in chips) 
Seat 9: Dorex2007 ($1.88 in chips) 
mayakden: posts small blind $0.01
Dorex2007: posts big blind $0.02
*** HOLE CARDS ***
Dealt to Dorex2007 [7s Ts]
chacalay1 has timed out
chacalay1: folds 
leo_leo_me: folds 
DAMAGER99: folds 
PentaClubs: folds 
Kucher189: folds 
Boobie_McSnatch: raises $0.04 to $0.06
mayakden: folds 
Dorex2007: folds 
Uncalled bet ($0.04) returned to Boobie_McSnatch
Boobie_McSnatch collected $0.05 from pot
Boobie_McSnatch: doesn't show hand 
*** SUMMARY ***
Total pot $0.05 | Rake $0 
Seat 1: chacalay1 folded before Flop (didn't bet)
Seat 2: leo_leo_me folded before Flop (didn't bet)
Seat 4: DAMAGER99 folded before Flop (didn't bet)
Seat 5: PentaClubs folded before Flop (didn't bet)
Seat 6: Kucher189 folded before Flop (didn't bet)
Seat 7: Boobie_McSnatch (button) collected ($0.05)
Seat 8: mayakden (small blind) folded before Flop
Seat 9: Dorex2007 (big blind) folded before Flop



PokerStars Hand #227960706645:  Hold'em No Limit ($0.01/$0.02 USD) - 2021/06/30 13:17:36 PT [2021/06/30 16:17:36 ET]
Table 'Adalberta III' 9-max Seat #8 is the button
Seat 2: leo_leo_me ($0.59 in chips) 
Seat 4: DAMAGER99 ($1.80 in chips) 
Seat 5: PentaClubs ($1.75 in chips) 
Seat 6: Kucher189 ($0.38 in chips) 
Seat 7: Boobie_McSnatch ($2.04 in chips) 
Seat 8: mayakden ($2.44 in chips) 
Seat 9: Dorex2007 ($1.86 in chips) 
Dorex2007: posts small blind $0.01
leo_leo_me: posts big blind $0.02
*** HOLE CARDS ***
Dealt to Dorex2007 [4h 8c]
DAMAGER99: folds 
PentaClubs: folds 
Kucher189 has timed out
Kucher189: folds 
Boobie_McSnatch: folds 
mayakden: folds 
Dorex2007: folds 
Uncalled bet ($0.01) returned to leo_leo_me
leo_leo_me collected $0.02 from pot
leo_leo_me: doesn't show hand 
*** SUMMARY ***
Total pot $0.02 | Rake $0 
Seat 2: leo_leo_me (big blind) collected ($0.02)
Seat 4: DAMAGER99 folded before Flop (didn't bet)
Seat 5: PentaClubs folded before Flop (didn't bet)
Seat 6: Kucher189 folded before Flop (didn't bet)
Seat 7: Boobie_McSnatch folded before Flop (didn't bet)
Seat 8: mayakden (button) folded before Flop (didn't bet)
Seat 9: Dorex2007 (small blind) folded before Flop



PokerStars Hand #227960718345:  Hold'em No Limit ($0.01/$0.02 USD) - 2021/06/30 13:18:00 PT [2021/06/30 16:18:00 ET]
Table 'Adalberta III' 9-max Seat #9 is the button
Seat 2: leo_leo_me ($0.60 in chips) 
Seat 4: DAMAGER99 ($1.80 in chips) 
Seat 5: PentaClubs ($1.75 in chips) 
Seat 6: Kucher189 ($0.38 in chips) 
Seat 7: Boobie_McSnatch ($2.04 in chips) 
Seat 8: mayakden ($2.44 in chips) 
Seat 9: Dorex2007 ($1.85 in chips) 
leo_leo_me: posts small blind $0.01
DAMAGER99: posts big blind $0.02
*** HOLE CARDS ***
Dealt to Dorex2007 [5s 3d]
PentaClubs: folds 
Kucher189: folds 
Boobie_McSnatch: folds 
chacalay1 leaves the table
mayakden: folds 
Dorex2007: folds 
leo_leo_me: folds 
Uncalled bet ($0.01) returned to DAMAGER99
DAMAGER99 collected $0.02 from pot
*** SUMMARY ***
Total pot $0.02 | Rake $0 
Seat 2: leo_leo_me (small blind) folded before Flop
Seat 4: DAMAGER99 (big blind) collected ($0.02)
Seat 5: PentaClubs folded before Flop (didn't bet)
Seat 6: Kucher189 folded before Flop (didn't bet)
Seat 7: Boobie_McSnatch folded before Flop (didn't bet)
Seat 8: mayakden folded before Flop (didn't bet)
Seat 9: Dorex2007 (button) folded before Flop (didn't bet)



PokerStars Hand #227960726569:  Hold'em No Limit ($0.01/$0.02 USD) - 2021/06/30 13:18:17 PT [2021/06/30 16:18:17 ET]
Table 'Adalberta III' 9-max Seat #2 is the button
Seat 2: leo_leo_me ($0.59 in chips) 
Seat 4: DAMAGER99 ($1.81 in chips) 
Seat 5: PentaClubs ($1.75 in chips) 
Seat 6: Kucher189 ($0.38 in chips) 
Seat 7: Boobie_McSnatch ($2.04 in chips) 
Seat 8: mayakden ($2.44 in chips) 
Seat 9: Dorex2007 ($1.85 in chips) 
DAMAGER99: posts small blind $0.01
PentaClubs: posts big blind $0.02
*** HOLE CARDS ***
Dealt to Dorex2007 [8h Qs]
Kucher189: calls $0.02
Boobie_McSnatch: folds 
mayakden: folds 
Dorex2007: folds 
leo_leo_me: folds 
DAMAGER99: folds 
PentaClubs: checks 
*** FLOP *** [Ts Qc Ks]
PentaClubs: checks 
Kucher189: bets $0.04
PentaClubs: folds 
Uncalled bet ($0.04) returned to Kucher189
Kucher189 collected $0.05 from pot
Kucher189: doesn't show hand 
*** SUMMARY ***
Total pot $0.05 | Rake $0 
Board [Ts Qc Ks]
Seat 2: leo_leo_me (button) folded before Flop (didn't bet)
Seat 4: DAMAGER99 (small blind) folded before Flop
Seat 5: PentaClubs (big blind) folded on the Flop
Seat 6: Kucher189 collected ($0.05)
Seat 7: Boobie_McSnatch folded before Flop (didn't bet)
Seat 8: mayakden folded before Flop (didn't bet)
Seat 9: Dorex2007 folded before Flop (didn't bet)



PokerStars Hand #227960742594:  Hold'em No Limit ($0.01/$0.02 USD) - 2021/06/30 13:18:50 PT [2021/06/30 16:18:50 ET]
Table 'Adalberta III' 9-max Seat #4 is the button
Seat 2: leo_leo_me ($0.59 in chips) 
Seat 4: DAMAGER99 ($1.80 in chips) 
Seat 5: PentaClubs ($1.73 in chips) 
Seat 6: Kucher189 ($0.41 in chips) 
Seat 7: Boobie_McSnatch ($2.04 in chips) 
Seat 8: mayakden ($2.44 in chips) 
Seat 9: Dorex2007 ($1.85 in chips) 
PentaClubs: posts small blind $0.01
Kucher189: posts big blind $0.02
*** HOLE CARDS ***
Dealt to Dorex2007 [As Qh]
Boobie_McSnatch: raises $0.02 to $0.04
mayakden: folds 
Dorex2007: calls $0.04
leo_leo_me: folds 
DAMAGER99: folds 
PentaClubs: folds 
Kucher189: folds 
*** FLOP *** [2s Th Ah]
Boobie_McSnatch: bets $0.05
Dorex2007: raises $0.11 to $0.16
Boobie_McSnatch: folds 
Uncalled bet ($0.11) returned to Dorex2007
Dorex2007 collected $0.20 from pot
Dorex2007: doesn't show hand 
*** SUMMARY ***
Total pot $0.21 | Rake $0.01 
Board [2s Th Ah]
Seat 2: leo_leo_me folded before Flop (didn't bet)
Seat 4: DAMAGER99 (button) folded before Flop (didn't bet)
Seat 5: PentaClubs (small blind) folded before Flop
Seat 6: Kucher189 (big blind) folded before Flop
Seat 7: Boobie_McSnatch folded on the Flop
Seat 8: mayakden folded before Flop (didn't bet)
Seat 9: Dorex2007 collected ($0.20)



PokerStars Hand #227960768539:  Hold'em No Limit ($0.01/$0.02 USD) - 2021/06/30 13:19:43 PT [2021/06/30 16:19:43 ET]
Table 'Adalberta III' 9-max Seat #5 is the button
Seat 2: leo_leo_me ($0.59 in chips) 
Seat 4: DAMAGER99 ($1.80 in chips) 
Seat 5: PentaClubs ($1.72 in chips) 
Seat 6: Kucher189 ($0.39 in chips) 
Seat 7: Boobie_McSnatch ($1.95 in chips) 
Seat 8: mayakden ($2.44 in chips) 
Seat 9: Dorex2007 ($1.96 in chips) 
Kucher189: posts small blind $0.01
Boobie_McSnatch: posts big blind $0.02
*** HOLE CARDS ***
Dealt to Dorex2007 [5s 3h]
mayakden: folds 
Dorex2007: folds 
leo_leo_me: folds 
DAMAGER99: folds 
PentaClubs: raises $0.04 to $0.06
Kucher189: folds 
Boobie_McSnatch: folds 
Uncalled bet ($0.04) returned to PentaClubs
PentaClubs collected $0.05 from pot
PentaClubs: doesn't show hand 
*** SUMMARY ***
Total pot $0.05 | Rake $0 
Seat 2: leo_leo_me folded before Flop (didn't bet)
Seat 4: DAMAGER99 folded before Flop (didn't bet)
Seat 5: PentaClubs (button) collected ($0.05)
Seat 6: Kucher189 (small blind) folded before Flop
Seat 7: Boobie_McSnatch (big blind) folded before Flop
Seat 8: mayakden folded before Flop (didn't bet)
Seat 9: Dorex2007 folded before Flop (didn't bet)



PokerStars Hand #227960774556:  Hold'em No Limit ($0.01/$0.02 USD) - 2021/06/30 13:19:56 PT [2021/06/30 16:19:56 ET]
Table 'Adalberta III' 9-max Seat #6 is the button
Seat 2: leo_leo_me ($0.59 in chips) 
Seat 4: DAMAGER99 ($1.80 in chips) 
Seat 5: PentaClubs ($1.75 in chips) 
Seat 6: Kucher189 ($0.38 in chips) 
Seat 7: Boobie_McSnatch ($1.93 in chips) 
Seat 8: mayakden ($2.44 in chips) 
Seat 9: Dorex2007 ($1.96 in chips) 
Boobie_McSnatch: posts small blind $0.01
mayakden: posts big blind $0.02
*** HOLE CARDS ***
Dealt to Dorex2007 [9c Jc]
Dorex2007: folds 
leo_leo_me: calls $0.02
DAMAGER99: folds 
PentaClubs: folds 
Kucher189: calls $0.02
Boobie_McSnatch: folds 
mayakden: checks 
*** FLOP *** [8s 6h Ah]
mayakden: checks 
leo_leo_me: bets $0.57 and is all-in
Kucher189: folds 
mayakden: folds 
Uncalled bet ($0.57) returned to leo_leo_me
leo_leo_me collected $0.07 from pot
leo_leo_me: doesn't show hand 
*** SUMMARY ***
Total pot $0.07 | Rake $0 
Board [8s 6h Ah]
Seat 2: leo_leo_me collected ($0.07)
Seat 4: DAMAGER99 folded before Flop (didn't bet)
Seat 5: PentaClubs folded before Flop (didn't bet)
Seat 6: Kucher189 (button) folded on the Flop
Seat 7: Boobie_McSnatch (small blind) folded before Flop
Seat 8: mayakden (big blind) folded on the Flop
Seat 9: Dorex2007 folded before Flop (didn't bet)



PokerStars Hand #227960813055:  Hold'em No Limit ($0.01/$0.02 USD) - 2021/06/30 13:21:08 PT [2021/06/30 16:21:08 ET]
Table 'Adalberta III' 9-max Seat #7 is the button
Seat 2: leo_leo_me ($0.64 in chips) 
Seat 4: DAMAGER99 ($1.80 in chips) 
Seat 5: PentaClubs ($1.75 in chips) 
Seat 6: Kucher189 ($0.36 in chips) 
Seat 7: Boobie_McSnatch ($1.92 in chips) 
Seat 8: mayakden ($2.42 in chips) 
Seat 9: Dorex2007 ($1.96 in chips) 
mayakden: posts small blind $0.01
Dorex2007: posts big blind $0.02
*** HOLE CARDS ***
Dealt to Dorex2007 [8c Kc]
leo_leo_me: folds 
DAMAGER99: folds 
PentaClubs: folds 
Kucher189: raises $0.02 to $0.04
Boobie_McSnatch: folds 
mayakden: folds 
Dorex2007: folds 
Uncalled bet ($0.02) returned to Kucher189
Kucher189 collected $0.05 from pot
Kucher189: doesn't show hand 
*** SUMMARY ***
Total pot $0.05 | Rake $0 
Seat 2: leo_leo_me folded before Flop (didn't bet)
Seat 4: DAMAGER99 folded before Flop (didn't bet)
Seat 5: PentaClubs folded before Flop (didn't bet)
Seat 6: Kucher189 collected ($0.05)
Seat 7: Boobie_McSnatch (button) folded before Flop (didn't bet)
Seat 8: mayakden (small blind) folded before Flop
Seat 9: Dorex2007 (big blind) folded before Flop



PokerStars Hand #227960820254:  Hold'em No Limit ($0.01/$0.02 USD) - 2021/06/30 13:21:23 PT [2021/06/30 16:21:23 ET]
Table 'Adalberta III' 9-max Seat #8 is the button
Seat 2: leo_leo_me ($0.64 in chips) 
Seat 4: DAMAGER99 ($1.80 in chips) 
Seat 5: PentaClubs ($1.75 in chips) 
Seat 6: Kucher189 ($1.01 in chips) 
Seat 7: Boobie_McSnatch ($1.92 in chips) 
Seat 8: mayakden ($2.41 in chips) 
Seat 9: Dorex2007 ($1.94 in chips) 
Dorex2007: posts small blind $0.01
leo_leo_me: posts big blind $0.02
*** HOLE CARDS ***
Dealt to Dorex2007 [Qs Th]
DAMAGER99: folds 
PentaClubs: raises $0.04 to $0.06
Kucher189: folds 
Boobie_McSnatch: folds 
mayakden: folds 
Dorex2007: folds 
leo_leo_me: folds 
Uncalled bet ($0.04) returned to PentaClubs
PentaClubs collected $0.05 from pot
PentaClubs: doesn't show hand 
*** SUMMARY ***
Total pot $0.05 | Rake $0 
Seat 2: leo_leo_me (big blind) folded before Flop
Seat 4: DAMAGER99 folded before Flop (didn't bet)
Seat 5: PentaClubs collected ($0.05)
Seat 6: Kucher189 folded before Flop (didn't bet)
Seat 7: Boobie_McSnatch folded before Flop (didn't bet)
Seat 8: mayakden (button) folded before Flop (didn't bet)
Seat 9: Dorex2007 (small blind) folded before Flop



PokerStars Hand #227960829990:  Hold'em No Limit ($0.01/$0.02 USD) - 2021/06/30 13:21:43 PT [2021/06/30 16:21:43 ET]
Table 'Adalberta III' 9-max Seat #9 is the button
Seat 2: leo_leo_me ($0.62 in chips) 
Seat 4: DAMAGER99 ($1.80 in chips) 
Seat 5: PentaClubs ($1.78 in chips) 
Seat 6: Kucher189 ($1.01 in chips) 
Seat 7: Boobie_McSnatch ($1.92 in chips) 
Seat 8: mayakden ($2.41 in chips) 
Seat 9: Dorex2007 ($1.93 in chips) 
leo_leo_me: posts small blind $0.01
DAMAGER99: posts big blind $0.02
*** HOLE CARDS ***
Dealt to Dorex2007 [2h 5c]
PentaClubs: raises $0.04 to $0.06
Kucher189: folds 
Boobie_McSnatch: folds 
mayakden: folds 
Dorex2007: folds 
leo_leo_me: folds 
DAMAGER99: folds 
Uncalled bet ($0.04) returned to PentaClubs
PentaClubs collected $0.05 from pot
PentaClubs: doesn't show hand 
*** SUMMARY ***
Total pot $0.05 | Rake $0 
Seat 2: leo_leo_me (small blind) folded before Flop
Seat 4: DAMAGER99 (big blind) folded before Flop
Seat 5: PentaClubs collected ($0.05)
Seat 6: Kucher189 folded before Flop (didn't bet)
Seat 7: Boobie_McSnatch folded before Flop (didn't bet)
Seat 8: mayakden folded before Flop (didn't bet)
Seat 9: Dorex2007 (button) folded before Flop (didn't bet)



PokerStars Hand #227960840685:  Hold'em No Limit ($0.01/$0.02 USD) - 2021/06/30 13:22:05 PT [2021/06/30 16:22:05 ET]
Table 'Adalberta III' 9-max Seat #2 is the button
Seat 2: leo_leo_me ($0.61 in chips) 
Seat 4: DAMAGER99 ($1.78 in chips) 
Seat 5: PentaClubs ($1.81 in chips) 
Seat 6: Kucher189 ($1.01 in chips) 
Seat 7: Boobie_McSnatch ($1.92 in chips) 
Seat 8: mayakden ($2.41 in chips) 
Seat 9: Dorex2007 ($1.93 in chips) 
DAMAGER99: posts small blind $0.01
PentaClubs: posts big blind $0.02
*** HOLE CARDS ***
Dealt to Dorex2007 [Td 3s]
Kucher189: folds 
Boobie_McSnatch: folds 
mayakden: folds 
Dorex2007: folds 
leo_leo_me: folds 
DAMAGER99: folds 
Uncalled bet ($0.01) returned to PentaClubs
PentaClubs collected $0.02 from pot
PentaClubs: doesn't show hand 
*** SUMMARY ***
Total pot $0.02 | Rake $0 
Seat 2: leo_leo_me (button) folded before Flop (didn't bet)
Seat 4: DAMAGER99 (small blind) folded before Flop
Seat 5: PentaClubs (big blind) collected ($0.02)
Seat 6: Kucher189 folded before Flop (didn't bet)
Seat 7: Boobie_McSnatch folded before Flop (didn't bet)
Seat 8: mayakden folded before Flop (didn't bet)
Seat 9: Dorex2007 folded before Flop (didn't bet)



PokerStars Hand #227960852773:  Hold'em No Limit ($0.01/$0.02 USD) - 2021/06/30 13:22:30 PT [2021/06/30 16:22:30 ET]
Table 'Adalberta III' 9-max Seat #4 is the button
Seat 2: leo_leo_me ($0.61 in chips) 
Seat 4: DAMAGER99 ($1.77 in chips) 
Seat 5: PentaClubs ($1.82 in chips) 
Seat 6: Kucher189 ($1.01 in chips) 
Seat 7: Boobie_McSnatch ($1.92 in chips) 
Seat 8: mayakden ($2.41 in chips) 
Seat 9: Dorex2007 ($1.93 in chips) 
PentaClubs: posts small blind $0.01
Kucher189: posts big blind $0.02
*** HOLE CARDS ***
Dealt to Dorex2007 [8s Qh]
Boobie_McSnatch: folds 
mayakden: folds 
Dorex2007: folds 
leo_leo_me: calls $0.02
DAMAGER99: folds 
PentaClubs: folds 
Kucher189: checks 
*** FLOP *** [Qd Js 9d]
Kucher189: checks 
leo_leo_me: bets $0.05
Kucher189: calls $0.05
*** TURN *** [Qd Js 9d] [9h]
leomax100 joins the table at seat #1 
Kucher189: checks 
leo_leo_me: bets $0.03
Kucher189: raises $0.03 to $0.06
leo_leo_me: calls $0.03
*** RIVER *** [Qd Js 9d 9h] [Ts]
Kucher189: bets $0.04
leo_leo_me: calls $0.04
*** SHOW DOWN ***
Kucher189: shows [Tc Kc] (a straight, Nine to King)
leo_leo_me: mucks hand 
Kucher189 collected $0.34 from pot
*** SUMMARY ***
Total pot $0.35 | Rake $0.01 
Board [Qd Js 9d 9h Ts]
Seat 2: leo_leo_me mucked [Jc Qs]
Seat 4: DAMAGER99 (button) folded before Flop (didn't bet)
Seat 5: PentaClubs (small blind) folded before Flop
Seat 6: Kucher189 (big blind) showed [Tc Kc] and won ($0.34) with a straight, Nine to King
Seat 7: Boobie_McSnatch folded before Flop (didn't bet)
Seat 8: mayakden folded before Flop (didn't bet)
Seat 9: Dorex2007 folded before Flop (didn't bet)



PokerStars Hand #227960887284:  Hold'em No Limit ($0.01/$0.02 USD) - 2021/06/30 13:23:42 PT [2021/06/30 16:23:42 ET]
Table 'Adalberta III' 9-max Seat #5 is the button
Seat 2: leo_leo_me ($0.44 in chips) 
Seat 4: DAMAGER99 ($1.77 in chips) 
Seat 5: PentaClubs ($1.81 in chips) 
Seat 6: Kucher189 ($1.18 in chips) 
Seat 7: Boobie_McSnatch ($1.92 in chips) 
Seat 8: mayakden ($2.41 in chips) 
Seat 9: Dorex2007 ($1.93 in chips) 
Kucher189: posts small blind $0.01
Boobie_McSnatch: posts big blind $0.02
leomax100: sits out 
*** HOLE CARDS ***
Dealt to Dorex2007 [Kc 9h]
mayakden: folds 
Dorex2007: folds 
leo_leo_me: folds 
DAMAGER99: raises $0.04 to $0.06
PentaClubs: folds 
Kucher189: calls $0.05
Boobie_McSnatch: folds 
*** FLOP *** [4s 4d 3s]
Kucher189: checks 
DAMAGER99: bets $0.07
Kucher189: folds 
Uncalled bet ($0.07) returned to DAMAGER99
DAMAGER99 collected $0.14 from pot
*** SUMMARY ***
Total pot $0.14 | Rake $0 
Board [4s 4d 3s]
Seat 2: leo_leo_me folded before Flop (didn't bet)
Seat 4: DAMAGER99 collected ($0.14)
Seat 5: PentaClubs (button) folded before Flop (didn't bet)
Seat 6: Kucher189 (small blind) folded on the Flop
Seat 7: Boobie_McSnatch (big blind) folded before Flop
Seat 8: mayakden folded before Flop (didn't bet)
Seat 9: Dorex2007 folded before Flop (didn't bet)



PokerStars Hand #227960903460:  Hold'em No Limit ($0.01/$0.02 USD) - 2021/06/30 13:24:16 PT [2021/06/30 16:24:16 ET]
Table 'Adalberta III' 9-max Seat #6 is the button
Seat 2: leo_leo_me ($0.44 in chips) 
Seat 4: DAMAGER99 ($1.85 in chips) 
Seat 5: PentaClubs ($1.81 in chips) 
Seat 6: Kucher189 ($1.12 in chips) 
Seat 7: Boobie_McSnatch ($1.90 in chips) 
Seat 9: Dorex2007 ($1.93 in chips) 
Boobie_McSnatch: posts small blind $0.01
Dorex2007: posts big blind $0.02
leomax100: sits out 
*** HOLE CARDS ***
Dealt to Dorex2007 [2c 6s]
leo_leo_me: folds 
DAMAGER99: folds 
PentaClubs: folds 
Kucher189: folds 
Boobie_McSnatch: folds 
Uncalled bet ($0.01) returned to Dorex2007
Dorex2007 collected $0.02 from pot
Dorex2007: doesn't show hand 
*** SUMMARY ***
Total pot $0.02 | Rake $0 
Seat 2: leo_leo_me folded before Flop (didn't bet)
Seat 4: DAMAGER99 folded before Flop (didn't bet)
Seat 5: PentaClubs folded before Flop (didn't bet)
Seat 6: Kucher189 (button) folded before Flop (didn't bet)
Seat 7: Boobie_McSnatch (small blind) folded before Flop
Seat 9: Dorex2007 (big blind) collected ($0.02)



PokerStars Hand #227960907174:  Hold'em No Limit ($0.01/$0.02 USD) - 2021/06/30 13:24:24 PT [2021/06/30 16:24:24 ET]
Table 'Adalberta III' 9-max Seat #7 is the button
Seat 1: leomax100 ($2 in chips) 
Seat 2: leo_leo_me ($0.44 in chips) 
Seat 4: DAMAGER99 ($1.85 in chips) 
Seat 5: PentaClubs ($1.81 in chips) 
Seat 6: Kucher189 ($1.12 in chips) 
Seat 7: Boobie_McSnatch ($1.89 in chips) 
Seat 9: Dorex2007 ($1.94 in chips) 
Dorex2007: posts small blind $0.01
leomax100: posts big blind $0.02
*** HOLE CARDS ***
Dealt to Dorex2007 [Qs 8d]
leo_leo_me: folds 
DAMAGER99: folds 
PentaClubs: folds 
Kucher189: calls $0.02
Boobie_McSnatch: folds 
Dorex2007: folds 
leomax100: checks 
*** FLOP *** [As 4s Jc]
leomax100: checks 
Kucher189: checks 
*** TURN *** [As 4s Jc] [Ac]
leomax100: checks 
Kucher189: checks 
*** RIVER *** [As 4s Jc Ac] [2c]
leomax100: checks 
Kucher189: checks 
*** SHOW DOWN ***
leomax100: shows [Kh 4c] (two pair, Aces and Fours)
Kucher189: mucks hand 
leomax100 collected $0.05 from pot
*** SUMMARY ***
Total pot $0.05 | Rake $0 
Board [As 4s Jc Ac 2c]
Seat 1: leomax100 (big blind) showed [Kh 4c] and won ($0.05) with two pair, Aces and Fours
Seat 2: leo_leo_me folded before Flop (didn't bet)
Seat 4: DAMAGER99 folded before Flop (didn't bet)
Seat 5: PentaClubs folded before Flop (didn't bet)
Seat 6: Kucher189 mucked [9c Td]
Seat 7: Boobie_McSnatch (button) folded before Flop (didn't bet)
Seat 9: Dorex2007 (small blind) folded before Flop



PokerStars Hand #227960932181:  Hold'em No Limit ($0.01/$0.02 USD) - 2021/06/30 13:25:15 PT [2021/06/30 16:25:15 ET]
Table 'Adalberta III' 9-max Seat #9 is the button
Seat 1: leomax100 ($2.03 in chips) 
Seat 2: leo_leo_me ($0.44 in chips) 
Seat 4: DAMAGER99 ($1.85 in chips) 
Seat 5: PentaClubs ($1.81 in chips) 
Seat 6: Kucher189 ($1.10 in chips) 
Seat 7: Boobie_McSnatch ($1.89 in chips) 
Seat 9: Dorex2007 ($1.93 in chips) 
leomax100: posts small blind $0.01
leo_leo_me: posts big blind $0.02
*** HOLE CARDS ***
Dealt to Dorex2007 [9d Qh]
DAMAGER99: folds 
PentaClubs: folds 
Kucher189: raises $0.02 to $0.04
Boobie_McSnatch: folds 
Dorex2007: folds 
leomax100: folds 
leo_leo_me: calls $0.02
*** FLOP *** [Js 7c Ks]
leo_leo_me: checks 
Kucher189: checks 
*** TURN *** [Js 7c Ks] [9c]
leo_leo_me: checks 
Kucher189: checks 
*** RIVER *** [Js 7c Ks 9c] [9h]
leo_leo_me: checks 
Kucher189: checks 
*** SHOW DOWN ***
leo_leo_me: shows [Td Ah] (a pair of Nines)
Kucher189: shows [As Tc] (a pair of Nines)
leo_leo_me collected $0.05 from pot
Kucher189 collected $0.04 from pot
*** SUMMARY ***
Total pot $0.09 | Rake $0 
Board [Js 7c Ks 9c 9h]
Seat 1: leomax100 (small blind) folded before Flop
Seat 2: leo_leo_me (big blind) showed [Td Ah] and won ($0.05) with a pair of Nines
Seat 4: DAMAGER99 folded before Flop (didn't bet)
Seat 5: PentaClubs folded before Flop (didn't bet)
Seat 6: Kucher189 showed [As Tc] and won ($0.04) with a pair of Nines
Seat 7: Boobie_McSnatch folded before Flop (didn't bet)
Seat 9: Dorex2007 (button) folded before Flop (didn't bet)



PokerStars Hand #227960954811:  Hold'em No Limit ($0.01/$0.02 USD) - 2021/06/30 13:26:03 PT [2021/06/30 16:26:03 ET]
Table 'Adalberta III' 9-max Seat #1 is the button
Seat 1: leomax100 ($2.02 in chips) 
Seat 2: leo_leo_me ($0.45 in chips) 
Seat 4: DAMAGER99 ($1.85 in chips) 
Seat 5: PentaClubs ($1.81 in chips) 
Seat 6: Kucher189 ($1.10 in chips) 
Seat 7: Boobie_McSnatch ($1.89 in chips) 
Seat 9: Dorex2007 ($1.93 in chips) 
leo_leo_me: posts small blind $0.01
DAMAGER99: posts big blind $0.02
*** HOLE CARDS ***
Dealt to Dorex2007 [5h 8h]
PentaClubs: folds 
Kucher189: raises $0.02 to $0.04
Boobie_McSnatch: folds 
Dorex2007: folds 
leomax100: calls $0.04
leo_leo_me: folds 
DAMAGER99: calls $0.02
*** FLOP *** [8c Td 6h]
DAMAGER99: checks 
Kucher189: bets $0.07
leomax100: calls $0.07
DAMAGER99: folds 
*** TURN *** [8c Td 6h] [3d]
Kucher189: bets $0.13
leomax100: calls $0.13
*** RIVER *** [8c Td 6h 3d] [Ad]
Kucher189: bets $0.26
leomax100: folds 
Uncalled bet ($0.26) returned to Kucher189
Kucher189 collected $0.51 from pot
Kucher189: doesn't show hand 
*** SUMMARY ***
Total pot $0.53 | Rake $0.02 
Board [8c Td 6h 3d Ad]
Seat 1: leomax100 (button) folded on the River
Seat 2: leo_leo_me (small blind) folded before Flop
Seat 4: DAMAGER99 (big blind) folded on the Flop
Seat 5: PentaClubs folded before Flop (didn't bet)
Seat 6: Kucher189 collected ($0.51)
Seat 7: Boobie_McSnatch folded before Flop (didn't bet)
Seat 9: Dorex2007 folded before Flop (didn't bet)



PokerStars Hand #227960977352:  Hold'em No Limit ($0.01/$0.02 USD) - 2021/06/30 13:26:50 PT [2021/06/30 16:26:50 ET]
Table 'Adalberta III' 9-max Seat #2 is the button
Seat 1: leomax100 ($2 in chips) 
Seat 2: leo_leo_me ($0.44 in chips) 
Seat 4: DAMAGER99 ($1.81 in chips) 
Seat 5: PentaClubs ($1.81 in chips) 
Seat 6: Kucher189 ($1.37 in chips) 
Seat 7: Boobie_McSnatch ($1.89 in chips) 
Seat 9: Dorex2007 ($1.93 in chips) 
DAMAGER99: posts small blind $0.01
PentaClubs: posts big blind $0.02
*** HOLE CARDS ***
Dealt to Dorex2007 [6d Qc]
Kucher189: folds 
Boobie_McSnatch: folds 
Dorex2007: folds 
leomax100: calls $0.02
leo_leo_me: folds 
DAMAGER99: folds 
PentaClubs: checks 
*** FLOP *** [7s 9c Ac]
PentaClubs: checks 
leomax100: bets $0.05
PentaClubs: folds 
Uncalled bet ($0.05) returned to leomax100
leomax100 collected $0.05 from pot
leomax100: doesn't show hand 
*** SUMMARY ***
Total pot $0.05 | Rake $0 
Board [7s 9c Ac]
Seat 1: leomax100 collected ($0.05)
Seat 2: leo_leo_me (button) folded before Flop (didn't bet)
Seat 4: DAMAGER99 (small blind) folded before Flop
Seat 5: PentaClubs (big blind) folded on the Flop
Seat 6: Kucher189 folded before Flop (didn't bet)
Seat 7: Boobie_McSnatch folded before Flop (didn't bet)
Seat 9: Dorex2007 folded before Flop (didn't bet)



PokerStars Hand #227960989194:  Hold'em No Limit ($0.01/$0.02 USD) - 2021/06/30 13:27:15 PT [2021/06/30 16:27:15 ET]
Table 'Adalberta III' 9-max Seat #4 is the button
Seat 1: leomax100 ($2.03 in chips) 
Seat 2: leo_leo_me ($0.44 in chips) 
Seat 4: DAMAGER99 ($1.80 in chips) 
Seat 5: PentaClubs ($1.79 in chips) 
Seat 6: Kucher189 ($1.37 in chips) 
Seat 7: Boobie_McSnatch ($1.89 in chips) 
Seat 9: Dorex2007 ($1.93 in chips) 
PentaClubs: posts small blind $0.01
Kucher189: posts big blind $0.02
*** HOLE CARDS ***
Dealt to Dorex2007 [3h Jd]
Boobie_McSnatch: folds 
Dorex2007: folds 
leomax100: folds 
leo_leo_me: calls $0.02
DAMAGER99: folds 
PentaClubs: folds 
Kucher189: checks 
*** FLOP *** [Qd Qs Jh]
Kucher189: checks 
leo_leo_me: checks 
*** TURN *** [Qd Qs Jh] [9s]
Kucher189: checks 
leo_leo_me: bets $0.05
Kucher189: calls $0.05
*** RIVER *** [Qd Qs Jh 9s] [4d]
Kucher189: checks 
leo_leo_me: bets $0.14
Kucher189: raises $0.18 to $0.32
leo_leo_me: calls $0.18
*** SHOW DOWN ***
Kucher189: shows [Td Qc] (three of a kind, Queens)
leo_leo_me: shows [8h Th] (a straight, Eight to Queen)
leo_leo_me collected $0.76 from pot
*** SUMMARY ***
Total pot $0.79 | Rake $0.03 
Board [Qd Qs Jh 9s 4d]
Seat 1: leomax100 folded before Flop (didn't bet)
Seat 2: leo_leo_me showed [8h Th] and won ($0.76) with a straight, Eight to Queen
Seat 4: DAMAGER99 (button) folded before Flop (didn't bet)
Seat 5: PentaClubs (small blind) folded before Flop
Seat 6: Kucher189 (big blind) showed [Td Qc] and lost with three of a kind, Queens
Seat 7: Boobie_McSnatch folded before Flop (didn't bet)
Seat 9: Dorex2007 folded before Flop (didn't bet)



PokerStars Hand #227961027948:  Hold'em No Limit ($0.01/$0.02 USD) - 2021/06/30 13:28:18 PT [2021/06/30 16:28:18 ET]
Table 'Adalberta III' 9-max Seat #5 is the button
Seat 1: leomax100 ($2.03 in chips) 
Seat 2: leo_leo_me ($0.81 in chips) 
Seat 4: DAMAGER99 ($1.80 in chips) 
Seat 5: PentaClubs ($1.78 in chips) 
Seat 6: Kucher189 ($0.98 in chips) 
Seat 7: Boobie_McSnatch ($1.89 in chips) 
Seat 9: Dorex2007 ($1.93 in chips) 
Kucher189: posts small blind $0.01
Boobie_McSnatch: posts big blind $0.02
roman777142: sits out 
*** HOLE CARDS ***
Dealt to Dorex2007 [5s 8s]
Dorex2007: folds 
leomax100: folds 
leo_leo_me: folds 
DAMAGER99: raises $0.04 to $0.06
PentaClubs: raises $0.12 to $0.18
Kucher189: folds 
Boobie_McSnatch: folds 
roman777142 leaves the table
DAMAGER99: folds 
Uncalled bet ($0.12) returned to PentaClubs
PentaClubs collected $0.15 from pot
PentaClubs: doesn't show hand 
*** SUMMARY ***
Total pot $0.15 | Rake $0 
Seat 1: leomax100 folded before Flop (didn't bet)
Seat 2: leo_leo_me folded before Flop (didn't bet)
Seat 4: DAMAGER99 folded before Flop
Seat 5: PentaClubs (button) collected ($0.15)
Seat 6: Kucher189 (small blind) folded before Flop
Seat 7: Boobie_McSnatch (big blind) folded before Flop
Seat 9: Dorex2007 folded before Flop (didn't bet)



PokerStars Hand #227961047469:  Hold'em No Limit ($0.01/$0.02 USD) - 2021/06/30 13:28:59 PT [2021/06/30 16:28:59 ET]
Table 'Adalberta III' 9-max Seat #6 is the button
Seat 1: leomax100 ($2.03 in chips) 
Seat 2: leo_leo_me ($0.81 in chips) 
Seat 4: DAMAGER99 ($1.74 in chips) 
Seat 5: PentaClubs ($1.87 in chips) 
Seat 6: Kucher189 ($0.97 in chips) 
Seat 7: Boobie_McSnatch ($1.87 in chips) 
Seat 8: mayakden ($2.41 in chips) 
Seat 9: Dorex2007 ($1.93 in chips) 
Boobie_McSnatch: posts small blind $0.01
mayakden: posts big blind $0.02
*** HOLE CARDS ***
Dealt to Dorex2007 [5d 3s]
kabysm joins the table at seat #3 
Dorex2007: folds 
leomax100: folds 
leo_leo_me: folds 
DAMAGER99: folds 
PentaClubs: folds 
Kucher189: raises $0.02 to $0.04
Boobie_McSnatch: folds 
mayakden: folds 
Uncalled bet ($0.02) returned to Kucher189
Kucher189 collected $0.05 from pot
Kucher189: doesn't show hand 
*** SUMMARY ***
Total pot $0.05 | Rake $0 
Seat 1: leomax100 folded before Flop (didn't bet)
Seat 2: leo_leo_me folded before Flop (didn't bet)
Seat 4: DAMAGER99 folded before Flop (didn't bet)
Seat 5: PentaClubs folded before Flop (didn't bet)
Seat 6: Kucher189 (button) collected ($0.05)
Seat 7: Boobie_McSnatch (small blind) folded before Flop
Seat 8: mayakden (big blind) folded before Flop
Seat 9: Dorex2007 folded before Flop (didn't bet)



PokerStars Hand #227961071210:  Hold'em No Limit ($0.01/$0.02 USD) - 2021/06/30 13:29:49 PT [2021/06/30 16:29:49 ET]
Table 'Adalberta III' 9-max Seat #7 is the button
Seat 1: leomax100 ($2.03 in chips) 
Seat 2: leo_leo_me ($0.81 in chips) 
Seat 3: kabysm ($0.80 in chips) 
Seat 4: DAMAGER99 ($1.74 in chips) 
Seat 5: PentaClubs ($1.87 in chips) 
Seat 6: Kucher189 ($1 in chips) 
Seat 7: Boobie_McSnatch ($1.86 in chips) 
Seat 8: mayakden ($2.39 in chips) 
Seat 9: Dorex2007 ($1.93 in chips) 
mayakden: posts small blind $0.01
Dorex2007: posts big blind $0.02
kabysm: posts big blind $0.02
*** HOLE CARDS ***
Dealt to Dorex2007 [4d 7s]
leomax100: folds 
leo_leo_me: folds 
kabysm: checks 
DAMAGER99: folds 
PentaClubs: folds 
Kucher189: folds 
Boobie_McSnatch: folds 
mayakden: folds 
Dorex2007: checks 
*** FLOP *** [As 8h Qd]
Dorex2007: checks 
kabysm: checks 
*** TURN *** [As 8h Qd] [Kd]
Dorex2007: checks 
kabysm: bets $0.05
Dorex2007: folds 
Uncalled bet ($0.05) returned to kabysm
kabysm collected $0.05 from pot
kabysm: doesn't show hand 
*** SUMMARY ***
Total pot $0.05 | Rake $0 
Board [As 8h Qd Kd]
Seat 1: leomax100 folded before Flop (didn't bet)
Seat 2: leo_leo_me folded before Flop (didn't bet)
Seat 3: kabysm collected ($0.05)
Seat 4: DAMAGER99 folded before Flop (didn't bet)
Seat 5: PentaClubs folded before Flop (didn't bet)
Seat 6: Kucher189 folded before Flop (didn't bet)
Seat 7: Boobie_McSnatch (button) folded before Flop (didn't bet)
Seat 8: mayakden (small blind) folded before Flop
Seat 9: Dorex2007 (big blind) folded on the Turn



PokerStars Hand #227961102961:  Hold'em No Limit ($0.01/$0.02 USD) - 2021/06/30 13:30:57 PT [2021/06/30 16:30:57 ET]
Table 'Adalberta III' 9-max Seat #8 is the button
Seat 1: leomax100 ($2.03 in chips) 
Seat 2: leo_leo_me ($0.81 in chips) 
Seat 3: kabysm ($0.83 in chips) 
Seat 4: DAMAGER99 ($1.74 in chips) 
Seat 5: PentaClubs ($1.87 in chips) 
Seat 6: Kucher189 ($1 in chips) 
Seat 7: Boobie_McSnatch ($1.86 in chips) 
Seat 8: mayakden ($2.38 in chips) 
Seat 9: Dorex2007 ($1.91 in chips) 
Dorex2007: posts small blind $0.01
leomax100: posts big blind $0.02
*** HOLE CARDS ***
Dealt to Dorex2007 [5h 4h]
leo_leo_me: folds 
kabysm: folds 
DAMAGER99: folds 
PentaClubs: raises $0.04 to $0.06
Kucher189: folds 
Boobie_McSnatch: folds 
mayakden: raises $0.14 to $0.20
Dorex2007: folds 
leomax100: folds 
PentaClubs: calls $0.14
*** FLOP *** [Th 7h 3c]
PentaClubs: checks 
mayakden: checks 
*** TURN *** [Th 7h 3c] [Ac]
PentaClubs: checks 
mayakden: bets $0.21
PentaClubs: calls $0.21
*** RIVER *** [Th 7h 3c Ac] [Qc]
PentaClubs: checks 
mayakden: bets $0.27
PentaClubs: calls $0.27
*** SHOW DOWN ***
mayakden: shows [Kh Ad] (a pair of Aces)
PentaClubs: shows [As Kd] (a pair of Aces)
PentaClubs collected $0.67 from pot
mayakden collected $0.67 from pot
*** SUMMARY ***
Total pot $1.39 | Rake $0.05 
Board [Th 7h 3c Ac Qc]
Seat 1: leomax100 (big blind) folded before Flop
Seat 2: leo_leo_me folded before Flop (didn't bet)
Seat 3: kabysm folded before Flop (didn't bet)
Seat 4: DAMAGER99 folded before Flop (didn't bet)
Seat 5: PentaClubs showed [As Kd] and won ($0.67) with a pair of Aces
Seat 6: Kucher189 folded before Flop (didn't bet)
Seat 7: Boobie_McSnatch folded before Flop (didn't bet)
Seat 8: mayakden (button) showed [Kh Ad] and won ($0.67) with a pair of Aces
Seat 9: Dorex2007 (small blind) folded before Flop



PokerStars Hand #227961145582:  Hold'em No Limit ($0.01/$0.02 USD) - 2021/06/30 13:32:07 PT [2021/06/30 16:32:07 ET]
Table 'Adalberta III' 9-max Seat #9 is the button
Seat 1: leomax100 ($2.01 in chips) 
Seat 2: leo_leo_me ($0.81 in chips) 
Seat 3: kabysm ($0.83 in chips) 
Seat 4: DAMAGER99 ($1.74 in chips) 
Seat 5: PentaClubs ($1.86 in chips) 
Seat 6: Kucher189 ($1 in chips) 
Seat 7: Boobie_McSnatch ($1.86 in chips) 
Seat 8: mayakden ($2.37 in chips) 
Seat 9: Dorex2007 ($1.90 in chips) 
leomax100: posts small blind $0.01
leo_leo_me: posts big blind $0.02
*** HOLE CARDS ***
Dealt to Dorex2007 [Qh 6h]
kabysm: folds 
DAMAGER99: folds 
PentaClubs: folds 
Kucher189 has timed out
Kucher189: folds 
Boobie_McSnatch: folds 
PentaClubs leaves the table
mayakden: folds 
Boobie_McSnatch is disconnected 
Dorex2007: raises $0.04 to $0.06
leomax100: folds 
leo_leo_me: folds 
Uncalled bet ($0.04) returned to Dorex2007
Dorex2007 collected $0.05 from pot
Dorex2007: doesn't show hand 
*** SUMMARY ***
Total pot $0.05 | Rake $0 
Seat 1: leomax100 (small blind) folded before Flop
Seat 2: leo_leo_me (big blind) folded before Flop
Seat 3: kabysm folded before Flop (didn't bet)
Seat 4: DAMAGER99 folded before Flop (didn't bet)
Seat 5: PentaClubs folded before Flop (didn't bet)
Seat 6: Kucher189 folded before Flop (didn't bet)
Seat 7: Boobie_McSnatch folded before Flop (didn't bet)
Seat 8: mayakden folded before Flop (didn't bet)
Seat 9: Dorex2007 (button) collected ($0.05)



PokerStars Hand #227961157659:  Hold'em No Limit ($0.01/$0.02 USD) - 2021/06/30 13:32:33 PT [2021/06/30 16:32:33 ET]
Table 'Adalberta III' 9-max Seat #1 is the button
Seat 1: leomax100 ($2 in chips) 
Seat 2: leo_leo_me ($0.79 in chips) 
Seat 3: kabysm ($0.83 in chips) 
Seat 4: DAMAGER99 ($1.74 in chips) 
Seat 6: Kucher189 ($1 in chips) 
Seat 7: Boobie_McSnatch ($1.86 in chips) 
Seat 8: mayakden ($2.37 in chips) 
Seat 9: Dorex2007 ($1.93 in chips) 
leo_leo_me: posts small blind $0.01
kabysm: posts big blind $0.02
*** HOLE CARDS ***
Dealt to Dorex2007 [8s Ah]
DAMAGER99: folds 
Kucher189: folds 
Boobie_McSnatch has timed out while disconnected
Boobie_McSnatch: folds 
mayakden: folds 
Dorex2007: folds 
leomax100: raises $0.02 to $0.04
leo_leo_me: folds 
kwwnaw joins the table at seat #5 
kabysm: calls $0.02
*** FLOP *** [9d 6h Ks]
kabysm: checks 
leomax100: checks 
*** TURN *** [9d 6h Ks] [Jh]
kabysm: bets $0.04
leomax100: folds 
Uncalled bet ($0.04) returned to kabysm
kabysm collected $0.09 from pot
kabysm: doesn't show hand 
*** SUMMARY ***
Total pot $0.09 | Rake $0 
Board [9d 6h Ks Jh]
Seat 1: leomax100 (button) folded on the Turn
Seat 2: leo_leo_me (small blind) folded before Flop
Seat 3: kabysm (big blind) collected ($0.09)
Seat 4: DAMAGER99 folded before Flop (didn't bet)
Seat 6: Kucher189 folded before Flop (didn't bet)
Seat 7: Boobie_McSnatch folded before Flop (didn't bet)
Seat 8: mayakden folded before Flop (didn't bet)
Seat 9: Dorex2007 folded before Flop (didn't bet)



PokerStars Hand #227961184531:  Hold'em No Limit ($0.01/$0.02 USD) - 2021/06/30 13:33:31 PT [2021/06/30 16:33:31 ET]
Table 'Adalberta III' 9-max Seat #2 is the button
Seat 1: leomax100 ($2 in chips) 
Seat 2: leo_leo_me ($0.78 in chips) 
Seat 3: kabysm ($0.88 in chips) 
Seat 4: DAMAGER99 ($1.74 in chips) 
Seat 6: Kucher189 ($1 in chips) 
Seat 8: mayakden ($2.37 in chips) 
Seat 9: Dorex2007 ($1.93 in chips) 
kabysm: posts small blind $0.01
DAMAGER99: posts big blind $0.02
kwwnaw: sits out 
*** HOLE CARDS ***
Dealt to Dorex2007 [5d 7c]
Kucher189 has timed out
Kucher189: folds 
mayakden: folds 
Dorex2007: folds 
leomax100: raises $0.04 to $0.06
leo_leo_me: folds 
kabysm: raises $0.04 to $0.10
DAMAGER99: folds 
leomax100: calls $0.04
*** FLOP *** [2s Jc Jd]
kabysm: bets $0.10
leomax100: folds 
Uncalled bet ($0.10) returned to kabysm
kabysm collected $0.21 from pot
kabysm: doesn't show hand 
*** SUMMARY ***
Total pot $0.22 | Rake $0.01 
Board [2s Jc Jd]
Seat 1: leomax100 folded on the Flop
Seat 2: leo_leo_me (button) folded before Flop (didn't bet)
Seat 3: kabysm (small blind) collected ($0.21)
Seat 4: DAMAGER99 (big blind) folded before Flop
Seat 6: Kucher189 folded before Flop (didn't bet)
Seat 8: mayakden folded before Flop (didn't bet)
Seat 9: Dorex2007 folded before Flop (didn't bet)



PokerStars Hand #227961205289:  Hold'em No Limit ($0.01/$0.02 USD) - 2021/06/30 13:34:15 PT [2021/06/30 16:34:15 ET]
Table 'Adalberta III' 9-max Seat #3 is the button
Seat 1: leomax100 ($2 in chips) 
Seat 2: leo_leo_me ($0.78 in chips) 
Seat 3: kabysm ($0.99 in chips) 
Seat 4: DAMAGER99 ($1.72 in chips) 
Seat 5: kwwnaw ($1.60 in chips) 
Seat 6: Kucher189 ($1 in chips) 
Seat 8: mayakden ($2.37 in chips) 
Seat 9: Dorex2007 ($1.93 in chips) 
DAMAGER99: posts small blind $0.01
kwwnaw: posts big blind $0.02
*** HOLE CARDS ***
Dealt to Dorex2007 [3s Jc]
Kucher189: folds 
mayakden: folds 
Dorex2007: folds 
leomax100: folds 
leo_leo_me: folds 
kabysm: raises $0.02 to $0.04
DAMAGER99: folds 
kwwnaw: calls $0.02
*** FLOP *** [5c 2s Td]
kwwnaw: checks 
kabysm: bets $0.05
kwwnaw: folds 
Uncalled bet ($0.05) returned to kabysm
kabysm collected $0.09 from pot
kabysm: doesn't show hand 
*** SUMMARY ***
Total pot $0.09 | Rake $0 
Board [5c 2s Td]
Seat 1: leomax100 folded before Flop (didn't bet)
Seat 2: leo_leo_me folded before Flop (didn't bet)
Seat 3: kabysm (button) collected ($0.09)
Seat 4: DAMAGER99 (small blind) folded before Flop
Seat 5: kwwnaw (big blind) folded on the Flop
Seat 6: Kucher189 folded before Flop (didn't bet)
Seat 8: mayakden folded before Flop (didn't bet)
Seat 9: Dorex2007 folded before Flop (didn't bet)



PokerStars Hand #227961220321:  Hold'em No Limit ($0.01/$0.02 USD) - 2021/06/30 13:34:46 PT [2021/06/30 16:34:46 ET]
Table 'Adalberta III' 9-max Seat #4 is the button
Seat 1: leomax100 ($2 in chips) 
Seat 2: leo_leo_me ($0.78 in chips) 
Seat 3: kabysm ($1.04 in chips) 
Seat 4: DAMAGER99 ($1.71 in chips) 
Seat 5: kwwnaw ($1.56 in chips) 
Seat 6: Kucher189 ($1 in chips) 
Seat 8: mayakden ($2.37 in chips) 
Seat 9: Dorex2007 ($1.93 in chips) 
kwwnaw: posts small blind $0.01
Kucher189: posts big blind $0.02
*** HOLE CARDS ***
Dealt to Dorex2007 [7s Ac]
mayakden: folds 
Dorex2007: folds 
leomax100: folds 
leo_leo_me: folds 
kabysm: folds 
DAMAGER99: folds 
kwwnaw: calls $0.01
Kucher189: checks 
*** FLOP *** [Jc 3c Td]
kwwnaw: bets $0.02
Kucher189: calls $0.02
*** TURN *** [Jc 3c Td] [Qc]
kwwnaw: checks 
Kucher189: checks 
*** RIVER *** [Jc 3c Td Qc] [6d]
kwwnaw: checks 
Kucher189: bets $0.04
kwwnaw: calls $0.04
*** SHOW DOWN ***
Kucher189: shows [Ks 7h] (high card King)
kwwnaw: shows [2d Jd] (a pair of Jacks)
kwwnaw collected $0.15 from pot
*** SUMMARY ***
Total pot $0.16 | Rake $0.01 
Board [Jc 3c Td Qc 6d]
Seat 1: leomax100 folded before Flop (didn't bet)
Seat 2: leo_leo_me folded before Flop (didn't bet)
Seat 3: kabysm folded before Flop (didn't bet)
Seat 4: DAMAGER99 (button) folded before Flop (didn't bet)
Seat 5: kwwnaw (small blind) showed [2d Jd] and won ($0.15) with a pair of Jacks
Seat 6: Kucher189 (big blind) showed [Ks 7h] and lost with high card King
Seat 8: mayakden folded before Flop (didn't bet)
Seat 9: Dorex2007 folded before Flop (didn't bet)



PokerStars Hand #227961236284:  Hold'em No Limit ($0.01/$0.02 USD) - 2021/06/30 13:35:20 PT [2021/06/30 16:35:20 ET]
Table 'Adalberta III' 9-max Seat #5 is the button
Seat 1: leomax100 ($2 in chips) 
Seat 2: leo_leo_me ($0.78 in chips) 
Seat 3: kabysm ($1.04 in chips) 
Seat 4: DAMAGER99 ($1.71 in chips) 
Seat 5: kwwnaw ($1.63 in chips) 
Seat 6: Kucher189 ($0.92 in chips) 
Seat 8: mayakden ($2.37 in chips) 
Seat 9: Dorex2007 ($1.93 in chips) 
Kucher189: posts small blind $0.01
mayakden: posts big blind $0.02
*** HOLE CARDS ***
Dealt to Dorex2007 [2s 6h]
Dorex2007: folds 
leomax100: raises $0.04 to $0.06
leo_leo_me: folds 
kabysm: folds 
DAMAGER99: calls $0.06
kwwnaw: folds 
Kucher189: folds 
mayakden: folds 
*** FLOP *** [7c Jd Kd]
leomax100: checks 
DAMAGER99: checks 
*** TURN *** [7c Jd Kd] [Jc]
leomax100: checks 
DAMAGER99: checks 
*** RIVER *** [7c Jd Kd Jc] [6c]
leomax100: checks 
DAMAGER99: checks 
*** SHOW DOWN ***
leomax100: shows [9d 9h] (two pair, Jacks and Nines)
DAMAGER99: shows [Th Td] (two pair, Jacks and Tens)
DAMAGER99 collected $0.14 from pot
*** SUMMARY ***
Total pot $0.15 | Rake $0.01 
Board [7c Jd Kd Jc 6c]
Seat 1: leomax100 showed [9d 9h] and lost with two pair, Jacks and Nines
Seat 2: leo_leo_me folded before Flop (didn't bet)
Seat 3: kabysm folded before Flop (didn't bet)
Seat 4: DAMAGER99 showed [Th Td] and won ($0.14) with two pair, Jacks and Tens
Seat 5: kwwnaw (button) folded before Flop (didn't bet)
Seat 6: Kucher189 (small blind) folded before Flop
Seat 8: mayakden (big blind) folded before Flop
Seat 9: Dorex2007 folded before Flop (didn't bet)



PokerStars Hand #227961250278:  Hold'em No Limit ($0.01/$0.02 USD) - 2021/06/30 13:35:50 PT [2021/06/30 16:35:50 ET]
Table 'Adalberta III' 9-max Seat #6 is the button
Seat 1: leomax100 ($2 in chips) 
Seat 2: leo_leo_me ($0.78 in chips) 
Seat 3: kabysm ($1.04 in chips) 
Seat 4: DAMAGER99 ($1.79 in chips) 
Seat 5: kwwnaw ($1.63 in chips) 
Seat 6: Kucher189 ($0.91 in chips) 
Seat 8: mayakden ($2.35 in chips) 
Seat 9: Dorex2007 ($1.93 in chips) 
mayakden: posts small blind $0.01
Dorex2007: posts big blind $0.02
*** HOLE CARDS ***
Dealt to Dorex2007 [8h 7c]
leomax100: folds 
leo_leo_me: folds 
kabysm: raises $0.02 to $0.04
DAMAGER99: folds 
kwwnaw: folds 
Kucher189: folds 
mayakden: folds 
Dorex2007: folds 
Uncalled bet ($0.02) returned to kabysm
kabysm collected $0.05 from pot
kabysm: doesn't show hand 
*** SUMMARY ***
Total pot $0.05 | Rake $0 
Seat 1: leomax100 folded before Flop (didn't bet)
Seat 2: leo_leo_me folded before Flop (didn't bet)
Seat 3: kabysm collected ($0.05)
Seat 4: DAMAGER99 folded before Flop (didn't bet)
Seat 5: kwwnaw folded before Flop (didn't bet)
Seat 6: Kucher189 (button) folded before Flop (didn't bet)
Seat 8: mayakden (small blind) folded before Flop
Seat 9: Dorex2007 (big blind) folded before Flop



PokerStars Hand #227961260924:  Hold'em No Limit ($0.01/$0.02 USD) - 2021/06/30 13:36:13 PT [2021/06/30 16:36:13 ET]
Table 'Adalberta III' 9-max Seat #8 is the button
Seat 1: leomax100 ($2 in chips) 
Seat 2: leo_leo_me ($0.78 in chips) 
Seat 3: kabysm ($1.07 in chips) 
Seat 4: DAMAGER99 ($1.79 in chips) 
Seat 5: kwwnaw ($1.63 in chips) 
Seat 6: Kucher189 ($0.91 in chips) 
Seat 8: mayakden ($2.34 in chips) 
Seat 9: Dorex2007 ($1.91 in chips) 
Dorex2007: posts small blind $0.01
leomax100: posts big blind $0.02
*** HOLE CARDS ***
Dealt to Dorex2007 [Jd Ac]
leo_leo_me: folds 
kabysm: folds 
DAMAGER99: folds 
kwwnaw: folds 
Kucher189: calls $0.02
mayakden: raises $0.06 to $0.08
Dorex2007: calls $0.07
leomax100: folds 
Kucher189: calls $0.06
*** FLOP *** [5d Th 3s]
Dorex2007: checks 
Kucher189: bets $0.08
mayakden: calls $0.08
Dorex2007: folds 
*** TURN *** [5d Th 3s] [Kh]
Kucher189: bets $0.08
mayakden: calls $0.08
*** RIVER *** [5d Th 3s Kh] [8s]
Kucher189: bets $0.06
mayakden: raises $0.24 to $0.30
Kucher189: calls $0.24
*** SHOW DOWN ***
mayakden: shows [Js Kc] (a pair of Kings)
Kucher189: mucks hand 
mayakden collected $1.14 from pot
*** SUMMARY ***
Total pot $1.18 | Rake $0.04 
Board [5d Th 3s Kh 8s]
Seat 1: leomax100 (big blind) folded before Flop
Seat 2: leo_leo_me folded before Flop (didn't bet)
Seat 3: kabysm folded before Flop (didn't bet)
Seat 4: DAMAGER99 folded before Flop (didn't bet)
Seat 5: kwwnaw folded before Flop (didn't bet)
Seat 6: Kucher189 mucked [Jh 8h]
Seat 8: mayakden (button) showed [Js Kc] and won ($1.14) with a pair of Kings
Seat 9: Dorex2007 (small blind) folded on the Flop



PokerStars Hand #227961294113:  Hold'em No Limit ($0.01/$0.02 USD) - 2021/06/30 13:37:23 PT [2021/06/30 16:37:23 ET]
Table 'Adalberta III' 9-max Seat #9 is the button
Seat 1: leomax100 ($2 in chips) 
Seat 2: leo_leo_me ($0.78 in chips) 
Seat 3: kabysm ($1.07 in chips) 
Seat 4: DAMAGER99 ($1.79 in chips) 
Seat 5: kwwnaw ($1.63 in chips) 
Seat 6: Kucher189 ($0.37 in chips) 
Seat 8: mayakden ($2.94 in chips) 
Seat 9: Dorex2007 ($1.83 in chips) 
leomax100: posts small blind $0.01
leo_leo_me: posts big blind $0.02
*** HOLE CARDS ***
Dealt to Dorex2007 [Td 4c]
kabysm: folds 
DAMAGER99: folds 
kwwnaw: folds 
Kucher189: folds 
mayakden: folds 
Kucher189 leaves the table
Dorex2007 has timed out
Dorex2007: folds 
leomax100: folds 
Uncalled bet ($0.01) returned to leo_leo_me
leo_leo_me collected $0.02 from pot
leo_leo_me: doesn't show hand 
*** SUMMARY ***
Total pot $0.02 | Rake $0 
Seat 1: leomax100 (small blind) folded before Flop
Seat 2: leo_leo_me (big blind) collected ($0.02)
Seat 3: kabysm folded before Flop (didn't bet)
Seat 4: DAMAGER99 folded before Flop (didn't bet)
Seat 5: kwwnaw folded before Flop (didn't bet)
Seat 6: Kucher189 folded before Flop (didn't bet)
Seat 8: mayakden folded before Flop (didn't bet)
Seat 9: Dorex2007 (button) folded before Flop (didn't bet)



PokerStars Hand #227961311233:  Hold'em No Limit ($0.01/$0.02 USD) - 2021/06/30 13:38:00 PT [2021/06/30 16:38:00 ET]
Table 'Adalberta III' 9-max Seat #2 is the button
Seat 1: leomax100 ($2 in chips) 
Seat 2: leo_leo_me ($0.78 in chips) 
Seat 3: kabysm ($1.05 in chips) 
Seat 4: DAMAGER99 ($1.79 in chips) 
Seat 5: kwwnaw ($1.66 in chips) 
Seat 8: mayakden ($2.94 in chips) 
Seat 9: Dorex2007 ($1.83 in chips) 
kabysm: posts small blind $0.01
DAMAGER99: posts big blind $0.02
*** HOLE CARDS ***
Dealt to Dorex2007 [2d 6d]
kwwnaw: folds 
mayakden: folds 
Dorex2007: folds 
leomax100: folds 
leo_leo_me: folds 
kabysm: folds 
Uncalled bet ($0.01) returned to DAMAGER99
DAMAGER99 collected $0.02 from pot
Kucher189 joins the table at seat #6 
*** SUMMARY ***
Total pot $0.02 | Rake $0 
Seat 1: leomax100 folded before Flop (didn't bet)
Seat 2: leo_leo_me (button) folded before Flop (didn't bet)
Seat 3: kabysm (small blind) folded before Flop
Seat 4: DAMAGER99 (big blind) collected ($0.02)
Seat 5: kwwnaw folded before Flop (didn't bet)
Seat 8: mayakden folded before Flop (didn't bet)
Seat 9: Dorex2007 folded before Flop (didn't bet)



PokerStars Hand #227961319551:  Hold'em No Limit ($0.01/$0.02 USD) - 2021/06/30 13:38:18 PT [2021/06/30 16:38:18 ET]
Table 'Adalberta III' 9-max Seat #3 is the button
Seat 1: leomax100 ($2 in chips) 
Seat 2: leo_leo_me ($0.78 in chips) 
Seat 3: kabysm ($1.04 in chips) 
Seat 4: DAMAGER99 ($1.80 in chips) 
Seat 5: kwwnaw ($1.66 in chips) 
Seat 8: mayakden ($2.94 in chips) 
Seat 9: Dorex2007 ($1.83 in chips) 
DAMAGER99: posts small blind $0.01
kwwnaw: posts big blind $0.02
Kucher189: sits out 
*** HOLE CARDS ***
Dealt to Dorex2007 [6c Qh]
mayakden: folds 
Dorex2007: folds 
leomax100: folds 
leo_leo_me: calls $0.02
kabysm: raises $0.02 to $0.04
DAMAGER99: folds 
kwwnaw: folds 
leo_leo_me: calls $0.02
*** FLOP *** [3d Td 9c]
leo_leo_me: checks 
kabysm: bets $0.05
leo_leo_me: folds 
Uncalled bet ($0.05) returned to kabysm
kabysm collected $0.11 from pot
kabysm: doesn't show hand 
*** SUMMARY ***
Total pot $0.11 | Rake $0 
Board [3d Td 9c]
Seat 1: leomax100 folded before Flop (didn't bet)
Seat 2: leo_leo_me folded on the Flop
Seat 3: kabysm (button) collected ($0.11)
Seat 4: DAMAGER99 (small blind) folded before Flop
Seat 5: kwwnaw (big blind) folded before Flop
Seat 8: mayakden folded before Flop (didn't bet)
Seat 9: Dorex2007 folded before Flop (didn't bet)



PokerStars Hand #227961334013:  Hold'em No Limit ($0.01/$0.02 USD) - 2021/06/30 13:38:49 PT [2021/06/30 16:38:49 ET]
Table 'Adalberta III' 9-max Seat #4 is the button
Seat 1: leomax100 ($2 in chips) 
Seat 2: leo_leo_me ($0.74 in chips) 
Seat 3: kabysm ($1.11 in chips) 
Seat 4: DAMAGER99 ($1.79 in chips) 
Seat 5: kwwnaw ($1.64 in chips) 
Seat 6: Kucher189 ($0.80 in chips) 
Seat 8: mayakden ($2.94 in chips) 
Seat 9: Dorex2007 ($1.83 in chips) 
kwwnaw: posts small blind $0.01
Kucher189: posts big blind $0.02
*** HOLE CARDS ***
Dealt to Dorex2007 [Kc 9s]
mayakden: raises $0.03 to $0.05
Dorex2007: folds 
leomax100: folds 
leo_leo_me: calls $0.05
kabysm: folds 
DAMAGER99: folds 
kwwnaw: calls $0.04
Kucher189: calls $0.03
*** FLOP *** [7c 5s Qs]
kwwnaw: checks 
Kucher189: checks 
mayakden: bets $0.13
leo_leo_me: folds 
kwwnaw: folds 
Kucher189: folds 
Uncalled bet ($0.13) returned to mayakden
mayakden collected $0.19 from pot
mayakden: doesn't show hand 
*** SUMMARY ***
Total pot $0.20 | Rake $0.01 
Board [7c 5s Qs]
Seat 1: leomax100 folded before Flop (didn't bet)
Seat 2: leo_leo_me folded on the Flop
Seat 3: kabysm folded before Flop (didn't bet)
Seat 4: DAMAGER99 (button) folded before Flop (didn't bet)
Seat 5: kwwnaw (small blind) folded on the Flop
Seat 6: Kucher189 (big blind) folded on the Flop
Seat 8: mayakden collected ($0.19)
Seat 9: Dorex2007 folded before Flop (didn't bet)



PokerStars Hand #227961351180:  Hold'em No Limit ($0.01/$0.02 USD) - 2021/06/30 13:39:26 PT [2021/06/30 16:39:26 ET]
Table 'Adalberta III' 9-max Seat #5 is the button
Seat 1: leomax100 ($2 in chips) 
Seat 2: leo_leo_me ($0.69 in chips) 
Seat 3: kabysm ($1.11 in chips) 
Seat 4: DAMAGER99 ($1.79 in chips) 
Seat 5: kwwnaw ($1.59 in chips) 
Seat 6: Kucher189 ($0.75 in chips) 
Seat 8: mayakden ($3.08 in chips) 
Seat 9: Dorex2007 ($1.83 in chips) 
Kucher189: posts small blind $0.01
mayakden: posts big blind $0.02
*** HOLE CARDS ***
Dealt to Dorex2007 [Tc 6h]
Dorex2007: folds 
leomax100: folds 
leo_leo_me: calls $0.02
kabysm: folds 
DAMAGER99: folds 
kwwnaw: folds 
Kucher189: calls $0.01
mayakden: checks 
*** FLOP *** [8s Jd 8h]
Kucher189: checks 
mayakden: checks 
leo_leo_me: checks 
*** TURN *** [8s Jd 8h] [Ac]
Kucher189: bets $0.04
mayakden: folds 
leo_leo_me: folds 
Uncalled bet ($0.04) returned to Kucher189
Kucher189 collected $0.06 from pot
Kucher189: doesn't show hand 
*** SUMMARY ***
Total pot $0.06 | Rake $0 
Board [8s Jd 8h Ac]
Seat 1: leomax100 folded before Flop (didn't bet)
Seat 2: leo_leo_me folded on the Turn
Seat 3: kabysm folded before Flop (didn't bet)
Seat 4: DAMAGER99 folded before Flop (didn't bet)
Seat 5: kwwnaw (button) folded before Flop (didn't bet)
Seat 6: Kucher189 (small blind) collected ($0.06)
Seat 8: mayakden (big blind) folded on the Turn
Seat 9: Dorex2007 folded before Flop (didn't bet)



PokerStars Hand #227961368356:  Hold'em No Limit ($0.01/$0.02 USD) - 2021/06/30 13:40:03 PT [2021/06/30 16:40:03 ET]
Table 'Adalberta III' 9-max Seat #6 is the button
Seat 1: leomax100 ($2 in chips) 
Seat 2: leo_leo_me ($0.67 in chips) 
Seat 3: kabysm ($1.11 in chips) 
Seat 4: DAMAGER99 ($1.79 in chips) 
Seat 5: kwwnaw ($1.59 in chips) 
Seat 6: Kucher189 ($0.79 in chips) 
Seat 8: mayakden ($3.06 in chips) 
Seat 9: Dorex2007 ($1.83 in chips) 
mayakden: posts small blind $0.01
Dorex2007: posts big blind $0.02
*** HOLE CARDS ***
Dealt to Dorex2007 [6c 7h]
leomax100: folds 
leo_leo_me: folds 
kabysm: folds 
DAMAGER99: folds 
kwwnaw: folds 
Kucher189: folds 
mayakden: folds 
Uncalled bet ($0.01) returned to Dorex2007
Dorex2007 collected $0.02 from pot
Dorex2007: doesn't show hand 
*** SUMMARY ***
Total pot $0.02 | Rake $0 
Seat 1: leomax100 folded before Flop (didn't bet)
Seat 2: leo_leo_me folded before Flop (didn't bet)
Seat 3: kabysm folded before Flop (didn't bet)
Seat 4: DAMAGER99 folded before Flop (didn't bet)
Seat 5: kwwnaw folded before Flop (didn't bet)
Seat 6: Kucher189 (button) folded before Flop (didn't bet)
Seat 8: mayakden (small blind) folded before Flop
Seat 9: Dorex2007 (big blind) collected ($0.02)



PokerStars Hand #227961375563:  Hold'em No Limit ($0.01/$0.02 USD) - 2021/06/30 13:40:18 PT [2021/06/30 16:40:18 ET]
Table 'Adalberta III' 9-max Seat #8 is the button
Seat 1: leomax100 ($2 in chips) 
Seat 2: leo_leo_me ($0.67 in chips) 
Seat 3: kabysm ($1.11 in chips) 
Seat 4: DAMAGER99 ($1.79 in chips) 
Seat 5: kwwnaw ($1.59 in chips) 
Seat 6: Kucher189 ($0.79 in chips) 
Seat 8: mayakden ($3.05 in chips) 
Seat 9: Dorex2007 ($1.84 in chips) 
Dorex2007: posts small blind $0.01
leomax100: posts big blind $0.02
*** HOLE CARDS ***
Dealt to Dorex2007 [3d 2s]
leo_leo_me: folds 
kabysm: folds 
DAMAGER99: folds 
kwwnaw: folds 
Kucher189: folds 
mayakden: raises $0.04 to $0.06
Dorex2007: folds 
leomax100: folds 
Uncalled bet ($0.04) returned to mayakden
mayakden collected $0.05 from pot
mayakden: doesn't show hand 
*** SUMMARY ***
Total pot $0.05 | Rake $0 
Seat 1: leomax100 (big blind) folded before Flop
Seat 2: leo_leo_me folded before Flop (didn't bet)
Seat 3: kabysm folded before Flop (didn't bet)
Seat 4: DAMAGER99 folded before Flop (didn't bet)
Seat 5: kwwnaw folded before Flop (didn't bet)
Seat 6: Kucher189 folded before Flop (didn't bet)
Seat 8: mayakden (button) collected ($0.05)
Seat 9: Dorex2007 (small blind) folded before Flop



PokerStars Hand #227961384951:  Hold'em No Limit ($0.01/$0.02 USD) - 2021/06/30 13:40:39 PT [2021/06/30 16:40:39 ET]
Table 'Adalberta III' 9-max Seat #9 is the button
Seat 1: leomax100 ($2 in chips) 
Seat 2: leo_leo_me ($0.67 in chips) 
Seat 3: kabysm ($1.11 in chips) 
Seat 4: DAMAGER99 ($1.79 in chips) 
Seat 5: kwwnaw ($1.59 in chips) 
Seat 6: Kucher189 ($0.79 in chips) 
Seat 8: mayakden ($3.08 in chips) 
Seat 9: Dorex2007 ($1.83 in chips) 
leomax100: posts small blind $0.01
leo_leo_me: posts big blind $0.02
*** HOLE CARDS ***
Dealt to Dorex2007 [As Qh]
kabysm: raises $0.03 to $0.05
DAMAGER99: folds 
kwwnaw: folds 
Kucher189: folds 
mayakden: folds 
Dorex2007: calls $0.05
leomax100: folds 
leo_leo_me: folds 
*** FLOP *** [8h 2h 4d]
kabysm: bets $0.08
DAMAGER99 leaves the table
Dorex2007: calls $0.08
*** TURN *** [8h 2h 4d] [Ks]
07cezar joins the table at seat #4 
kabysm: bets $0.10
Dorex2007: calls $0.10
*** RIVER *** [8h 2h 4d Ks] [Ad]
kabysm: checks 
Dorex2007: checks 
*** SHOW DOWN ***
kabysm: shows [Qd Qc] (a pair of Queens)
Dorex2007: shows [As Qh] (a pair of Aces)
Dorex2007 collected $0.47 from pot
*** SUMMARY ***
Total pot $0.49 | Rake $0.02 
Board [8h 2h 4d Ks Ad]
Seat 1: leomax100 (small blind) folded before Flop
Seat 2: leo_leo_me (big blind) folded before Flop
Seat 3: kabysm showed [Qd Qc] and lost with a pair of Queens
Seat 4: DAMAGER99 folded before Flop (didn't bet)
Seat 5: kwwnaw folded before Flop (didn't bet)
Seat 6: Kucher189 folded before Flop (didn't bet)
Seat 8: mayakden folded before Flop (didn't bet)
Seat 9: Dorex2007 (button) showed [As Qh] and won ($0.47) with a pair of Aces



PokerStars Hand #227961411252:  Hold'em No Limit ($0.01/$0.02 USD) - 2021/06/30 13:41:36 PT [2021/06/30 16:41:36 ET]
Table 'Adalberta III' 9-max Seat #1 is the button
Seat 1: leomax100 ($2 in chips) 
Seat 2: leo_leo_me ($0.65 in chips) 
Seat 3: kabysm ($0.88 in chips) 
Seat 5: kwwnaw ($1.59 in chips) 
Seat 6: Kucher189 ($0.79 in chips) 
Seat 8: mayakden ($3.08 in chips) 
Seat 9: Dorex2007 ($2.07 in chips) 
leo_leo_me: posts small blind $0.01
kabysm: posts big blind $0.02
07cezar: sits out 
*** HOLE CARDS ***
Dealt to Dorex2007 [Td 4d]
kwwnaw has timed out
kwwnaw: folds 
Kucher189: calls $0.02
kwwnaw leaves the table
mayakden: raises $0.06 to $0.08
Dorex2007: calls $0.08
leomax100: folds 
leo_leo_me: folds 
kabysm: calls $0.06
Kucher189: folds 
*** FLOP *** [Ad Qh 7d]
kabysm: checks 
mayakden: checks 
Dorex2007: bets $0.13
kabysm: calls $0.13
mayakden: folds 
*** TURN *** [Ad Qh 7d] [6c]
Boobie_McSnatch leaves the table
kabysm: checks 
Klonstruktor joins the table at seat #5 
Dorex2007: checks 
*** RIVER *** [Ad Qh 7d 6c] [Ks]
kabysm: bets $0.15
Dorex2007: folds 
Uncalled bet ($0.15) returned to kabysm
kabysm collected $0.51 from pot
kabysm: doesn't show hand 
*** SUMMARY ***
Total pot $0.53 | Rake $0.02 
Board [Ad Qh 7d 6c Ks]
Seat 1: leomax100 (button) folded before Flop (didn't bet)
Seat 2: leo_leo_me (small blind) folded before Flop
Seat 3: kabysm (big blind) collected ($0.51)
Seat 5: kwwnaw folded before Flop (didn't bet)
Seat 6: Kucher189 folded before Flop
Seat 8: mayakden folded on the Flop
Seat 9: Dorex2007 folded on the River



PokerStars Hand #227961441371:  Hold'em No Limit ($0.01/$0.02 USD) - 2021/06/30 13:42:43 PT [2021/06/30 16:42:43 ET]
Table 'Adalberta III' 9-max Seat #2 is the button
Seat 1: leomax100 ($2 in chips) 
Seat 2: leo_leo_me ($0.64 in chips) 
Seat 3: kabysm ($1.18 in chips) 
Seat 4: 07cezar ($1 in chips) 
Seat 5: Klonstruktor ($1.50 in chips) 
Seat 6: Kucher189 ($0.77 in chips) 
Seat 8: mayakden ($3 in chips) 
Seat 9: Dorex2007 ($1.86 in chips) 
kabysm: posts small blind $0.01
07cezar: posts big blind $0.02
Klonstruktor: posts big blind $0.02
*** HOLE CARDS ***
Dealt to Dorex2007 [Kh Ad]
Derevtsssova joins the table at seat #7 
Klonstruktor: checks 
Kucher189: folds 
mayakden: folds 
Dorex2007: raises $0.04 to $0.06
leomax100: folds 
leo_leo_me: folds 
kabysm: calls $0.05
07cezar: folds 
Klonstruktor: folds 
*** FLOP *** [5c 2s 2d]
kabysm: bets $0.06
Dorex2007: raises $0.12 to $0.18
kabysm: folds 
Uncalled bet ($0.12) returned to Dorex2007
Dorex2007 collected $0.27 from pot
Dorex2007: doesn't show hand 
*** SUMMARY ***
Total pot $0.28 | Rake $0.01 
Board [5c 2s 2d]
Seat 1: leomax100 folded before Flop (didn't bet)
Seat 2: leo_leo_me (button) folded before Flop (didn't bet)
Seat 3: kabysm (small blind) folded on the Flop
Seat 4: 07cezar (big blind) folded before Flop
Seat 5: Klonstruktor folded before Flop (didn't bet)
Seat 6: Kucher189 folded before Flop (didn't bet)
Seat 8: mayakden folded before Flop (didn't bet)
Seat 9: Dorex2007 collected ($0.27)



PokerStars Hand #227961462657:  Hold'em No Limit ($0.01/$0.02 USD) - 2021/06/30 13:43:29 PT [2021/06/30 16:43:29 ET]
Table 'Adalberta III' 9-max Seat #3 is the button
Seat 1: leomax100 ($2 in chips) 
Seat 2: leo_leo_me ($0.64 in chips) 
Seat 3: kabysm ($1.06 in chips) 
Seat 4: 07cezar ($0.98 in chips) 
Seat 5: Klonstruktor ($1.48 in chips) 
Seat 6: Kucher189 ($0.77 in chips) 
Seat 8: mayakden ($3 in chips) 
Seat 9: Dorex2007 ($2.01 in chips) 
07cezar: posts small blind $0.01
Klonstruktor: posts big blind $0.02
Derevtsssova: sits out 
*** HOLE CARDS ***
Dealt to Dorex2007 [4h 7s]
Kucher189: raises $0.02 to $0.04
mayakden: folds 
Dorex2007: folds 
leomax100: folds 
leo_leo_me: folds 
kabysm: calls $0.04
07cezar: folds 
Klonstruktor: folds 
*** FLOP *** [6s 7c 6d]
Kucher189: checks 
kabysm: bets $0.06
Kucher189: calls $0.06
*** TURN *** [6s 7c 6d] [8c]
Kucher189: checks 
kabysm: bets $0.10
Kucher189: folds 
Uncalled bet ($0.10) returned to kabysm
kabysm collected $0.22 from pot
kabysm: doesn't show hand 
*** SUMMARY ***
Total pot $0.23 | Rake $0.01 
Board [6s 7c 6d 8c]
Seat 1: leomax100 folded before Flop (didn't bet)
Seat 2: leo_leo_me folded before Flop (didn't bet)
Seat 3: kabysm (button) collected ($0.22)
Seat 4: 07cezar (small blind) folded before Flop
Seat 5: Klonstruktor (big blind) folded before Flop
Seat 6: Kucher189 folded on the Turn
Seat 8: mayakden folded before Flop (didn't bet)
Seat 9: Dorex2007 folded before Flop (didn't bet)



PokerStars Hand #227961483573:  Hold'em No Limit ($0.01/$0.02 USD) - 2021/06/30 13:44:15 PT [2021/06/30 16:44:15 ET]
Table 'Adalberta III' 9-max Seat #4 is the button
Seat 1: leomax100 ($2 in chips) 
Seat 2: leo_leo_me ($0.64 in chips) 
Seat 3: kabysm ($1.18 in chips) 
Seat 4: 07cezar ($0.97 in chips) 
Seat 5: Klonstruktor ($1.46 in chips) 
Seat 6: Kucher189 ($0.67 in chips) 
Seat 8: mayakden ($3 in chips) 
Seat 9: Dorex2007 ($2.01 in chips) 
Klonstruktor: posts small blind $0.01
Kucher189: posts big blind $0.02
Derevtsssova: sits out 
*** HOLE CARDS ***
Dealt to Dorex2007 [3d 2s]
mayakden has timed out
mayakden: folds 
Dorex2007: folds 
leomax100: folds 
leo_leo_me: folds 
kabysm: folds 
07cezar: folds 
Klonstruktor: calls $0.01
Kucher189: checks 
*** FLOP *** [2h 6s 6d]
Klonstruktor: bets $0.02
Kucher189: calls $0.02
*** TURN *** [2h 6s 6d] [As]
Klonstruktor: checks 
Kucher189: checks 
*** RIVER *** [2h 6s 6d As] [9d]
Klonstruktor: bets $0.02
Kucher189: calls $0.02
*** SHOW DOWN ***
Klonstruktor: shows [Kh 5s] (a pair of Sixes)
Kucher189: shows [2d 9h] (two pair, Nines and Sixes)
Kucher189 collected $0.12 from pot
*** SUMMARY ***
Total pot $0.12 | Rake $0 
Board [2h 6s 6d As 9d]
Seat 1: leomax100 folded before Flop (didn't bet)
Seat 2: leo_leo_me folded before Flop (didn't bet)
Seat 3: kabysm folded before Flop (didn't bet)
Seat 4: 07cezar (button) folded before Flop (didn't bet)
Seat 5: Klonstruktor (small blind) showed [Kh 5s] and lost with a pair of Sixes
Seat 6: Kucher189 (big blind) showed [2d 9h] and won ($0.12) with two pair, Nines and Sixes
Seat 8: mayakden folded before Flop (didn't bet)
Seat 9: Dorex2007 folded before Flop (didn't bet)



PokerStars Hand #227961509074:  Hold'em No Limit ($0.01/$0.02 USD) - 2021/06/30 13:45:11 PT [2021/06/30 16:45:11 ET]
Table 'Adalberta III' 9-max Seat #5 is the button
Seat 1: leomax100 ($2 in chips) 
Seat 2: leo_leo_me ($0.64 in chips) 
Seat 3: kabysm ($1.18 in chips) 
Seat 4: 07cezar ($0.97 in chips) 
Seat 5: Klonstruktor ($1.40 in chips) 
Seat 6: Kucher189 ($0.73 in chips) 
Seat 7: Derevtsssova ($0.80 in chips) 
Seat 8: mayakden ($3 in chips) 
Seat 9: Dorex2007 ($2.01 in chips) 
Kucher189: posts small blind $0.01
Derevtsssova: posts big blind $0.02
*** HOLE CARDS ***
Dealt to Dorex2007 [2h 9c]
mayakden: raises $0.04 to $0.06
Dorex2007: folds 
leomax100: calls $0.06
leo_leo_me: folds 
kabysm: folds 
07cezar: folds 
leo_leo_me leaves the table
Klonstruktor: calls $0.06
Kucher189: calls $0.05
Derevtsssova: calls $0.04
*** FLOP *** [6d 2c 8s]
Kucher189: bets $0.16
Derevtsssova: folds 
mayakden: folds 
leomax100: folds 
Klonstruktor: calls $0.16
*** TURN *** [6d 2c 8s] [5h]
Sido205 joins the table at seat #2 
Kucher189: bets $0.30
Klonstruktor: folds 
Uncalled bet ($0.30) returned to Kucher189
Kucher189 collected $0.60 from pot
Kucher189: doesn't show hand 
*** SUMMARY ***
Total pot $0.62 | Rake $0.02 
Board [6d 2c 8s 5h]
Seat 1: leomax100 folded on the Flop
Seat 2: leo_leo_me folded before Flop (didn't bet)
Seat 3: kabysm folded before Flop (didn't bet)
Seat 4: 07cezar folded before Flop (didn't bet)
Seat 5: Klonstruktor (button) folded on the Turn
Seat 6: Kucher189 (small blind) collected ($0.60)
Seat 7: Derevtsssova (big blind) folded on the Flop
Seat 8: mayakden folded on the Flop
Seat 9: Dorex2007 folded before Flop (didn't bet)



PokerStars Hand #227961531697:  Hold'em No Limit ($0.01/$0.02 USD) - 2021/06/30 13:46:00 PT [2021/06/30 16:46:00 ET]
Table 'Adalberta III' 9-max Seat #6 is the button
Seat 1: leomax100 ($2 in chips) 
Seat 3: kabysm ($1.18 in chips) 
Seat 4: 07cezar ($0.97 in chips) 
Seat 5: Klonstruktor ($1.18 in chips) 
Seat 6: Kucher189 ($1.11 in chips) 
Seat 7: Derevtsssova ($0.80 in chips) 
Seat 8: mayakden ($2.94 in chips) 
Seat 9: Dorex2007 ($2.01 in chips) 
Derevtsssova: posts small blind $0.01
mayakden: posts big blind $0.02
Sido205: sits out 
*** HOLE CARDS ***
Dealt to Dorex2007 [As Th]
Dorex2007: folds 
leomax100: folds 
kabysm: folds 
07cezar: folds 
Klonstruktor: calls $0.02
Kucher189: folds 
Derevtsssova: calls $0.01
mayakden: checks 
*** FLOP *** [5s 8h 4s]
Derevtsssova: checks 
mayakden: bets $0.06
Klonstruktor: calls $0.06
Derevtsssova: calls $0.06
*** TURN *** [5s 8h 4s] [4c]
Derevtsssova: checks 
mayakden: checks 
Klonstruktor: checks 
*** RIVER *** [5s 8h 4s 4c] [Qc]
Derevtsssova: checks 
mayakden: bets $0.12
Klonstruktor: folds 
Derevtsssova: folds 
Uncalled bet ($0.12) returned to mayakden
mayakden collected $0.23 from pot
mayakden: doesn't show hand 
*** SUMMARY ***
Total pot $0.24 | Rake $0.01 
Board [5s 8h 4s 4c Qc]
Seat 1: leomax100 folded before Flop (didn't bet)
Seat 3: kabysm folded before Flop (didn't bet)
Seat 4: 07cezar folded before Flop (didn't bet)
Seat 5: Klonstruktor folded on the River
Seat 6: Kucher189 (button) folded before Flop (didn't bet)
Seat 7: Derevtsssova (small blind) folded on the River
Seat 8: mayakden (big blind) collected ($0.23)
Seat 9: Dorex2007 folded before Flop (didn't bet)



PokerStars Hand #227961575488:  Hold'em No Limit ($0.01/$0.02 USD) - 2021/06/30 13:47:35 PT [2021/06/30 16:47:35 ET]
Table 'Adalberta III' 9-max Seat #7 is the button
Seat 1: leomax100 ($2 in chips) 
Seat 3: kabysm ($1.18 in chips) 
Seat 4: 07cezar ($0.97 in chips) 
Seat 5: Klonstruktor ($1.10 in chips) 
Seat 6: Kucher189 ($1.11 in chips) 
Seat 7: Derevtsssova ($0.80 in chips) 
Seat 8: mayakden ($3.09 in chips) 
Seat 9: Dorex2007 ($2.01 in chips) 
mayakden: posts small blind $0.01
Dorex2007: posts big blind $0.02
Sido205: sits out 
*** HOLE CARDS ***
Dealt to Dorex2007 [Ah 3s]
leomax100: folds 
kabysm: folds 
07cezar: folds 
Klonstruktor: folds 
Kucher189: folds 
Derevtsssova: folds 
mayakden: raises $0.04 to $0.06
Dorex2007: folds 
Uncalled bet ($0.04) returned to mayakden
mayakden collected $0.04 from pot
mayakden: doesn't show hand 
*** SUMMARY ***
Total pot $0.04 | Rake $0 
Seat 1: leomax100 folded before Flop (didn't bet)
Seat 3: kabysm folded before Flop (didn't bet)
Seat 4: 07cezar folded before Flop (didn't bet)
Seat 5: Klonstruktor folded before Flop (didn't bet)
Seat 6: Kucher189 folded before Flop (didn't bet)
Seat 7: Derevtsssova (button) folded before Flop (didn't bet)
Seat 8: mayakden (small blind) collected ($0.04)
Seat 9: Dorex2007 (big blind) folded before Flop



PokerStars Hand #227961588936:  Hold'em No Limit ($0.01/$0.02 USD) - 2021/06/30 13:48:04 PT [2021/06/30 16:48:04 ET]
Table 'Adalberta III' 9-max Seat #8 is the button
Seat 1: leomax100 ($2 in chips) 
Seat 3: kabysm ($1.18 in chips) 
Seat 4: 07cezar ($0.97 in chips) 
Seat 5: Klonstruktor ($1.10 in chips) 
Seat 6: Kucher189 ($1.11 in chips) 
Seat 7: Derevtsssova ($0.80 in chips) 
Seat 8: mayakden ($3.11 in chips) 
Seat 9: Dorex2007 ($1.99 in chips) 
Dorex2007: posts small blind $0.01
leomax100: posts big blind $0.02
Sido205: sits out 
*** HOLE CARDS ***
Dealt to Dorex2007 [4d 5s]
kabysm has timed out
kabysm: folds 
07cezar: folds 
Klonstruktor: calls $0.02
Kucher189: folds 
Derevtsssova: folds 
mayakden: folds 
Dorex2007: folds 
leomax100: checks 
*** FLOP *** [7c Kd Jh]
leomax100: checks 
Klonstruktor: bets $0.02
leomax100: folds 
Uncalled bet ($0.02) returned to Klonstruktor
Klonstruktor collected $0.05 from pot
Klonstruktor: doesn't show hand 
*** SUMMARY ***
Total pot $0.05 | Rake $0 
Board [7c Kd Jh]
Seat 1: leomax100 (big blind) folded on the Flop
Seat 3: kabysm folded before Flop (didn't bet)
Seat 4: 07cezar folded before Flop (didn't bet)
Seat 5: Klonstruktor collected ($0.05)
Seat 6: Kucher189 folded before Flop (didn't bet)
Seat 7: Derevtsssova folded before Flop (didn't bet)
Seat 8: mayakden (button) folded before Flop (didn't bet)
Seat 9: Dorex2007 (small blind) folded before Flop



PokerStars Hand #227961604881:  Hold'em No Limit ($0.01/$0.02 USD) - 2021/06/30 13:48:39 PT [2021/06/30 16:48:39 ET]
Table 'Adalberta III' 9-max Seat #9 is the button
Seat 1: leomax100 ($2 in chips) 
Seat 2: Sido205 ($1.34 in chips) 
Seat 3: kabysm ($1.18 in chips) 
Seat 4: 07cezar ($0.97 in chips) 
Seat 5: Klonstruktor ($1.13 in chips) 
Seat 6: Kucher189 ($1.11 in chips) 
Seat 7: Derevtsssova ($0.80 in chips) 
Seat 8: mayakden ($3.11 in chips) 
Seat 9: Dorex2007 ($1.98 in chips) 
leomax100: posts small blind $0.01
Sido205: posts big blind $0.02
*** HOLE CARDS ***
Dealt to Dorex2007 [2h 4s]
kabysm: folds 
07cezar: folds 
Klonstruktor: folds 
Kucher189 has timed out
Kucher189: folds 
Derevtsssova: raises $0.04 to $0.06
mayakden: calls $0.06
Dorex2007: folds 
leomax100: raises $0.20 to $0.26
Sido205: folds 
Derevtsssova: folds 
mayakden: folds 
Uncalled bet ($0.20) returned to leomax100
leomax100 collected $0.20 from pot
leomax100: doesn't show hand 
*** SUMMARY ***
Total pot $0.20 | Rake $0 
Seat 1: leomax100 (small blind) collected ($0.20)
Seat 2: Sido205 (big blind) folded before Flop
Seat 3: kabysm folded before Flop (didn't bet)
Seat 4: 07cezar folded before Flop (didn't bet)
Seat 5: Klonstruktor folded before Flop (didn't bet)
Seat 6: Kucher189 folded before Flop (didn't bet)
Seat 7: Derevtsssova folded before Flop
Seat 8: mayakden folded before Flop
Seat 9: Dorex2007 (button) folded before Flop (didn't bet)



PokerStars Hand #227961626644:  Hold'em No Limit ($0.01/$0.02 USD) - 2021/06/30 13:49:26 PT [2021/06/30 16:49:26 ET]
Table 'Adalberta III' 9-max Seat #1 is the button
Seat 1: leomax100 ($2.14 in chips) 
Seat 2: Sido205 ($1.32 in chips) 
Seat 3: kabysm ($1.18 in chips) 
Seat 4: 07cezar ($0.97 in chips) 
Seat 5: Klonstruktor ($1.13 in chips) 
Seat 6: Kucher189 ($1.11 in chips) 
Seat 7: Derevtsssova ($0.80 in chips) 
Seat 8: mayakden ($3.05 in chips) 
Seat 9: Dorex2007 ($1.98 in chips) 
Sido205: posts small blind $0.01
kabysm: posts big blind $0.02
*** HOLE CARDS ***
Dealt to Dorex2007 [4h 6s]
07cezar: folds 
Klonstruktor: raises $0.02 to $0.04
Kucher189: folds 
Derevtsssova: calls $0.04
mayakden: folds 
Dorex2007: folds 
leomax100: raises $0.24 to $0.28
Sido205: folds 
kabysm: folds 
Klonstruktor: calls $0.24
Derevtsssova: calls $0.24
*** FLOP *** [3d Td 3h]
Klonstruktor: bets $0.06
Derevtsssova: calls $0.06
leomax100: raises $1.02 to $1.08
Klonstruktor: calls $0.79 and is all-in
Derevtsssova: calls $0.46 and is all-in
Uncalled bet ($0.23) returned to leomax100
*** TURN *** [3d Td 3h] [Th]
*** RIVER *** [3d Td 3h Th] [Qc]
*** SHOW DOWN ***
Klonstruktor: shows [9h 9c] (two pair, Tens and Nines)
leomax100: shows [Kd Kc] (two pair, Kings and Tens)
Derevtsssova: shows [Ts Jc] (a full house, Tens full of Threes)
Derevtsssova collected $2.34 from main pot
leomax100 cashed out the hand for $2.48 | Cash Out Fee $0.03
Klonstruktor cashed out the hand for $0.26
*** SUMMARY ***
Total pot $3.09 Main pot $2.34. Side pot $0.64. | Rake $0.11 
Board [3d Td 3h Th Qc]
Seat 1: leomax100 (button) showed [Kd Kc] and won ($0.64) with two pair, Kings and Tens (pot not awarded as player cashed out)
Seat 2: Sido205 (small blind) folded before Flop
Seat 3: kabysm (big blind) folded before Flop
Seat 4: 07cezar folded before Flop (didn't bet)
Seat 5: Klonstruktor showed [9h 9c] and lost with two pair, Tens and Nines (cashed out).
Seat 6: Kucher189 folded before Flop (didn't bet)
Seat 7: Derevtsssova showed [Ts Jc] and won ($2.34) with a full house, Tens full of Threes
Seat 8: mayakden folded before Flop (didn't bet)
Seat 9: Dorex2007 folded before Flop (didn't bet)



PokerStars Hand #227961653862:  Hold'em No Limit ($0.01/$0.02 USD) - 2021/06/30 13:50:26 PT [2021/06/30 16:50:26 ET]
Table 'Adalberta III' 9-max Seat #2 is the button
Seat 1: leomax100 ($3.49 in chips) 
Seat 2: Sido205 ($1.31 in chips) 
Seat 3: kabysm ($1.16 in chips) 
Seat 4: 07cezar ($0.97 in chips) 
Seat 5: Klonstruktor ($0.26 in chips) 
Seat 6: Kucher189 ($1.11 in chips) 
Seat 7: Derevtsssova ($2.34 in chips) 
Seat 8: mayakden ($3.05 in chips) 
Seat 9: Dorex2007 ($1.98 in chips) 
kabysm: posts small blind $0.01
07cezar: posts big blind $0.02
*** HOLE CARDS ***
Dealt to Dorex2007 [Tc 7c]
Klonstruktor: folds 
Kucher189: folds 
Derevtsssova: folds 
mayakden: folds 
Dorex2007: folds 
leomax100: calls $0.02
Sido205: folds 
kabysm: folds 
07cezar: checks 
*** FLOP *** [Qh Qc 3s]
07cezar: checks 
leomax100: checks 
*** TURN *** [Qh Qc 3s] [4d]
07cezar: checks 
leomax100: checks 
*** RIVER *** [Qh Qc 3s 4d] [5s]
07cezar: checks 
leomax100: checks 
*** SHOW DOWN ***
07cezar: shows [4c 7s] (two pair, Queens and Fours)
leomax100: mucks hand 
07cezar collected $0.05 from pot
*** SUMMARY ***
Total pot $0.05 | Rake $0 
Board [Qh Qc 3s 4d 5s]
Seat 1: leomax100 mucked [Td Jd]
Seat 2: Sido205 (button) folded before Flop (didn't bet)
Seat 3: kabysm (small blind) folded before Flop
Seat 4: 07cezar (big blind) showed [4c 7s] and won ($0.05) with two pair, Queens and Fours
Seat 5: Klonstruktor folded before Flop (didn't bet)
Seat 6: Kucher189 folded before Flop (didn't bet)
Seat 7: Derevtsssova folded before Flop (didn't bet)
Seat 8: mayakden folded before Flop (didn't bet)
Seat 9: Dorex2007 folded before Flop (didn't bet)



PokerStars Hand #227961673065:  Hold'em No Limit ($0.01/$0.02 USD) - 2021/06/30 13:51:08 PT [2021/06/30 16:51:08 ET]
Table 'Adalberta III' 9-max Seat #3 is the button
Seat 1: leomax100 ($3.47 in chips) 
Seat 2: Sido205 ($1.31 in chips) 
Seat 3: kabysm ($1.15 in chips) 
Seat 4: 07cezar ($1 in chips) 
Seat 5: Klonstruktor ($0.26 in chips) 
Seat 6: Kucher189 ($1.11 in chips) 
Seat 7: Derevtsssova ($2.34 in chips) 
Seat 8: mayakden ($3.05 in chips) 
Seat 9: Dorex2007 ($1.98 in chips) 
07cezar: posts small blind $0.01
Klonstruktor: posts big blind $0.02
*** HOLE CARDS ***
Dealt to Dorex2007 [7c Qh]
Dorex2007 said, "smart use of cashout by all there."
Kucher189: raises $0.02 to $0.04
Derevtsssova: folds 
mayakden: folds 
Dorex2007: folds 
leomax100: folds 
Sido205: raises $0.08 to $0.12
kabysm: folds 
07cezar: folds 
Klonstruktor: calls $0.10
Kucher189: calls $0.08
*** FLOP *** [Js Th Kc]
Klonstruktor: checks 
Kucher189: checks 
Sido205: bets $0.22
Klonstruktor: calls $0.14 and is all-in
Kucher189: folds 
Uncalled bet ($0.08) returned to Sido205
*** TURN *** [Js Th Kc] [9d]
*** RIVER *** [Js Th Kc 9d] [Kd]
*** SHOW DOWN ***
Klonstruktor: shows [9h 9s] (a full house, Nines full of Kings)
Sido205: shows [Qs Ad] (a straight, Ten to Ace)
Klonstruktor collected $0.63 from pot
*** SUMMARY ***
Total pot $0.65 | Rake $0.02 
Board [Js Th Kc 9d Kd]
Seat 1: leomax100 folded before Flop (didn't bet)
Seat 2: Sido205 showed [Qs Ad] and lost with a straight, Ten to Ace
Seat 3: kabysm (button) folded before Flop (didn't bet)
Seat 4: 07cezar (small blind) folded before Flop
Seat 5: Klonstruktor (big blind) showed [9h 9s] and won ($0.63) with a full house, Nines full of Kings
Seat 6: Kucher189 folded on the Flop
Seat 7: Derevtsssova folded before Flop (didn't bet)
Seat 8: mayakden folded before Flop (didn't bet)
Seat 9: Dorex2007 folded before Flop (didn't bet)



PokerStars Hand #227961707889:  Hold'em No Limit ($0.01/$0.02 USD) - 2021/06/30 13:52:25 PT [2021/06/30 16:52:25 ET]
Table 'Adalberta III' 9-max Seat #4 is the button
Seat 1: leomax100 ($3.47 in chips) 
Seat 2: Sido205 ($1.05 in chips) 
Seat 3: kabysm ($1.15 in chips) 
Seat 4: 07cezar ($0.99 in chips) 
Seat 5: Klonstruktor ($0.63 in chips) 
Seat 6: Kucher189 ($0.99 in chips) 
Seat 7: Derevtsssova ($2.34 in chips) 
Seat 8: mayakden ($3.05 in chips) 
Seat 9: Dorex2007 ($1.98 in chips) 
Klonstruktor: posts small blind $0.01
Kucher189: posts big blind $0.02
*** HOLE CARDS ***
Dealt to Dorex2007 [2c 6h]
Derevtsssova: folds 
mayakden: folds 
Dorex2007: folds 
leomax100: folds 
Sido205: folds 
kabysm: raises $0.02 to $0.04
07cezar: calls $0.04
Klonstruktor: calls $0.03
Kucher189: calls $0.02
*** FLOP *** [7c 3s 7s]
Klonstruktor: bets $0.02
Kucher189: folds 
kabysm: folds 
07cezar: raises $0.02 to $0.04
Klonstruktor: calls $0.02
*** TURN *** [7c 3s 7s] [8d]
leomax100 leaves the table
Klonstruktor: bets $0.02
07cezar: calls $0.02
*** RIVER *** [7c 3s 7s 8d] [Qd]
Klonstruktor: bets $0.06
07cezar: calls $0.06
*** SHOW DOWN ***
Klonstruktor: shows [Ts 2s] (a pair of Sevens)
07cezar: shows [Kh Ks] (two pair, Kings and Sevens)
07cezar collected $0.39 from pot
*** SUMMARY ***
Total pot $0.40 | Rake $0.01 
Board [7c 3s 7s 8d Qd]
Seat 1: leomax100 folded before Flop (didn't bet)
Seat 2: Sido205 folded before Flop (didn't bet)
Seat 3: kabysm folded on the Flop
Seat 4: 07cezar (button) showed [Kh Ks] and won ($0.39) with two pair, Kings and Sevens
Seat 5: Klonstruktor (small blind) showed [Ts 2s] and lost with a pair of Sevens
Seat 6: Kucher189 (big blind) folded on the Flop
Seat 7: Derevtsssova folded before Flop (didn't bet)
Seat 8: mayakden folded before Flop (didn't bet)
Seat 9: Dorex2007 folded before Flop (didn't bet)



PokerStars Hand #227961738600:  Hold'em No Limit ($0.01/$0.02 USD) - 2021/06/30 13:53:32 PT [2021/06/30 16:53:32 ET]
Table 'Adalberta III' 9-max Seat #5 is the button
Seat 2: Sido205 ($1.05 in chips) 
Seat 3: kabysm ($1.11 in chips) 
Seat 4: 07cezar ($1.22 in chips) 
Seat 5: Klonstruktor ($0.47 in chips) 
Seat 6: Kucher189 ($0.95 in chips) 
Seat 7: Derevtsssova ($2.34 in chips) 
Seat 8: mayakden ($3.05 in chips) 
Seat 9: Dorex2007 ($1.98 in chips) 
Kucher189: posts small blind $0.01
Derevtsssova: posts big blind $0.02
*** HOLE CARDS ***
Dealt to Dorex2007 [Jd 4d]
mayakden has timed out
mayakden: folds 
Dorex2007: folds 
Sido205: raises $0.04 to $0.06
kabysm: folds 
07cezar: folds 
Klonstruktor: folds 
Kucher189: folds 
Derevtsssova: calls $0.04
*** FLOP *** [3s 9h Kh]
Derevtsssova: bets $0.06
Sido205: folds 
Uncalled bet ($0.06) returned to Derevtsssova
Derevtsssova collected $0.13 from pot
Derevtsssova: doesn't show hand 
*** SUMMARY ***
Total pot $0.13 | Rake $0 
Board [3s 9h Kh]
Seat 2: Sido205 folded on the Flop
Seat 3: kabysm folded before Flop (didn't bet)
Seat 4: 07cezar folded before Flop (didn't bet)
Seat 5: Klonstruktor (button) folded before Flop (didn't bet)
Seat 6: Kucher189 (small blind) folded before Flop
Seat 7: Derevtsssova (big blind) collected ($0.13)
Seat 8: mayakden folded before Flop (didn't bet)
Seat 9: Dorex2007 folded before Flop (didn't bet)



PokerStars Hand #227961756285:  Hold'em No Limit ($0.01/$0.02 USD) - 2021/06/30 13:54:12 PT [2021/06/30 16:54:12 ET]
Table 'Adalberta III' 9-max Seat #6 is the button
Seat 2: Sido205 ($0.99 in chips) 
Seat 3: kabysm ($1.11 in chips) 
Seat 4: 07cezar ($1.22 in chips) 
Seat 5: Klonstruktor ($0.47 in chips) 
Seat 6: Kucher189 ($0.94 in chips) 
Seat 7: Derevtsssova ($2.41 in chips) 
Seat 8: mayakden ($3.05 in chips) 
Seat 9: Dorex2007 ($1.98 in chips) 
Derevtsssova: posts small blind $0.01
mayakden: posts big blind $0.02
*** HOLE CARDS ***
Dealt to Dorex2007 [6d 9c]
Dorex2007: folds 
Sido205: folds 
kabysm: folds 
07cezar: folds 
Klonstruktor: calls $0.02
Kucher189: calls $0.02
Derevtsssova: folds 
mayakden: checks 
*** FLOP *** [2c 4s Qs]
mayakden: checks 
Klonstruktor: checks 
Kucher189: checks 
*** TURN *** [2c 4s Qs] [3h]
mayakden: checks 
Klonstruktor: checks 
Kucher189: bets $0.02
mayakden: calls $0.02
Klonstruktor: folds 
*** RIVER *** [2c 4s Qs 3h] [Tc]
mayakden: checks 
Kucher189: bets $0.10
mayakden: folds 
Uncalled bet ($0.10) returned to Kucher189
Kucher189 collected $0.11 from pot
Kucher189: doesn't show hand 
*** SUMMARY ***
Total pot $0.11 | Rake $0 
Board [2c 4s Qs 3h Tc]
Seat 2: Sido205 folded before Flop (didn't bet)
Seat 3: kabysm folded before Flop (didn't bet)
Seat 4: 07cezar folded before Flop (didn't bet)
Seat 5: Klonstruktor folded on the Turn
Seat 6: Kucher189 (button) collected ($0.11)
Seat 7: Derevtsssova (small blind) folded before Flop
Seat 8: mayakden (big blind) folded on the River
Seat 9: Dorex2007 folded before Flop (didn't bet)



PokerStars Hand #227961798532:  Hold'em No Limit ($0.01/$0.02 USD) - 2021/06/30 13:56:00 PT [2021/06/30 16:56:00 ET]
Table 'Adalberta III' 9-max Seat #7 is the button
Seat 2: Sido205 ($0.99 in chips) 
Seat 3: kabysm ($1.11 in chips) 
Seat 4: 07cezar ($1.22 in chips) 
Seat 5: Klonstruktor ($0.45 in chips) 
Seat 6: Kucher189 ($1.01 in chips) 
Seat 7: Derevtsssova ($2.40 in chips) 
Seat 8: mayakden ($3.01 in chips) 
Seat 9: Dorex2007 ($1.98 in chips) 
mayakden: posts small blind $0.01
Dorex2007: posts big blind $0.02
*** HOLE CARDS ***
Dealt to Dorex2007 [Qh 6h]
Sido205: folds 
kabysm: folds 
07cezar: folds 
Klonstruktor: calls $0.02
Kucher189: folds 
Derevtsssova: folds 
mayakden: raises $0.06 to $0.08
Dorex2007: folds 
Klonstruktor: calls $0.06
*** FLOP *** [9h Ah Ts]
mayakden: bets $0.09
Klonstruktor: raises $0.09 to $0.18
mayakden: calls $0.09
*** TURN *** [9h Ah Ts] [Jc]
mayakden: checks 
Klonstruktor: bets $0.19 and is all-in
mayakden: calls $0.19
*** RIVER *** [9h Ah Ts Jc] [5h]
*** SHOW DOWN ***
mayakden: shows [9d Kd] (a pair of Nines)
Klonstruktor: shows [Ad Tc] (two pair, Aces and Tens)
Klonstruktor collected $0.89 from pot
*** SUMMARY ***
Total pot $0.92 | Rake $0.03 
Board [9h Ah Ts Jc 5h]
Seat 2: Sido205 folded before Flop (didn't bet)
Seat 3: kabysm folded before Flop (didn't bet)
Seat 4: 07cezar folded before Flop (didn't bet)
Seat 5: Klonstruktor showed [Ad Tc] and won ($0.89) with two pair, Aces and Tens
Seat 6: Kucher189 folded before Flop (didn't bet)
Seat 7: Derevtsssova (button) folded before Flop (didn't bet)
Seat 8: mayakden (small blind) showed [9d Kd] and lost with a pair of Nines
Seat 9: Dorex2007 (big blind) folded before Flop



PokerStars Hand #227961822325:  Hold'em No Limit ($0.01/$0.02 USD) - 2021/06/30 13:57:12 PT [2021/06/30 16:57:12 ET]
Table 'Adalberta III' 9-max Seat #8 is the button
Seat 2: Sido205 ($0.99 in chips) 
Seat 3: kabysm ($1.11 in chips) 
Seat 4: 07cezar ($1.22 in chips) 
Seat 5: Klonstruktor ($0.89 in chips) 
Seat 6: Kucher189 ($1.01 in chips) 
Seat 7: Derevtsssova ($2.40 in chips) 
Seat 8: mayakden ($2.56 in chips) 
Seat 9: Dorex2007 ($1.96 in chips) 
Dorex2007: posts small blind $0.01
Sido205: posts big blind $0.02
*** HOLE CARDS ***
Dealt to Dorex2007 [Js 4s]
kabysm: folds 
07cezar: folds 
Klonstruktor: calls $0.02
Kucher189: raises $0.06 to $0.08
Derevtsssova: folds 
mayakden: folds 
Dorex2007: folds 
Sido205: folds 
Klonstruktor: calls $0.06
*** FLOP *** [Ac 9h 8d]
Klonstruktor: checks 
Kucher189: checks 
*** TURN *** [Ac 9h 8d] [8h]
Klonstruktor: bets $0.02
Kucher189: raises $0.06 to $0.08
Klonstruktor: folds 
Uncalled bet ($0.06) returned to Kucher189
Kucher189 collected $0.22 from pot
Kucher189: doesn't show hand 
*** SUMMARY ***
Total pot $0.23 | Rake $0.01 
Board [Ac 9h 8d 8h]
Seat 2: Sido205 (big blind) folded before Flop
Seat 3: kabysm folded before Flop (didn't bet)
Seat 4: 07cezar folded before Flop (didn't bet)
Seat 5: Klonstruktor folded on the Turn
Seat 6: Kucher189 collected ($0.22)
Seat 7: Derevtsssova folded before Flop (didn't bet)
Seat 8: mayakden (button) folded before Flop (didn't bet)
Seat 9: Dorex2007 (small blind) folded before Flop



PokerStars Hand #227961835235:  Hold'em No Limit ($0.01/$0.02 USD) - 2021/06/30 13:57:51 PT [2021/06/30 16:57:51 ET]
Table 'Adalberta III' 9-max Seat #9 is the button
Seat 2: Sido205 ($0.97 in chips) 
Seat 3: kabysm ($1.11 in chips) 
Seat 4: 07cezar ($1.22 in chips) 
Seat 5: Klonstruktor ($0.79 in chips) 
Seat 6: Kucher189 ($1.13 in chips) 
Seat 7: Derevtsssova ($2.40 in chips) 
Seat 8: mayakden ($2.56 in chips) 
Seat 9: Dorex2007 ($1.95 in chips) 
Sido205: posts small blind $0.01
kabysm: posts big blind $0.02
*** HOLE CARDS ***
Dealt to Dorex2007 [2c Jc]
07cezar: calls $0.02
Klonstruktor: calls $0.02
Kucher189: folds 
Derevtsssova: calls $0.02
mayakden: folds 
Dorex2007: folds 
Sido205: folds 
kabysm: checks 
*** FLOP *** [4h 4s 9c]
POLLO ISRA75 joins the table at seat #1 
kabysm: checks 
07cezar: bets $0.02
Klonstruktor: calls $0.02
Derevtsssova: calls $0.02
kabysm: folds 
*** TURN *** [4h 4s 9c] [2d]
07cezar: bets $0.04
Klonstruktor: calls $0.04
Derevtsssova: calls $0.04
*** RIVER *** [4h 4s 9c 2d] [5c]
07cezar: bets $0.04
Klonstruktor: folds 
Derevtsssova: calls $0.04
*** SHOW DOWN ***
07cezar: shows [Ah 9h] (two pair, Nines and Fours)
Derevtsssova: mucks hand 
07cezar collected $0.34 from pot
*** SUMMARY ***
Total pot $0.35 | Rake $0.01 
Board [4h 4s 9c 2d 5c]
Seat 2: Sido205 (small blind) folded before Flop
Seat 3: kabysm (big blind) folded on the Flop
Seat 4: 07cezar showed [Ah 9h] and won ($0.34) with two pair, Nines and Fours
Seat 5: Klonstruktor folded on the River
Seat 6: Kucher189 folded before Flop (didn't bet)
Seat 7: Derevtsssova mucked [7d 9d]
Seat 8: mayakden folded before Flop (didn't bet)
Seat 9: Dorex2007 (button) folded before Flop (didn't bet)



PokerStars Hand #227961864091:  Hold'em No Limit ($0.01/$0.02 USD) - 2021/06/30 13:59:00 PT [2021/06/30 16:59:00 ET]
Table 'Adalberta III' 9-max Seat #2 is the button
Seat 1: POLLO ISRA75 ($2 in chips) 
Seat 2: Sido205 ($0.96 in chips) 
Seat 3: kabysm ($1.09 in chips) 
Seat 4: 07cezar ($1.44 in chips) 
Seat 5: Klonstruktor ($0.71 in chips) 
Seat 6: Kucher189 ($1.13 in chips) 
Seat 7: Derevtsssova ($2.28 in chips) 
Seat 8: mayakden ($2.56 in chips) 
Seat 9: Dorex2007 ($1.95 in chips) 
kabysm: posts small blind $0.01
07cezar: posts big blind $0.02
POLLO ISRA75: posts big blind $0.02
*** HOLE CARDS ***
Dealt to Dorex2007 [6d 3h]
Klonstruktor: calls $0.02
Kucher189: folds 
Derevtsssova: folds 
mayakden: folds 
Dorex2007: folds 
POLLO ISRA75: checks 
Sido205: folds 
kabysm: calls $0.01
07cezar: checks 
*** FLOP *** [5c 8c Ts]
kabysm: checks 
07cezar: bets $0.02
Klonstruktor: calls $0.02
POLLO ISRA75: calls $0.02
kabysm: folds 
*** TURN *** [5c 8c Ts] [8d]
07cezar: bets $0.02
Klonstruktor: calls $0.02
POLLO ISRA75: calls $0.02
*** RIVER *** [5c 8c Ts 8d] [Jc]
07cezar: bets $0.02
Klonstruktor: folds 
POLLO ISRA75: raises $0.12 to $0.14
07cezar: folds 
Uncalled bet ($0.12) returned to POLLO ISRA75
POLLO ISRA75 collected $0.23 from pot
POLLO ISRA75: doesn't show hand 
*** SUMMARY ***
Total pot $0.24 | Rake $0.01 
Board [5c 8c Ts 8d Jc]
Seat 1: POLLO ISRA75 collected ($0.23)
Seat 2: Sido205 (button) folded before Flop (didn't bet)
Seat 3: kabysm (small blind) folded on the Flop
Seat 4: 07cezar (big blind) folded on the River
Seat 5: Klonstruktor folded on the River
Seat 6: Kucher189 folded before Flop (didn't bet)
Seat 7: Derevtsssova folded before Flop (didn't bet)
Seat 8: mayakden folded before Flop (didn't bet)
Seat 9: Dorex2007 folded before Flop (didn't bet)



PokerStars Hand #227961895222:  Hold'em No Limit ($0.01/$0.02 USD) - 2021/06/30 14:00:32 PT [2021/06/30 17:00:32 ET]
Table 'Adalberta III' 9-max Seat #3 is the button
Seat 1: POLLO ISRA75 ($2.15 in chips) 
Seat 2: Sido205 ($0.96 in chips) 
Seat 3: kabysm ($1.07 in chips) 
Seat 4: 07cezar ($1.36 in chips) 
Seat 5: Klonstruktor ($0.65 in chips) 
Seat 6: Kucher189 ($1.13 in chips) 
Seat 7: Derevtsssova ($2.28 in chips) 
Seat 8: mayakden ($2.56 in chips) 
Seat 9: Dorex2007 ($1.95 in chips) 
07cezar: posts small blind $0.01
Klonstruktor: posts big blind $0.02
*** HOLE CARDS ***
Dealt to Dorex2007 [3s 4h]
Kucher189: calls $0.02
Derevtsssova: folds 
mayakden: raises $0.06 to $0.08
Dorex2007: folds 
POLLO ISRA75: folds 
Sido205: folds 
kabysm: folds 
07cezar: folds 
Klonstruktor: calls $0.06
Kucher189: calls $0.06
*** FLOP *** [9d As 6h]
Klonstruktor: bets $0.12
Kucher189: calls $0.12
mayakden: raises $0.18 to $0.30
Klonstruktor: calls $0.18
Kucher189: raises $0.75 to $1.05 and is all-in
mayakden: calls $0.75
Klonstruktor: calls $0.27 and is all-in
*** TURN *** [9d As 6h] [3h]
*** RIVER *** [9d As 6h 3h] [Qs]
*** SHOW DOWN ***
Kucher189: shows [6c 6d] (three of a kind, Sixes)
mayakden: shows [Ac Ks] (a pair of Aces)
Klonstruktor: shows [Qd Ah] (two pair, Aces and Queens)
Kucher189 cashed out the hand for $2.75 | Cash Out Fee $0.03
*** SUMMARY ***
Total pot $2.92 Main pot $1.89. Side pot $0.93. | Rake $0.10 
Board [9d As 6h 3h Qs]
Seat 1: POLLO ISRA75 folded before Flop (didn't bet)
Seat 2: Sido205 folded before Flop (didn't bet)
Seat 3: kabysm (button) folded before Flop (didn't bet)
Seat 4: 07cezar (small blind) folded before Flop
Seat 5: Klonstruktor (big blind) showed [Qd Ah] and lost with two pair, Aces and Queens
Seat 6: Kucher189 showed [6c 6d] and won ($2.82) with three of a kind, Sixes (pot not awarded as player cashed out)
Seat 7: Derevtsssova folded before Flop (didn't bet)
Seat 8: mayakden showed [Ac Ks] and lost with a pair of Aces
Seat 9: Dorex2007 folded before Flop (didn't bet)



PokerStars Hand #227961922652:  Hold'em No Limit ($0.01/$0.02 USD) - 2021/06/30 14:01:42 PT [2021/06/30 17:01:42 ET]
Table 'Adalberta III' 9-max Seat #4 is the button
Seat 1: POLLO ISRA75 ($2.15 in chips) 
Seat 2: Sido205 ($0.96 in chips) 
Seat 3: kabysm ($1.07 in chips) 
Seat 4: 07cezar ($1.35 in chips) 
Seat 6: Kucher189 ($2.75 in chips) 
Seat 7: Derevtsssova ($2.28 in chips) 
Seat 8: mayakden ($2 in chips) 
Seat 9: Dorex2007 ($1.95 in chips) 
Kucher189: posts small blind $0.01
Derevtsssova: posts big blind $0.02
*** HOLE CARDS ***
Dealt to Dorex2007 [7h Th]
mayakden: folds 
Dorex2007: folds 
mayakden leaves the table
POLLO ISRA75: folds 
Sido205: folds 
kabysm: raises $0.02 to $0.04
167ambal167 joins the table at seat #8 
07cezar: folds 
Kucher189: folds 
Derevtsssova: folds 
Uncalled bet ($0.02) returned to kabysm
kabysm collected $0.05 from pot
kabysm: doesn't show hand 
*** SUMMARY ***
Total pot $0.05 | Rake $0 
Seat 1: POLLO ISRA75 folded before Flop (didn't bet)
Seat 2: Sido205 folded before Flop (didn't bet)
Seat 3: kabysm collected ($0.05)
Seat 4: 07cezar (button) folded before Flop (didn't bet)
Seat 6: Kucher189 (small blind) folded before Flop
Seat 7: Derevtsssova (big blind) folded before Flop
Seat 8: mayakden folded before Flop (didn't bet)
Seat 9: Dorex2007 folded before Flop (didn't bet)



PokerStars Hand #227961934875:  Hold'em No Limit ($0.01/$0.02 USD) - 2021/06/30 14:02:09 PT [2021/06/30 17:02:09 ET]
Table 'Adalberta III' 9-max Seat #6 is the button
Seat 1: POLLO ISRA75 ($2.15 in chips) 
Seat 2: Sido205 ($0.96 in chips) 
Seat 3: kabysm ($1.10 in chips) 
Seat 4: 07cezar ($1.35 in chips) 
Seat 6: Kucher189 ($2.74 in chips) 
Seat 7: Derevtsssova ($2.26 in chips) 
Seat 8: 167ambal167 ($1 in chips) 
Seat 9: Dorex2007 ($1.95 in chips) 
Derevtsssova: posts small blind $0.01
167ambal167: posts big blind $0.02
*** HOLE CARDS ***
Dealt to Dorex2007 [Qh As]
Dorex2007: raises $0.04 to $0.06
POLLO ISRA75: folds 
Sido205: folds 
kabysm: calls $0.06
07cezar: folds 
Kucher189: raises $0.14 to $0.20
Derevtsssova: folds 
167ambal167: folds 
Dorex2007: folds 
kabysm: folds 
Uncalled bet ($0.14) returned to Kucher189
Kucher189 collected $0.21 from pot
Kucher189: doesn't show hand 
*** SUMMARY ***
Total pot $0.21 | Rake $0 
Seat 1: POLLO ISRA75 folded before Flop (didn't bet)
Seat 2: Sido205 folded before Flop (didn't bet)
Seat 3: kabysm folded before Flop
Seat 4: 07cezar folded before Flop (didn't bet)
Seat 6: Kucher189 (button) collected ($0.21)
Seat 7: Derevtsssova (small blind) folded before Flop
Seat 8: 167ambal167 (big blind) folded before Flop
Seat 9: Dorex2007 folded before Flop



PokerStars Hand #227961954043:  Hold'em No Limit ($0.01/$0.02 USD) - 2021/06/30 14:02:53 PT [2021/06/30 17:02:53 ET]
Table 'Adalberta III' 9-max Seat #7 is the button
Seat 1: POLLO ISRA75 ($2.15 in chips) 
Seat 2: Sido205 ($0.96 in chips) 
Seat 3: kabysm ($1.04 in chips) 
Seat 4: 07cezar ($1.35 in chips) 
Seat 5: Klonstruktor ($1.04 in chips) 
Seat 6: Kucher189 ($2.89 in chips) 
Seat 7: Derevtsssova ($2.25 in chips) 
Seat 8: 167ambal167 ($0.98 in chips) 
Seat 9: Dorex2007 ($1.89 in chips) 
167ambal167: posts small blind $0.01
Dorex2007: posts big blind $0.02
Klonstruktor: posts small blind $0.01
*** HOLE CARDS ***
Dealt to Dorex2007 [4s 8c]
POLLO ISRA75: folds 
Sido205: folds 
kabysm: folds 
07cezar: folds 
Klonstruktor: folds 
Kucher189: folds 
Derevtsssova: folds 
167ambal167: calls $0.01
Dorex2007: checks 
*** FLOP *** [7h Ts Kc]
167ambal167: bets $0.02
Dorex2007: folds 
Uncalled bet ($0.02) returned to 167ambal167
167ambal167 collected $0.05 from pot
167ambal167: doesn't show hand 
*** SUMMARY ***
Total pot $0.05 | Rake $0 
Board [7h Ts Kc]
Seat 1: POLLO ISRA75 folded before Flop (didn't bet)
Seat 2: Sido205 folded before Flop (didn't bet)
Seat 3: kabysm folded before Flop (didn't bet)
Seat 4: 07cezar folded before Flop (didn't bet)
Seat 5: Klonstruktor folded before Flop (didn't bet)
Seat 6: Kucher189 folded before Flop (didn't bet)
Seat 7: Derevtsssova (button) folded before Flop (didn't bet)
Seat 8: 167ambal167 (small blind) collected ($0.05)
Seat 9: Dorex2007 (big blind) folded on the Flop



PokerStars Hand #227961973458:  Hold'em No Limit ($0.01/$0.02 USD) - 2021/06/30 14:03:36 PT [2021/06/30 17:03:36 ET]
Table 'Adalberta III' 9-max Seat #8 is the button
Seat 1: POLLO ISRA75 ($2.15 in chips) 
Seat 2: Sido205 ($0.96 in chips) 
Seat 3: kabysm ($1.04 in chips) 
Seat 4: 07cezar ($1.35 in chips) 
Seat 5: Klonstruktor ($1.03 in chips) 
Seat 6: Kucher189 ($2.89 in chips) 
Seat 7: Derevtsssova ($2.25 in chips) 
Seat 8: 167ambal167 ($1.01 in chips) 
Seat 9: Dorex2007 ($1.87 in chips) 
Dorex2007: posts small blind $0.01
POLLO ISRA75: posts big blind $0.02
*** HOLE CARDS ***
Dealt to Dorex2007 [Qh Qd]
Sido205: raises $0.04 to $0.06
kabysm: folds 
07cezar: folds 
Klonstruktor: folds 
Kucher189: raises $0.04 to $0.10
Derevtsssova: folds 
167ambal167: calls $0.10
Dorex2007: calls $0.09
POLLO ISRA75: folds 
Sido205: calls $0.04
*** FLOP *** [4h Qc As]
Dorex2007: checks 
Sido205: checks 
Kucher189: checks 
167ambal167: checks 
*** TURN *** [4h Qc As] [9c]
Dorex2007: checks 
Sido205: bets $0.20
Kucher189: folds 
167ambal167: folds 
Dorex2007: calls $0.20
*** RIVER *** [4h Qc As 9c] [7h]
Dorex2007: bets $0.79
Sido205: folds 
Uncalled bet ($0.79) returned to Dorex2007
Dorex2007 collected $0.79 from pot
Dorex2007: doesn't show hand 
*** SUMMARY ***
Total pot $0.82 | Rake $0.03 
Board [4h Qc As 9c 7h]
Seat 1: POLLO ISRA75 (big blind) folded before Flop
Seat 2: Sido205 folded on the River
Seat 3: kabysm folded before Flop (didn't bet)
Seat 4: 07cezar folded before Flop (didn't bet)
Seat 5: Klonstruktor folded before Flop (didn't bet)
Seat 6: Kucher189 folded on the Turn
Seat 7: Derevtsssova folded before Flop (didn't bet)
Seat 8: 167ambal167 (button) folded on the Turn
Seat 9: Dorex2007 (small blind) collected ($0.79)



PokerStars Hand #227962006440:  Hold'em No Limit ($0.01/$0.02 USD) - 2021/06/30 14:04:50 PT [2021/06/30 17:04:50 ET]
Table 'Adalberta III' 9-max Seat #9 is the button
Seat 1: POLLO ISRA75 ($2.13 in chips) 
Seat 2: Sido205 ($0.66 in chips) 
Seat 3: kabysm ($1.04 in chips) 
Seat 4: 07cezar ($1.35 in chips) 
Seat 5: Klonstruktor ($1.03 in chips) 
Seat 6: Kucher189 ($2.79 in chips) 
Seat 7: Derevtsssova ($2.25 in chips) 
Seat 8: 167ambal167 ($0.91 in chips) 
Seat 9: Dorex2007 ($2.36 in chips) 
POLLO ISRA75: posts small blind $0.01
Sido205: posts big blind $0.02
*** HOLE CARDS ***
Dealt to Dorex2007 [Ts Jh]
kabysm: folds 
07cezar: folds 
Klonstruktor: calls $0.02
07cezar leaves the table
1Asthma1 joins the table at seat #4 
Kucher189: raises $0.04 to $0.06
Derevtsssova: folds 
167ambal167: folds 
Dorex2007: folds 
POLLO ISRA75: folds 
Sido205: folds 
Klonstruktor: calls $0.04
*** FLOP *** [4d Ac 5c]
Klonstruktor: bets $0.02
Kucher189: raises $0.06 to $0.08
Klonstruktor: folds 
Uncalled bet ($0.06) returned to Kucher189
Kucher189 collected $0.18 from pot
Kucher189: doesn't show hand 
*** SUMMARY ***
Total pot $0.19 | Rake $0.01 
Board [4d Ac 5c]
Seat 1: POLLO ISRA75 (small blind) folded before Flop
Seat 2: Sido205 (big blind) folded before Flop
Seat 3: kabysm folded before Flop (didn't bet)
Seat 4: 07cezar folded before Flop (didn't bet)
Seat 5: Klonstruktor folded on the Flop
Seat 6: Kucher189 collected ($0.18)
Seat 7: Derevtsssova folded before Flop (didn't bet)
Seat 8: 167ambal167 folded before Flop (didn't bet)
Seat 9: Dorex2007 (button) folded before Flop (didn't bet)



PokerStars Hand #227962026127:  Hold'em No Limit ($0.01/$0.02 USD) - 2021/06/30 14:05:34 PT [2021/06/30 17:05:34 ET]
Table 'Adalberta III' 9-max Seat #1 is the button
Seat 1: POLLO ISRA75 ($2.12 in chips) 
Seat 2: Sido205 ($0.64 in chips) 
Seat 3: kabysm ($1.04 in chips) 
Seat 4: 1Asthma1 ($2 in chips) 
Seat 5: Klonstruktor ($0.95 in chips) 
Seat 6: Kucher189 ($2.89 in chips) 
Seat 7: Derevtsssova ($2.25 in chips) 
Seat 8: 167ambal167 ($0.91 in chips) 
Seat 9: Dorex2007 ($2.36 in chips) 
Sido205: posts small blind $0.01
kabysm: posts big blind $0.02
1Asthma1: posts big blind $0.02
*** HOLE CARDS ***
Dealt to Dorex2007 [3d Ts]
1Asthma1: checks 
Klonstruktor: folds 
Kucher189: folds 
Derevtsssova: folds 
167ambal167: calls $0.02
Dorex2007: folds 
POLLO ISRA75: folds 
Sido205: folds 
kabysm: checks 
*** FLOP *** [3h 6h 4h]
kabysm: checks 
1Asthma1: bets $0.05
167ambal167: calls $0.05
kabysm: folds 
*** TURN *** [3h 6h 4h] [5s]
1Asthma1: checks 
167ambal167: checks 
*** RIVER *** [3h 6h 4h 5s] [4c]
1Asthma1: bets $0.14
167ambal167: folds 
Uncalled bet ($0.14) returned to 1Asthma1
1Asthma1 collected $0.16 from pot
1Asthma1: doesn't show hand 
*** SUMMARY ***
Total pot $0.17 | Rake $0.01 
Board [3h 6h 4h 5s 4c]
Seat 1: POLLO ISRA75 (button) folded before Flop (didn't bet)
Seat 2: Sido205 (small blind) folded before Flop
Seat 3: kabysm (big blind) folded on the Flop
Seat 4: 1Asthma1 collected ($0.16)
Seat 5: Klonstruktor folded before Flop (didn't bet)
Seat 6: Kucher189 folded before Flop (didn't bet)
Seat 7: Derevtsssova folded before Flop (didn't bet)
Seat 8: 167ambal167 folded on the River
Seat 9: Dorex2007 folded before Flop (didn't bet)



PokerStars Hand #227962050741:  Hold'em No Limit ($0.01/$0.02 USD) - 2021/06/30 14:06:30 PT [2021/06/30 17:06:30 ET]
Table 'Adalberta III' 9-max Seat #2 is the button
Seat 1: POLLO ISRA75 ($2.12 in chips) 
Seat 2: Sido205 ($0.63 in chips) 
Seat 3: kabysm ($1.02 in chips) 
Seat 4: 1Asthma1 ($2.09 in chips) 
Seat 5: Klonstruktor ($0.95 in chips) 
Seat 6: Kucher189 ($2.89 in chips) 
Seat 7: Derevtsssova ($2.25 in chips) 
Seat 8: 167ambal167 ($0.84 in chips) 
Seat 9: Dorex2007 ($2.36 in chips) 
kabysm: posts small blind $0.01
1Asthma1: posts big blind $0.02
*** HOLE CARDS ***
Dealt to Dorex2007 [3h Td]
Klonstruktor: calls $0.02
Kucher189: folds 
Derevtsssova: raises $0.04 to $0.06
167ambal167 has timed out
167ambal167: folds 
Dorex2007: folds 
POLLO ISRA75: calls $0.06
Sido205: folds 
kabysm: calls $0.05
1Asthma1: folds 
Klonstruktor: folds 
*** FLOP *** [5s Qc 3s]
kabysm: checks 
Derevtsssova: bets $0.10
POLLO ISRA75: calls $0.10
kabysm: folds 
*** TURN *** [5s Qc 3s] [5h]
Derevtsssova: checks 
POLLO ISRA75: checks 
*** RIVER *** [5s Qc 3s 5h] [2c]
Derevtsssova: checks 
POLLO ISRA75: checks 
*** SHOW DOWN ***
Derevtsssova: shows [Jc Kd] (a pair of Fives)
POLLO ISRA75: shows [9s Qs] (two pair, Queens and Fives)
POLLO ISRA75 collected $0.41 from pot
*** SUMMARY ***
Total pot $0.42 | Rake $0.01 
Board [5s Qc 3s 5h 2c]
Seat 1: POLLO ISRA75 showed [9s Qs] and won ($0.41) with two pair, Queens and Fives
Seat 2: Sido205 (button) folded before Flop (didn't bet)
Seat 3: kabysm (small blind) folded on the Flop
Seat 4: 1Asthma1 (big blind) folded before Flop
Seat 5: Klonstruktor folded before Flop
Seat 6: Kucher189 folded before Flop (didn't bet)
Seat 7: Derevtsssova showed [Jc Kd] and lost with a pair of Fives
Seat 8: 167ambal167 folded before Flop (didn't bet)
Seat 9: Dorex2007 folded before Flop (didn't bet)



PokerStars Hand #227962078884:  Hold'em No Limit ($0.01/$0.02 USD) - 2021/06/30 14:07:33 PT [2021/06/30 17:07:33 ET]
Table 'Adalberta III' 9-max Seat #3 is the button
Seat 1: POLLO ISRA75 ($2.37 in chips) 
Seat 2: Sido205 ($0.63 in chips) 
Seat 3: kabysm ($0.96 in chips) 
Seat 4: 1Asthma1 ($2.07 in chips) 
Seat 5: Klonstruktor ($0.93 in chips) 
Seat 6: Kucher189 ($2.89 in chips) 
Seat 7: Derevtsssova ($2.09 in chips) 
Seat 8: 167ambal167 ($0.84 in chips) 
Seat 9: Dorex2007 ($2.36 in chips) 
1Asthma1: posts small blind $0.01
Klonstruktor: posts big blind $0.02
*** HOLE CARDS ***
Dealt to Dorex2007 [Jd 9h]
Kucher189: folds 
Derevtsssova: folds 
167ambal167: calls $0.02
Dorex2007: folds 
POLLO ISRA75: calls $0.02
Sido205: folds 
Kucher189 leaves the table
kabysm: raises $0.02 to $0.04
1Asthma1: calls $0.03
Klonstruktor: calls $0.02
167ambal167: calls $0.02
POLLO ISRA75: calls $0.02
*** FLOP *** [Qd Td Ks]
1Asthma1: bets $0.12
Klonstruktor: folds 
167ambal167: folds 
POLLO ISRA75: folds 
kabysm: calls $0.12
*** TURN *** [Qd Td Ks] [Qs]
1Asthma1: bets $0.27
kabysm: calls $0.27
*** RIVER *** [Qd Td Ks Qs] [6c]
1Asthma1: bets $0.81
kabysm: folds 
Uncalled bet ($0.81) returned to 1Asthma1
1Asthma1 collected $0.95 from pot
1Asthma1: doesn't show hand 
*** SUMMARY ***
Total pot $0.98 | Rake $0.03 
Board [Qd Td Ks Qs 6c]
Seat 1: POLLO ISRA75 folded on the Flop
Seat 2: Sido205 folded before Flop (didn't bet)
Seat 3: kabysm (button) folded on the River
Seat 4: 1Asthma1 (small blind) collected ($0.95)
Seat 5: Klonstruktor (big blind) folded on the Flop
Seat 6: Kucher189 folded before Flop (didn't bet)
Seat 7: Derevtsssova folded before Flop (didn't bet)
Seat 8: 167ambal167 folded on the Flop
Seat 9: Dorex2007 folded before Flop (didn't bet)



PokerStars Hand #227962100107:  Hold'em No Limit ($0.01/$0.02 USD) - 2021/06/30 14:08:21 PT [2021/06/30 17:08:21 ET]
Table 'Adalberta III' 9-max Seat #4 is the button
Seat 1: POLLO ISRA75 ($2.33 in chips) 
Seat 2: Sido205 ($0.63 in chips) 
Seat 3: kabysm ($0.53 in chips) 
Seat 4: 1Asthma1 ($2.59 in chips) 
Seat 5: Klonstruktor ($0.89 in chips) 
Seat 7: Derevtsssova ($2.09 in chips) 
Seat 8: 167ambal167 ($0.80 in chips) 
Seat 9: Dorex2007 ($2.36 in chips) 
Klonstruktor: posts small blind $0.01
Derevtsssova: posts big blind $0.02
*** HOLE CARDS ***
Dealt to Dorex2007 [Js 4c]
167ambal167: calls $0.02
Dorex2007: folds 
POLLO ISRA75: folds 
Sido205: folds 
kabysm: folds 
1Asthma1: folds 
Yuri Colmerauer joins the table at seat #6 
Klonstruktor: calls $0.01
Derevtsssova: raises $0.06 to $0.08
167ambal167: calls $0.06
Klonstruktor: folds 
*** FLOP *** [Ah Qh 2c]
Derevtsssova: bets $0.17
167ambal167: calls $0.17
*** TURN *** [Ah Qh 2c] [9s]
Derevtsssova: bets $0.25
167ambal167: folds 
Uncalled bet ($0.25) returned to Derevtsssova
Derevtsssova collected $0.50 from pot
Derevtsssova: doesn't show hand 
*** SUMMARY ***
Total pot $0.52 | Rake $0.02 
Board [Ah Qh 2c 9s]
Seat 1: POLLO ISRA75 folded before Flop (didn't bet)
Seat 2: Sido205 folded before Flop (didn't bet)
Seat 3: kabysm folded before Flop (didn't bet)
Seat 4: 1Asthma1 (button) folded before Flop (didn't bet)
Seat 5: Klonstruktor (small blind) folded before Flop
Seat 7: Derevtsssova (big blind) collected ($0.50)
Seat 8: 167ambal167 folded on the Turn
Seat 9: Dorex2007 folded before Flop (didn't bet)



PokerStars Hand #227962118321:  Hold'em No Limit ($0.01/$0.02 USD) - 2021/06/30 14:09:01 PT [2021/06/30 17:09:01 ET]
Table 'Adalberta III' 9-max Seat #5 is the button
Seat 1: POLLO ISRA75 ($2.33 in chips) 
Seat 2: Sido205 ($0.63 in chips) 
Seat 3: kabysm ($0.53 in chips) 
Seat 4: 1Asthma1 ($2.59 in chips) 
Seat 5: Klonstruktor ($0.87 in chips) 
Seat 7: Derevtsssova ($2.34 in chips) 
Seat 8: 167ambal167 ($0.55 in chips) 
Seat 9: Dorex2007 ($2.36 in chips) 
Derevtsssova: posts small blind $0.01
167ambal167: posts big blind $0.02
*** HOLE CARDS ***
Dealt to Dorex2007 [4c 7s]
Dorex2007: folds 
POLLO ISRA75: folds 
Sido205: folds 
kabysm: raises $0.03 to $0.05
1Asthma1: folds 
Klonstruktor: folds 
Derevtsssova: folds 
167ambal167: calls $0.03
*** FLOP *** [Jc 5c Kh]
167ambal167: checks 
kabysm: bets $0.06
167ambal167: calls $0.06
*** TURN *** [Jc 5c Kh] [3s]
167ambal167: checks 
kabysm: bets $0.15
167ambal167: folds 
Uncalled bet ($0.15) returned to kabysm
kabysm collected $0.22 from pot
kabysm: doesn't show hand 
*** SUMMARY ***
Total pot $0.23 | Rake $0.01 
Board [Jc 5c Kh 3s]
Seat 1: POLLO ISRA75 folded before Flop (didn't bet)
Seat 2: Sido205 folded before Flop (didn't bet)
Seat 3: kabysm collected ($0.22)
Seat 4: 1Asthma1 folded before Flop (didn't bet)
Seat 5: Klonstruktor (button) folded before Flop (didn't bet)
Seat 7: Derevtsssova (small blind) folded before Flop
Seat 8: 167ambal167 (big blind) folded on the Turn
Seat 9: Dorex2007 folded before Flop (didn't bet)



PokerStars Hand #227962149646:  Hold'em No Limit ($0.01/$0.02 USD) - 2021/06/30 14:10:12 PT [2021/06/30 17:10:12 ET]
Table 'Adalberta III' 9-max Seat #7 is the button
Seat 1: POLLO ISRA75 ($2.33 in chips) 
Seat 2: Sido205 ($0.63 in chips) 
Seat 3: kabysm ($0.64 in chips) 
Seat 4: 1Asthma1 ($2.59 in chips) 
Seat 5: Klonstruktor ($0.87 in chips) 
Seat 7: Derevtsssova ($2.33 in chips) 
Seat 8: 167ambal167 ($0.44 in chips) 
Seat 9: Dorex2007 ($2.36 in chips) 
167ambal167: posts small blind $0.01
Dorex2007: posts big blind $0.02
Yuri Colmerauer: sits out 
*** HOLE CARDS ***
Dealt to Dorex2007 [4h Td]
POLLO ISRA75: calls $0.02
Sido205: folds 
kabysm: folds 
1Asthma1: raises $0.06 to $0.08
Klonstruktor: folds 
Derevtsssova: calls $0.08
167ambal167: calls $0.07
Dorex2007: folds 
POLLO ISRA75: calls $0.06
*** FLOP *** [Tc 4s 8h]
167ambal167: checks 
POLLO ISRA75: checks 
1Asthma1: checks 
Derevtsssova: bets $0.09
167ambal167: folds 
POLLO ISRA75: folds 
1Asthma1: folds 
Uncalled bet ($0.09) returned to Derevtsssova
Derevtsssova collected $0.33 from pot
Derevtsssova: doesn't show hand 
*** SUMMARY ***
Total pot $0.34 | Rake $0.01 
Board [Tc 4s 8h]
Seat 1: POLLO ISRA75 folded on the Flop
Seat 2: Sido205 folded before Flop (didn't bet)
Seat 3: kabysm folded before Flop (didn't bet)
Seat 4: 1Asthma1 folded on the Flop
Seat 5: Klonstruktor folded before Flop (didn't bet)
Seat 7: Derevtsssova (button) collected ($0.33)
Seat 8: 167ambal167 (small blind) folded on the Flop
Seat 9: Dorex2007 (big blind) folded before Flop



PokerStars Hand #227962184761:  Hold'em No Limit ($0.01/$0.02 USD) - 2021/06/30 14:11:33 PT [2021/06/30 17:11:33 ET]
Table 'Adalberta III' 9-max Seat #8 is the button
Seat 1: POLLO ISRA75 ($2.25 in chips) 
Seat 2: Sido205 ($0.63 in chips) 
Seat 3: kabysm ($0.64 in chips) 
Seat 4: 1Asthma1 ($2.51 in chips) 
Seat 5: Klonstruktor ($0.87 in chips) 
Seat 7: Derevtsssova ($2.58 in chips) 
Seat 8: 167ambal167 ($0.36 in chips) 
Seat 9: Dorex2007 ($2.34 in chips) 
Dorex2007: posts small blind $0.01
POLLO ISRA75: posts big blind $0.02
Yuri Colmerauer: sits out 
*** HOLE CARDS ***
Dealt to Dorex2007 [7c 5d]
Sido205: raises $0.04 to $0.06
kabysm: folds 
1Asthma1: folds 
Klonstruktor: folds 
Derevtsssova: calls $0.06
167ambal167: calls $0.06
Dorex2007: folds 
POLLO ISRA75: calls $0.04
*** FLOP *** [7h 9h 5c]
POLLO ISRA75: checks 
Sido205: checks 
Derevtsssova: checks 
167ambal167: checks 
*** TURN *** [7h 9h 5c] [Qc]
POLLO ISRA75: checks 
Sido205: bets $0.16
Derevtsssova: folds 
167ambal167: folds 
POLLO ISRA75: calls $0.16
*** RIVER *** [7h 9h 5c Qc] [3s]
POLLO ISRA75: checks 
Sido205: checks 
*** SHOW DOWN ***
POLLO ISRA75: shows [3c Kc] (a pair of Threes)
Sido205: shows [Qs Ad] (a pair of Queens)
Sido205 collected $0.55 from pot
*** SUMMARY ***
Total pot $0.57 | Rake $0.02 
Board [7h 9h 5c Qc 3s]
Seat 1: POLLO ISRA75 (big blind) showed [3c Kc] and lost with a pair of Threes
Seat 2: Sido205 showed [Qs Ad] and won ($0.55) with a pair of Queens
Seat 3: kabysm folded before Flop (didn't bet)
Seat 4: 1Asthma1 folded before Flop (didn't bet)
Seat 5: Klonstruktor folded before Flop (didn't bet)
Seat 7: Derevtsssova folded on the Turn
Seat 8: 167ambal167 (button) folded on the Turn
Seat 9: Dorex2007 (small blind) folded before Flop



PokerStars Hand #227962233186:  Hold'em No Limit ($0.01/$0.02 USD) - 2021/06/30 14:13:24 PT [2021/06/30 17:13:24 ET]
Table 'Adalberta III' 9-max Seat #9 is the button
Seat 1: POLLO ISRA75 ($2.03 in chips) 
Seat 2: Sido205 ($0.96 in chips) 
Seat 3: kabysm ($0.64 in chips) 
Seat 4: 1Asthma1 ($2.51 in chips) 
Seat 5: Klonstruktor ($0.87 in chips) 
Seat 7: Derevtsssova ($2.52 in chips) 
Seat 8: 167ambal167 ($0.30 in chips) 
Seat 9: Dorex2007 ($2.33 in chips) 
POLLO ISRA75: posts small blind $0.01
Sido205: posts big blind $0.02
Yuri Colmerauer: sits out 
*** HOLE CARDS ***
Dealt to Dorex2007 [5d Qh]
kabysm: folds 
1Asthma1: folds 
Klonstruktor: folds 
Derevtsssova: folds 
167ambal167: calls $0.02
Dorex2007: folds 
POLLO ISRA75: calls $0.01
Sido205: checks 
*** FLOP *** [5s 7d Jd]
POLLO ISRA75: checks 
Sido205: checks 
167ambal167: checks 
*** TURN *** [5s 7d Jd] [9d]
POLLO ISRA75: checks 
Sido205: bets $0.04
167ambal167: calls $0.04
POLLO ISRA75: calls $0.04
*** RIVER *** [5s 7d Jd 9d] [3h]
POLLO ISRA75: checks 
Sido205: checks 
167ambal167: checks 
*** SHOW DOWN ***
POLLO ISRA75: shows [8d 9s] (a pair of Nines)
Sido205: mucks hand 
167ambal167: mucks hand 
POLLO ISRA75 collected $0.17 from pot
*** SUMMARY ***
Total pot $0.18 | Rake $0.01 
Board [5s 7d Jd 9d 3h]
Seat 1: POLLO ISRA75 (small blind) showed [8d 9s] and won ($0.17) with a pair of Nines
Seat 2: Sido205 (big blind) mucked [4d 8c]
Seat 3: kabysm folded before Flop (didn't bet)
Seat 4: 1Asthma1 folded before Flop (didn't bet)
Seat 5: Klonstruktor folded before Flop (didn't bet)
Seat 7: Derevtsssova folded before Flop (didn't bet)
Seat 8: 167ambal167 mucked [9h 6d]
Seat 9: Dorex2007 (button) folded before Flop (didn't bet)



PokerStars Hand #227962270736:  Hold'em No Limit ($0.01/$0.02 USD) - 2021/06/30 14:14:50 PT [2021/06/30 17:14:50 ET]
Table 'Adalberta III' 9-max Seat #1 is the button
Seat 1: POLLO ISRA75 ($2.14 in chips) 
Seat 2: Sido205 ($0.90 in chips) 
Seat 3: kabysm ($0.64 in chips) 
Seat 4: 1Asthma1 ($2.51 in chips) 
Seat 5: Klonstruktor ($0.87 in chips) 
Seat 7: Derevtsssova ($2.52 in chips) 
Seat 8: 167ambal167 ($0.24 in chips) 
Seat 9: Dorex2007 ($2.33 in chips) 
Sido205: posts small blind $0.01
kabysm: posts big blind $0.02
Yuri Colmerauer: sits out 
*** HOLE CARDS ***
Dealt to Dorex2007 [Qh Th]
1Asthma1: folds 
Klonstruktor: calls $0.02
Derevtsssova: folds 
167ambal167: calls $0.02
Dorex2007: raises $0.02 to $0.04
POLLO ISRA75: folds 
Sido205: calls $0.03
kabysm: calls $0.02
Klonstruktor: calls $0.02
167ambal167: calls $0.02
*** FLOP *** [Qd 7s 3c]
Sido205: checks 
kabysm: checks 
Klonstruktor: bets $0.02
167ambal167: calls $0.02
Dorex2007: raises $0.08 to $0.10
Sido205: folds 
kabysm: folds 
Klonstruktor: calls $0.08
167ambal167: raises $0.08 to $0.18
Dorex2007: calls $0.08
Klonstruktor: calls $0.08
*** TURN *** [Qd 7s 3c] [Js]
Klonstruktor: bets $0.02
167ambal167: calls $0.02 and is all-in
Dorex2007: raises $2.09 to $2.11 and is all-in
Klonstruktor: folds 
Uncalled bet ($2.09) returned to Dorex2007
*** RIVER *** [Qd 7s 3c Js] [8d]
*** SHOW DOWN ***
167ambal167: shows [4c 7c] (a pair of Sevens)
Dorex2007: shows [Qh Th] (a pair of Queens)
Dorex2007 collected $0.77 from pot
*** SUMMARY ***
Total pot $0.80 | Rake $0.03 
Board [Qd 7s 3c Js 8d]
Seat 1: POLLO ISRA75 (button) folded before Flop (didn't bet)
Seat 2: Sido205 (small blind) folded on the Flop
Seat 3: kabysm (big blind) folded on the Flop
Seat 4: 1Asthma1 folded before Flop (didn't bet)
Seat 5: Klonstruktor folded on the Turn
Seat 7: Derevtsssova folded before Flop (didn't bet)
Seat 8: 167ambal167 showed [4c 7c] and lost with a pair of Sevens
Seat 9: Dorex2007 showed [Qh Th] and won ($0.77) with a pair of Queens



PokerStars Hand #227962321673:  Hold'em No Limit ($0.01/$0.02 USD) - 2021/06/30 14:16:34 PT [2021/06/30 17:16:34 ET]
Table 'Adalberta III' 9-max Seat #2 is the button
Seat 1: POLLO ISRA75 ($2.14 in chips) 
Seat 2: Sido205 ($0.86 in chips) 
Seat 3: kabysm ($0.60 in chips) 
Seat 4: 1Asthma1 ($2.51 in chips) 
Seat 5: Klonstruktor ($0.63 in chips) 
Seat 9: Dorex2007 ($2.86 in chips) 
kabysm: posts small blind $0.01
1Asthma1: posts big blind $0.02
Yuri Colmerauer: sits out 
*** HOLE CARDS ***
Dealt to Dorex2007 [3d Tc]
Derevtsssova leaves the table
Klonstruktor: folds 
Dorex2007: folds 
POLLO ISRA75: calls $0.02
Sido205: folds 
167ambal167 leaves the table
kabysm: calls $0.01
1Asthma1: checks 
*** FLOP *** [5c 9h 7c]
kabysm: checks 
1Asthma1: bets $0.06
POLLO ISRA75: folds 
kabysm: folds 
Uncalled bet ($0.06) returned to 1Asthma1
1Asthma1 collected $0.06 from pot
1Asthma1: doesn't show hand 
*** SUMMARY ***
Total pot $0.06 | Rake $0 
Board [5c 9h 7c]
Seat 1: POLLO ISRA75 folded on the Flop
Seat 2: Sido205 (button) folded before Flop (didn't bet)
Seat 3: kabysm (small blind) folded on the Flop
Seat 4: 1Asthma1 (big blind) collected ($0.06)
Seat 5: Klonstruktor folded before Flop (didn't bet)
Seat 9: Dorex2007 folded before Flop (didn't bet)



PokerStars Hand #227962339602:  Hold'em No Limit ($0.01/$0.02 USD) - 2021/06/30 14:17:16 PT [2021/06/30 17:17:16 ET]
Table 'Adalberta III' 9-max Seat #3 is the button
Seat 1: POLLO ISRA75 ($2.12 in chips) 
Seat 2: Sido205 ($0.86 in chips) 
Seat 3: kabysm ($0.58 in chips) 
Seat 4: 1Asthma1 ($2.55 in chips) 
Seat 5: Klonstruktor ($0.63 in chips) 
Seat 9: Dorex2007 ($2.86 in chips) 
1Asthma1: posts small blind $0.01
Klonstruktor: posts big blind $0.02
Yuri Colmerauer: sits out 
*** HOLE CARDS ***
Dealt to Dorex2007 [Ks Qd]
Dorex2007: raises $0.02 to $0.04
POLLO ISRA75: folds 
Sido205: folds 
kabysm: calls $0.04
1Asthma1: folds 
Klonstruktor: calls $0.02
*** FLOP *** [7c Kd 5d]
Klonstruktor: bets $0.02
Dorex2007: raises $0.04 to $0.06
kabysm: raises $0.06 to $0.12
Klonstruktor: calls $0.10
molinero001 joins the table at seat #8 
Dorex2007: calls $0.06
*** TURN *** [7c Kd 5d] [6s]
Klonstruktor: checks 
Dorex2007: bets $0.08
kabysm: calls $0.08
Klonstruktor: calls $0.08
*** RIVER *** [7c Kd 5d 6s] [7s]
hater8888 joins the table at seat #7 
Klonstruktor: bets $0.06
Dorex2007: calls $0.06
kabysm: calls $0.06
*** SHOW DOWN ***
Klonstruktor: shows [Js Jd] (two pair, Jacks and Sevens)
Dorex2007: shows [Ks Qd] (two pair, Kings and Sevens)
kabysm: mucks hand 
Dorex2007 collected $0.88 from pot
*** SUMMARY ***
Total pot $0.91 | Rake $0.03 
Board [7c Kd 5d 6s 7s]
Seat 1: POLLO ISRA75 folded before Flop (didn't bet)
Seat 2: Sido205 folded before Flop (didn't bet)
Seat 3: kabysm (button) mucked [9c Kh]
Seat 4: 1Asthma1 (small blind) folded before Flop
Seat 5: Klonstruktor (big blind) showed [Js Jd] and lost with two pair, Jacks and Sevens
Seat 9: Dorex2007 showed [Ks Qd] and won ($0.88) with two pair, Kings and Sevens



PokerStars Hand #227962379338:  Hold'em No Limit ($0.01/$0.02 USD) - 2021/06/30 14:18:40 PT [2021/06/30 17:18:40 ET]
Table 'Adalberta III' 9-max Seat #4 is the button
Seat 1: POLLO ISRA75 ($2.12 in chips) 
Seat 2: Sido205 ($0.86 in chips) 
Seat 3: kabysm ($0.28 in chips) 
Seat 4: 1Asthma1 ($2.54 in chips) 
Seat 5: Klonstruktor ($0.33 in chips) 
Seat 6: Yuri Colmerauer ($2 in chips) 
Seat 7: hater8888 ($1.30 in chips) 
Seat 9: Dorex2007 ($3.44 in chips) 
Klonstruktor: posts small blind $0.01
Yuri Colmerauer: posts big blind $0.02
hater8888: posts big blind $0.02
molinero001: sits out 
*** HOLE CARDS ***
Dealt to Dorex2007 [Jc 6d]
hater8888: checks 
Dorex2007: folds 
POLLO ISRA75: folds 
Sido205: folds 
kabysm: folds 
1Asthma1: folds 
Klonstruktor: calls $0.01
Yuri Colmerauer: checks 
*** FLOP *** [9c 6c 6h]
Klonstruktor: checks 
Yuri Colmerauer: checks 
hater8888: checks 
*** TURN *** [9c 6c 6h] [7d]
Klonstruktor: checks 
Yuri Colmerauer: bets $0.03
hater8888: calls $0.03
Klonstruktor: folds 
*** RIVER *** [9c 6c 6h 7d] [2d]
Yuri Colmerauer: bets $0.16
hater8888: folds 
Uncalled bet ($0.16) returned to Yuri Colmerauer
Yuri Colmerauer collected $0.12 from pot
Yuri Colmerauer: doesn't show hand 
*** SUMMARY ***
Total pot $0.12 | Rake $0 
Board [9c 6c 6h 7d 2d]
Seat 1: POLLO ISRA75 folded before Flop (didn't bet)
Seat 2: Sido205 folded before Flop (didn't bet)
Seat 3: kabysm folded before Flop (didn't bet)
Seat 4: 1Asthma1 (button) folded before Flop (didn't bet)
Seat 5: Klonstruktor (small blind) folded on the Turn
Seat 6: Yuri Colmerauer (big blind) collected ($0.12)
Seat 7: hater8888 folded on the River
Seat 9: Dorex2007 folded before Flop (didn't bet)



PokerStars Hand #227962393271:  Hold'em No Limit ($0.01/$0.02 USD) - 2021/06/30 14:19:12 PT [2021/06/30 17:19:12 ET]
Table 'Adalberta III' 9-max Seat #5 is the button
Seat 1: POLLO ISRA75 ($2.12 in chips) 
Seat 2: Sido205 ($0.86 in chips) 
Seat 3: kabysm ($0.28 in chips) 
Seat 4: 1Asthma1 ($2.54 in chips) 
Seat 5: Klonstruktor ($0.31 in chips) 
Seat 6: Yuri Colmerauer ($2.07 in chips) 
Seat 7: hater8888 ($1.25 in chips) 
Seat 9: Dorex2007 ($3.44 in chips) 
Yuri Colmerauer: posts small blind $0.01
hater8888: posts big blind $0.02
molinero001: sits out 
*** HOLE CARDS ***
Dealt to Dorex2007 [8h 4d]
Dorex2007: folds 
POLLO ISRA75: folds 
Sido205: folds 
kabysm: raises $0.02 to $0.04
1Asthma1: folds 
Klonstruktor: folds 
Yuri Colmerauer: folds 
hater8888: calls $0.02
*** FLOP *** [Ks 5s Ah]
hater8888: checks 
kabysm: bets $0.06
hater8888: folds 
Uncalled bet ($0.06) returned to kabysm
kabysm collected $0.09 from pot
kabysm: doesn't show hand 
*** SUMMARY ***
Total pot $0.09 | Rake $0 
Board [Ks 5s Ah]
Seat 1: POLLO ISRA75 folded before Flop (didn't bet)
Seat 2: Sido205 folded before Flop (didn't bet)
Seat 3: kabysm collected ($0.09)
Seat 4: 1Asthma1 folded before Flop (didn't bet)
Seat 5: Klonstruktor (button) folded before Flop (didn't bet)
Seat 6: Yuri Colmerauer (small blind) folded before Flop
Seat 7: hater8888 (big blind) folded on the Flop
Seat 9: Dorex2007 folded before Flop (didn't bet)



PokerStars Hand #227962408061:  Hold'em No Limit ($0.01/$0.02 USD) - 2021/06/30 14:19:46 PT [2021/06/30 17:19:46 ET]
Table 'Adalberta III' 9-max Seat #6 is the button
Seat 1: POLLO ISRA75 ($2.12 in chips) 
Seat 2: Sido205 ($0.86 in chips) 
Seat 3: kabysm ($0.33 in chips) 
Seat 4: 1Asthma1 ($2.54 in chips) 
Seat 5: Klonstruktor ($0.31 in chips) 
Seat 6: Yuri Colmerauer ($2.06 in chips) 
Seat 7: hater8888 ($1.21 in chips) 
Seat 8: molinero001 ($2 in chips) 
Seat 9: Dorex2007 ($3.44 in chips) 
hater8888: posts small blind $0.01
molinero001: posts big blind $0.02
*** HOLE CARDS ***
Dealt to Dorex2007 [5d 4s]
Dorex2007: folds 
POLLO ISRA75: folds 
Sido205: raises $0.04 to $0.06
kabysm: folds 
1Asthma1: folds 
Klonstruktor: calls $0.06
Yuri Colmerauer: folds 
hater8888: folds 
molinero001: folds 
*** FLOP *** [8d 6h 2c]
Sido205: bets $0.08
Klonstruktor: folds 
Uncalled bet ($0.08) returned to Sido205
Sido205 collected $0.14 from pot
Sido205: doesn't show hand 
*** SUMMARY ***
Total pot $0.15 | Rake $0.01 
Board [8d 6h 2c]
Seat 1: POLLO ISRA75 folded before Flop (didn't bet)
Seat 2: Sido205 collected ($0.14)
Seat 3: kabysm folded before Flop (didn't bet)
Seat 4: 1Asthma1 folded before Flop (didn't bet)
Seat 5: Klonstruktor folded on the Flop
Seat 6: Yuri Colmerauer (button) folded before Flop (didn't bet)
Seat 7: hater8888 (small blind) folded before Flop
Seat 8: molinero001 (big blind) folded before Flop
Seat 9: Dorex2007 folded before Flop (didn't bet)



PokerStars Hand #227962424005:  Hold'em No Limit ($0.01/$0.02 USD) - 2021/06/30 14:20:24 PT [2021/06/30 17:20:24 ET]
Table 'Adalberta III' 9-max Seat #7 is the button
Seat 1: POLLO ISRA75 ($2.12 in chips) 
Seat 2: Sido205 ($0.94 in chips) 
Seat 3: kabysm ($0.33 in chips) 
Seat 4: 1Asthma1 ($2.54 in chips) 
Seat 5: Klonstruktor ($0.25 in chips) 
Seat 6: Yuri Colmerauer ($2.06 in chips) 
Seat 7: hater8888 ($1.20 in chips) 
Seat 8: molinero001 ($2 in chips) 
Seat 9: Dorex2007 ($3.44 in chips) 
molinero001: posts small blind $0.01
Dorex2007: posts big blind $0.02
*** HOLE CARDS ***
Dealt to Dorex2007 [5d Th]
POLLO ISRA75: folds 
Sido205: folds 
kabysm: folds 
1Asthma1: folds 
Klonstruktor: calls $0.02
Yuri Colmerauer: folds 
hater8888: calls $0.02
molinero001: folds 
Dorex2007: checks 
*** FLOP *** [Qs Jc 9h]
Dorex2007: checks 
Klonstruktor: checks 
hater8888: checks 
*** TURN *** [Qs Jc 9h] [Ad]
Dorex2007: checks 
Klonstruktor: checks 
hater8888: bets $0.10
Dorex2007: folds 
Klonstruktor: folds 
Uncalled bet ($0.10) returned to hater8888
hater8888 collected $0.07 from pot
hater8888: doesn't show hand 
*** SUMMARY ***
Total pot $0.07 | Rake $0 
Board [Qs Jc 9h Ad]
Seat 1: POLLO ISRA75 folded before Flop (didn't bet)
Seat 2: Sido205 folded before Flop (didn't bet)
Seat 3: kabysm folded before Flop (didn't bet)
Seat 4: 1Asthma1 folded before Flop (didn't bet)
Seat 5: Klonstruktor folded on the Turn
Seat 6: Yuri Colmerauer folded before Flop (didn't bet)
Seat 7: hater8888 (button) collected ($0.07)
Seat 8: molinero001 (small blind) folded before Flop
Seat 9: Dorex2007 (big blind) folded on the Turn



PokerStars Hand #227962444123:  Hold'em No Limit ($0.01/$0.02 USD) - 2021/06/30 14:21:11 PT [2021/06/30 17:21:11 ET]
Table 'Adalberta III' 9-max Seat #8 is the button
Seat 1: POLLO ISRA75 ($2.12 in chips) 
Seat 2: Sido205 ($0.94 in chips) 
Seat 3: kabysm ($0.33 in chips) 
Seat 4: 1Asthma1 ($2.54 in chips) 
Seat 5: Klonstruktor ($0.23 in chips) 
Seat 6: Yuri Colmerauer ($2.06 in chips) 
Seat 7: hater8888 ($1.25 in chips) 
Seat 8: molinero001 ($2 in chips) 
Seat 9: Dorex2007 ($3.42 in chips) 
Dorex2007: posts small blind $0.01
POLLO ISRA75: posts big blind $0.02
*** HOLE CARDS ***
Dealt to Dorex2007 [9c 9d]
Sido205: folds 
kabysm: calls $0.02
1Asthma1: folds 
Klonstruktor: calls $0.02
Yuri Colmerauer: folds 
hater8888: folds 
molinero001: folds 
Dorex2007: calls $0.01
POLLO ISRA75: checks 
*** FLOP *** [3s 7d Qs]
Dorex2007: checks 
POLLO ISRA75: checks 
kabysm: checks 
Klonstruktor: checks 
*** TURN *** [3s 7d Qs] [Kh]
Dorex2007: checks 
POLLO ISRA75: checks 
kabysm: checks 
Klonstruktor: checks 
*** RIVER *** [3s 7d Qs Kh] [Qc]
Dorex2007: checks 
POLLO ISRA75: checks 
kabysm: checks 
Klonstruktor: checks 
*** SHOW DOWN ***
Dorex2007: shows [9c 9d] (two pair, Queens and Nines)
POLLO ISRA75: mucks hand 
kabysm: mucks hand 
Klonstruktor: mucks hand 
Dorex2007 collected $0.08 from pot
*** SUMMARY ***
Total pot $0.08 | Rake $0 
Board [3s 7d Qs Kh Qc]
Seat 1: POLLO ISRA75 (big blind) mucked [3d Ac]
Seat 2: Sido205 folded before Flop (didn't bet)
Seat 3: kabysm mucked [5c 8c]
Seat 4: 1Asthma1 folded before Flop (didn't bet)
Seat 5: Klonstruktor mucked [6d 5s]
Seat 6: Yuri Colmerauer folded before Flop (didn't bet)
Seat 7: hater8888 folded before Flop (didn't bet)
Seat 8: molinero001 (button) folded before Flop (didn't bet)
Seat 9: Dorex2007 (small blind) showed [9c 9d] and won ($0.08) with two pair, Queens and Nines



