PokerStars Hand #223784417250:  Hold'em No Limit ($0.01/$0.02 USD) - 2021/02/13 16:08:25 PT [2021/02/13 19:08:25 ET]
Table 'Alsatia II' 9-max Seat #8 is the button
Seat 1: Sticky514 ($5.41 in chips) 
Seat 3: amataco1 ($1.19 in chips) 
Seat 4: ryhnoaaaa ($2.46 in chips) 
Seat 5: Dorex2007 ($1.50 in chips) 
Seat 6: MCAS1994 ($6.47 in chips) 
Seat 8: Pancher_RUS64 ($2.14 in chips) 
Seat 9: MarinaReal ($0.85 in chips) 
MarinaReal: posts small blind $0.01
Sticky514: posts big blind $0.02
BanneyB: sits out 
Dorex2007: posts big blind $0.02
jeka211011: sits out 
*** HOLE CARDS ***
Dealt to Dorex2007 [9d 6d]
amataco1: folds 
ryhnoaaaa: folds 
Dorex2007: checks 
MCAS1994: folds 
Pancher_RUS64: raises $0.04 to $0.06
MarinaReal: folds 
Sticky514: folds 
Dorex2007: folds 
Uncalled bet ($0.04) returned to Pancher_RUS64
Pancher_RUS64 collected $0.07 from pot
Pancher_RUS64: doesn't show hand 
*** SUMMARY ***
Total pot $0.07 | Rake $0 
Seat 1: Sticky514 (big blind) folded before Flop
Seat 3: amataco1 folded before Flop (didn't bet)
Seat 4: ryhnoaaaa folded before Flop (didn't bet)
Seat 5: Dorex2007 folded before Flop (didn't bet)
Seat 6: MCAS1994 folded before Flop (didn't bet)
Seat 8: Pancher_RUS64 (button) collected ($0.07)
Seat 9: MarinaReal (small blind) folded before Flop



PokerStars Hand #223784433713:  Hold'em No Limit ($0.01/$0.02 USD) - 2021/02/13 16:08:55 PT [2021/02/13 19:08:55 ET]
Table 'Alsatia II' 9-max Seat #9 is the button
Seat 1: Sticky514 ($5.39 in chips) 
Seat 2: BanneyB ($2 in chips) 
Seat 3: amataco1 ($1.19 in chips) 
Seat 4: ryhnoaaaa ($2.46 in chips) 
Seat 5: Dorex2007 ($1.48 in chips) 
Seat 6: MCAS1994 ($6.47 in chips) 
Seat 8: Pancher_RUS64 ($2.19 in chips) 
Seat 9: MarinaReal ($0.84 in chips) 
Sticky514: posts small blind $0.01
BanneyB: posts big blind $0.02
jeka211011: sits out 
*** HOLE CARDS ***
Dealt to Dorex2007 [5d Qh]
amataco1: folds 
ryhnoaaaa: folds 
Dorex2007: folds 
MCAS1994: folds 
Pancher_RUS64: folds 
MarinaReal: folds 
Sticky514: calls $0.01
BanneyB: checks 
*** FLOP *** [5h Ad Qc]
Sticky514: bets $0.02
BanneyB: folds 
Uncalled bet ($0.02) returned to Sticky514
Sticky514 collected $0.04 from pot
Sticky514: doesn't show hand 
*** SUMMARY ***
Total pot $0.04 | Rake $0 
Board [5h Ad Qc]
Seat 1: Sticky514 (small blind) collected ($0.04)
Seat 2: BanneyB (big blind) folded on the Flop
Seat 3: amataco1 folded before Flop (didn't bet)
Seat 4: ryhnoaaaa folded before Flop (didn't bet)
Seat 5: Dorex2007 folded before Flop (didn't bet)
Seat 6: MCAS1994 folded before Flop (didn't bet)
Seat 8: Pancher_RUS64 folded before Flop (didn't bet)
Seat 9: MarinaReal (button) folded before Flop (didn't bet)



PokerStars Hand #223784455265:  Hold'em No Limit ($0.01/$0.02 USD) - 2021/02/13 16:09:34 PT [2021/02/13 19:09:34 ET]
Table 'Alsatia II' 9-max Seat #1 is the button
Seat 1: Sticky514 ($5.41 in chips) 
Seat 2: BanneyB ($1.98 in chips) 
Seat 3: amataco1 ($1.19 in chips) 
Seat 4: ryhnoaaaa ($2.46 in chips) 
Seat 5: Dorex2007 ($1.48 in chips) 
Seat 6: MCAS1994 ($6.47 in chips) 
Seat 8: Pancher_RUS64 ($2.19 in chips) 
Seat 9: MarinaReal ($0.84 in chips) 
BanneyB: posts small blind $0.01
amataco1: posts big blind $0.02
jeka211011: sits out 
*** HOLE CARDS ***
Dealt to Dorex2007 [4d 7d]
ryhnoaaaa: folds 
Dorex2007: folds 
MCAS1994: folds 
Pancher_RUS64: folds 
MarinaReal: folds 
Sticky514: calls $0.02
BanneyB: calls $0.01
amataco1: checks 
*** FLOP *** [7s 4h 2h]
BanneyB: checks 
amataco1: checks 
Sticky514: checks 
*** TURN *** [7s 4h 2h] [7h]
BanneyB: checks 
amataco1: checks 
Sticky514: bets $0.02
BanneyB: calls $0.02
amataco1: folds 
*** RIVER *** [7s 4h 2h 7h] [Qh]
BanneyB: bets $0.06
Sticky514: folds 
Uncalled bet ($0.06) returned to BanneyB
BanneyB collected $0.10 from pot
BanneyB: doesn't show hand 
*** SUMMARY ***
Total pot $0.10 | Rake $0 
Board [7s 4h 2h 7h Qh]
Seat 1: Sticky514 (button) folded on the River
Seat 2: BanneyB (small blind) collected ($0.10)
Seat 3: amataco1 (big blind) folded on the Turn
Seat 4: ryhnoaaaa folded before Flop (didn't bet)
Seat 5: Dorex2007 folded before Flop (didn't bet)
Seat 6: MCAS1994 folded before Flop (didn't bet)
Seat 8: Pancher_RUS64 folded before Flop (didn't bet)
Seat 9: MarinaReal folded before Flop (didn't bet)



PokerStars Hand #223784493209:  Hold'em No Limit ($0.01/$0.02 USD) - 2021/02/13 16:10:43 PT [2021/02/13 19:10:43 ET]
Table 'Alsatia II' 9-max Seat #2 is the button
Seat 1: Sticky514 ($5.37 in chips) 
Seat 2: BanneyB ($2.04 in chips) 
Seat 3: amataco1 ($1.17 in chips) 
Seat 4: ryhnoaaaa ($2.46 in chips) 
Seat 5: Dorex2007 ($1.48 in chips) 
Seat 6: MCAS1994 ($6.47 in chips) 
Seat 8: Pancher_RUS64 ($2.19 in chips) 
Seat 9: MarinaReal ($0.84 in chips) 
amataco1: posts small blind $0.01
ryhnoaaaa: posts big blind $0.02
jeka211011: sits out 
*** HOLE CARDS ***
Dealt to Dorex2007 [Kc Ac]
Dorex2007: raises $0.04 to $0.06
MCAS1994: folds 
Pancher_RUS64: folds 
MarinaReal: folds 
Sticky514: calls $0.06
BanneyB: folds 
amataco1: folds 
ryhnoaaaa: folds 
*** FLOP *** [7h 8h 4h]
Dorex2007: checks 
Sticky514: checks 
*** TURN *** [7h 8h 4h] [6c]
Dorex2007: bets $0.14
Sticky514: folds 
Uncalled bet ($0.14) returned to Dorex2007
Dorex2007 collected $0.14 from pot
Dorex2007: doesn't show hand 
*** SUMMARY ***
Total pot $0.15 | Rake $0.01 
Board [7h 8h 4h 6c]
Seat 1: Sticky514 folded on the Turn
Seat 2: BanneyB (button) folded before Flop (didn't bet)
Seat 3: amataco1 (small blind) folded before Flop
Seat 4: ryhnoaaaa (big blind) folded before Flop
Seat 5: Dorex2007 collected ($0.14)
Seat 6: MCAS1994 folded before Flop (didn't bet)
Seat 8: Pancher_RUS64 folded before Flop (didn't bet)
Seat 9: MarinaReal folded before Flop (didn't bet)



PokerStars Hand #223784510050:  Hold'em No Limit ($0.01/$0.02 USD) - 2021/02/13 16:11:13 PT [2021/02/13 19:11:13 ET]
Table 'Alsatia II' 9-max Seat #3 is the button
Seat 1: Sticky514 ($5.31 in chips) 
Seat 2: BanneyB ($2.04 in chips) 
Seat 3: amataco1 ($1.16 in chips) 
Seat 4: ryhnoaaaa ($2.44 in chips) 
Seat 5: Dorex2007 ($1.56 in chips) 
Seat 6: MCAS1994 ($6.47 in chips) 
Seat 8: Pancher_RUS64 ($2.19 in chips) 
Seat 9: MarinaReal ($0.84 in chips) 
ryhnoaaaa: posts small blind $0.01
Dorex2007: posts big blind $0.02
jeka211011: sits out 
*** HOLE CARDS ***
Dealt to Dorex2007 [Kc 7h]
MCAS1994: folds 
Pancher_RUS64: folds 
MarinaReal: raises $0.05 to $0.07
Sticky514: folds 
BanneyB: folds 
amataco1: folds 
ryhnoaaaa: calls $0.06
Dorex2007: folds 
*** FLOP *** [Jd 3h Js]
ryhnoaaaa: bets $0.07
MarinaReal: calls $0.07
*** TURN *** [Jd 3h Js] [5s]
ryhnoaaaa: checks 
MarinaReal: bets $0.12
ryhnoaaaa: folds 
Uncalled bet ($0.12) returned to MarinaReal
MarinaReal collected $0.29 from pot
MarinaReal: doesn't show hand 
*** SUMMARY ***
Total pot $0.30 | Rake $0.01 
Board [Jd 3h Js 5s]
Seat 1: Sticky514 folded before Flop (didn't bet)
Seat 2: BanneyB folded before Flop (didn't bet)
Seat 3: amataco1 (button) folded before Flop (didn't bet)
Seat 4: ryhnoaaaa (small blind) folded on the Turn
Seat 5: Dorex2007 (big blind) folded before Flop
Seat 6: MCAS1994 folded before Flop (didn't bet)
Seat 8: Pancher_RUS64 folded before Flop (didn't bet)
Seat 9: MarinaReal collected ($0.29)



PokerStars Hand #223784564518:  Hold'em No Limit ($0.01/$0.02 USD) - 2021/02/13 16:12:28 PT [2021/02/13 19:12:28 ET]
Table 'Alsatia II' 9-max Seat #4 is the button
Seat 1: Sticky514 ($5.31 in chips) 
Seat 2: BanneyB ($2.04 in chips) 
Seat 3: amataco1 ($1.16 in chips) 
Seat 4: ryhnoaaaa ($2.30 in chips) 
Seat 5: Dorex2007 ($1.54 in chips) 
Seat 6: MCAS1994 ($6.47 in chips) 
Seat 8: Pancher_RUS64 ($2.19 in chips) 
Seat 9: MarinaReal ($0.99 in chips) 
Dorex2007: posts small blind $0.01
MCAS1994: posts big blind $0.02
jeka211011: sits out 
*** HOLE CARDS ***
Dealt to Dorex2007 [Kc 5c]
Pancher_RUS64: folds 
MarinaReal: folds 
Sticky514: raises $0.04 to $0.06
BanneyB: folds 
amataco1: folds 
ryhnoaaaa: folds 
Dorex2007: folds 
MCAS1994: folds 
Uncalled bet ($0.04) returned to Sticky514
Sticky514 collected $0.05 from pot
Sticky514: doesn't show hand 
*** SUMMARY ***
Total pot $0.05 | Rake $0 
Seat 1: Sticky514 collected ($0.05)
Seat 2: BanneyB folded before Flop (didn't bet)
Seat 3: amataco1 folded before Flop (didn't bet)
Seat 4: ryhnoaaaa (button) folded before Flop (didn't bet)
Seat 5: Dorex2007 (small blind) folded before Flop
Seat 6: MCAS1994 (big blind) folded before Flop
Seat 8: Pancher_RUS64 folded before Flop (didn't bet)
Seat 9: MarinaReal folded before Flop (didn't bet)



PokerStars Hand #223784579552:  Hold'em No Limit ($0.01/$0.02 USD) - 2021/02/13 16:12:55 PT [2021/02/13 19:12:55 ET]
Table 'Alsatia II' 9-max Seat #5 is the button
Seat 1: Sticky514 ($5.34 in chips) 
Seat 2: BanneyB ($2.04 in chips) 
Seat 3: amataco1 ($1.16 in chips) 
Seat 4: ryhnoaaaa ($2.30 in chips) 
Seat 5: Dorex2007 ($1.53 in chips) 
Seat 6: MCAS1994 ($6.45 in chips) 
Seat 7: jeka211011 ($1.70 in chips) 
Seat 8: Pancher_RUS64 ($2.19 in chips) 
Seat 9: MarinaReal ($0.99 in chips) 
MCAS1994: posts small blind $0.01
jeka211011: posts big blind $0.02
*** HOLE CARDS ***
Dealt to Dorex2007 [2h 9d]
Pancher_RUS64: folds 
MarinaReal: folds 
Sticky514: folds 
BanneyB: folds 
amataco1: folds 
ryhnoaaaa: calls $0.02
Dorex2007: folds 
MCAS1994: raises $0.06 to $0.08
jeka211011: folds 
ryhnoaaaa: folds 
Uncalled bet ($0.06) returned to MCAS1994
MCAS1994 collected $0.06 from pot
MCAS1994: doesn't show hand 
*** SUMMARY ***
Total pot $0.06 | Rake $0 
Seat 1: Sticky514 folded before Flop (didn't bet)
Seat 2: BanneyB folded before Flop (didn't bet)
Seat 3: amataco1 folded before Flop (didn't bet)
Seat 4: ryhnoaaaa folded before Flop
Seat 5: Dorex2007 (button) folded before Flop (didn't bet)
Seat 6: MCAS1994 (small blind) collected ($0.06)
Seat 7: jeka211011 (big blind) folded before Flop
Seat 8: Pancher_RUS64 folded before Flop (didn't bet)
Seat 9: MarinaReal folded before Flop (didn't bet)



PokerStars Hand #223784600242:  Hold'em No Limit ($0.01/$0.02 USD) - 2021/02/13 16:13:33 PT [2021/02/13 19:13:33 ET]
Table 'Alsatia II' 9-max Seat #6 is the button
Seat 1: Sticky514 ($5.34 in chips) 
Seat 2: BanneyB ($2.04 in chips) 
Seat 3: amataco1 ($1.16 in chips) 
Seat 4: ryhnoaaaa ($2.28 in chips) 
Seat 5: Dorex2007 ($1.53 in chips) 
Seat 6: MCAS1994 ($6.49 in chips) 
Seat 7: jeka211011 ($1.68 in chips) 
Seat 8: Pancher_RUS64 ($2.19 in chips) 
Seat 9: MarinaReal ($0.99 in chips) 
jeka211011: posts small blind $0.01
Pancher_RUS64: posts big blind $0.02
*** HOLE CARDS ***
Dealt to Dorex2007 [Kd Qc]
MarinaReal: raises $0.04 to $0.06
Sticky514: calls $0.06
BanneyB: folds 
amataco1: folds 
ryhnoaaaa: calls $0.06
Dorex2007: calls $0.06
MCAS1994: folds 
jeka211011: folds 
Pancher_RUS64: calls $0.04
*** FLOP *** [As Ks 2s]
Pancher_RUS64: checks 
MarinaReal: checks 
Sticky514: checks 
ryhnoaaaa: bets $0.02
Dorex2007: raises $0.34 to $0.36
Pancher_RUS64: folds 
MarinaReal: folds 
Sticky514: folds 
ryhnoaaaa: folds 
Uncalled bet ($0.34) returned to Dorex2007
Dorex2007 collected $0.34 from pot
Dorex2007: doesn't show hand 
*** SUMMARY ***
Total pot $0.35 | Rake $0.01 
Board [As Ks 2s]
Seat 1: Sticky514 folded on the Flop
Seat 2: BanneyB folded before Flop (didn't bet)
Seat 3: amataco1 folded before Flop (didn't bet)
Seat 4: ryhnoaaaa folded on the Flop
Seat 5: Dorex2007 collected ($0.34)
Seat 6: MCAS1994 (button) folded before Flop (didn't bet)
Seat 7: jeka211011 (small blind) folded before Flop
Seat 8: Pancher_RUS64 (big blind) folded on the Flop
Seat 9: MarinaReal folded on the Flop



PokerStars Hand #223784649190:  Hold'em No Limit ($0.01/$0.02 USD) - 2021/02/13 16:15:03 PT [2021/02/13 19:15:03 ET]
Table 'Alsatia II' 9-max Seat #7 is the button
Seat 1: Sticky514 ($5.28 in chips) 
Seat 2: BanneyB ($2.04 in chips) 
Seat 3: amataco1 ($1.16 in chips) 
Seat 4: ryhnoaaaa ($2.20 in chips) 
Seat 5: Dorex2007 ($1.79 in chips) 
Seat 6: MCAS1994 ($6.49 in chips) 
Seat 7: jeka211011 ($1.67 in chips) 
Seat 8: Pancher_RUS64 ($2.13 in chips) 
Seat 9: MarinaReal ($0.93 in chips) 
Pancher_RUS64: posts small blind $0.01
MarinaReal: posts big blind $0.02
*** HOLE CARDS ***
Dealt to Dorex2007 [3c 7s]
Sticky514: folds 
BanneyB: folds 
amataco1: folds 
ryhnoaaaa: folds 
Dorex2007: folds 
MCAS1994: raises $0.04 to $0.06
jeka211011: folds 
Pancher_RUS64: folds 
MarinaReal: calls $0.04
*** FLOP *** [9d Qs 6h]
MarinaReal: checks 
MCAS1994: bets $0.07
MarinaReal: calls $0.07
*** TURN *** [9d Qs 6h] [7h]
MarinaReal: checks 
MCAS1994: checks 
*** RIVER *** [9d Qs 6h 7h] [7d]
MarinaReal: checks 
MCAS1994: checks 
*** SHOW DOWN ***
MarinaReal: shows [5s 5h] (two pair, Sevens and Fives)
MCAS1994: mucks hand 
MarinaReal collected $0.26 from pot
*** SUMMARY ***
Total pot $0.27 | Rake $0.01 
Board [9d Qs 6h 7h 7d]
Seat 1: Sticky514 folded before Flop (didn't bet)
Seat 2: BanneyB folded before Flop (didn't bet)
Seat 3: amataco1 folded before Flop (didn't bet)
Seat 4: ryhnoaaaa folded before Flop (didn't bet)
Seat 5: Dorex2007 folded before Flop (didn't bet)
Seat 6: MCAS1994 mucked [Ts Ad]
Seat 7: jeka211011 (button) folded before Flop (didn't bet)
Seat 8: Pancher_RUS64 (small blind) folded before Flop
Seat 9: MarinaReal (big blind) showed [5s 5h] and won ($0.26) with two pair, Sevens and Fives



PokerStars Hand #223784679488:  Hold'em No Limit ($0.01/$0.02 USD) - 2021/02/13 16:15:59 PT [2021/02/13 19:15:59 ET]
Table 'Alsatia II' 9-max Seat #8 is the button
Seat 1: Sticky514 ($5.28 in chips) 
Seat 2: BanneyB ($2.04 in chips) 
Seat 3: amataco1 ($1.16 in chips) 
Seat 4: ryhnoaaaa ($2.20 in chips) 
Seat 5: Dorex2007 ($1.79 in chips) 
Seat 6: MCAS1994 ($6.36 in chips) 
Seat 7: jeka211011 ($1.67 in chips) 
Seat 8: Pancher_RUS64 ($2.12 in chips) 
Seat 9: MarinaReal ($1.06 in chips) 
MarinaReal: posts small blind $0.01
Sticky514: posts big blind $0.02
*** HOLE CARDS ***
Dealt to Dorex2007 [3h 5c]
BanneyB: folds 
amataco1: folds 
ryhnoaaaa: calls $0.02
Dorex2007: folds 
MCAS1994: folds 
jeka211011: folds 
Pancher_RUS64: folds 
MarinaReal: calls $0.01
Sticky514: checks 
*** FLOP *** [4s 7h 2d]
MarinaReal: checks 
Sticky514: checks 
ryhnoaaaa: bets $0.06
MarinaReal: calls $0.06
Sticky514: calls $0.06
*** TURN *** [4s 7h 2d] [9s]
MarinaReal: checks 
Sticky514: checks 
ryhnoaaaa: bets $0.11
MarinaReal: folds 
Sticky514: folds 
Uncalled bet ($0.11) returned to ryhnoaaaa
ryhnoaaaa collected $0.23 from pot
ryhnoaaaa: doesn't show hand 
*** SUMMARY ***
Total pot $0.24 | Rake $0.01 
Board [4s 7h 2d 9s]
Seat 1: Sticky514 (big blind) folded on the Turn
Seat 2: BanneyB folded before Flop (didn't bet)
Seat 3: amataco1 folded before Flop (didn't bet)
Seat 4: ryhnoaaaa collected ($0.23)
Seat 5: Dorex2007 folded before Flop (didn't bet)
Seat 6: MCAS1994 folded before Flop (didn't bet)
Seat 7: jeka211011 folded before Flop (didn't bet)
Seat 8: Pancher_RUS64 (button) folded before Flop (didn't bet)
Seat 9: MarinaReal (small blind) folded on the Turn



PokerStars Hand #223784727529:  Hold'em No Limit ($0.01/$0.02 USD) - 2021/02/13 16:17:27 PT [2021/02/13 19:17:27 ET]
Table 'Alsatia II' 9-max Seat #9 is the button
Seat 1: Sticky514 ($5.20 in chips) 
Seat 2: BanneyB ($2.04 in chips) 
Seat 3: amataco1 ($1.16 in chips) 
Seat 4: ryhnoaaaa ($2.35 in chips) 
Seat 5: Dorex2007 ($1.79 in chips) 
Seat 6: MCAS1994 ($6.36 in chips) 
Seat 7: jeka211011 ($1.67 in chips) 
Seat 8: Pancher_RUS64 ($2.12 in chips) 
Seat 9: MarinaReal ($0.98 in chips) 
Sticky514: posts small blind $0.01
BanneyB: posts big blind $0.02
*** HOLE CARDS ***
Dealt to Dorex2007 [2s 5h]
amataco1: folds 
ryhnoaaaa: calls $0.02
Dorex2007: folds 
MCAS1994: folds 
jeka211011: calls $0.02
Pancher_RUS64: calls $0.02
MarinaReal: folds 
Sticky514: folds 
BanneyB: checks 
*** FLOP *** [Ah Kc 7h]
BanneyB: checks 
ryhnoaaaa: checks 
jeka211011: checks 
Pancher_RUS64: checks 
*** TURN *** [Ah Kc 7h] [Th]
BanneyB: checks 
ryhnoaaaa: checks 
jeka211011: checks 
Pancher_RUS64: checks 
*** RIVER *** [Ah Kc 7h Th] [8d]
BanneyB: checks 
ryhnoaaaa: bets $0.09
jeka211011: folds 
Pancher_RUS64: folds 
BanneyB: folds 
Uncalled bet ($0.09) returned to ryhnoaaaa
ryhnoaaaa collected $0.09 from pot
ryhnoaaaa: doesn't show hand 
*** SUMMARY ***
Total pot $0.09 | Rake $0 
Board [Ah Kc 7h Th 8d]
Seat 1: Sticky514 (small blind) folded before Flop
Seat 2: BanneyB (big blind) folded on the River
Seat 3: amataco1 folded before Flop (didn't bet)
Seat 4: ryhnoaaaa collected ($0.09)
Seat 5: Dorex2007 folded before Flop (didn't bet)
Seat 6: MCAS1994 folded before Flop (didn't bet)
Seat 7: jeka211011 folded on the River
Seat 8: Pancher_RUS64 folded on the River
Seat 9: MarinaReal (button) folded before Flop (didn't bet)



PokerStars Hand #223784760054:  Hold'em No Limit ($0.01/$0.02 USD) - 2021/02/13 16:18:27 PT [2021/02/13 19:18:27 ET]
Table 'Alsatia II' 9-max Seat #1 is the button
Seat 1: Sticky514 ($5.19 in chips) 
Seat 2: BanneyB ($2.02 in chips) 
Seat 3: amataco1 ($1.16 in chips) 
Seat 4: ryhnoaaaa ($2.42 in chips) 
Seat 5: Dorex2007 ($1.79 in chips) 
Seat 6: MCAS1994 ($6.36 in chips) 
Seat 7: jeka211011 ($1.65 in chips) 
Seat 8: Pancher_RUS64 ($2.10 in chips) 
Seat 9: MarinaReal ($0.98 in chips) 
BanneyB: posts small blind $0.01
amataco1: posts big blind $0.02
*** HOLE CARDS ***
Dealt to Dorex2007 [6h Ad]
ryhnoaaaa: calls $0.02
Dorex2007: folds 
MCAS1994: raises $0.04 to $0.06
jeka211011: raises $0.06 to $0.12
Pancher_RUS64: folds 
MarinaReal: folds 
Sticky514: folds 
BanneyB: folds 
amataco1: folds 
ryhnoaaaa: folds 
MCAS1994: folds 
Uncalled bet ($0.06) returned to jeka211011
jeka211011 collected $0.17 from pot
jeka211011: doesn't show hand 
*** SUMMARY ***
Total pot $0.17 | Rake $0 
Seat 1: Sticky514 (button) folded before Flop (didn't bet)
Seat 2: BanneyB (small blind) folded before Flop
Seat 3: amataco1 (big blind) folded before Flop
Seat 4: ryhnoaaaa folded before Flop
Seat 5: Dorex2007 folded before Flop (didn't bet)
Seat 6: MCAS1994 folded before Flop
Seat 7: jeka211011 collected ($0.17)
Seat 8: Pancher_RUS64 folded before Flop (didn't bet)
Seat 9: MarinaReal folded before Flop (didn't bet)



PokerStars Hand #223784777192:  Hold'em No Limit ($0.01/$0.02 USD) - 2021/02/13 16:18:59 PT [2021/02/13 19:18:59 ET]
Table 'Alsatia II' 9-max Seat #2 is the button
Seat 1: Sticky514 ($5.19 in chips) 
Seat 2: BanneyB ($2.01 in chips) 
Seat 3: amataco1 ($1.14 in chips) 
Seat 4: ryhnoaaaa ($2.40 in chips) 
Seat 5: Dorex2007 ($1.79 in chips) 
Seat 6: MCAS1994 ($6.30 in chips) 
Seat 7: jeka211011 ($1.76 in chips) 
Seat 8: Pancher_RUS64 ($2.10 in chips) 
Seat 9: MarinaReal ($0.98 in chips) 
amataco1: posts small blind $0.01
ryhnoaaaa: posts big blind $0.02
*** HOLE CARDS ***
Dealt to Dorex2007 [6c 3h]
Dorex2007: folds 
MCAS1994: folds 
jeka211011: raises $0.04 to $0.06
Pancher_RUS64: calls $0.06
MarinaReal: folds 
Sticky514: folds 
BanneyB: folds 
amataco1: folds 
ryhnoaaaa: folds 
*** FLOP *** [Ts 7d 2s]
jeka211011: bets $0.09
Pancher_RUS64: raises $0.11 to $0.20
jeka211011: calls $0.11
*** TURN *** [Ts 7d 2s] [4c]
jeka211011: checks 
Pancher_RUS64: bets $0.27
jeka211011: calls $0.27
*** RIVER *** [Ts 7d 2s 4c] [Ks]
jeka211011: checks 
Pancher_RUS64: checks 
*** SHOW DOWN ***
jeka211011: shows [As 8s] (a flush, Ace high)
Pancher_RUS64: mucks hand 
jeka211011 collected $1.05 from pot
*** SUMMARY ***
Total pot $1.09 | Rake $0.04 
Board [Ts 7d 2s 4c Ks]
Seat 1: Sticky514 folded before Flop (didn't bet)
Seat 2: BanneyB (button) folded before Flop (didn't bet)
Seat 3: amataco1 (small blind) folded before Flop
Seat 4: ryhnoaaaa (big blind) folded before Flop
Seat 5: Dorex2007 folded before Flop (didn't bet)
Seat 6: MCAS1994 folded before Flop (didn't bet)
Seat 7: jeka211011 showed [As 8s] and won ($1.05) with a flush, Ace high
Seat 8: Pancher_RUS64 mucked [Ah Qc]
Seat 9: MarinaReal folded before Flop (didn't bet)



PokerStars Hand #223784808470:  Hold'em No Limit ($0.01/$0.02 USD) - 2021/02/13 16:19:58 PT [2021/02/13 19:19:58 ET]
Table 'Alsatia II' 9-max Seat #3 is the button
Seat 1: Sticky514 ($5.19 in chips) 
Seat 2: BanneyB ($2.01 in chips) 
Seat 3: amataco1 ($1.13 in chips) 
Seat 4: ryhnoaaaa ($2.38 in chips) 
Seat 5: Dorex2007 ($1.79 in chips) 
Seat 6: MCAS1994 ($6.30 in chips) 
Seat 7: jeka211011 ($2.28 in chips) 
Seat 8: Pancher_RUS64 ($1.57 in chips) 
Seat 9: MarinaReal ($0.98 in chips) 
ryhnoaaaa: posts small blind $0.01
Dorex2007: posts big blind $0.02
*** HOLE CARDS ***
Dealt to Dorex2007 [Qd 6d]
MCAS1994: folds 
jeka211011: folds 
Pancher_RUS64: folds 
MarinaReal: folds 
Sticky514: folds 
BanneyB: folds 
amataco1: folds 
ryhnoaaaa: folds 
Uncalled bet ($0.01) returned to Dorex2007
Dorex2007 collected $0.02 from pot
Dorex2007: doesn't show hand 
*** SUMMARY ***
Total pot $0.02 | Rake $0 
Seat 1: Sticky514 folded before Flop (didn't bet)
Seat 2: BanneyB folded before Flop (didn't bet)
Seat 3: amataco1 (button) folded before Flop (didn't bet)
Seat 4: ryhnoaaaa (small blind) folded before Flop
Seat 5: Dorex2007 (big blind) collected ($0.02)
Seat 6: MCAS1994 folded before Flop (didn't bet)
Seat 7: jeka211011 folded before Flop (didn't bet)
Seat 8: Pancher_RUS64 folded before Flop (didn't bet)
Seat 9: MarinaReal folded before Flop (didn't bet)



PokerStars Hand #223784820077:  Hold'em No Limit ($0.01/$0.02 USD) - 2021/02/13 16:20:20 PT [2021/02/13 19:20:20 ET]
Table 'Alsatia II' 9-max Seat #4 is the button
Seat 1: Sticky514 ($5.19 in chips) 
Seat 2: BanneyB ($2.01 in chips) 
Seat 3: amataco1 ($1.13 in chips) 
Seat 4: ryhnoaaaa ($2.37 in chips) 
Seat 5: Dorex2007 ($1.80 in chips) 
Seat 6: MCAS1994 ($6.30 in chips) 
Seat 7: jeka211011 ($2.28 in chips) 
Seat 8: Pancher_RUS64 ($1.57 in chips) 
Seat 9: MarinaReal ($0.98 in chips) 
Dorex2007: posts small blind $0.01
MCAS1994: posts big blind $0.02
*** HOLE CARDS ***
Dealt to Dorex2007 [9c Jd]
jeka211011: folds 
Pancher_RUS64: folds 
MarinaReal: folds 
Sticky514: calls $0.02
BanneyB: folds 
amataco1: folds 
ryhnoaaaa: folds 
Dorex2007: calls $0.01
MCAS1994: checks 
*** FLOP *** [4h As Kd]
Dorex2007: checks 
MCAS1994: checks 
Sticky514: checks 
*** TURN *** [4h As Kd] [2s]
Dorex2007: bets $0.06
MCAS1994: folds 
Sticky514: folds 
Uncalled bet ($0.06) returned to Dorex2007
Dorex2007 collected $0.06 from pot
Dorex2007: doesn't show hand 
*** SUMMARY ***
Total pot $0.06 | Rake $0 
Board [4h As Kd 2s]
Seat 1: Sticky514 folded on the Turn
Seat 2: BanneyB folded before Flop (didn't bet)
Seat 3: amataco1 folded before Flop (didn't bet)
Seat 4: ryhnoaaaa (button) folded before Flop (didn't bet)
Seat 5: Dorex2007 (small blind) collected ($0.06)
Seat 6: MCAS1994 (big blind) folded on the Turn
Seat 7: jeka211011 folded before Flop (didn't bet)
Seat 8: Pancher_RUS64 folded before Flop (didn't bet)
Seat 9: MarinaReal folded before Flop (didn't bet)



PokerStars Hand #223784840377:  Hold'em No Limit ($0.01/$0.02 USD) - 2021/02/13 16:20:58 PT [2021/02/13 19:20:58 ET]
Table 'Alsatia II' 9-max Seat #5 is the button
Seat 1: Sticky514 ($5.17 in chips) 
Seat 2: BanneyB ($2.01 in chips) 
Seat 3: amataco1 ($1.13 in chips) 
Seat 4: ryhnoaaaa ($2.37 in chips) 
Seat 5: Dorex2007 ($1.84 in chips) 
Seat 6: MCAS1994 ($6.28 in chips) 
Seat 7: jeka211011 ($2.28 in chips) 
Seat 8: Pancher_RUS64 ($2 in chips) 
Seat 9: MarinaReal ($0.98 in chips) 
MCAS1994: posts small blind $0.01
jeka211011: posts big blind $0.02
*** HOLE CARDS ***
Dealt to Dorex2007 [2c 6h]
Pancher_RUS64: raises $0.04 to $0.06
MarinaReal: folds 
Sticky514: folds 
BanneyB: folds 
amataco1: folds 
ryhnoaaaa: calls $0.06
Dorex2007: folds 
MCAS1994: raises $0.20 to $0.26
jeka211011: folds 
Pancher_RUS64: folds 
ryhnoaaaa: calls $0.20
*** FLOP *** [6c 9h 4d]
MCAS1994: bets $0.20
ryhnoaaaa: folds 
Uncalled bet ($0.20) returned to MCAS1994
MCAS1994 collected $0.58 from pot
MCAS1994: doesn't show hand 
*** SUMMARY ***
Total pot $0.60 | Rake $0.02 
Board [6c 9h 4d]
Seat 1: Sticky514 folded before Flop (didn't bet)
Seat 2: BanneyB folded before Flop (didn't bet)
Seat 3: amataco1 folded before Flop (didn't bet)
Seat 4: ryhnoaaaa folded on the Flop
Seat 5: Dorex2007 (button) folded before Flop (didn't bet)
Seat 6: MCAS1994 (small blind) collected ($0.58)
Seat 7: jeka211011 (big blind) folded before Flop
Seat 8: Pancher_RUS64 folded before Flop
Seat 9: MarinaReal folded before Flop (didn't bet)



PokerStars Hand #223784864114:  Hold'em No Limit ($0.01/$0.02 USD) - 2021/02/13 16:21:43 PT [2021/02/13 19:21:43 ET]
Table 'Alsatia II' 9-max Seat #6 is the button
Seat 1: Sticky514 ($5.17 in chips) 
Seat 2: BanneyB ($2.01 in chips) 
Seat 3: amataco1 ($1.13 in chips) 
Seat 4: ryhnoaaaa ($2.11 in chips) 
Seat 5: Dorex2007 ($1.84 in chips) 
Seat 6: MCAS1994 ($6.60 in chips) 
Seat 7: jeka211011 ($2.26 in chips) 
Seat 8: Pancher_RUS64 ($1.94 in chips) 
Seat 9: MarinaReal ($0.98 in chips) 
jeka211011: posts small blind $0.01
Pancher_RUS64: posts big blind $0.02
*** HOLE CARDS ***
Dealt to Dorex2007 [7d 6d]
MarinaReal: folds 
Sticky514: folds 
BanneyB: folds 
amataco1: folds 
ryhnoaaaa: calls $0.02
Dorex2007: calls $0.02
MCAS1994: raises $0.09 to $0.11
jeka211011: folds 
Pancher_RUS64: folds 
ryhnoaaaa: folds 
Dorex2007: folds 
Uncalled bet ($0.09) returned to MCAS1994
MCAS1994 collected $0.09 from pot
MCAS1994: doesn't show hand 
*** SUMMARY ***
Total pot $0.09 | Rake $0 
Seat 1: Sticky514 folded before Flop (didn't bet)
Seat 2: BanneyB folded before Flop (didn't bet)
Seat 3: amataco1 folded before Flop (didn't bet)
Seat 4: ryhnoaaaa folded before Flop
Seat 5: Dorex2007 folded before Flop
Seat 6: MCAS1994 (button) collected ($0.09)
Seat 7: jeka211011 (small blind) folded before Flop
Seat 8: Pancher_RUS64 (big blind) folded before Flop
Seat 9: MarinaReal folded before Flop (didn't bet)



PokerStars Hand #223784880306:  Hold'em No Limit ($0.01/$0.02 USD) - 2021/02/13 16:22:14 PT [2021/02/13 19:22:14 ET]
Table 'Alsatia II' 9-max Seat #7 is the button
Seat 1: Sticky514 ($5.17 in chips) 
Seat 2: BanneyB ($2.01 in chips) 
Seat 3: amataco1 ($1.13 in chips) 
Seat 4: ryhnoaaaa ($2.09 in chips) 
Seat 5: Dorex2007 ($1.82 in chips) 
Seat 6: MCAS1994 ($6.67 in chips) 
Seat 7: jeka211011 ($2.25 in chips) 
Seat 8: Pancher_RUS64 ($1.92 in chips) 
Seat 9: MarinaReal ($0.98 in chips) 
Pancher_RUS64: posts small blind $0.01
MarinaReal: posts big blind $0.02
*** HOLE CARDS ***
Dealt to Dorex2007 [As Jh]
Sticky514: folds 
BanneyB: folds 
amataco1: folds 
ryhnoaaaa: folds 
Dorex2007: raises $0.06 to $0.08
MCAS1994: calls $0.08
jeka211011: calls $0.08
Pancher_RUS64: folds 
MarinaReal: folds 
*** FLOP *** [2s Td Qc]
Dorex2007: bets $0.13
MCAS1994: folds 
jeka211011: folds 
Uncalled bet ($0.13) returned to Dorex2007
Dorex2007 collected $0.26 from pot
Dorex2007: doesn't show hand 
*** SUMMARY ***
Total pot $0.27 | Rake $0.01 
Board [2s Td Qc]
Seat 1: Sticky514 folded before Flop (didn't bet)
Seat 2: BanneyB folded before Flop (didn't bet)
Seat 3: amataco1 folded before Flop (didn't bet)
Seat 4: ryhnoaaaa folded before Flop (didn't bet)
Seat 5: Dorex2007 collected ($0.26)
Seat 6: MCAS1994 folded on the Flop
Seat 7: jeka211011 (button) folded on the Flop
Seat 8: Pancher_RUS64 (small blind) folded before Flop
Seat 9: MarinaReal (big blind) folded before Flop



PokerStars Hand #223784916092:  Hold'em No Limit ($0.01/$0.02 USD) - 2021/02/13 16:22:58 PT [2021/02/13 19:22:58 ET]
Table 'Alsatia II' 9-max Seat #8 is the button
Seat 1: Sticky514 ($5.17 in chips) 
Seat 2: BanneyB ($2.01 in chips) 
Seat 3: amataco1 ($1.13 in chips) 
Seat 4: ryhnoaaaa ($2.09 in chips) 
Seat 5: Dorex2007 ($2 in chips) 
Seat 6: MCAS1994 ($6.59 in chips) 
Seat 7: jeka211011 ($2.17 in chips) 
Seat 8: Pancher_RUS64 ($1.91 in chips) 
Seat 9: MarinaReal ($0.96 in chips) 
MarinaReal: posts small blind $0.01
Sticky514: posts big blind $0.02
*** HOLE CARDS ***
Dealt to Dorex2007 [Qc 9c]
BanneyB: folds 
amataco1: folds 
ryhnoaaaa: calls $0.02
Dorex2007: calls $0.02
MCAS1994: folds 
jeka211011: calls $0.02
Pancher_RUS64: folds 
MarinaReal: folds 
Sticky514: checks 
*** FLOP *** [3c 2s 4h]
Sticky514: checks 
ryhnoaaaa: checks 
Dorex2007: checks 
jeka211011: checks 
*** TURN *** [3c 2s 4h] [5h]
Sticky514: checks 
ryhnoaaaa: bets $0.04
Dorex2007: folds 
jeka211011: folds 
Sticky514: folds 
Uncalled bet ($0.04) returned to ryhnoaaaa
ryhnoaaaa collected $0.09 from pot
ryhnoaaaa: doesn't show hand 
*** SUMMARY ***
Total pot $0.09 | Rake $0 
Board [3c 2s 4h 5h]
Seat 1: Sticky514 (big blind) folded on the Turn
Seat 2: BanneyB folded before Flop (didn't bet)
Seat 3: amataco1 folded before Flop (didn't bet)
Seat 4: ryhnoaaaa collected ($0.09)
Seat 5: Dorex2007 folded on the Turn
Seat 6: MCAS1994 folded before Flop (didn't bet)
Seat 7: jeka211011 folded on the Turn
Seat 8: Pancher_RUS64 (button) folded before Flop (didn't bet)
Seat 9: MarinaReal (small blind) folded before Flop



PokerStars Hand #223784952483:  Hold'em No Limit ($0.01/$0.02 USD) - 2021/02/13 16:24:08 PT [2021/02/13 19:24:08 ET]
Table 'Alsatia II' 9-max Seat #9 is the button
Seat 1: Sticky514 ($5.15 in chips) 
Seat 2: BanneyB ($2.01 in chips) 
Seat 3: amataco1 ($1.13 in chips) 
Seat 4: ryhnoaaaa ($2.16 in chips) 
Seat 5: Dorex2007 ($1.98 in chips) 
Seat 6: MCAS1994 ($6.59 in chips) 
Seat 7: jeka211011 ($2.15 in chips) 
Seat 8: Pancher_RUS64 ($1.91 in chips) 
Seat 9: MarinaReal ($0.95 in chips) 
Sticky514: posts small blind $0.01
BanneyB: posts big blind $0.02
*** HOLE CARDS ***
Dealt to Dorex2007 [Jh 6d]
amataco1: folds 
ryhnoaaaa: calls $0.02
Dorex2007: folds 
MCAS1994: folds 
jeka211011: raises $0.04 to $0.06
Pancher_RUS64: folds 
MarinaReal: folds 
Sticky514: folds 
BanneyB: folds 
ryhnoaaaa: calls $0.04
*** FLOP *** [8s Th 4s]
ryhnoaaaa: checks 
jeka211011: bets $0.09
ryhnoaaaa: folds 
Uncalled bet ($0.09) returned to jeka211011
jeka211011 collected $0.14 from pot
jeka211011: doesn't show hand 
*** SUMMARY ***
Total pot $0.15 | Rake $0.01 
Board [8s Th 4s]
Seat 1: Sticky514 (small blind) folded before Flop
Seat 2: BanneyB (big blind) folded before Flop
Seat 3: amataco1 folded before Flop (didn't bet)
Seat 4: ryhnoaaaa folded on the Flop
Seat 5: Dorex2007 folded before Flop (didn't bet)
Seat 6: MCAS1994 folded before Flop (didn't bet)
Seat 7: jeka211011 collected ($0.14)
Seat 8: Pancher_RUS64 folded before Flop (didn't bet)
Seat 9: MarinaReal (button) folded before Flop (didn't bet)



PokerStars Hand #223784974163:  Hold'em No Limit ($0.01/$0.02 USD) - 2021/02/13 16:24:49 PT [2021/02/13 19:24:49 ET]
Table 'Alsatia II' 9-max Seat #1 is the button
Seat 1: Sticky514 ($5.14 in chips) 
Seat 2: BanneyB ($1.99 in chips) 
Seat 3: amataco1 ($1.13 in chips) 
Seat 4: ryhnoaaaa ($2.10 in chips) 
Seat 5: Dorex2007 ($1.98 in chips) 
Seat 6: MCAS1994 ($6.59 in chips) 
Seat 7: jeka211011 ($2.23 in chips) 
Seat 8: Pancher_RUS64 ($1.91 in chips) 
Seat 9: MarinaReal ($0.95 in chips) 
BanneyB: posts small blind $0.01
amataco1: posts big blind $0.02
*** HOLE CARDS ***
Dealt to Dorex2007 [Tc Kh]
ryhnoaaaa: folds 
Dorex2007: calls $0.02
MCAS1994: raises $0.07 to $0.09
jeka211011: folds 
Pancher_RUS64: folds 
MarinaReal: folds 
Sticky514: calls $0.09
BanneyB: folds 
amataco1: folds 
Dorex2007: folds 
*** FLOP *** [Kd 9s 7s]
MCAS1994: checks 
Sticky514: checks 
*** TURN *** [Kd 9s 7s] [5c]
MCAS1994: bets $0.11
Sticky514: folds 
Uncalled bet ($0.11) returned to MCAS1994
MCAS1994 collected $0.22 from pot
MCAS1994: doesn't show hand 
*** SUMMARY ***
Total pot $0.23 | Rake $0.01 
Board [Kd 9s 7s 5c]
Seat 1: Sticky514 (button) folded on the Turn
Seat 2: BanneyB (small blind) folded before Flop
Seat 3: amataco1 (big blind) folded before Flop
Seat 4: ryhnoaaaa folded before Flop (didn't bet)
Seat 5: Dorex2007 folded before Flop
Seat 6: MCAS1994 collected ($0.22)
Seat 7: jeka211011 folded before Flop (didn't bet)
Seat 8: Pancher_RUS64 folded before Flop (didn't bet)
Seat 9: MarinaReal folded before Flop (didn't bet)



PokerStars Hand #223785000814:  Hold'em No Limit ($0.01/$0.02 USD) - 2021/02/13 16:25:41 PT [2021/02/13 19:25:41 ET]
Table 'Alsatia II' 9-max Seat #2 is the button
Seat 1: Sticky514 ($5.05 in chips) 
Seat 2: BanneyB ($1.98 in chips) 
Seat 3: amataco1 ($1.11 in chips) 
Seat 4: ryhnoaaaa ($2.10 in chips) 
Seat 5: Dorex2007 ($1.96 in chips) 
Seat 6: MCAS1994 ($6.72 in chips) 
Seat 7: jeka211011 ($2.23 in chips) 
Seat 8: Pancher_RUS64 ($1.91 in chips) 
Seat 9: MarinaReal ($0.95 in chips) 
amataco1: posts small blind $0.01
ryhnoaaaa: posts big blind $0.02
*** HOLE CARDS ***
Dealt to Dorex2007 [Ts Jd]
Dorex2007: folds 
MCAS1994: raises $0.04 to $0.06
jeka211011: folds 
Pancher_RUS64: folds 
MarinaReal: folds 
Sticky514: folds 
BanneyB: folds 
amataco1: folds 
ryhnoaaaa: folds 
Uncalled bet ($0.04) returned to MCAS1994
MCAS1994 collected $0.05 from pot
MCAS1994: doesn't show hand 
*** SUMMARY ***
Total pot $0.05 | Rake $0 
Seat 1: Sticky514 folded before Flop (didn't bet)
Seat 2: BanneyB (button) folded before Flop (didn't bet)
Seat 3: amataco1 (small blind) folded before Flop
Seat 4: ryhnoaaaa (big blind) folded before Flop
Seat 5: Dorex2007 folded before Flop (didn't bet)
Seat 6: MCAS1994 collected ($0.05)
Seat 7: jeka211011 folded before Flop (didn't bet)
Seat 8: Pancher_RUS64 folded before Flop (didn't bet)
Seat 9: MarinaReal folded before Flop (didn't bet)



PokerStars Hand #223785010157:  Hold'em No Limit ($0.01/$0.02 USD) - 2021/02/13 16:25:59 PT [2021/02/13 19:25:59 ET]
Table 'Alsatia II' 9-max Seat #3 is the button
Seat 1: Sticky514 ($5.05 in chips) 
Seat 2: BanneyB ($1.98 in chips) 
Seat 3: amataco1 ($1.10 in chips) 
Seat 4: ryhnoaaaa ($2.08 in chips) 
Seat 5: Dorex2007 ($1.96 in chips) 
Seat 6: MCAS1994 ($6.75 in chips) 
Seat 7: jeka211011 ($2.23 in chips) 
Seat 8: Pancher_RUS64 ($1.91 in chips) 
Seat 9: MarinaReal ($0.95 in chips) 
ryhnoaaaa: posts small blind $0.01
Dorex2007: posts big blind $0.02
*** HOLE CARDS ***
Dealt to Dorex2007 [6h 2h]
MCAS1994: folds 
jeka211011: folds 
Pancher_RUS64: folds 
MarinaReal: raises $0.04 to $0.06
Sticky514: raises $0.04 to $0.10
BanneyB: folds 
amataco1: folds 
ryhnoaaaa: folds 
Dorex2007: folds 
MarinaReal: calls $0.04
*** FLOP *** [Qs 4h Qh]
MarinaReal: checks 
Sticky514: bets $0.11
MarinaReal: folds 
Uncalled bet ($0.11) returned to Sticky514
Sticky514 collected $0.22 from pot
Sticky514: doesn't show hand 
*** SUMMARY ***
Total pot $0.23 | Rake $0.01 
Board [Qs 4h Qh]
Seat 1: Sticky514 collected ($0.22)
Seat 2: BanneyB folded before Flop (didn't bet)
Seat 3: amataco1 (button) folded before Flop (didn't bet)
Seat 4: ryhnoaaaa (small blind) folded before Flop
Seat 5: Dorex2007 (big blind) folded before Flop
Seat 6: MCAS1994 folded before Flop (didn't bet)
Seat 7: jeka211011 folded before Flop (didn't bet)
Seat 8: Pancher_RUS64 folded before Flop (didn't bet)
Seat 9: MarinaReal folded on the Flop



PokerStars Hand #223785030626:  Hold'em No Limit ($0.01/$0.02 USD) - 2021/02/13 16:26:39 PT [2021/02/13 19:26:39 ET]
Table 'Alsatia II' 9-max Seat #4 is the button
Seat 1: Sticky514 ($5.17 in chips) 
Seat 2: BanneyB ($1.98 in chips) 
Seat 3: amataco1 ($1.10 in chips) 
Seat 4: ryhnoaaaa ($2.07 in chips) 
Seat 5: Dorex2007 ($1.94 in chips) 
Seat 6: MCAS1994 ($6.75 in chips) 
Seat 7: jeka211011 ($2.23 in chips) 
Seat 8: Pancher_RUS64 ($1.91 in chips) 
Seat 9: MarinaReal ($0.85 in chips) 
Dorex2007: posts small blind $0.01
MCAS1994: posts big blind $0.02
*** HOLE CARDS ***
Dealt to Dorex2007 [6d Kc]
jeka211011: folds 
Pancher_RUS64: raises $0.04 to $0.06
MarinaReal: folds 
Sticky514: folds 
BanneyB: folds 
amataco1: folds 
ryhnoaaaa: folds 
Dorex2007: folds 
MCAS1994: raises $0.13 to $0.19
Pancher_RUS64: calls $0.13
*** FLOP *** [9h 4c 3d]
MCAS1994: bets $0.16
Pancher_RUS64: folds 
Uncalled bet ($0.16) returned to MCAS1994
MCAS1994 collected $0.38 from pot
MCAS1994: doesn't show hand 
*** SUMMARY ***
Total pot $0.39 | Rake $0.01 
Board [9h 4c 3d]
Seat 1: Sticky514 folded before Flop (didn't bet)
Seat 2: BanneyB folded before Flop (didn't bet)
Seat 3: amataco1 folded before Flop (didn't bet)
Seat 4: ryhnoaaaa (button) folded before Flop (didn't bet)
Seat 5: Dorex2007 (small blind) folded before Flop
Seat 6: MCAS1994 (big blind) collected ($0.38)
Seat 7: jeka211011 folded before Flop (didn't bet)
Seat 8: Pancher_RUS64 folded on the Flop
Seat 9: MarinaReal folded before Flop (didn't bet)



PokerStars Hand #223785052265:  Hold'em No Limit ($0.01/$0.02 USD) - 2021/02/13 16:27:21 PT [2021/02/13 19:27:21 ET]
Table 'Alsatia II' 9-max Seat #5 is the button
Seat 1: Sticky514 ($5.17 in chips) 
Seat 2: BanneyB ($1.98 in chips) 
Seat 3: amataco1 ($1.10 in chips) 
Seat 4: ryhnoaaaa ($2.07 in chips) 
Seat 5: Dorex2007 ($1.93 in chips) 
Seat 6: MCAS1994 ($6.94 in chips) 
Seat 7: jeka211011 ($2.23 in chips) 
Seat 8: Pancher_RUS64 ($1.72 in chips) 
Seat 9: MarinaReal ($0.85 in chips) 
MCAS1994: posts small blind $0.01
jeka211011: posts big blind $0.02
*** HOLE CARDS ***
Dealt to Dorex2007 [5h Kh]
Pancher_RUS64: folds 
MarinaReal: raises $0.04 to $0.06
Sticky514: calls $0.06
BanneyB: folds 
amataco1: folds 
ryhnoaaaa: folds 
Dorex2007: folds 
MCAS1994: calls $0.05
jeka211011: folds 
*** FLOP *** [5s 2h 7h]
MCAS1994: checks 
MarinaReal: checks 
Sticky514: bets $0.07
MCAS1994: calls $0.07
MarinaReal: folds 
*** TURN *** [5s 2h 7h] [9c]
MCAS1994: checks 
Sticky514: bets $0.16
MCAS1994: calls $0.16
*** RIVER *** [5s 2h 7h 9c] [4s]
MCAS1994: checks 
Sticky514: checks 
*** SHOW DOWN ***
MCAS1994: shows [6h Th] (high card Ten)
Sticky514: shows [7d As] (a pair of Sevens)
Sticky514 collected $0.64 from pot
*** SUMMARY ***
Total pot $0.66 | Rake $0.02 
Board [5s 2h 7h 9c 4s]
Seat 1: Sticky514 showed [7d As] and won ($0.64) with a pair of Sevens
Seat 2: BanneyB folded before Flop (didn't bet)
Seat 3: amataco1 folded before Flop (didn't bet)
Seat 4: ryhnoaaaa folded before Flop (didn't bet)
Seat 5: Dorex2007 (button) folded before Flop (didn't bet)
Seat 6: MCAS1994 (small blind) showed [6h Th] and lost with high card Ten
Seat 7: jeka211011 (big blind) folded before Flop
Seat 8: Pancher_RUS64 folded before Flop (didn't bet)
Seat 9: MarinaReal folded on the Flop



PokerStars Hand #223785084880:  Hold'em No Limit ($0.01/$0.02 USD) - 2021/02/13 16:28:25 PT [2021/02/13 19:28:25 ET]
Table 'Alsatia II' 9-max Seat #6 is the button
Seat 1: Sticky514 ($5.52 in chips) 
Seat 2: BanneyB ($1.98 in chips) 
Seat 3: amataco1 ($1.10 in chips) 
Seat 4: ryhnoaaaa ($2.07 in chips) 
Seat 5: Dorex2007 ($1.93 in chips) 
Seat 6: MCAS1994 ($6.65 in chips) 
Seat 7: jeka211011 ($2.21 in chips) 
Seat 8: Pancher_RUS64 ($2 in chips) 
Seat 9: MarinaReal ($0.79 in chips) 
jeka211011: posts small blind $0.01
Pancher_RUS64: posts big blind $0.02
*** HOLE CARDS ***
Dealt to Dorex2007 [Th Ks]
MarinaReal: folds 
Sticky514: folds 
BanneyB: folds 
amataco1: folds 
ryhnoaaaa: folds 
Dorex2007: raises $0.04 to $0.06
MCAS1994: calls $0.06
jeka211011: calls $0.05
Pancher_RUS64: folds 
*** FLOP *** [Qd 4s 2d]
jeka211011: checks 
Dorex2007: bets $0.10
MCAS1994: folds 
jeka211011: calls $0.10
*** TURN *** [Qd 4s 2d] [6h]
jeka211011: checks 
Dorex2007: bets $0.39
jeka211011: folds 
Uncalled bet ($0.39) returned to Dorex2007
Dorex2007 collected $0.39 from pot
Dorex2007: doesn't show hand 
*** SUMMARY ***
Total pot $0.40 | Rake $0.01 
Board [Qd 4s 2d 6h]
Seat 1: Sticky514 folded before Flop (didn't bet)
Seat 2: BanneyB folded before Flop (didn't bet)
Seat 3: amataco1 folded before Flop (didn't bet)
Seat 4: ryhnoaaaa folded before Flop (didn't bet)
Seat 5: Dorex2007 collected ($0.39)
Seat 6: MCAS1994 (button) folded on the Flop
Seat 7: jeka211011 (small blind) folded on the Turn
Seat 8: Pancher_RUS64 (big blind) folded before Flop
Seat 9: MarinaReal folded before Flop (didn't bet)



PokerStars Hand #223785121834:  Hold'em No Limit ($0.01/$0.02 USD) - 2021/02/13 16:29:07 PT [2021/02/13 19:29:07 ET]
Table 'Alsatia II' 9-max Seat #7 is the button
Seat 1: Sticky514 ($5.52 in chips) 
Seat 2: BanneyB ($1.98 in chips) 
Seat 3: amataco1 ($1.10 in chips) 
Seat 4: ryhnoaaaa ($2.07 in chips) 
Seat 5: Dorex2007 ($2.16 in chips) 
Seat 6: MCAS1994 ($6.59 in chips) 
Seat 7: jeka211011 ($2.05 in chips) 
Seat 8: Pancher_RUS64 ($1.98 in chips) 
Seat 9: MarinaReal ($0.79 in chips) 
Pancher_RUS64: posts small blind $0.01
MarinaReal: posts big blind $0.02
*** HOLE CARDS ***
Dealt to Dorex2007 [7c Qc]
Sticky514: folds 
BanneyB: folds 
amataco1: folds 
ryhnoaaaa: calls $0.02
Dorex2007: folds 
MCAS1994: raises $0.07 to $0.09
jeka211011: folds 
Pancher_RUS64: folds 
MarinaReal: folds 
ryhnoaaaa: calls $0.07
*** FLOP *** [8d Jd Td]
ryhnoaaaa: bets $0.10
MCAS1994: folds 
Uncalled bet ($0.10) returned to ryhnoaaaa
ryhnoaaaa collected $0.20 from pot
ryhnoaaaa: doesn't show hand 
*** SUMMARY ***
Total pot $0.21 | Rake $0.01 
Board [8d Jd Td]
Seat 1: Sticky514 folded before Flop (didn't bet)
Seat 2: BanneyB folded before Flop (didn't bet)
Seat 3: amataco1 folded before Flop (didn't bet)
Seat 4: ryhnoaaaa collected ($0.20)
Seat 5: Dorex2007 folded before Flop (didn't bet)
Seat 6: MCAS1994 folded on the Flop
Seat 7: jeka211011 (button) folded before Flop (didn't bet)
Seat 8: Pancher_RUS64 (small blind) folded before Flop
Seat 9: MarinaReal (big blind) folded before Flop



PokerStars Hand #223785141309:  Hold'em No Limit ($0.01/$0.02 USD) - 2021/02/13 16:29:45 PT [2021/02/13 19:29:45 ET]
Table 'Alsatia II' 9-max Seat #8 is the button
Seat 1: Sticky514 ($5.52 in chips) 
Seat 2: BanneyB ($1.98 in chips) 
Seat 3: amataco1 ($1.10 in chips) 
Seat 4: ryhnoaaaa ($2.18 in chips) 
Seat 5: Dorex2007 ($2.16 in chips) 
Seat 6: MCAS1994 ($6.50 in chips) 
Seat 7: jeka211011 ($2.05 in chips) 
Seat 8: Pancher_RUS64 ($1.97 in chips) 
Seat 9: MarinaReal ($0.77 in chips) 
MarinaReal: posts small blind $0.01
Sticky514: posts big blind $0.02
*** HOLE CARDS ***
Dealt to Dorex2007 [3h 8h]
BanneyB: folds 
amataco1: folds 
ryhnoaaaa: folds 
Dorex2007: folds 
MCAS1994: raises $0.04 to $0.06
jeka211011: folds 
Pancher_RUS64: calls $0.06
MarinaReal: folds 
Sticky514: folds 
*** FLOP *** [6c Tc 7h]
MCAS1994: checks 
Pancher_RUS64: checks 
*** TURN *** [6c Tc 7h] [Jh]
MCAS1994: bets $0.07
Pancher_RUS64: folds 
Uncalled bet ($0.07) returned to MCAS1994
MCAS1994 collected $0.14 from pot
MCAS1994: doesn't show hand 
*** SUMMARY ***
Total pot $0.15 | Rake $0.01 
Board [6c Tc 7h Jh]
Seat 1: Sticky514 (big blind) folded before Flop
Seat 2: BanneyB folded before Flop (didn't bet)
Seat 3: amataco1 folded before Flop (didn't bet)
Seat 4: ryhnoaaaa folded before Flop (didn't bet)
Seat 5: Dorex2007 folded before Flop (didn't bet)
Seat 6: MCAS1994 collected ($0.14)
Seat 7: jeka211011 folded before Flop (didn't bet)
Seat 8: Pancher_RUS64 (button) folded on the Turn
Seat 9: MarinaReal (small blind) folded before Flop



PokerStars Hand #223785161246:  Hold'em No Limit ($0.01/$0.02 USD) - 2021/02/13 16:30:23 PT [2021/02/13 19:30:23 ET]
Table 'Alsatia II' 9-max Seat #9 is the button
Seat 1: Sticky514 ($5.50 in chips) 
Seat 2: BanneyB ($1.98 in chips) 
Seat 3: amataco1 ($1.10 in chips) 
Seat 4: ryhnoaaaa ($2.18 in chips) 
Seat 5: Dorex2007 ($2.16 in chips) 
Seat 6: MCAS1994 ($6.58 in chips) 
Seat 7: jeka211011 ($2.05 in chips) 
Seat 8: Pancher_RUS64 ($1.91 in chips) 
Seat 9: MarinaReal ($0.76 in chips) 
Sticky514: posts small blind $0.01
BanneyB: posts big blind $0.02
*** HOLE CARDS ***
Dealt to Dorex2007 [Jd 4s]
amataco1: folds 
ryhnoaaaa: calls $0.02
Dorex2007: folds 
MCAS1994: raises $0.07 to $0.09
jeka211011: folds 
Pancher_RUS64: folds 
MarinaReal: folds 
Sticky514: folds 
BanneyB: folds 
ryhnoaaaa: calls $0.07
*** FLOP *** [Js 7d 7h]
ryhnoaaaa: bets $0.10
MCAS1994: folds 
Uncalled bet ($0.10) returned to ryhnoaaaa
ryhnoaaaa collected $0.20 from pot
ryhnoaaaa: doesn't show hand 
*** SUMMARY ***
Total pot $0.21 | Rake $0.01 
Board [Js 7d 7h]
Seat 1: Sticky514 (small blind) folded before Flop
Seat 2: BanneyB (big blind) folded before Flop
Seat 3: amataco1 folded before Flop (didn't bet)
Seat 4: ryhnoaaaa collected ($0.20)
Seat 5: Dorex2007 folded before Flop (didn't bet)
Seat 6: MCAS1994 folded on the Flop
Seat 7: jeka211011 folded before Flop (didn't bet)
Seat 8: Pancher_RUS64 folded before Flop (didn't bet)
Seat 9: MarinaReal (button) folded before Flop (didn't bet)



PokerStars Hand #223785179704:  Hold'em No Limit ($0.01/$0.02 USD) - 2021/02/13 16:30:59 PT [2021/02/13 19:30:59 ET]
Table 'Alsatia II' 9-max Seat #1 is the button
Seat 1: Sticky514 ($5.49 in chips) 
Seat 2: BanneyB ($1.96 in chips) 
Seat 3: amataco1 ($1.10 in chips) 
Seat 4: ryhnoaaaa ($2.29 in chips) 
Seat 5: Dorex2007 ($2.16 in chips) 
Seat 6: MCAS1994 ($6.49 in chips) 
Seat 7: jeka211011 ($2.05 in chips) 
Seat 8: Pancher_RUS64 ($1.91 in chips) 
Seat 9: MarinaReal ($0.76 in chips) 
BanneyB: posts small blind $0.01
amataco1: posts big blind $0.02
*** HOLE CARDS ***
Dealt to Dorex2007 [Jd 7h]
ryhnoaaaa: folds 
Dorex2007: folds 
MCAS1994: folds 
jeka211011: raises $0.04 to $0.06
Pancher_RUS64: folds 
MarinaReal: calls $0.06
Sticky514: folds 
BanneyB: folds 
amataco1: folds 
*** FLOP *** [6h Th 5h]
jeka211011: bets $0.08
MarinaReal: folds 
Uncalled bet ($0.08) returned to jeka211011
jeka211011 collected $0.14 from pot
jeka211011: doesn't show hand 
*** SUMMARY ***
Total pot $0.15 | Rake $0.01 
Board [6h Th 5h]
Seat 1: Sticky514 (button) folded before Flop (didn't bet)
Seat 2: BanneyB (small blind) folded before Flop
Seat 3: amataco1 (big blind) folded before Flop
Seat 4: ryhnoaaaa folded before Flop (didn't bet)
Seat 5: Dorex2007 folded before Flop (didn't bet)
Seat 6: MCAS1994 folded before Flop (didn't bet)
Seat 7: jeka211011 collected ($0.14)
Seat 8: Pancher_RUS64 folded before Flop (didn't bet)
Seat 9: MarinaReal folded on the Flop



PokerStars Hand #223785203102:  Hold'em No Limit ($0.01/$0.02 USD) - 2021/02/13 16:31:45 PT [2021/02/13 19:31:45 ET]
Table 'Alsatia II' 9-max Seat #2 is the button
Seat 1: Sticky514 ($5.49 in chips) 
Seat 2: BanneyB ($1.95 in chips) 
Seat 3: amataco1 ($1.08 in chips) 
Seat 4: ryhnoaaaa ($2.29 in chips) 
Seat 5: Dorex2007 ($2.16 in chips) 
Seat 6: MCAS1994 ($6.49 in chips) 
Seat 7: jeka211011 ($2.13 in chips) 
Seat 8: Pancher_RUS64 ($1.91 in chips) 
Seat 9: MarinaReal ($0.70 in chips) 
amataco1: posts small blind $0.01
ryhnoaaaa: posts big blind $0.02
*** HOLE CARDS ***
Dealt to Dorex2007 [6c 4d]
Dorex2007: folds 
MCAS1994: folds 
jeka211011: calls $0.02
Pancher_RUS64: folds 
MarinaReal: folds 
Sticky514: folds 
BanneyB: folds 
amataco1: folds 
ryhnoaaaa: checks 
*** FLOP *** [8c 7h 7c]
ryhnoaaaa: checks 
jeka211011: checks 
*** TURN *** [8c 7h 7c] [6h]
ryhnoaaaa: checks 
jeka211011: checks 
*** RIVER *** [8c 7h 7c 6h] [3d]
ryhnoaaaa: checks 
jeka211011: checks 
*** SHOW DOWN ***
ryhnoaaaa: shows [Js 5h] (a pair of Sevens)
jeka211011: shows [Th Qd] (a pair of Sevens - Queen kicker)
jeka211011 collected $0.05 from pot
*** SUMMARY ***
Total pot $0.05 | Rake $0 
Board [8c 7h 7c 6h 3d]
Seat 1: Sticky514 folded before Flop (didn't bet)
Seat 2: BanneyB (button) folded before Flop (didn't bet)
Seat 3: amataco1 (small blind) folded before Flop
Seat 4: ryhnoaaaa (big blind) showed [Js 5h] and lost with a pair of Sevens
Seat 5: Dorex2007 folded before Flop (didn't bet)
Seat 6: MCAS1994 folded before Flop (didn't bet)
Seat 7: jeka211011 showed [Th Qd] and won ($0.05) with a pair of Sevens
Seat 8: Pancher_RUS64 folded before Flop (didn't bet)
Seat 9: MarinaReal folded before Flop (didn't bet)



PokerStars Hand #223785229465:  Hold'em No Limit ($0.01/$0.02 USD) - 2021/02/13 16:32:36 PT [2021/02/13 19:32:36 ET]
Table 'Alsatia II' 9-max Seat #3 is the button
Seat 1: Sticky514 ($5.49 in chips) 
Seat 2: BanneyB ($1.95 in chips) 
Seat 3: amataco1 ($1.07 in chips) 
Seat 4: ryhnoaaaa ($2.27 in chips) 
Seat 5: Dorex2007 ($2.16 in chips) 
Seat 6: MCAS1994 ($6.49 in chips) 
Seat 7: jeka211011 ($2.16 in chips) 
Seat 8: Pancher_RUS64 ($1.91 in chips) 
Seat 9: MarinaReal ($0.70 in chips) 
ryhnoaaaa: posts small blind $0.01
Dorex2007: posts big blind $0.02
*** HOLE CARDS ***
Dealt to Dorex2007 [Ad 4s]
MCAS1994: raises $0.04 to $0.06
jeka211011: folds 
Pancher_RUS64: calls $0.06
MarinaReal: calls $0.06
Sticky514: folds 
BanneyB: folds 
amataco1: folds 
ryhnoaaaa: folds 
Dorex2007: folds 
*** FLOP *** [5c 4d Kd]
MCAS1994: checks 
Pancher_RUS64: bets $0.10
MarinaReal: folds 
MCAS1994: folds 
Uncalled bet ($0.10) returned to Pancher_RUS64
Pancher_RUS64 collected $0.20 from pot
Pancher_RUS64: doesn't show hand 
*** SUMMARY ***
Total pot $0.21 | Rake $0.01 
Board [5c 4d Kd]
Seat 1: Sticky514 folded before Flop (didn't bet)
Seat 2: BanneyB folded before Flop (didn't bet)
Seat 3: amataco1 (button) folded before Flop (didn't bet)
Seat 4: ryhnoaaaa (small blind) folded before Flop
Seat 5: Dorex2007 (big blind) folded before Flop
Seat 6: MCAS1994 folded on the Flop
Seat 7: jeka211011 folded before Flop (didn't bet)
Seat 8: Pancher_RUS64 collected ($0.20)
Seat 9: MarinaReal folded on the Flop



PokerStars Hand #223785251253:  Hold'em No Limit ($0.01/$0.02 USD) - 2021/02/13 16:33:19 PT [2021/02/13 19:33:19 ET]
Table 'Alsatia II' 9-max Seat #4 is the button
Seat 1: Sticky514 ($5.49 in chips) 
Seat 2: BanneyB ($1.95 in chips) 
Seat 3: amataco1 ($1.07 in chips) 
Seat 4: ryhnoaaaa ($2.26 in chips) 
Seat 5: Dorex2007 ($2.14 in chips) 
Seat 6: MCAS1994 ($6.43 in chips) 
Seat 7: jeka211011 ($2.16 in chips) 
Seat 8: Pancher_RUS64 ($2.05 in chips) 
Seat 9: MarinaReal ($0.64 in chips) 
Dorex2007: posts small blind $0.01
MCAS1994: posts big blind $0.02
*** HOLE CARDS ***
Dealt to Dorex2007 [Qs 3h]
jeka211011: calls $0.02
Pancher_RUS64: folds 
MarinaReal: folds 
Sticky514: calls $0.02
BanneyB: folds 
amataco1: folds 
ryhnoaaaa: folds 
Dorex2007: folds 
MCAS1994: checks 
*** FLOP *** [Kh 9d Js]
MCAS1994: checks 
jeka211011: checks 
Sticky514: bets $0.04
MCAS1994: folds 
jeka211011: folds 
Uncalled bet ($0.04) returned to Sticky514
Sticky514 collected $0.07 from pot
Sticky514: doesn't show hand 
*** SUMMARY ***
Total pot $0.07 | Rake $0 
Board [Kh 9d Js]
Seat 1: Sticky514 collected ($0.07)
Seat 2: BanneyB folded before Flop (didn't bet)
Seat 3: amataco1 folded before Flop (didn't bet)
Seat 4: ryhnoaaaa (button) folded before Flop (didn't bet)
Seat 5: Dorex2007 (small blind) folded before Flop
Seat 6: MCAS1994 (big blind) folded on the Flop
Seat 7: jeka211011 folded on the Flop
Seat 8: Pancher_RUS64 folded before Flop (didn't bet)
Seat 9: MarinaReal folded before Flop (didn't bet)



PokerStars Hand #223785270230:  Hold'em No Limit ($0.01/$0.02 USD) - 2021/02/13 16:33:57 PT [2021/02/13 19:33:57 ET]
Table 'Alsatia II' 9-max Seat #5 is the button
Seat 1: Sticky514 ($5.54 in chips) 
Seat 2: BanneyB ($1.95 in chips) 
Seat 3: amataco1 ($1.07 in chips) 
Seat 4: ryhnoaaaa ($2.26 in chips) 
Seat 5: Dorex2007 ($2.13 in chips) 
Seat 6: MCAS1994 ($6.41 in chips) 
Seat 7: jeka211011 ($2.14 in chips) 
Seat 8: Pancher_RUS64 ($2.05 in chips) 
Seat 9: MarinaReal ($0.64 in chips) 
MCAS1994: posts small blind $0.01
jeka211011: posts big blind $0.02
*** HOLE CARDS ***
Dealt to Dorex2007 [8d 3c]
Pancher_RUS64: folds 
MarinaReal: folds 
Sticky514: folds 
BanneyB: folds 
amataco1: folds 
Pancher_RUS64 leaves the table
ryhnoaaaa: calls $0.02
Dorex2007: folds 
MCAS1994: folds 
jeka211011: checks 
*** FLOP *** [4c As 6d]
jeka211011: checks 
ryhnoaaaa: checks 
*** TURN *** [4c As 6d] [Kd]
Teduf joins the table at seat #8 
jeka211011: checks 
ryhnoaaaa: bets $0.02
jeka211011: folds 
Uncalled bet ($0.02) returned to ryhnoaaaa
ryhnoaaaa collected $0.05 from pot
ryhnoaaaa: doesn't show hand 
*** SUMMARY ***
Total pot $0.05 | Rake $0 
Board [4c As 6d Kd]
Seat 1: Sticky514 folded before Flop (didn't bet)
Seat 2: BanneyB folded before Flop (didn't bet)
Seat 3: amataco1 folded before Flop (didn't bet)
Seat 4: ryhnoaaaa collected ($0.05)
Seat 5: Dorex2007 (button) folded before Flop (didn't bet)
Seat 6: MCAS1994 (small blind) folded before Flop
Seat 7: jeka211011 (big blind) folded on the Turn
Seat 8: Pancher_RUS64 folded before Flop (didn't bet)
Seat 9: MarinaReal folded before Flop (didn't bet)



PokerStars Hand #223785288428:  Hold'em No Limit ($0.01/$0.02 USD) - 2021/02/13 16:34:33 PT [2021/02/13 19:34:33 ET]
Table 'Alsatia II' 9-max Seat #6 is the button
Seat 1: Sticky514 ($5.54 in chips) 
Seat 2: BanneyB ($1.95 in chips) 
Seat 3: amataco1 ($1.07 in chips) 
Seat 4: ryhnoaaaa ($2.29 in chips) 
Seat 5: Dorex2007 ($2.13 in chips) 
Seat 6: MCAS1994 ($6.40 in chips) 
Seat 7: jeka211011 ($2.12 in chips) 
Seat 8: Teduf ($0.80 in chips) 
Seat 9: MarinaReal ($0.64 in chips) 
jeka211011: posts small blind $0.01
Teduf: posts big blind $0.02
*** HOLE CARDS ***
Dealt to Dorex2007 [9c 4c]
MarinaReal: folds 
Sticky514: folds 
BanneyB: folds 
amataco1: folds 
ryhnoaaaa: calls $0.02
Dorex2007: folds 
MCAS1994: raises $0.07 to $0.09
jeka211011: folds 
Teduf: folds 
ryhnoaaaa: calls $0.07
*** FLOP *** [7h Qh Jh]
ryhnoaaaa: bets $0.20
MCAS1994: calls $0.20
*** TURN *** [7h Qh Jh] [Qc]
ryhnoaaaa: checks 
MCAS1994: checks 
*** RIVER *** [7h Qh Jh Qc] [Js]
ryhnoaaaa: checks 
MCAS1994: checks 
*** SHOW DOWN ***
ryhnoaaaa: shows [9s Ks] (two pair, Queens and Jacks)
MCAS1994: shows [5h 4h] (a flush, Queen high)
MCAS1994 collected $0.59 from pot
*** SUMMARY ***
Total pot $0.61 | Rake $0.02 
Board [7h Qh Jh Qc Js]
Seat 1: Sticky514 folded before Flop (didn't bet)
Seat 2: BanneyB folded before Flop (didn't bet)
Seat 3: amataco1 folded before Flop (didn't bet)
Seat 4: ryhnoaaaa showed [9s Ks] and lost with two pair, Queens and Jacks
Seat 5: Dorex2007 folded before Flop (didn't bet)
Seat 6: MCAS1994 (button) showed [5h 4h] and won ($0.59) with a flush, Queen high
Seat 7: jeka211011 (small blind) folded before Flop
Seat 8: Teduf (big blind) folded before Flop
Seat 9: MarinaReal folded before Flop (didn't bet)



PokerStars Hand #223785315631:  Hold'em No Limit ($0.01/$0.02 USD) - 2021/02/13 16:35:27 PT [2021/02/13 19:35:27 ET]
Table 'Alsatia II' 9-max Seat #7 is the button
Seat 1: Sticky514 ($5.54 in chips) 
Seat 2: BanneyB ($1.95 in chips) 
Seat 3: amataco1 ($1.07 in chips) 
Seat 4: ryhnoaaaa ($2 in chips) 
Seat 5: Dorex2007 ($2.13 in chips) 
Seat 6: MCAS1994 ($6.70 in chips) 
Seat 7: jeka211011 ($2.11 in chips) 
Seat 8: Teduf ($0.78 in chips) 
Seat 9: MarinaReal ($0.64 in chips) 
Teduf: posts small blind $0.01
MarinaReal: posts big blind $0.02
*** HOLE CARDS ***
Dealt to Dorex2007 [Ks 3c]
Sticky514: calls $0.02
BanneyB: raises $0.04 to $0.06
amataco1: folds 
ryhnoaaaa: raises $0.04 to $0.10
Dorex2007: folds 
MCAS1994: folds 
jeka211011: folds 
Teduf: folds 
MarinaReal: calls $0.08
Sticky514: folds 
BanneyB: calls $0.04
*** FLOP *** [4s Kc Tc]
MarinaReal: checks 
BanneyB: checks 
ryhnoaaaa: bets $0.16
MarinaReal: calls $0.16
BanneyB: folds 
*** TURN *** [4s Kc Tc] [8h]
MarinaReal: checks 
ryhnoaaaa: bets $0.38
MarinaReal: calls $0.38 and is all-in
*** RIVER *** [4s Kc Tc 8h] [6h]
*** SHOW DOWN ***
MarinaReal: shows [Qh Th] (a pair of Tens)
ryhnoaaaa: shows [Qs Qd] (a pair of Queens)
ryhnoaaaa collected $1.36 from pot
*** SUMMARY ***
Total pot $1.41 | Rake $0.05 
Board [4s Kc Tc 8h 6h]
Seat 1: Sticky514 folded before Flop
Seat 2: BanneyB folded on the Flop
Seat 3: amataco1 folded before Flop (didn't bet)
Seat 4: ryhnoaaaa showed [Qs Qd] and won ($1.36) with a pair of Queens
Seat 5: Dorex2007 folded before Flop (didn't bet)
Seat 6: MCAS1994 folded before Flop (didn't bet)
Seat 7: jeka211011 (button) folded before Flop (didn't bet)
Seat 8: Teduf (small blind) folded before Flop
Seat 9: MarinaReal (big blind) showed [Qh Th] and lost with a pair of Tens



PokerStars Hand #223785361460:  Hold'em No Limit ($0.01/$0.02 USD) - 2021/02/13 16:36:58 PT [2021/02/13 19:36:58 ET]
Table 'Alsatia II' 9-max Seat #8 is the button
Seat 1: Sticky514 ($5.52 in chips) 
Seat 2: BanneyB ($1.85 in chips) 
Seat 3: amataco1 ($1.07 in chips) 
Seat 4: ryhnoaaaa ($2.72 in chips) 
Seat 5: Dorex2007 ($2.13 in chips) 
Seat 6: MCAS1994 ($6.70 in chips) 
Seat 7: jeka211011 ($2.11 in chips) 
Seat 8: Teduf ($0.77 in chips) 
Sticky514: posts small blind $0.01
BanneyB: posts big blind $0.02
*** HOLE CARDS ***
Dealt to Dorex2007 [4s 9d]
amataco1: folds 
MarinaReal leaves the table
ryhnoaaaa: folds 
Dorex2007: folds 
MCAS1994: folds 
jeka211011: folds 
Teduf: raises $0.04 to $0.06
Sticky514: raises $0.04 to $0.10
BanneyB: folds 
Teduf: raises $0.22 to $0.32
Sticky514: raises $5.20 to $5.52 and is all-in
Teduf: calls $0.45 and is all-in
Uncalled bet ($4.75) returned to Sticky514
*** FLOP *** [2c Ks Ah]
*** TURN *** [2c Ks Ah] [Qd]
toonpid joins the table at seat #9 
*** RIVER *** [2c Ks Ah Qd] [6c]
*** SHOW DOWN ***
Sticky514: shows [Jd Js] (a pair of Jacks)
Teduf: shows [8d 8s] (a pair of Eights)
Sticky514 collected $1.51 from pot
*** SUMMARY ***
Total pot $1.56 | Rake $0.05 
Board [2c Ks Ah Qd 6c]
Seat 1: Sticky514 (small blind) showed [Jd Js] and won ($1.51) with a pair of Jacks
Seat 2: BanneyB (big blind) folded before Flop
Seat 3: amataco1 folded before Flop (didn't bet)
Seat 4: ryhnoaaaa folded before Flop (didn't bet)
Seat 5: Dorex2007 folded before Flop (didn't bet)
Seat 6: MCAS1994 folded before Flop (didn't bet)
Seat 7: jeka211011 folded before Flop (didn't bet)
Seat 8: Teduf (button) showed [8d 8s] and lost with a pair of Eights



PokerStars Hand #223785382156:  Hold'em No Limit ($0.01/$0.02 USD) - 2021/02/13 16:37:40 PT [2021/02/13 19:37:40 ET]
Table 'Alsatia II' 9-max Seat #1 is the button
Seat 1: Sticky514 ($6.26 in chips) 
Seat 2: BanneyB ($1.83 in chips) 
Seat 3: amataco1 ($1.07 in chips) 
Seat 4: ryhnoaaaa ($2.72 in chips) 
Seat 5: Dorex2007 ($2.13 in chips) 
Seat 6: MCAS1994 ($6.70 in chips) 
Seat 7: jeka211011 ($2.11 in chips) 
BanneyB: posts small blind $0.01
amataco1: posts big blind $0.02
toonpid: sits out 
*** HOLE CARDS ***
Dealt to Dorex2007 [Jc Ad]
Teduf leaves the table
ryhnoaaaa: folds 
Dorex2007: raises $0.06 to $0.08
MCAS1994: folds 
jeka211011: folds 
Sticky514: folds 
BanneyB: folds 
amataco1: calls $0.06
*** FLOP *** [Td 7s 7d]
amataco1: checks 
Dorex2007: bets $0.08
rhuard joins the table at seat #8 
amataco1: folds 
Uncalled bet ($0.08) returned to Dorex2007
Dorex2007 collected $0.16 from pot
Dorex2007: doesn't show hand 
*** SUMMARY ***
Total pot $0.17 | Rake $0.01 
Board [Td 7s 7d]
Seat 1: Sticky514 (button) folded before Flop (didn't bet)
Seat 2: BanneyB (small blind) folded before Flop
Seat 3: amataco1 (big blind) folded on the Flop
Seat 4: ryhnoaaaa folded before Flop (didn't bet)
Seat 5: Dorex2007 collected ($0.16)
Seat 6: MCAS1994 folded before Flop (didn't bet)
Seat 7: jeka211011 folded before Flop (didn't bet)



PokerStars Hand #223785400869:  Hold'em No Limit ($0.01/$0.02 USD) - 2021/02/13 16:38:18 PT [2021/02/13 19:38:18 ET]
Table 'Alsatia II' 9-max Seat #2 is the button
Seat 1: Sticky514 ($6.26 in chips) 
Seat 2: BanneyB ($1.82 in chips) 
Seat 3: amataco1 ($0.99 in chips) 
Seat 4: ryhnoaaaa ($2.72 in chips) 
Seat 5: Dorex2007 ($2.21 in chips) 
Seat 6: MCAS1994 ($6.70 in chips) 
Seat 7: jeka211011 ($2.11 in chips) 
amataco1: posts small blind $0.01
ryhnoaaaa: posts big blind $0.02
rhuard: sits out 
toonpid: sits out 
*** HOLE CARDS ***
Dealt to Dorex2007 [9c Ad]
Dorex2007: folds 
MCAS1994: folds 
jeka211011: folds 
rhuard leaves the table
Sticky514: calls $0.02
BanneyB: folds 
amataco1: folds 
ryhnoaaaa: checks 
*** FLOP *** [Qs 4s Kh]
ryhnoaaaa: checks 
Sticky514: bets $0.02
ryhnoaaaa: calls $0.02
*** TURN *** [Qs 4s Kh] [5s]
ryhnoaaaa: checks 
Sticky514: checks 
*** RIVER *** [Qs 4s Kh 5s] [5h]
ryhnoaaaa: checks 
Sticky514: checks 
*** SHOW DOWN ***
ryhnoaaaa: shows [3c 4h] (two pair, Fives and Fours)
Sticky514: mucks hand 
ryhnoaaaa collected $0.09 from pot
*** SUMMARY ***
Total pot $0.09 | Rake $0 
Board [Qs 4s Kh 5s 5h]
Seat 1: Sticky514 mucked [9h Th]
Seat 2: BanneyB (button) folded before Flop (didn't bet)
Seat 3: amataco1 (small blind) folded before Flop
Seat 4: ryhnoaaaa (big blind) showed [3c 4h] and won ($0.09) with two pair, Fives and Fours
Seat 5: Dorex2007 folded before Flop (didn't bet)
Seat 6: MCAS1994 folded before Flop (didn't bet)
Seat 7: jeka211011 folded before Flop (didn't bet)



PokerStars Hand #223785431075:  Hold'em No Limit ($0.01/$0.02 USD) - 2021/02/13 16:39:19 PT [2021/02/13 19:39:19 ET]
Table 'Alsatia II' 9-max Seat #3 is the button
Seat 1: Sticky514 ($6.22 in chips) 
Seat 2: BanneyB ($1.82 in chips) 
Seat 3: amataco1 ($0.98 in chips) 
Seat 4: ryhnoaaaa ($2.77 in chips) 
Seat 5: Dorex2007 ($2.21 in chips) 
Seat 6: MCAS1994 ($6.70 in chips) 
Seat 7: jeka211011 ($2.11 in chips) 
Seat 9: toonpid ($0.80 in chips) 
ryhnoaaaa: posts small blind $0.01
Dorex2007: posts big blind $0.02
toonpid: posts big blind $0.02
*** HOLE CARDS ***
Dealt to Dorex2007 [Th 3c]
MCAS1994: folds 
jeka211011: folds 
toonpid: raises $0.14 to $0.16
Sticky514: folds 
BanneyB: folds 
amataco1: folds 
ryhnoaaaa: folds 
Dorex2007: folds 
Uncalled bet ($0.14) returned to toonpid
toonpid collected $0.05 from pot
*** SUMMARY ***
Total pot $0.05 | Rake $0 
Seat 1: Sticky514 folded before Flop (didn't bet)
Seat 2: BanneyB folded before Flop (didn't bet)
Seat 3: amataco1 (button) folded before Flop (didn't bet)
Seat 4: ryhnoaaaa (small blind) folded before Flop
Seat 5: Dorex2007 (big blind) folded before Flop
Seat 6: MCAS1994 folded before Flop (didn't bet)
Seat 7: jeka211011 folded before Flop (didn't bet)
Seat 9: toonpid collected ($0.05)



PokerStars Hand #223785444605:  Hold'em No Limit ($0.01/$0.02 USD) - 2021/02/13 16:39:47 PT [2021/02/13 19:39:47 ET]
Table 'Alsatia II' 9-max Seat #4 is the button
Seat 1: Sticky514 ($6.22 in chips) 
Seat 2: BanneyB ($1.82 in chips) 
Seat 3: amataco1 ($0.98 in chips) 
Seat 4: ryhnoaaaa ($2.76 in chips) 
Seat 5: Dorex2007 ($2.19 in chips) 
Seat 6: MCAS1994 ($6.70 in chips) 
Seat 7: jeka211011 ($2.11 in chips) 
Seat 9: toonpid ($0.83 in chips) 
Dorex2007: posts small blind $0.01
imperau joins the table at seat #8 
MCAS1994: posts big blind $0.02
*** HOLE CARDS ***
Dealt to Dorex2007 [8h 5d]
jeka211011: calls $0.02
toonpid: calls $0.02
Sticky514: folds 
BanneyB: calls $0.02
amataco1: calls $0.02
ryhnoaaaa: folds 
Dorex2007: folds 
MCAS1994: checks 
*** FLOP *** [3c Jc 7s]
MCAS1994: checks 
jeka211011: checks 
toonpid: checks 
BanneyB: checks 
amataco1: checks 
*** TURN *** [3c Jc 7s] [Kc]
MCAS1994: checks 
jeka211011: checks 
toonpid: bets $0.06
BanneyB: folds 
amataco1: folds 
MCAS1994: folds 
jeka211011: folds 
Uncalled bet ($0.06) returned to toonpid
toonpid collected $0.11 from pot
*** SUMMARY ***
Total pot $0.11 | Rake $0 
Board [3c Jc 7s Kc]
Seat 1: Sticky514 folded before Flop (didn't bet)
Seat 2: BanneyB folded on the Turn
Seat 3: amataco1 folded on the Turn
Seat 4: ryhnoaaaa (button) folded before Flop (didn't bet)
Seat 5: Dorex2007 (small blind) folded before Flop
Seat 6: MCAS1994 (big blind) folded on the Turn
Seat 7: jeka211011 folded on the Turn
Seat 9: toonpid collected ($0.11)



PokerStars Hand #223785475260:  Hold'em No Limit ($0.01/$0.02 USD) - 2021/02/13 16:40:48 PT [2021/02/13 19:40:48 ET]
Table 'Alsatia II' 9-max Seat #5 is the button
Seat 1: Sticky514 ($6.22 in chips) 
Seat 2: BanneyB ($1.80 in chips) 
Seat 3: amataco1 ($0.96 in chips) 
Seat 4: ryhnoaaaa ($2.76 in chips) 
Seat 5: Dorex2007 ($2.18 in chips) 
Seat 6: MCAS1994 ($6.68 in chips) 
Seat 7: jeka211011 ($2.09 in chips) 
Seat 9: toonpid ($0.92 in chips) 
MCAS1994: posts small blind $0.01
jeka211011: posts big blind $0.02
imperau: sits out 
*** HOLE CARDS ***
Dealt to Dorex2007 [9h Th]
toonpid: raises $0.02 to $0.04
Sticky514: folds 
BanneyB: folds 
amataco1: folds 
ryhnoaaaa: folds 
Dorex2007: calls $0.04
MCAS1994: folds 
jeka211011: folds 
*** FLOP *** [6h 2s Kh]
toonpid: checks 
Dorex2007: bets $0.08
toonpid: calls $0.08
*** TURN *** [6h 2s Kh] [6d]
toonpid: bets $0.26
Dorex2007: calls $0.26
*** RIVER *** [6h 2s Kh 6d] [7h]
toonpid: checks 
BanneyB is disconnected 
Dorex2007: bets $0.76
ryhnoaaaa is disconnected 
toonpid: folds 
Uncalled bet ($0.76) returned to Dorex2007
Dorex2007 collected $0.76 from pot
Dorex2007: doesn't show hand 
*** SUMMARY ***
Total pot $0.79 | Rake $0.03 
Board [6h 2s Kh 6d 7h]
Seat 1: Sticky514 folded before Flop (didn't bet)
Seat 2: BanneyB folded before Flop (didn't bet)
Seat 3: amataco1 folded before Flop (didn't bet)
Seat 4: ryhnoaaaa folded before Flop (didn't bet)
Seat 5: Dorex2007 (button) collected ($0.76)
Seat 6: MCAS1994 (small blind) folded before Flop
Seat 7: jeka211011 (big blind) folded before Flop
Seat 9: toonpid folded on the River



PokerStars Hand #223785502872:  Hold'em No Limit ($0.01/$0.02 USD) - 2021/02/13 16:41:45 PT [2021/02/13 19:41:45 ET]
Table 'Alsatia II' 9-max Seat #6 is the button
Seat 1: Sticky514 ($6.22 in chips) 
Seat 2: BanneyB ($1.80 in chips) 
Seat 3: amataco1 ($0.96 in chips) 
Seat 4: ryhnoaaaa ($2.76 in chips) 
Seat 5: Dorex2007 ($2.56 in chips) 
Seat 6: MCAS1994 ($6.67 in chips) 
Seat 7: jeka211011 ($2.07 in chips) 
Seat 8: imperau ($0.80 in chips) 
Seat 9: toonpid ($0.54 in chips) 
jeka211011: posts small blind $0.01
imperau: posts big blind $0.02
*** HOLE CARDS ***
Dealt to Dorex2007 [4h 5d]
toonpid: folds 
Sticky514: folds 
BanneyB has timed out while disconnected
BanneyB: folds 
amataco1: folds 
ryhnoaaaa: calls $0.02
Dorex2007: folds 
MCAS1994: raises $0.07 to $0.09
jeka211011: folds 
imperau: folds 
ryhnoaaaa: calls $0.07
*** FLOP *** [7d Th 3h]
ryhnoaaaa: checks 
MCAS1994: bets $0.10
ryhnoaaaa: folds 
Uncalled bet ($0.10) returned to MCAS1994
MCAS1994 collected $0.20 from pot
MCAS1994: doesn't show hand 
*** SUMMARY ***
Total pot $0.21 | Rake $0.01 
Board [7d Th 3h]
Seat 1: Sticky514 folded before Flop (didn't bet)
Seat 2: BanneyB folded before Flop (didn't bet)
Seat 3: amataco1 folded before Flop (didn't bet)
Seat 4: ryhnoaaaa folded on the Flop
Seat 5: Dorex2007 folded before Flop (didn't bet)
Seat 6: MCAS1994 (button) collected ($0.20)
Seat 7: jeka211011 (small blind) folded before Flop
Seat 8: imperau (big blind) folded before Flop
Seat 9: toonpid folded before Flop (didn't bet)



PokerStars Hand #223785522860:  Hold'em No Limit ($0.01/$0.02 USD) - 2021/02/13 16:42:25 PT [2021/02/13 19:42:25 ET]
Table 'Alsatia II' 9-max Seat #7 is the button
Seat 1: Sticky514 ($6.22 in chips) 
Seat 3: amataco1 ($0.96 in chips) 
Seat 4: ryhnoaaaa ($2.67 in chips) 
Seat 5: Dorex2007 ($2.56 in chips) 
Seat 6: MCAS1994 ($6.78 in chips) 
Seat 7: jeka211011 ($2.06 in chips) 
Seat 8: imperau ($0.78 in chips) 
Seat 9: toonpid ($0.54 in chips) 
imperau: posts small blind $0.01
toonpid: posts big blind $0.02
*** HOLE CARDS ***
Dealt to Dorex2007 [9s 2s]
Sticky514: folds 
amataco1: folds 
ryhnoaaaa: calls $0.02
Dorex2007: folds 
MCAS1994: folds 
jeka211011: calls $0.02
imperau: raises $0.76 to $0.78 and is all-in
toonpid: calls $0.52 and is all-in
ryhnoaaaa: folds 
jeka211011: folds 
Uncalled bet ($0.24) returned to imperau
*** FLOP *** [8c Ks 9c]
*** TURN *** [8c Ks 9c] [5d]
*** RIVER *** [8c Ks 9c 5d] [Jd]
*** SHOW DOWN ***
imperau: shows [Td Ah] (high card Ace)
toonpid: shows [Ts Js] (a pair of Jacks)
toonpid collected $1.08 from pot
*** SUMMARY ***
Total pot $1.12 | Rake $0.04 
Board [8c Ks 9c 5d Jd]
Seat 1: Sticky514 folded before Flop (didn't bet)
Seat 3: amataco1 folded before Flop (didn't bet)
Seat 4: ryhnoaaaa folded before Flop
Seat 5: Dorex2007 folded before Flop (didn't bet)
Seat 6: MCAS1994 folded before Flop (didn't bet)
Seat 7: jeka211011 (button) folded before Flop
Seat 8: imperau (small blind) showed [Td Ah] and lost with high card Ace
Seat 9: toonpid (big blind) showed [Ts Js] and won ($1.08) with a pair of Jacks



PokerStars Hand #223785542056:  Hold'em No Limit ($0.01/$0.02 USD) - 2021/02/13 16:43:02 PT [2021/02/13 19:43:02 ET]
Table 'Alsatia II' 9-max Seat #8 is the button
Seat 1: Sticky514 ($6.22 in chips) 
Seat 3: amataco1 ($0.96 in chips) 
Seat 4: ryhnoaaaa ($2.65 in chips) 
Seat 5: Dorex2007 ($2.56 in chips) 
Seat 6: MCAS1994 ($6.78 in chips) 
Seat 7: jeka211011 ($2.04 in chips) 
Seat 8: imperau ($0.24 in chips) 
Seat 9: toonpid ($1.08 in chips) 
toonpid: posts small blind $0.01
Sticky514: posts big blind $0.02
*** HOLE CARDS ***
Dealt to Dorex2007 [2h Kc]
amataco1: folds 
ryhnoaaaa: folds 
Dorex2007: folds 
MCAS1994: folds 
jeka211011: folds 
imperau: folds 
toonpid: raises $0.02 to $0.04
Sticky514: folds 
Uncalled bet ($0.02) returned to toonpid
toonpid collected $0.04 from pot
*** SUMMARY ***
Total pot $0.04 | Rake $0 
Seat 1: Sticky514 (big blind) folded before Flop
Seat 3: amataco1 folded before Flop (didn't bet)
Seat 4: ryhnoaaaa folded before Flop (didn't bet)
Seat 5: Dorex2007 folded before Flop (didn't bet)
Seat 6: MCAS1994 folded before Flop (didn't bet)
Seat 7: jeka211011 folded before Flop (didn't bet)
Seat 8: imperau (button) folded before Flop (didn't bet)
Seat 9: toonpid (small blind) collected ($0.04)



PokerStars Hand #223785554711:  Hold'em No Limit ($0.01/$0.02 USD) - 2021/02/13 16:43:28 PT [2021/02/13 19:43:28 ET]
Table 'Alsatia II' 9-max Seat #9 is the button
Seat 1: Sticky514 ($6.20 in chips) 
Seat 3: amataco1 ($0.96 in chips) 
Seat 4: ryhnoaaaa ($2.65 in chips) 
Seat 5: Dorex2007 ($2.56 in chips) 
Seat 6: MCAS1994 ($6.78 in chips) 
Seat 7: jeka211011 ($2.04 in chips) 
Seat 8: imperau ($0.24 in chips) 
Seat 9: toonpid ($1.10 in chips) 
Sticky514: posts small blind $0.01
amataco1: posts big blind $0.02
*** HOLE CARDS ***
Dealt to Dorex2007 [Jc 9s]
ryhnoaaaa: calls $0.02
Dorex2007: folds 
MCAS1994: raises $0.07 to $0.09
jeka211011: folds 
imperau: folds 
toonpid: folds 
Sticky514: folds 
amataco1: folds 
ryhnoaaaa: folds 
Uncalled bet ($0.07) returned to MCAS1994
MCAS1994 collected $0.07 from pot
MCAS1994: doesn't show hand 
*** SUMMARY ***
Total pot $0.07 | Rake $0 
Seat 1: Sticky514 (small blind) folded before Flop
Seat 3: amataco1 (big blind) folded before Flop
Seat 4: ryhnoaaaa folded before Flop
Seat 5: Dorex2007 folded before Flop (didn't bet)
Seat 6: MCAS1994 collected ($0.07)
Seat 7: jeka211011 folded before Flop (didn't bet)
Seat 8: imperau folded before Flop (didn't bet)
Seat 9: toonpid (button) folded before Flop (didn't bet)



PokerStars Hand #223785573024:  Hold'em No Limit ($0.01/$0.02 USD) - 2021/02/13 16:44:06 PT [2021/02/13 19:44:06 ET]
Table 'Alsatia II' 9-max Seat #1 is the button
Seat 1: Sticky514 ($6.19 in chips) 
Seat 3: amataco1 ($0.94 in chips) 
Seat 4: ryhnoaaaa ($2.63 in chips) 
Seat 5: Dorex2007 ($2.56 in chips) 
Seat 6: MCAS1994 ($6.83 in chips) 
Seat 7: jeka211011 ($2.04 in chips) 
Seat 8: imperau ($0.24 in chips) 
Seat 9: toonpid ($1.10 in chips) 
amataco1: posts small blind $0.01
ryhnoaaaa: posts big blind $0.02
*** HOLE CARDS ***
Dealt to Dorex2007 [2c 7d]
Dorex2007: folds 
MCAS1994: folds 
jeka211011: folds 
imperau: calls $0.02
toonpid: raises $0.02 to $0.04
Sticky514: calls $0.04
amataco1: folds 
ryhnoaaaa: calls $0.02
imperau: calls $0.02
*** FLOP *** [Jh 9h Kh]
ryhnoaaaa: checks 
imperau: checks 
toonpid: bets $0.08
Sticky514: calls $0.08
ryhnoaaaa: folds 
imperau: folds 
*** TURN *** [Jh 9h Kh] [Js]
toonpid: checks 
Sticky514: bets $0.16
imperau leaves the table
toonpid: raises $0.16 to $0.32
Sticky514: calls $0.16
*** RIVER *** [Jh 9h Kh Js] [7c]
toonpid: checks 
Sticky514: checks 
*** SHOW DOWN ***
toonpid: shows [Ts Kd] (two pair, Kings and Jacks)
Sticky514: shows [8h 5h] (a flush, King high)
Sticky514 collected $0.94 from pot
*** SUMMARY ***
Total pot $0.97 | Rake $0.03 
Board [Jh 9h Kh Js 7c]
Seat 1: Sticky514 (button) showed [8h 5h] and won ($0.94) with a flush, King high
Seat 3: amataco1 (small blind) folded before Flop
Seat 4: ryhnoaaaa (big blind) folded on the Flop
Seat 5: Dorex2007 folded before Flop (didn't bet)
Seat 6: MCAS1994 folded before Flop (didn't bet)
Seat 7: jeka211011 folded before Flop (didn't bet)
Seat 8: imperau folded on the Flop
Seat 9: toonpid showed [Ts Kd] and lost with two pair, Kings and Jacks



PokerStars Hand #223785605833:  Hold'em No Limit ($0.01/$0.02 USD) - 2021/02/13 16:45:06 PT [2021/02/13 19:45:06 ET]
Table 'Alsatia II' 9-max Seat #3 is the button
Seat 1: Sticky514 ($6.69 in chips) 
Seat 3: amataco1 ($0.93 in chips) 
Seat 4: ryhnoaaaa ($2.59 in chips) 
Seat 5: Dorex2007 ($2.56 in chips) 
Seat 6: MCAS1994 ($6.83 in chips) 
Seat 7: jeka211011 ($2.04 in chips) 
Seat 9: toonpid ($0.66 in chips) 
ryhnoaaaa: posts small blind $0.01
Dorex2007: posts big blind $0.02
BanneyB: sits out 
*** HOLE CARDS ***
Dealt to Dorex2007 [4d Th]
sebbemannenn joins the table at seat #8 
MCAS1994: raises $0.04 to $0.06
jeka211011: folds 
toonpid: folds 
Sticky514: folds 
amataco1: folds 
amataco1 leaves the table
ryhnoaaaa: folds 
Dorex2007: folds 
Uncalled bet ($0.04) returned to MCAS1994
MCAS1994 collected $0.05 from pot
MCAS1994: doesn't show hand 
*** SUMMARY ***
Total pot $0.05 | Rake $0 
Seat 1: Sticky514 folded before Flop (didn't bet)
Seat 3: amataco1 (button) folded before Flop (didn't bet)
Seat 4: ryhnoaaaa (small blind) folded before Flop
Seat 5: Dorex2007 (big blind) folded before Flop
Seat 6: MCAS1994 collected ($0.05)
Seat 7: jeka211011 folded before Flop (didn't bet)
Seat 9: toonpid folded before Flop (didn't bet)



PokerStars Hand #223785621255:  Hold'em No Limit ($0.01/$0.02 USD) - 2021/02/13 16:45:37 PT [2021/02/13 19:45:37 ET]
Table 'Alsatia II' 9-max Seat #4 is the button
Seat 1: Sticky514 ($6.69 in chips) 
Seat 4: ryhnoaaaa ($2.58 in chips) 
Seat 5: Dorex2007 ($2.54 in chips) 
Seat 6: MCAS1994 ($6.86 in chips) 
Seat 7: jeka211011 ($2.04 in chips) 
Dorex2007: posts small blind $0.01
MCAS1994: posts big blind $0.02
sebbemannenn: sits out 
BanneyB: sits out 
*** HOLE CARDS ***
Dealt to Dorex2007 [2h As]
jeka211011: calls $0.02
Sticky514: calls $0.02
ryhnoaaaa: calls $0.02
Dorex2007: folds 
AlexT1m joins the table at seat #3 
MCAS1994: checks 
*** FLOP *** [Tc 5c Td]
MCAS1994: checks 
jeka211011: checks 
Sticky514: checks 
ryhnoaaaa: bets $0.04
MCAS1994: folds 
jeka211011: folds 
Sticky514: folds 
Uncalled bet ($0.04) returned to ryhnoaaaa
ryhnoaaaa collected $0.09 from pot
ryhnoaaaa: doesn't show hand 
*** SUMMARY ***
Total pot $0.09 | Rake $0 
Board [Tc 5c Td]
Seat 1: Sticky514 folded on the Flop
Seat 4: ryhnoaaaa (button) collected ($0.09)
Seat 5: Dorex2007 (small blind) folded before Flop
Seat 6: MCAS1994 (big blind) folded on the Flop
Seat 7: jeka211011 folded on the Flop



PokerStars Hand #223785650946:  Hold'em No Limit ($0.01/$0.02 USD) - 2021/02/13 16:46:25 PT [2021/02/13 19:46:25 ET]
Table 'Alsatia II' 9-max Seat #5 is the button
Seat 1: Sticky514 ($6.67 in chips) 
Seat 4: ryhnoaaaa ($2.65 in chips) 
Seat 5: Dorex2007 ($2.53 in chips) 
Seat 6: MCAS1994 ($6.84 in chips) 
Seat 7: jeka211011 ($2.02 in chips) 
Seat 8: sebbemannenn ($2 in chips) 
MCAS1994: posts small blind $0.01
jeka211011: posts big blind $0.02
sebbemannenn: posts big blind $0.02
BanneyB: sits out 
AlexT1m: sits out 
*** HOLE CARDS ***
Dealt to Dorex2007 [3s 6d]
sebbemannenn: raises $0.02 to $0.04
Sticky514: folds 
ryhnoaaaa: calls $0.04
Dorex2007: folds 
MCAS1994: folds 
BanneyB is disconnected 
jeka211011: raises $0.12 to $0.16
sebbemannenn: calls $0.12
ryhnoaaaa: folds 
*** FLOP *** [7d Jh 5c]
jeka211011: bets $0.18
sebbemannenn: calls $0.18
*** TURN *** [7d Jh 5c] [5h]
jeka211011: checks 
sebbemannenn: checks 
*** RIVER *** [7d Jh 5c 5h] [Th]
jeka211011: bets $0.45
sebbemannenn: folds 
Uncalled bet ($0.45) returned to jeka211011
jeka211011 collected $0.70 from pot
jeka211011: doesn't show hand 
*** SUMMARY ***
Total pot $0.73 | Rake $0.03 
Board [7d Jh 5c 5h Th]
Seat 1: Sticky514 folded before Flop (didn't bet)
Seat 4: ryhnoaaaa folded before Flop
Seat 5: Dorex2007 (button) folded before Flop (didn't bet)
Seat 6: MCAS1994 (small blind) folded before Flop
Seat 7: jeka211011 (big blind) collected ($0.70)
Seat 8: sebbemannenn folded on the River



PokerStars Hand #223785689963:  Hold'em No Limit ($0.01/$0.02 USD) - 2021/02/13 16:47:45 PT [2021/02/13 19:47:45 ET]
Table 'Alsatia II' 9-max Seat #6 is the button
Seat 1: Sticky514 ($6.67 in chips) 
Seat 4: ryhnoaaaa ($2.61 in chips) 
Seat 5: Dorex2007 ($2.53 in chips) 
Seat 6: MCAS1994 ($6.83 in chips) 
Seat 7: jeka211011 ($2.38 in chips) 
Seat 8: sebbemannenn ($1.66 in chips) 
Seat 9: toonpid ($0.66 in chips) 
jeka211011: posts small blind $0.01
sebbemannenn: posts big blind $0.02
BanneyB has timed out while disconnected
BanneyB: is sitting out 
AlexT1m: sits out 
*** HOLE CARDS ***
Dealt to Dorex2007 [6d 3h]
toonpid: calls $0.02
Sticky514: raises $0.04 to $0.06
ryhnoaaaa: folds 
Dorex2007: folds 
MCAS1994: folds 
jeka211011: folds 
sebbemannenn: raises $0.04 to $0.10
toonpid: folds 
Sticky514: calls $0.04
*** FLOP *** [8c 7c Jd]
sebbemannenn: bets $0.11
Sticky514: folds 
Uncalled bet ($0.11) returned to sebbemannenn
sebbemannenn collected $0.22 from pot
sebbemannenn: doesn't show hand 
*** SUMMARY ***
Total pot $0.23 | Rake $0.01 
Board [8c 7c Jd]
Seat 1: Sticky514 folded on the Flop
Seat 4: ryhnoaaaa folded before Flop (didn't bet)
Seat 5: Dorex2007 folded before Flop (didn't bet)
Seat 6: MCAS1994 (button) folded before Flop (didn't bet)
Seat 7: jeka211011 (small blind) folded before Flop
Seat 8: sebbemannenn (big blind) collected ($0.22)
Seat 9: toonpid folded before Flop



PokerStars Hand #223785711736:  Hold'em No Limit ($0.01/$0.02 USD) - 2021/02/13 16:48:30 PT [2021/02/13 19:48:30 ET]
Table 'Alsatia II' 9-max Seat #7 is the button
Seat 1: Sticky514 ($6.57 in chips) 
Seat 4: ryhnoaaaa ($2.61 in chips) 
Seat 5: Dorex2007 ($2.53 in chips) 
Seat 6: MCAS1994 ($6.83 in chips) 
Seat 7: jeka211011 ($2.37 in chips) 
Seat 8: sebbemannenn ($1.78 in chips) 
Seat 9: toonpid ($0.64 in chips) 
sebbemannenn: posts small blind $0.01
toonpid: posts big blind $0.02
AlexT1m: sits out 
*** HOLE CARDS ***
Dealt to Dorex2007 [Js 7h]
Sticky514: folds 
ryhnoaaaa: folds 
Dorex2007: folds 
MCAS1994: folds 
jeka211011: raises $0.06 to $0.08
sebbemannenn: folds 
toonpid: calls $0.06
*** FLOP *** [Qc 2d Ad]
toonpid: checks 
jeka211011: checks 
*** TURN *** [Qc 2d Ad] [Jd]
toonpid: bets $0.16
jeka211011: raises $0.48 to $0.64
toonpid: calls $0.40 and is all-in
Uncalled bet ($0.08) returned to jeka211011
*** RIVER *** [Qc 2d Ad Jd] [Qh]
*** SHOW DOWN ***
toonpid: shows [Tc 5h] (a pair of Queens)
jeka211011: shows [2s 2h] (a full house, Deuces full of Queens)
jeka211011 collected $1.24 from pot
*** SUMMARY ***
Total pot $1.29 | Rake $0.05 
Board [Qc 2d Ad Jd Qh]
Seat 1: Sticky514 folded before Flop (didn't bet)
Seat 4: ryhnoaaaa folded before Flop (didn't bet)
Seat 5: Dorex2007 folded before Flop (didn't bet)
Seat 6: MCAS1994 folded before Flop (didn't bet)
Seat 7: jeka211011 (button) showed [2s 2h] and won ($1.24) with a full house, Deuces full of Queens
Seat 8: sebbemannenn (small blind) folded before Flop
Seat 9: toonpid (big blind) showed [Tc 5h] and lost with a pair of Queens



PokerStars Hand #223785736959:  Hold'em No Limit ($0.01/$0.02 USD) - 2021/02/13 16:49:23 PT [2021/02/13 19:49:23 ET]
Table 'Alsatia II' 9-max Seat #8 is the button
Seat 1: Sticky514 ($6.57 in chips) 
Seat 3: AlexT1m ($2 in chips) 
Seat 4: ryhnoaaaa ($2.61 in chips) 
Seat 5: Dorex2007 ($2.53 in chips) 
Seat 6: MCAS1994 ($6.83 in chips) 
Seat 7: jeka211011 ($2.97 in chips) 
Seat 8: sebbemannenn ($1.77 in chips) 
Sticky514: posts small blind $0.01
AlexT1m: posts big blind $0.02
*** HOLE CARDS ***
Dealt to Dorex2007 [6s 9h]
ryhnoaaaa: raises $0.04 to $0.06
Dorex2007: folds 
MCAS1994: raises $0.15 to $0.21
jeka211011: folds 
sebbemannenn: folds 
Sticky514: folds 
AlexT1m: folds 
ryhnoaaaa: calls $0.15
*** FLOP *** [5s Jh Kd]
ryhnoaaaa: bets $0.21
MCAS1994: folds 
Uncalled bet ($0.21) returned to ryhnoaaaa
ryhnoaaaa collected $0.43 from pot
ryhnoaaaa: doesn't show hand 
*** SUMMARY ***
Total pot $0.45 | Rake $0.02 
Board [5s Jh Kd]
Seat 1: Sticky514 (small blind) folded before Flop
Seat 3: AlexT1m (big blind) folded before Flop
Seat 4: ryhnoaaaa collected ($0.43)
Seat 5: Dorex2007 folded before Flop (didn't bet)
Seat 6: MCAS1994 folded on the Flop
Seat 7: jeka211011 folded before Flop (didn't bet)
Seat 8: sebbemannenn (button) folded before Flop (didn't bet)



PokerStars Hand #223785753823:  Hold'em No Limit ($0.01/$0.02 USD) - 2021/02/13 16:49:59 PT [2021/02/13 19:49:59 ET]
Table 'Alsatia II' 9-max Seat #1 is the button
Seat 1: Sticky514 ($6.56 in chips) 
Seat 3: AlexT1m ($2 in chips) 
Seat 4: ryhnoaaaa ($2.83 in chips) 
Seat 5: Dorex2007 ($2.53 in chips) 
Seat 6: MCAS1994 ($6.62 in chips) 
Seat 7: jeka211011 ($2.97 in chips) 
Seat 8: sebbemannenn ($1.77 in chips) 
AlexT1m: posts small blind $0.01
ryhnoaaaa: posts big blind $0.02
toonpid: sits out 
*** HOLE CARDS ***
Dealt to Dorex2007 [Jc 4c]
Dorex2007: folds 
MCAS1994: folds 
jeka211011: folds 
sebbemannenn: raises $0.02 to $0.04
Sticky514: raises $0.04 to $0.08
AlexT1m: folds 
ryhnoaaaa: calls $0.06
sebbemannenn: calls $0.04
*** FLOP *** [6d 4h 5h]
ryhnoaaaa: bets $0.12
sebbemannenn: calls $0.12
Sticky514: calls $0.12
*** TURN *** [6d 4h 5h] [Ts]
ryhnoaaaa: checks 
sebbemannenn: checks 
Sticky514: checks 
*** RIVER *** [6d 4h 5h Ts] [Ks]
ryhnoaaaa: bets $0.29
sebbemannenn: calls $0.29
Sticky514: folds 
*** SHOW DOWN ***
ryhnoaaaa: shows [Ac Kd] (a pair of Kings)
sebbemannenn: mucks hand 
ryhnoaaaa collected $1.15 from pot
*** SUMMARY ***
Total pot $1.19 | Rake $0.04 
Board [6d 4h 5h Ts Ks]
Seat 1: Sticky514 (button) folded on the River
Seat 3: AlexT1m (small blind) folded before Flop
Seat 4: ryhnoaaaa (big blind) showed [Ac Kd] and won ($1.15) with a pair of Kings
Seat 5: Dorex2007 folded before Flop (didn't bet)
Seat 6: MCAS1994 folded before Flop (didn't bet)
Seat 7: jeka211011 folded before Flop (didn't bet)
Seat 8: sebbemannenn mucked [Kh Jh]



PokerStars Hand #223785798206:  Hold'em No Limit ($0.01/$0.02 USD) - 2021/02/13 16:51:18 PT [2021/02/13 19:51:18 ET]
Table 'Alsatia II' 9-max Seat #3 is the button
Seat 1: Sticky514 ($6.36 in chips) 
Seat 3: AlexT1m ($2 in chips) 
Seat 4: ryhnoaaaa ($3.49 in chips) 
Seat 5: Dorex2007 ($2.53 in chips) 
Seat 6: MCAS1994 ($6.62 in chips) 
Seat 7: jeka211011 ($2.97 in chips) 
Seat 8: sebbemannenn ($1.28 in chips) 
Seat 9: toonpid ($0.80 in chips) 
ryhnoaaaa: posts small blind $0.01
Dorex2007: posts big blind $0.02
toonpid: posts small blind $0.01
BanneyB: sits out 
*** HOLE CARDS ***
Dealt to Dorex2007 [9c Ac]
MCAS1994: raises $0.04 to $0.06
jeka211011: folds 
sebbemannenn: calls $0.06
toonpid: calls $0.06
Sticky514: folds 
AlexT1m: folds 
ryhnoaaaa: calls $0.05
Dorex2007: calls $0.04
*** FLOP *** [Qc Jh Kc]
ryhnoaaaa: bets $0.02
Dorex2007: raises $0.17 to $0.19
MCAS1994: folds 
sebbemannenn: folds 
toonpid: raises $0.17 to $0.36
ryhnoaaaa: calls $0.34
Dorex2007: calls $0.17
*** TURN *** [Qc Jh Kc] [2h]
ryhnoaaaa: checks 
Dorex2007: checks 
toonpid: checks 
*** RIVER *** [Qc Jh Kc 2h] [5d]
ryhnoaaaa: checks 
Dorex2007: bets $0.67
toonpid: calls $0.37 and is all-in
ryhnoaaaa: folds 
Uncalled bet ($0.30) returned to Dorex2007
*** SHOW DOWN ***
Dorex2007: shows [9c Ac] (high card Ace)
toonpid: shows [Ks 8c] (a pair of Kings)
toonpid collected $2.06 from pot
*** SUMMARY ***
Total pot $2.13 | Rake $0.07 
Board [Qc Jh Kc 2h 5d]
Seat 1: Sticky514 folded before Flop (didn't bet)
Seat 3: AlexT1m (button) folded before Flop (didn't bet)
Seat 4: ryhnoaaaa (small blind) folded on the River
Seat 5: Dorex2007 (big blind) showed [9c Ac] and lost with high card Ace
Seat 6: MCAS1994 folded on the Flop
Seat 7: jeka211011 folded before Flop (didn't bet)
Seat 8: sebbemannenn folded on the Flop
Seat 9: toonpid showed [Ks 8c] and won ($2.06) with a pair of Kings



PokerStars Hand #223785839695:  Hold'em No Limit ($0.01/$0.02 USD) - 2021/02/13 16:52:47 PT [2021/02/13 19:52:47 ET]
Table 'Alsatia II' 9-max Seat #4 is the button
Seat 1: Sticky514 ($6.36 in chips) 
Seat 3: AlexT1m ($2 in chips) 
Seat 4: ryhnoaaaa ($3.07 in chips) 
Seat 5: Dorex2007 ($1.74 in chips) 
Seat 6: MCAS1994 ($6.56 in chips) 
Seat 7: jeka211011 ($2.97 in chips) 
Seat 8: sebbemannenn ($1.22 in chips) 
Seat 9: toonpid ($2.06 in chips) 
Dorex2007: posts small blind $0.01
MCAS1994: posts big blind $0.02
BanneyB: sits out 
*** HOLE CARDS ***
Dealt to Dorex2007 [Kc 7d]
jeka211011 has timed out
jeka211011: folds 
sebbemannenn: calls $0.02
toonpid: raises $0.02 to $0.04
Sticky514: raises $0.04 to $0.08
AlexT1m: folds 
ryhnoaaaa: folds 
Dorex2007: folds 
MCAS1994: folds 
sebbemannenn: calls $0.06
toonpid: calls $0.04
*** FLOP *** [6c 9h 2c]
sebbemannenn: checks 
toonpid: bets $0.26
Sticky514: folds 
sebbemannenn: folds 
Uncalled bet ($0.26) returned to toonpid
toonpid collected $0.26 from pot
*** SUMMARY ***
Total pot $0.27 | Rake $0.01 
Board [6c 9h 2c]
Seat 1: Sticky514 folded on the Flop
Seat 3: AlexT1m folded before Flop (didn't bet)
Seat 4: ryhnoaaaa (button) folded before Flop (didn't bet)
Seat 5: Dorex2007 (small blind) folded before Flop
Seat 6: MCAS1994 (big blind) folded before Flop
Seat 7: jeka211011 folded before Flop (didn't bet)
Seat 8: sebbemannenn folded on the Flop
Seat 9: toonpid collected ($0.26)



PokerStars Hand #223785863968:  Hold'em No Limit ($0.01/$0.02 USD) - 2021/02/13 16:53:39 PT [2021/02/13 19:53:39 ET]
Table 'Alsatia II' 9-max Seat #5 is the button
Seat 1: Sticky514 ($6.28 in chips) 
Seat 3: AlexT1m ($2 in chips) 
Seat 4: ryhnoaaaa ($3.07 in chips) 
Seat 5: Dorex2007 ($1.73 in chips) 
Seat 6: MCAS1994 ($6.54 in chips) 
Seat 8: sebbemannenn ($1.14 in chips) 
Seat 9: toonpid ($2.24 in chips) 
MCAS1994: posts small blind $0.01
sebbemannenn: posts big blind $0.02
BanneyB: sits out 
*** HOLE CARDS ***
Dealt to Dorex2007 [9h Kh]
toonpid: raises $0.02 to $0.04
Sticky514: calls $0.04
AlexT1m: folds 
ryhnoaaaa: folds 
Dorex2007: calls $0.04
MCAS1994: folds 
sebbemannenn: calls $0.02
*** FLOP *** [3h Jd 2h]
sebbemannenn: checks 
toonpid: checks 
Sticky514: checks 
Dorex2007: bets $0.16
sebbemannenn: calls $0.16
toonpid: calls $0.16
Sticky514: folds 
*** TURN *** [3h Jd 2h] [7s]
sebbemannenn: checks 
toonpid: checks 
Dorex2007: checks 
*** RIVER *** [3h Jd 2h 7s] [3s]
sebbemannenn: checks 
toonpid: bets $0.24
Dorex2007: folds 
sebbemannenn: raises $0.70 to $0.94 and is all-in
toonpid: calls $0.70
*** SHOW DOWN ***
sebbemannenn: shows [8s Jc] (two pair, Jacks and Threes)
toonpid: shows [8d 8h] (two pair, Eights and Threes)
sebbemannenn collected $2.44 from pot
*** SUMMARY ***
Total pot $2.53 | Rake $0.09 
Board [3h Jd 2h 7s 3s]
Seat 1: Sticky514 folded on the Flop
Seat 3: AlexT1m folded before Flop (didn't bet)
Seat 4: ryhnoaaaa folded before Flop (didn't bet)
Seat 5: Dorex2007 (button) folded on the River
Seat 6: MCAS1994 (small blind) folded before Flop
Seat 8: sebbemannenn (big blind) showed [8s Jc] and won ($2.44) with two pair, Jacks and Threes
Seat 9: toonpid showed [8d 8h] and lost with two pair, Eights and Threes



PokerStars Hand #223785895266:  Hold'em No Limit ($0.01/$0.02 USD) - 2021/02/13 16:54:45 PT [2021/02/13 19:54:45 ET]
Table 'Alsatia II' 9-max Seat #6 is the button
Seat 1: Sticky514 ($6.24 in chips) 
Seat 3: AlexT1m ($2 in chips) 
Seat 4: ryhnoaaaa ($3.07 in chips) 
Seat 5: Dorex2007 ($1.53 in chips) 
Seat 6: MCAS1994 ($6.53 in chips) 
Seat 8: sebbemannenn ($2.44 in chips) 
Seat 9: toonpid ($1.10 in chips) 
sebbemannenn: posts small blind $0.01
toonpid: posts big blind $0.02
BanneyB: sits out 
*** HOLE CARDS ***
Dealt to Dorex2007 [Qd 5c]
Sticky514: folds 
AlexT1m: folds 
ryhnoaaaa: calls $0.02
Dorex2007: folds 
MCAS1994: raises $0.07 to $0.09
sebbemannenn: folds 
toonpid: calls $0.07
ryhnoaaaa: calls $0.07
*** FLOP *** [8h Jh 4c]
toonpid: bets $0.27
ryhnoaaaa: folds 
MCAS1994: folds 
Uncalled bet ($0.27) returned to toonpid
toonpid collected $0.27 from pot
*** SUMMARY ***
Total pot $0.28 | Rake $0.01 
Board [8h Jh 4c]
Seat 1: Sticky514 folded before Flop (didn't bet)
Seat 3: AlexT1m folded before Flop (didn't bet)
Seat 4: ryhnoaaaa folded on the Flop
Seat 5: Dorex2007 folded before Flop (didn't bet)
Seat 6: MCAS1994 (button) folded on the Flop
Seat 8: sebbemannenn (small blind) folded before Flop
Seat 9: toonpid (big blind) collected ($0.27)



PokerStars Hand #223785916552:  Hold'em No Limit ($0.01/$0.02 USD) - 2021/02/13 16:55:38 PT [2021/02/13 19:55:38 ET]
Table 'Alsatia II' 9-max Seat #8 is the button
Seat 1: Sticky514 ($6.24 in chips) 
Seat 3: AlexT1m ($2 in chips) 
Seat 4: ryhnoaaaa ($2.98 in chips) 
Seat 5: Dorex2007 ($1.53 in chips) 
Seat 6: MCAS1994 ($6.44 in chips) 
Seat 8: sebbemannenn ($2.43 in chips) 
Seat 9: toonpid ($1.28 in chips) 
toonpid: posts small blind $0.01
Sticky514: posts big blind $0.02
BanneyB has timed out
BanneyB: is sitting out 
*** HOLE CARDS ***
Dealt to Dorex2007 [Kh Td]
AlexT1m: folds 
ryhnoaaaa: folds 
BanneyB is disconnected 
Dorex2007: raises $0.02 to $0.04
MCAS1994: calls $0.04
sebbemannenn: calls $0.04
toonpid: folds 
Sticky514: raises $0.10 to $0.14
Dorex2007: folds 
MCAS1994: calls $0.10
sebbemannenn: folds 
*** FLOP *** [Ac 4d 7d]
Sticky514: bets $0.10
MCAS1994: raises $0.14 to $0.24
Sticky514: calls $0.14
*** TURN *** [Ac 4d 7d] [2c]
Sticky514: bets $0.41
MCAS1994: calls $0.41
*** RIVER *** [Ac 4d 7d 2c] [5c]
Sticky514: bets $0.80
MCAS1994: folds 
Uncalled bet ($0.80) returned to Sticky514
Sticky514 collected $1.61 from pot
Sticky514: doesn't show hand 
*** SUMMARY ***
Total pot $1.67 | Rake $0.06 
Board [Ac 4d 7d 2c 5c]
Seat 1: Sticky514 (big blind) collected ($1.61)
Seat 3: AlexT1m folded before Flop (didn't bet)
Seat 4: ryhnoaaaa folded before Flop (didn't bet)
Seat 5: Dorex2007 folded before Flop
Seat 6: MCAS1994 folded on the River
Seat 8: sebbemannenn (button) folded before Flop
Seat 9: toonpid (small blind) folded before Flop



PokerStars Hand #223785947884:  Hold'em No Limit ($0.01/$0.02 USD) - 2021/02/13 16:57:05 PT [2021/02/13 19:57:05 ET]
Table 'Alsatia II' 9-max Seat #9 is the button
Seat 1: Sticky514 ($7.06 in chips) 
Seat 3: AlexT1m ($2 in chips) 
Seat 4: ryhnoaaaa ($2.98 in chips) 
Seat 5: Dorex2007 ($1.49 in chips) 
Seat 6: MCAS1994 ($5.65 in chips) 
Seat 8: sebbemannenn ($2.39 in chips) 
Seat 9: toonpid ($1.27 in chips) 
Sticky514: posts small blind $0.01
AlexT1m: posts big blind $0.02
*** HOLE CARDS ***
Dealt to Dorex2007 [Qs 5h]
ryhnoaaaa: calls $0.02
Dorex2007: folds 
MCAS1994: folds 
sebbemannenn: folds 
toonpid: calls $0.02
Sticky514: calls $0.01
AlexT1m: checks 
*** FLOP *** [3h 2h Jd]
Sticky514: checks 
AlexT1m: checks 
ryhnoaaaa: checks 
toonpid: checks 
*** TURN *** [3h 2h Jd] [8d]
Sticky514: bets $0.02
AlexT1m: folds 
ryhnoaaaa: calls $0.02
toonpid: folds 
*** RIVER *** [3h 2h Jd 8d] [5s]
Sticky514: checks 
ryhnoaaaa: checks 
*** SHOW DOWN ***
Sticky514: shows [4d Kd] (high card King)
ryhnoaaaa: mucks hand 
Sticky514 collected $0.12 from pot
*** SUMMARY ***
Total pot $0.12 | Rake $0 
Board [3h 2h Jd 8d 5s]
Seat 1: Sticky514 (small blind) showed [4d Kd] and won ($0.12) with high card King
Seat 3: AlexT1m (big blind) folded on the Turn
Seat 4: ryhnoaaaa mucked [9s 7d]
Seat 5: Dorex2007 folded before Flop (didn't bet)
Seat 6: MCAS1994 folded before Flop (didn't bet)
Seat 8: sebbemannenn folded before Flop (didn't bet)
Seat 9: toonpid (button) folded on the Turn



PokerStars Hand #223785979143:  Hold'em No Limit ($0.01/$0.02 USD) - 2021/02/13 16:58:31 PT [2021/02/13 19:58:31 ET]
Table 'Alsatia II' 9-max Seat #1 is the button
Seat 1: Sticky514 ($7.14 in chips) 
Seat 3: AlexT1m ($2 in chips) 
Seat 4: ryhnoaaaa ($2.94 in chips) 
Seat 5: Dorex2007 ($1.49 in chips) 
Seat 6: MCAS1994 ($5.65 in chips) 
Seat 8: sebbemannenn ($2.39 in chips) 
Seat 9: toonpid ($1.25 in chips) 
AlexT1m: posts small blind $0.01
ryhnoaaaa: posts big blind $0.02
*** HOLE CARDS ***
Dealt to Dorex2007 [Qh Ks]
Dorex2007: calls $0.02
MCAS1994: folds 
sebbemannenn: calls $0.02
toonpid: folds 
Sticky514: calls $0.02
AlexT1m: folds 
ryhnoaaaa: checks 
*** FLOP *** [9s 2c Qs]
ryhnoaaaa: checks 
Dorex2007: bets $0.09
sebbemannenn: folds 
Sticky514: calls $0.09
ryhnoaaaa: folds 
*** TURN *** [9s 2c Qs] [3c]
Dorex2007: bets $0.26
Sticky514: folds 
Uncalled bet ($0.26) returned to Dorex2007
Dorex2007 collected $0.26 from pot
Dorex2007: doesn't show hand 
*** SUMMARY ***
Total pot $0.27 | Rake $0.01 
Board [9s 2c Qs 3c]
Seat 1: Sticky514 (button) folded on the Turn
Seat 3: AlexT1m (small blind) folded before Flop
Seat 4: ryhnoaaaa (big blind) folded on the Flop
Seat 5: Dorex2007 collected ($0.26)
Seat 6: MCAS1994 folded before Flop (didn't bet)
Seat 8: sebbemannenn folded on the Flop
Seat 9: toonpid folded before Flop (didn't bet)



PokerStars Hand #223786002884:  Hold'em No Limit ($0.01/$0.02 USD) - 2021/02/13 16:59:36 PT [2021/02/13 19:59:36 ET]
Table 'Alsatia II' 9-max Seat #3 is the button
Seat 1: Sticky514 ($7.03 in chips) 
Seat 3: AlexT1m ($2 in chips) 
Seat 4: ryhnoaaaa ($2.92 in chips) 
Seat 5: Dorex2007 ($1.64 in chips) 
Seat 6: MCAS1994 ($5.65 in chips) 
Seat 8: sebbemannenn ($2.37 in chips) 
Seat 9: toonpid ($1.25 in chips) 
ryhnoaaaa: posts small blind $0.01
Dorex2007: posts big blind $0.02
*** HOLE CARDS ***
Dealt to Dorex2007 [7h 2s]
MCAS1994: folds 
sebbemannenn: folds 
toonpid: calls $0.02
Sticky514: folds 
AlexT1m: raises $0.06 to $0.08
ryhnoaaaa: folds 
Dorex2007: folds 
toonpid: calls $0.06
*** FLOP *** [Ac 4c 6s]
toonpid: checks 
AlexT1m: checks 
*** TURN *** [Ac 4c 6s] [9h]
toonpid: bets $0.09
AlexT1m: calls $0.09
*** RIVER *** [Ac 4c 6s 9h] [Js]
toonpid: checks 
AlexT1m: checks 
*** SHOW DOWN ***
toonpid: shows [6d Kh] (a pair of Sixes)
AlexT1m: shows [8d Ad] (a pair of Aces)
AlexT1m collected $0.36 from pot
*** SUMMARY ***
Total pot $0.37 | Rake $0.01 
Board [Ac 4c 6s 9h Js]
Seat 1: Sticky514 folded before Flop (didn't bet)
Seat 3: AlexT1m (button) showed [8d Ad] and won ($0.36) with a pair of Aces
Seat 4: ryhnoaaaa (small blind) folded before Flop
Seat 5: Dorex2007 (big blind) folded before Flop
Seat 6: MCAS1994 folded before Flop (didn't bet)
Seat 8: sebbemannenn folded before Flop (didn't bet)
Seat 9: toonpid showed [6d Kh] and lost with a pair of Sixes



PokerStars Hand #223786021532:  Hold'em No Limit ($0.01/$0.02 USD) - 2021/02/13 17:00:25 PT [2021/02/13 20:00:25 ET]
Table 'Alsatia II' 9-max Seat #4 is the button
Seat 1: Sticky514 ($7.03 in chips) 
Seat 3: AlexT1m ($2.19 in chips) 
Seat 4: ryhnoaaaa ($2.91 in chips) 
Seat 5: Dorex2007 ($1.62 in chips) 
Seat 6: MCAS1994 ($5.65 in chips) 
Seat 8: sebbemannenn ($2.37 in chips) 
Seat 9: toonpid ($1.08 in chips) 
Dorex2007: posts small blind $0.01
MCAS1994: posts big blind $0.02
jeka211011: sits out 
*** HOLE CARDS ***
Dealt to Dorex2007 [Js Ac]
sebbemannenn: calls $0.02
toonpid: calls $0.02
Sticky514: folds 
AlexT1m: folds 
ryhnoaaaa: folds 
Dorex2007: raises $0.06 to $0.08
MCAS1994: calls $0.06
sebbemannenn: calls $0.06
toonpid: calls $0.06
*** FLOP *** [6c 2c 5s]
Dorex2007: bets $0.16
MCAS1994: calls $0.16
sebbemannenn: calls $0.16
toonpid: folds 
*** TURN *** [6c 2c 5s] [7d]
Dorex2007: bets $0.39
MCAS1994: calls $0.39
sebbemannenn: folds 
*** RIVER *** [6c 2c 5s 7d] [Ad]
Dorex2007: bets $0.99 and is all-in
MCAS1994: folds 
Uncalled bet ($0.99) returned to Dorex2007
Dorex2007 collected $1.52 from pot
Dorex2007: doesn't show hand 
*** SUMMARY ***
Total pot $1.58 | Rake $0.06 
Board [6c 2c 5s 7d Ad]
Seat 1: Sticky514 folded before Flop (didn't bet)
Seat 3: AlexT1m folded before Flop (didn't bet)
Seat 4: ryhnoaaaa (button) folded before Flop (didn't bet)
Seat 5: Dorex2007 (small blind) collected ($1.52)
Seat 6: MCAS1994 (big blind) folded on the River
Seat 8: sebbemannenn folded on the Turn
Seat 9: toonpid folded on the Flop



PokerStars Hand #223786044053:  Hold'em No Limit ($0.01/$0.02 USD) - 2021/02/13 17:01:17 PT [2021/02/13 20:01:17 ET]
Table 'Alsatia II' 9-max Seat #5 is the button
Seat 1: Sticky514 ($7.03 in chips) 
Seat 3: AlexT1m ($2.19 in chips) 
Seat 4: ryhnoaaaa ($2.91 in chips) 
Seat 5: Dorex2007 ($2.51 in chips) 
Seat 6: MCAS1994 ($5.02 in chips) 
Seat 7: jeka211011 ($2.97 in chips) 
Seat 8: sebbemannenn ($2.13 in chips) 
Seat 9: toonpid ($1 in chips) 
MCAS1994: posts small blind $0.01
jeka211011: posts big blind $0.02
*** HOLE CARDS ***
Dealt to Dorex2007 [As 5s]
sebbemannenn: folds 
toonpid: calls $0.02
Sticky514: folds 
AlexT1m: raises $0.06 to $0.08
ryhnoaaaa: calls $0.08
Dorex2007: folds 
MCAS1994: folds 
jeka211011: calls $0.06
toonpid: calls $0.06
*** FLOP *** [7d 4h 9h]
jeka211011: checks 
toonpid: checks 
AlexT1m: checks 
ryhnoaaaa: checks 
*** TURN *** [7d 4h 9h] [5d]
jeka211011: checks 
toonpid: bets $0.32
AlexT1m: folds 
ryhnoaaaa: folds 
jeka211011: folds 
Uncalled bet ($0.32) returned to toonpid
toonpid collected $0.32 from pot
*** SUMMARY ***
Total pot $0.33 | Rake $0.01 
Board [7d 4h 9h 5d]
Seat 1: Sticky514 folded before Flop (didn't bet)
Seat 3: AlexT1m folded on the Turn
Seat 4: ryhnoaaaa folded on the Turn
Seat 5: Dorex2007 (button) folded before Flop (didn't bet)
Seat 6: MCAS1994 (small blind) folded before Flop
Seat 7: jeka211011 (big blind) folded on the Turn
Seat 8: sebbemannenn folded before Flop (didn't bet)
Seat 9: toonpid collected ($0.32)



PokerStars Hand #223786083846:  Hold'em No Limit ($0.01/$0.02 USD) - 2021/02/13 17:02:35 PT [2021/02/13 20:02:35 ET]
Table 'Alsatia II' 9-max Seat #6 is the button
Seat 1: Sticky514 ($7.03 in chips) 
Seat 3: AlexT1m ($2.11 in chips) 
Seat 4: ryhnoaaaa ($2.83 in chips) 
Seat 5: Dorex2007 ($2.51 in chips) 
Seat 6: MCAS1994 ($5.01 in chips) 
Seat 7: jeka211011 ($2.89 in chips) 
Seat 8: sebbemannenn ($2.13 in chips) 
Seat 9: toonpid ($1.24 in chips) 
jeka211011: posts small blind $0.01
sebbemannenn: posts big blind $0.02
*** HOLE CARDS ***
Dealt to Dorex2007 [Kc Kd]
toonpid: calls $0.02
Sticky514: folds 
AlexT1m: raises $0.06 to $0.08
ryhnoaaaa: folds 
Dorex2007: raises $0.08 to $0.16
MCAS1994: calls $0.16
jeka211011: folds 
sebbemannenn: folds 
toonpid: folds 
AlexT1m: folds 
*** FLOP *** [4c 6s 2s]
Dorex2007: bets $0.64
MCAS1994: folds 
Uncalled bet ($0.64) returned to Dorex2007
Dorex2007 collected $0.43 from pot
Dorex2007: doesn't show hand 
*** SUMMARY ***
Total pot $0.45 | Rake $0.02 
Board [4c 6s 2s]
Seat 1: Sticky514 folded before Flop (didn't bet)
Seat 3: AlexT1m folded before Flop
Seat 4: ryhnoaaaa folded before Flop (didn't bet)
Seat 5: Dorex2007 collected ($0.43)
Seat 6: MCAS1994 (button) folded on the Flop
Seat 7: jeka211011 (small blind) folded before Flop
Seat 8: sebbemannenn (big blind) folded before Flop
Seat 9: toonpid folded before Flop



PokerStars Hand #223786112627:  Hold'em No Limit ($0.01/$0.02 USD) - 2021/02/13 17:03:18 PT [2021/02/13 20:03:18 ET]
Table 'Alsatia II' 9-max Seat #7 is the button
Seat 1: Sticky514 ($7.03 in chips) 
Seat 3: AlexT1m ($2.03 in chips) 
Seat 4: ryhnoaaaa ($2.83 in chips) 
Seat 5: Dorex2007 ($2.78 in chips) 
Seat 6: MCAS1994 ($4.85 in chips) 
Seat 7: jeka211011 ($2.88 in chips) 
Seat 8: sebbemannenn ($2.11 in chips) 
Seat 9: toonpid ($1.22 in chips) 
sebbemannenn: posts small blind $0.01
toonpid: posts big blind $0.02
*** HOLE CARDS ***
Dealt to Dorex2007 [2h 4c]
Sticky514: folds 
AlexT1m: folds 
ryhnoaaaa: calls $0.02
Dorex2007: folds 
MCAS1994: folds 
jeka211011: raises $0.07 to $0.09
sebbemannenn: calls $0.08
toonpid: raises $0.09 to $0.18
ryhnoaaaa: folds 
jeka211011: calls $0.09
sebbemannenn: calls $0.09
*** FLOP *** [7h 9h 2c]
sebbemannenn: checks 
toonpid: bets $1.04 and is all-in
jeka211011: calls $1.04
sebbemannenn: folds 
*** TURN *** [7h 9h 2c] [3s]
*** RIVER *** [7h 9h 2c 3s] [3d]
*** SHOW DOWN ***
toonpid: shows [Ad Td] (a pair of Threes)
jeka211011: shows [Qh Ah] (a pair of Threes - Ace+Queen kicker)
jeka211011 collected $2.55 from pot
*** SUMMARY ***
Total pot $2.64 | Rake $0.09 
Board [7h 9h 2c 3s 3d]
Seat 1: Sticky514 folded before Flop (didn't bet)
Seat 3: AlexT1m folded before Flop (didn't bet)
Seat 4: ryhnoaaaa folded before Flop
Seat 5: Dorex2007 folded before Flop (didn't bet)
Seat 6: MCAS1994 folded before Flop (didn't bet)
Seat 7: jeka211011 (button) showed [Qh Ah] and won ($2.55) with a pair of Threes
Seat 8: sebbemannenn (small blind) folded on the Flop
Seat 9: toonpid (big blind) showed [Ad Td] and lost with a pair of Threes



PokerStars Hand #223786145523:  Hold'em No Limit ($0.01/$0.02 USD) - 2021/02/13 17:04:28 PT [2021/02/13 20:04:28 ET]
Table 'Alsatia II' 9-max Seat #8 is the button
Seat 1: Sticky514 ($7.03 in chips) 
Seat 3: AlexT1m ($2.03 in chips) 
Seat 4: ryhnoaaaa ($2.81 in chips) 
Seat 5: Dorex2007 ($2.78 in chips) 
Seat 6: MCAS1994 ($4.85 in chips) 
Seat 7: jeka211011 ($4.21 in chips) 
Seat 8: sebbemannenn ($1.93 in chips) 
Sticky514: posts small blind $0.01
AlexT1m: posts big blind $0.02
*** HOLE CARDS ***
Dealt to Dorex2007 [3c 2c]
ryhnoaaaa: folds 
Dorex2007: folds 
MCAS1994: folds 
jeka211011: folds 
sebbemannenn: folds 
Sticky514: calls $0.01
AlexT1m: checks 
*** FLOP *** [Jc Js Th]
Sticky514: checks 
toonpid is disconnected 
AlexT1m: checks 
*** TURN *** [Jc Js Th] [Ts]
toonpid leaves the table
Sticky514: checks 
AlexT1m: checks 
*** RIVER *** [Jc Js Th Ts] [Jd]
Sticky514: checks 
AlexT1m: checks 
*** SHOW DOWN ***
Sticky514: shows [3d Qd] (a full house, Jacks full of Tens)
AlexT1m: shows [Kh 6s] (a full house, Jacks full of Tens)
Sticky514 collected $0.02 from pot
AlexT1m collected $0.02 from pot
BanneyB was removed from the table for failing to post
BanneyB leaves the table
*** SUMMARY ***
Total pot $0.04 | Rake $0 
Board [Jc Js Th Ts Jd]
Seat 1: Sticky514 (small blind) showed [3d Qd] and won ($0.02) with a full house, Jacks full of Tens
Seat 3: AlexT1m (big blind) showed [Kh 6s] and won ($0.02) with a full house, Jacks full of Tens
Seat 4: ryhnoaaaa folded before Flop (didn't bet)
Seat 5: Dorex2007 folded before Flop (didn't bet)
Seat 6: MCAS1994 folded before Flop (didn't bet)
Seat 7: jeka211011 folded before Flop (didn't bet)
Seat 8: sebbemannenn (button) folded before Flop (didn't bet)



PokerStars Hand #223786168864:  Hold'em No Limit ($0.01/$0.02 USD) - 2021/02/13 17:05:18 PT [2021/02/13 20:05:18 ET]
Table 'Alsatia II' 9-max Seat #1 is the button
Seat 1: Sticky514 ($7.03 in chips) 
Seat 3: AlexT1m ($2.03 in chips) 
Seat 4: ryhnoaaaa ($2.81 in chips) 
Seat 5: Dorex2007 ($2.78 in chips) 
Seat 6: MCAS1994 ($4.85 in chips) 
Seat 7: jeka211011 ($4.21 in chips) 
Seat 8: sebbemannenn ($1.93 in chips) 
AlexT1m: posts small blind $0.01
ryhnoaaaa: posts big blind $0.02
*** HOLE CARDS ***
Dealt to Dorex2007 [Kd Th]
Dorex2007: calls $0.02
MCAS1994: raises $0.07 to $0.09
jeka211011: folds 
sebbemannenn: folds 
Sticky514: calls $0.09
AlexT1m: folds 
ryhnoaaaa: calls $0.07
Dorex2007: calls $0.07
*** FLOP *** [Qs 4c 2s]
ryhnoaaaa: checks 
Dorex2007: bets $0.18
MCAS1994: folds 
Sticky514: folds 
ryhnoaaaa: calls $0.18
*** TURN *** [Qs 4c 2s] [7c]
ryhnoaaaa: checks 
Dorex2007: bets $0.70
ryhnoaaaa: folds 
Uncalled bet ($0.70) returned to Dorex2007
Dorex2007 collected $0.70 from pot
Dorex2007: doesn't show hand 
*** SUMMARY ***
Total pot $0.73 | Rake $0.03 
Board [Qs 4c 2s 7c]
Seat 1: Sticky514 (button) folded on the Flop
Seat 3: AlexT1m (small blind) folded before Flop
Seat 4: ryhnoaaaa (big blind) folded on the Turn
Seat 5: Dorex2007 collected ($0.70)
Seat 6: MCAS1994 folded on the Flop
Seat 7: jeka211011 folded before Flop (didn't bet)
Seat 8: sebbemannenn folded before Flop (didn't bet)



PokerStars Hand #223786205223:  Hold'em No Limit ($0.01/$0.02 USD) - 2021/02/13 17:06:36 PT [2021/02/13 20:06:36 ET]
Table 'Alsatia II' 9-max Seat #3 is the button
Seat 1: Sticky514 ($6.94 in chips) 
Seat 3: AlexT1m ($2.02 in chips) 
Seat 4: ryhnoaaaa ($2.54 in chips) 
Seat 5: Dorex2007 ($3.21 in chips) 
Seat 6: MCAS1994 ($4.76 in chips) 
Seat 7: jeka211011 ($4.21 in chips) 
Seat 8: sebbemannenn ($1.93 in chips) 
ryhnoaaaa: posts small blind $0.01
Dorex2007: posts big blind $0.02
*** HOLE CARDS ***
Dealt to Dorex2007 [3h 7h]
MCAS1994: folds 
jeka211011: folds 
sebbemannenn: calls $0.02
Sticky514: calls $0.02
AlexT1m: folds 
ryhnoaaaa: calls $0.01
Dorex2007: checks 
*** FLOP *** [5s 4d Kd]
ryhnoaaaa: checks 
Dorex2007: bets $0.02
sebbemannenn: raises $0.12 to $0.14
Sticky514: calls $0.14
ryhnoaaaa: folds 
Dorex2007: folds 
*** TURN *** [5s 4d Kd] [3d]
Luferis joins the table at seat #9 
sebbemannenn: bets $0.18
Sticky514: calls $0.18
*** RIVER *** [5s 4d Kd 3d] [5h]
sebbemannenn: bets $1.59 and is all-in
Sticky514: folds 
Uncalled bet ($1.59) returned to sebbemannenn
sebbemannenn collected $0.71 from pot
sebbemannenn: doesn't show hand 
*** SUMMARY ***
Total pot $0.74 | Rake $0.03 
Board [5s 4d Kd 3d 5h]
Seat 1: Sticky514 folded on the River
Seat 3: AlexT1m (button) folded before Flop (didn't bet)
Seat 4: ryhnoaaaa (small blind) folded on the Flop
Seat 5: Dorex2007 (big blind) folded on the Flop
Seat 6: MCAS1994 folded before Flop (didn't bet)
Seat 7: jeka211011 folded before Flop (didn't bet)
Seat 8: sebbemannenn collected ($0.71)



PokerStars Hand #223786239298:  Hold'em No Limit ($0.01/$0.02 USD) - 2021/02/13 17:07:50 PT [2021/02/13 20:07:50 ET]
Table 'Alsatia II' 9-max Seat #4 is the button
Seat 1: Sticky514 ($6.60 in chips) 
Seat 3: AlexT1m ($2.02 in chips) 
Seat 4: ryhnoaaaa ($2.52 in chips) 
Seat 5: Dorex2007 ($3.17 in chips) 
Seat 6: MCAS1994 ($4.76 in chips) 
Seat 7: jeka211011 ($4.21 in chips) 
Seat 8: sebbemannenn ($2.30 in chips) 
Seat 9: Luferis ($0.80 in chips) 
Dorex2007: posts small blind $0.01
MCAS1994: posts big blind $0.02
Luferis: posts big blind $0.02
*** HOLE CARDS ***
Dealt to Dorex2007 [5c Qs]
jeka211011: folds 
sebbemannenn: folds 
Luferis: checks 
Sticky514: raises $0.04 to $0.06
AlexT1m: folds 
ryhnoaaaa: folds 
Dorex2007: folds 
MCAS1994: folds 
Luferis: folds 
Uncalled bet ($0.04) returned to Sticky514
Sticky514 collected $0.07 from pot
Sticky514: doesn't show hand 
*** SUMMARY ***
Total pot $0.07 | Rake $0 
Seat 1: Sticky514 collected ($0.07)
Seat 3: AlexT1m folded before Flop (didn't bet)
Seat 4: ryhnoaaaa (button) folded before Flop (didn't bet)
Seat 5: Dorex2007 (small blind) folded before Flop
Seat 6: MCAS1994 (big blind) folded before Flop
Seat 7: jeka211011 folded before Flop (didn't bet)
Seat 8: sebbemannenn folded before Flop (didn't bet)
Seat 9: Luferis folded before Flop (didn't bet)



PokerStars Hand #223786253912:  Hold'em No Limit ($0.01/$0.02 USD) - 2021/02/13 17:08:21 PT [2021/02/13 20:08:21 ET]
Table 'Alsatia II' 9-max Seat #5 is the button
Seat 1: Sticky514 ($6.65 in chips) 
Seat 3: AlexT1m ($2.02 in chips) 
Seat 4: ryhnoaaaa ($2.52 in chips) 
Seat 5: Dorex2007 ($3.16 in chips) 
Seat 6: MCAS1994 ($4.74 in chips) 
Seat 7: jeka211011 ($4.21 in chips) 
Seat 8: sebbemannenn ($2.30 in chips) 
Seat 9: Luferis ($0.78 in chips) 
MCAS1994: posts small blind $0.01
jeka211011: posts big blind $0.02
*** HOLE CARDS ***
Dealt to Dorex2007 [3h Ts]
sebbemannenn: calls $0.02
Luferis: folds 
Sticky514: folds 
AlexT1m: folds 
escanrew joins the table at seat #2 
ryhnoaaaa: calls $0.02
Dorex2007: folds 
MCAS1994: folds 
jeka211011: checks 
*** FLOP *** [As Kd Qs]
jeka211011: checks 
sebbemannenn: checks 
ryhnoaaaa: checks 
*** TURN *** [As Kd Qs] [Qh]
jeka211011: checks 
sebbemannenn: bets $0.02
escanrew leaves the table
ryhnoaaaa: calls $0.02
jeka211011: folds 
*** RIVER *** [As Kd Qs Qh] [7s]
sebbemannenn: bets $0.11
ryhnoaaaa: folds 
Uncalled bet ($0.11) returned to sebbemannenn
sebbemannenn collected $0.11 from pot
sebbemannenn: doesn't show hand 
*** SUMMARY ***
Total pot $0.11 | Rake $0 
Board [As Kd Qs Qh 7s]
Seat 1: Sticky514 folded before Flop (didn't bet)
Seat 3: AlexT1m folded before Flop (didn't bet)
Seat 4: ryhnoaaaa folded on the River
Seat 5: Dorex2007 (button) folded before Flop (didn't bet)
Seat 6: MCAS1994 (small blind) folded before Flop
Seat 7: jeka211011 (big blind) folded on the Turn
Seat 8: sebbemannenn collected ($0.11)
Seat 9: Luferis folded before Flop (didn't bet)



PokerStars Hand #223786278135:  Hold'em No Limit ($0.01/$0.02 USD) - 2021/02/13 17:09:14 PT [2021/02/13 20:09:14 ET]
Table 'Alsatia II' 9-max Seat #6 is the button
Seat 1: Sticky514 ($6.65 in chips) 
Seat 3: AlexT1m ($2.02 in chips) 
Seat 4: ryhnoaaaa ($2.48 in chips) 
Seat 5: Dorex2007 ($3.16 in chips) 
Seat 6: MCAS1994 ($4.73 in chips) 
Seat 7: jeka211011 ($4.19 in chips) 
Seat 8: sebbemannenn ($2.37 in chips) 
Seat 9: Luferis ($0.78 in chips) 
jeka211011: posts small blind $0.01
sebbemannenn: posts big blind $0.02
*** HOLE CARDS ***
Dealt to Dorex2007 [2h 3s]
Luferis: folds 
Sticky514: folds 
AlexT1m: folds 
dppkr102 joins the table at seat #2 
ryhnoaaaa: calls $0.02
Dorex2007: folds 
MCAS1994: raises $0.07 to $0.09
jeka211011: folds 
sebbemannenn: calls $0.07
ryhnoaaaa: calls $0.07
*** FLOP *** [6s Ad 2s]
sebbemannenn: checks 
ryhnoaaaa: bets $0.13
MCAS1994: calls $0.13
sebbemannenn: folds 
*** TURN *** [6s Ad 2s] [2c]
ryhnoaaaa: bets $0.26
MCAS1994: calls $0.26
*** RIVER *** [6s Ad 2s 2c] [2d]
ryhnoaaaa: bets $0.51
MCAS1994: calls $0.51
*** SHOW DOWN ***
ryhnoaaaa: shows [Kc As] (a full house, Deuces full of Aces)
MCAS1994: mucks hand 
ryhnoaaaa collected $2.01 from pot
*** SUMMARY ***
Total pot $2.08 | Rake $0.07 
Board [6s Ad 2s 2c 2d]
Seat 1: Sticky514 folded before Flop (didn't bet)
Seat 3: AlexT1m folded before Flop (didn't bet)
Seat 4: ryhnoaaaa showed [Kc As] and won ($2.01) with a full house, Deuces full of Aces
Seat 5: Dorex2007 folded before Flop (didn't bet)
Seat 6: MCAS1994 (button) mucked [9s 9h]
Seat 7: jeka211011 (small blind) folded before Flop
Seat 8: sebbemannenn (big blind) folded on the Flop
Seat 9: Luferis folded before Flop (didn't bet)



PokerStars Hand #223786317868:  Hold'em No Limit ($0.01/$0.02 USD) - 2021/02/13 17:10:26 PT [2021/02/13 20:10:26 ET]
Table 'Alsatia II' 9-max Seat #7 is the button
Seat 1: Sticky514 ($6.65 in chips) 
Seat 3: AlexT1m ($2.02 in chips) 
Seat 4: ryhnoaaaa ($3.50 in chips) 
Seat 5: Dorex2007 ($3.16 in chips) 
Seat 6: MCAS1994 ($3.74 in chips) 
Seat 7: jeka211011 ($4.18 in chips) 
Seat 8: sebbemannenn ($2.28 in chips) 
Seat 9: Luferis ($0.78 in chips) 
sebbemannenn: posts small blind $0.01
Luferis: posts big blind $0.02
dppkr102: sits out 
*** HOLE CARDS ***
Dealt to Dorex2007 [Ts 5h]
Sticky514 has timed out
Sticky514: folds 
AlexT1m: folds 
ryhnoaaaa: calls $0.02
Dorex2007: folds 
MCAS1994: folds 
jeka211011: calls $0.02
sebbemannenn: calls $0.01
Luferis: checks 
*** FLOP *** [3s Jc 3d]
sebbemannenn: bets $0.04
Luferis: calls $0.04
ryhnoaaaa: calls $0.04
jeka211011: folds 
*** TURN *** [3s Jc 3d] [6d]
sebbemannenn: bets $0.09
Luferis: calls $0.09
ryhnoaaaa: folds 
*** RIVER *** [3s Jc 3d 6d] [Ah]
sebbemannenn: checks 
Luferis: checks 
*** SHOW DOWN ***
sebbemannenn: shows [Jh 2d] (two pair, Jacks and Threes)
Luferis: shows [6c Jd] (two pair, Jacks and Sixes)
Luferis collected $0.37 from pot
*** SUMMARY ***
Total pot $0.38 | Rake $0.01 
Board [3s Jc 3d 6d Ah]
Seat 1: Sticky514 folded before Flop (didn't bet)
Seat 3: AlexT1m folded before Flop (didn't bet)
Seat 4: ryhnoaaaa folded on the Turn
Seat 5: Dorex2007 folded before Flop (didn't bet)
Seat 6: MCAS1994 folded before Flop (didn't bet)
Seat 7: jeka211011 (button) folded on the Flop
Seat 8: sebbemannenn (small blind) showed [Jh 2d] and lost with two pair, Jacks and Threes
Seat 9: Luferis (big blind) showed [6c Jd] and won ($0.37) with two pair, Jacks and Sixes



PokerStars Hand #223786356577:  Hold'em No Limit ($0.01/$0.02 USD) - 2021/02/13 17:11:52 PT [2021/02/13 20:11:52 ET]
Table 'Alsatia II' 9-max Seat #8 is the button
Seat 1: Sticky514 ($6.65 in chips) 
Seat 3: AlexT1m ($2.02 in chips) 
Seat 4: ryhnoaaaa ($3.44 in chips) 
Seat 5: Dorex2007 ($3.16 in chips) 
Seat 6: MCAS1994 ($3.74 in chips) 
Seat 7: jeka211011 ($4.16 in chips) 
Seat 8: sebbemannenn ($2.13 in chips) 
Seat 9: Luferis ($1 in chips) 
Luferis: posts small blind $0.01
Sticky514: posts big blind $0.02
dppkr102: sits out 
*** HOLE CARDS ***
Dealt to Dorex2007 [Qs 3s]
AlexT1m: folds 
ryhnoaaaa: folds 
Dorex2007: folds 
MCAS1994: raises $0.04 to $0.06
jeka211011: calls $0.06
sebbemannenn: calls $0.06
Luferis: raises $0.26 to $0.32
Sticky514: folds 
MCAS1994: folds 
jeka211011: folds 
sebbemannenn: folds 
Uncalled bet ($0.26) returned to Luferis
Luferis collected $0.26 from pot
Luferis: doesn't show hand 
*** SUMMARY ***
Total pot $0.26 | Rake $0 
Seat 1: Sticky514 (big blind) folded before Flop
Seat 3: AlexT1m folded before Flop (didn't bet)
Seat 4: ryhnoaaaa folded before Flop (didn't bet)
Seat 5: Dorex2007 folded before Flop (didn't bet)
Seat 6: MCAS1994 folded before Flop
Seat 7: jeka211011 folded before Flop
Seat 8: sebbemannenn (button) folded before Flop
Seat 9: Luferis (small blind) collected ($0.26)



PokerStars Hand #223786373897:  Hold'em No Limit ($0.01/$0.02 USD) - 2021/02/13 17:12:30 PT [2021/02/13 20:12:30 ET]
Table 'Alsatia II' 9-max Seat #9 is the button
Seat 1: Sticky514 ($6.63 in chips) 
Seat 2: dppkr102 ($2 in chips) 
Seat 3: AlexT1m ($2.02 in chips) 
Seat 4: ryhnoaaaa ($3.44 in chips) 
Seat 5: Dorex2007 ($3.16 in chips) 
Seat 6: MCAS1994 ($3.68 in chips) 
Seat 7: jeka211011 ($4.10 in chips) 
Seat 8: sebbemannenn ($2.07 in chips) 
Seat 9: Luferis ($1.20 in chips) 
Sticky514: posts small blind $0.01
dppkr102: posts big blind $0.02
*** HOLE CARDS ***
Dealt to Dorex2007 [3d Jc]
AlexT1m: folds 
ryhnoaaaa: calls $0.02
Dorex2007: folds 
MCAS1994: raises $0.07 to $0.09
jeka211011: folds 
sebbemannenn: calls $0.09
Luferis: folds 
Sticky514: folds 
dppkr102: folds 
ryhnoaaaa: folds 
*** FLOP *** [2d Qs 7s]
MCAS1994: bets $0.11
sebbemannenn: folds 
Uncalled bet ($0.11) returned to MCAS1994
MCAS1994 collected $0.22 from pot
MCAS1994: doesn't show hand 
*** SUMMARY ***
Total pot $0.23 | Rake $0.01 
Board [2d Qs 7s]
Seat 1: Sticky514 (small blind) folded before Flop
Seat 2: dppkr102 (big blind) folded before Flop
Seat 3: AlexT1m folded before Flop (didn't bet)
Seat 4: ryhnoaaaa folded before Flop
Seat 5: Dorex2007 folded before Flop (didn't bet)
Seat 6: MCAS1994 collected ($0.22)
Seat 7: jeka211011 folded before Flop (didn't bet)
Seat 8: sebbemannenn folded on the Flop
Seat 9: Luferis (button) folded before Flop (didn't bet)



PokerStars Hand #223786391226:  Hold'em No Limit ($0.01/$0.02 USD) - 2021/02/13 17:13:09 PT [2021/02/13 20:13:09 ET]
Table 'Alsatia II' 9-max Seat #1 is the button
Seat 1: Sticky514 ($6.62 in chips) 
Seat 2: dppkr102 ($1.98 in chips) 
Seat 3: AlexT1m ($2.02 in chips) 
Seat 4: ryhnoaaaa ($3.42 in chips) 
Seat 5: Dorex2007 ($3.16 in chips) 
Seat 6: MCAS1994 ($3.81 in chips) 
Seat 7: jeka211011 ($4.10 in chips) 
Seat 8: sebbemannenn ($1.98 in chips) 
Seat 9: Luferis ($1.20 in chips) 
dppkr102: posts small blind $0.01
AlexT1m: posts big blind $0.02
*** HOLE CARDS ***
Dealt to Dorex2007 [Qh 9c]
ryhnoaaaa: folds 
Dorex2007: folds 
MCAS1994: folds 
jeka211011: folds 
sebbemannenn: calls $0.02
Luferis: calls $0.02
Sticky514: calls $0.02
dppkr102: folds 
AlexT1m: checks 
*** FLOP *** [9d 2h 2c]
AlexT1m: checks 
sebbemannenn: checks 
Luferis: checks 
Sticky514: checks 
*** TURN *** [9d 2h 2c] [Qs]
AlexT1m: checks 
sebbemannenn: checks 
Luferis: checks 
Sticky514: checks 
*** RIVER *** [9d 2h 2c Qs] [3c]
AlexT1m: bets $0.02
sebbemannenn: folds 
Luferis: calls $0.02
Sticky514: folds 
*** SHOW DOWN ***
AlexT1m: shows [Qd 6s] (two pair, Queens and Deuces)
Luferis: mucks hand 
AlexT1m collected $0.13 from pot
*** SUMMARY ***
Total pot $0.13 | Rake $0 
Board [9d 2h 2c Qs 3c]
Seat 1: Sticky514 (button) folded on the River
Seat 2: dppkr102 (small blind) folded before Flop
Seat 3: AlexT1m (big blind) showed [Qd 6s] and won ($0.13) with two pair, Queens and Deuces
Seat 4: ryhnoaaaa folded before Flop (didn't bet)
Seat 5: Dorex2007 folded before Flop (didn't bet)
Seat 6: MCAS1994 folded before Flop (didn't bet)
Seat 7: jeka211011 folded before Flop (didn't bet)
Seat 8: sebbemannenn folded on the River
Seat 9: Luferis mucked [3d Kd]



PokerStars Hand #223786426389:  Hold'em No Limit ($0.01/$0.02 USD) - 2021/02/13 17:14:26 PT [2021/02/13 20:14:26 ET]
Table 'Alsatia II' 9-max Seat #2 is the button
Seat 1: Sticky514 ($6.60 in chips) 
Seat 2: dppkr102 ($1.97 in chips) 
Seat 3: AlexT1m ($2.11 in chips) 
Seat 4: ryhnoaaaa ($3.42 in chips) 
Seat 5: Dorex2007 ($3.16 in chips) 
Seat 6: MCAS1994 ($3.81 in chips) 
Seat 7: jeka211011 ($4.10 in chips) 
Seat 8: sebbemannenn ($1.96 in chips) 
Seat 9: Luferis ($1.16 in chips) 
AlexT1m: posts small blind $0.01
ryhnoaaaa: posts big blind $0.02
*** HOLE CARDS ***
Dealt to Dorex2007 [8d Th]
Dorex2007: folds 
MCAS1994: folds 
jeka211011: folds 
sebbemannenn: folds 
Luferis: folds 
Sticky514: folds 
dppkr102: folds 
AlexT1m: raises $0.04 to $0.06
ryhnoaaaa: calls $0.04
*** FLOP *** [Jd 3c 8s]
AlexT1m: bets $0.04
ryhnoaaaa: calls $0.04
*** TURN *** [Jd 3c 8s] [Kd]
AlexT1m: bets $0.10
ryhnoaaaa: calls $0.10
*** RIVER *** [Jd 3c 8s Kd] [Qd]
AlexT1m: checks 
ryhnoaaaa: checks 
*** SHOW DOWN ***
AlexT1m: shows [Ad 9h] (high card Ace)
ryhnoaaaa: mucks hand 
AlexT1m collected $0.39 from pot
*** SUMMARY ***
Total pot $0.40 | Rake $0.01 
Board [Jd 3c 8s Kd Qd]
Seat 1: Sticky514 folded before Flop (didn't bet)
Seat 2: dppkr102 (button) folded before Flop (didn't bet)
Seat 3: AlexT1m (small blind) showed [Ad 9h] and won ($0.39) with high card Ace
Seat 4: ryhnoaaaa (big blind) mucked [As 4h]
Seat 5: Dorex2007 folded before Flop (didn't bet)
Seat 6: MCAS1994 folded before Flop (didn't bet)
Seat 7: jeka211011 folded before Flop (didn't bet)
Seat 8: sebbemannenn folded before Flop (didn't bet)
Seat 9: Luferis folded before Flop (didn't bet)



PokerStars Hand #223786453459:  Hold'em No Limit ($0.01/$0.02 USD) - 2021/02/13 17:15:19 PT [2021/02/13 20:15:19 ET]
Table 'Alsatia II' 9-max Seat #3 is the button
Seat 1: Sticky514 ($6.60 in chips) 
Seat 2: dppkr102 ($1.97 in chips) 
Seat 3: AlexT1m ($2.30 in chips) 
Seat 4: ryhnoaaaa ($3.22 in chips) 
Seat 5: Dorex2007 ($3.16 in chips) 
Seat 6: MCAS1994 ($3.81 in chips) 
Seat 7: jeka211011 ($4.10 in chips) 
Seat 8: sebbemannenn ($1.96 in chips) 
Seat 9: Luferis ($1.16 in chips) 
ryhnoaaaa: posts small blind $0.01
Dorex2007: posts big blind $0.02
*** HOLE CARDS ***
Dealt to Dorex2007 [5h 8h]
MCAS1994: folds 
jeka211011: folds 
sebbemannenn: calls $0.02
Luferis: calls $0.02
Sticky514: folds 
dppkr102: folds 
AlexT1m: folds 
ryhnoaaaa: calls $0.01
Dorex2007: checks 
*** FLOP *** [Ad 6d 6h]
ryhnoaaaa: checks 
Dorex2007: checks 
sebbemannenn: checks 
Luferis: checks 
*** TURN *** [Ad 6d 6h] [Jd]
ryhnoaaaa: bets $0.02
Dorex2007: folds 
sebbemannenn: folds 
Luferis: calls $0.02
*** RIVER *** [Ad 6d 6h Jd] [Ts]
ryhnoaaaa: bets $0.06
Luferis: calls $0.06
*** SHOW DOWN ***
ryhnoaaaa: shows [5d 5c] (two pair, Sixes and Fives)
Luferis: shows [Js Th] (two pair, Jacks and Tens)
Luferis collected $0.23 from pot
*** SUMMARY ***
Total pot $0.24 | Rake $0.01 
Board [Ad 6d 6h Jd Ts]
Seat 1: Sticky514 folded before Flop (didn't bet)
Seat 2: dppkr102 folded before Flop (didn't bet)
Seat 3: AlexT1m (button) folded before Flop (didn't bet)
Seat 4: ryhnoaaaa (small blind) showed [5d 5c] and lost with two pair, Sixes and Fives
Seat 5: Dorex2007 (big blind) folded on the Turn
Seat 6: MCAS1994 folded before Flop (didn't bet)
Seat 7: jeka211011 folded before Flop (didn't bet)
Seat 8: sebbemannenn folded on the Turn
Seat 9: Luferis showed [Js Th] and won ($0.23) with two pair, Jacks and Tens



PokerStars Hand #223786476150:  Hold'em No Limit ($0.01/$0.02 USD) - 2021/02/13 17:16:10 PT [2021/02/13 20:16:10 ET]
Table 'Alsatia II' 9-max Seat #4 is the button
Seat 1: Sticky514 ($6.60 in chips) 
Seat 2: dppkr102 ($1.97 in chips) 
Seat 3: AlexT1m ($2.30 in chips) 
Seat 4: ryhnoaaaa ($3.12 in chips) 
Seat 5: Dorex2007 ($3.14 in chips) 
Seat 6: MCAS1994 ($3.81 in chips) 
Seat 7: jeka211011 ($4.10 in chips) 
Seat 8: sebbemannenn ($1.94 in chips) 
Seat 9: Luferis ($1.29 in chips) 
Dorex2007: posts small blind $0.01
MCAS1994: posts big blind $0.02
*** HOLE CARDS ***
Dealt to Dorex2007 [8h Ks]
jeka211011: calls $0.02
sebbemannenn: calls $0.02
Luferis: folds 
Sticky514: folds 
dppkr102: folds 
AlexT1m: calls $0.02
ryhnoaaaa: calls $0.02
Dorex2007: folds 
MCAS1994: checks 
*** FLOP *** [Kc Ah 6h]
MCAS1994: checks 
jeka211011: checks 
sebbemannenn: bets $0.05
AlexT1m: folds 
ryhnoaaaa: calls $0.05
MCAS1994: calls $0.05
jeka211011: folds 
*** TURN *** [Kc Ah 6h] [8s]
MCAS1994: checks 
sebbemannenn: bets $0.12
ryhnoaaaa: calls $0.12
MCAS1994: calls $0.12
*** RIVER *** [Kc Ah 6h 8s] [5s]
MCAS1994: checks 
sebbemannenn: bets $0.60
ryhnoaaaa: folds 
MCAS1994: calls $0.60
*** SHOW DOWN ***
sebbemannenn: shows [Kh Qh] (a pair of Kings)
MCAS1994: shows [Ac 3s] (a pair of Aces)
MCAS1994 collected $1.76 from pot
*** SUMMARY ***
Total pot $1.82 | Rake $0.06 
Board [Kc Ah 6h 8s 5s]
Seat 1: Sticky514 folded before Flop (didn't bet)
Seat 2: dppkr102 folded before Flop (didn't bet)
Seat 3: AlexT1m folded on the Flop
Seat 4: ryhnoaaaa (button) folded on the River
Seat 5: Dorex2007 (small blind) folded before Flop
Seat 6: MCAS1994 (big blind) showed [Ac 3s] and won ($1.76) with a pair of Aces
Seat 7: jeka211011 folded on the Flop
Seat 8: sebbemannenn showed [Kh Qh] and lost with a pair of Kings
Seat 9: Luferis folded before Flop (didn't bet)



PokerStars Hand #223786503852:  Hold'em No Limit ($0.01/$0.02 USD) - 2021/02/13 17:17:12 PT [2021/02/13 20:17:12 ET]
Table 'Alsatia II' 9-max Seat #5 is the button
Seat 1: Sticky514 ($6.60 in chips) 
Seat 2: dppkr102 ($1.97 in chips) 
Seat 3: AlexT1m ($2.28 in chips) 
Seat 4: ryhnoaaaa ($2.93 in chips) 
Seat 5: Dorex2007 ($3.13 in chips) 
Seat 6: MCAS1994 ($4.78 in chips) 
Seat 7: jeka211011 ($4.08 in chips) 
Seat 8: sebbemannenn ($1.15 in chips) 
Seat 9: Luferis ($1.29 in chips) 
MCAS1994: posts small blind $0.01
jeka211011: posts big blind $0.02
*** HOLE CARDS ***
Dealt to Dorex2007 [Ts 6c]
sebbemannenn: folds 
Luferis: folds 
Sticky514: folds 
dppkr102: folds 
AlexT1m: folds 
ryhnoaaaa: folds 
Dorex2007: folds 
MCAS1994: raises $0.04 to $0.06
jeka211011: folds 
Uncalled bet ($0.04) returned to MCAS1994
MCAS1994 collected $0.04 from pot
MCAS1994: doesn't show hand 
*** SUMMARY ***
Total pot $0.04 | Rake $0 
Seat 1: Sticky514 folded before Flop (didn't bet)
Seat 2: dppkr102 folded before Flop (didn't bet)
Seat 3: AlexT1m folded before Flop (didn't bet)
Seat 4: ryhnoaaaa folded before Flop (didn't bet)
Seat 5: Dorex2007 (button) folded before Flop (didn't bet)
Seat 6: MCAS1994 (small blind) collected ($0.04)
Seat 7: jeka211011 (big blind) folded before Flop
Seat 8: sebbemannenn folded before Flop (didn't bet)
Seat 9: Luferis folded before Flop (didn't bet)



PokerStars Hand #223786526819:  Hold'em No Limit ($0.01/$0.02 USD) - 2021/02/13 17:17:58 PT [2021/02/13 20:17:58 ET]
Table 'Alsatia II' 9-max Seat #6 is the button
Seat 1: Sticky514 ($6.60 in chips) 
Seat 2: dppkr102 ($1.97 in chips) 
Seat 3: AlexT1m ($2.28 in chips) 
Seat 4: ryhnoaaaa ($2.93 in chips) 
Seat 5: Dorex2007 ($3.13 in chips) 
Seat 6: MCAS1994 ($4.80 in chips) 
Seat 7: jeka211011 ($4.06 in chips) 
Seat 8: sebbemannenn ($1.15 in chips) 
Seat 9: Luferis ($1.29 in chips) 
jeka211011: posts small blind $0.01
sebbemannenn: posts big blind $0.02
*** HOLE CARDS ***
Dealt to Dorex2007 [4h Kh]
Luferis has timed out
Luferis: folds 
Sticky514 has timed out
Sticky514: folds 
dppkr102: folds 
AlexT1m: raises $0.04 to $0.06
ryhnoaaaa: folds 
Dorex2007: folds 
MCAS1994: calls $0.06
jeka211011: folds 
sebbemannenn: calls $0.04
*** FLOP *** [Ts 2d 8d]
sebbemannenn: checks 
AlexT1m: bets $0.09
MCAS1994: folds 
sebbemannenn: folds 
Uncalled bet ($0.09) returned to AlexT1m
AlexT1m collected $0.18 from pot
*** SUMMARY ***
Total pot $0.19 | Rake $0.01 
Board [Ts 2d 8d]
Seat 1: Sticky514 folded before Flop (didn't bet)
Seat 2: dppkr102 folded before Flop (didn't bet)
Seat 3: AlexT1m collected ($0.18)
Seat 4: ryhnoaaaa folded before Flop (didn't bet)
Seat 5: Dorex2007 folded before Flop (didn't bet)
Seat 6: MCAS1994 (button) folded on the Flop
Seat 7: jeka211011 (small blind) folded before Flop
Seat 8: sebbemannenn (big blind) folded on the Flop
Seat 9: Luferis folded before Flop (didn't bet)



PokerStars Hand #223786559920:  Hold'em No Limit ($0.01/$0.02 USD) - 2021/02/13 17:19:13 PT [2021/02/13 20:19:13 ET]
Table 'Alsatia II' 9-max Seat #7 is the button
Seat 1: Sticky514 ($6.60 in chips) 
Seat 2: dppkr102 ($1.97 in chips) 
Seat 3: AlexT1m ($2.40 in chips) 
Seat 4: ryhnoaaaa ($2.93 in chips) 
Seat 5: Dorex2007 ($3.13 in chips) 
Seat 6: MCAS1994 ($4.74 in chips) 
Seat 7: jeka211011 ($4.05 in chips) 
Seat 8: sebbemannenn ($1.09 in chips) 
Seat 9: Luferis ($1.29 in chips) 
sebbemannenn: posts small blind $0.01
Luferis: posts big blind $0.02
*** HOLE CARDS ***
Dealt to Dorex2007 [Ad 7d]
Sticky514: folds 
dppkr102: folds 
ryhnoaaaa is disconnected 
AlexT1m: raises $0.04 to $0.06
ryhnoaaaa has timed out while disconnected
ryhnoaaaa: folds 
Dorex2007: folds 
MCAS1994: calls $0.06
jeka211011: folds 
sebbemannenn: folds 
Luferis: folds 
*** FLOP *** [7s 8h Jd]
AlexT1m: bets $0.05
MCAS1994: calls $0.05
*** TURN *** [7s 8h Jd] [3h]
AlexT1m: checks 
MCAS1994: bets $0.12
AlexT1m: folds 
Uncalled bet ($0.12) returned to MCAS1994
MCAS1994 collected $0.24 from pot
MCAS1994: doesn't show hand 
*** SUMMARY ***
Total pot $0.25 | Rake $0.01 
Board [7s 8h Jd 3h]
Seat 1: Sticky514 folded before Flop (didn't bet)
Seat 2: dppkr102 folded before Flop (didn't bet)
Seat 3: AlexT1m folded on the Turn
Seat 4: ryhnoaaaa folded before Flop (didn't bet)
Seat 5: Dorex2007 folded before Flop (didn't bet)
Seat 6: MCAS1994 collected ($0.24)
Seat 7: jeka211011 (button) folded before Flop (didn't bet)
Seat 8: sebbemannenn (small blind) folded before Flop
Seat 9: Luferis (big blind) folded before Flop



PokerStars Hand #223786587164:  Hold'em No Limit ($0.01/$0.02 USD) - 2021/02/13 17:20:15 PT [2021/02/13 20:20:15 ET]
Table 'Alsatia II' 9-max Seat #8 is the button
Seat 1: Sticky514 ($6.60 in chips) 
Seat 2: dppkr102 ($1.97 in chips) 
Seat 3: AlexT1m ($2.29 in chips) 
Seat 5: Dorex2007 ($3.13 in chips) 
Seat 6: MCAS1994 ($4.87 in chips) 
Seat 7: jeka211011 ($4.05 in chips) 
Seat 8: sebbemannenn ($1.08 in chips) 
Seat 9: Luferis ($1.27 in chips) 
Luferis: posts small blind $0.01
Sticky514: posts big blind $0.02
*** HOLE CARDS ***
Dealt to Dorex2007 [7c Ks]
dppkr102: folds 
AlexT1m: folds 
Dorex2007: folds 
MCAS1994: folds 
jeka211011: calls $0.02
sebbemannenn: calls $0.02
Luferis: calls $0.01
Sticky514: checks 
*** FLOP *** [8c 9c Kd]
Luferis: checks 
Sticky514: bets $0.06
jeka211011: folds 
sebbemannenn: calls $0.06
Luferis: folds 
*** TURN *** [8c 9c Kd] [6h]
Sticky514: bets $0.09
sebbemannenn: calls $0.09
*** RIVER *** [8c 9c Kd 6h] [8s]
Sticky514: bets $0.18
sebbemannenn: folds 
Uncalled bet ($0.18) returned to Sticky514
Sticky514 collected $0.37 from pot
Sticky514: doesn't show hand 
*** SUMMARY ***
Total pot $0.38 | Rake $0.01 
Board [8c 9c Kd 6h 8s]
Seat 1: Sticky514 (big blind) collected ($0.37)
Seat 2: dppkr102 folded before Flop (didn't bet)
Seat 3: AlexT1m folded before Flop (didn't bet)
Seat 5: Dorex2007 folded before Flop (didn't bet)
Seat 6: MCAS1994 folded before Flop (didn't bet)
Seat 7: jeka211011 folded on the Flop
Seat 8: sebbemannenn (button) folded on the River
Seat 9: Luferis (small blind) folded on the Flop



PokerStars Hand #223786622532:  Hold'em No Limit ($0.01/$0.02 USD) - 2021/02/13 17:21:13 PT [2021/02/13 20:21:13 ET]
Table 'Alsatia II' 9-max Seat #9 is the button
Seat 1: Sticky514 ($6.80 in chips) 
Seat 2: dppkr102 ($1.97 in chips) 
Seat 3: AlexT1m ($2.29 in chips) 
Seat 5: Dorex2007 ($3.13 in chips) 
Seat 6: MCAS1994 ($4.87 in chips) 
Seat 7: jeka211011 ($4.03 in chips) 
Seat 8: sebbemannenn ($0.91 in chips) 
Seat 9: Luferis ($1.25 in chips) 
Sticky514: posts small blind $0.01
dppkr102: posts big blind $0.02
*** HOLE CARDS ***
Dealt to Dorex2007 [7h 2h]
AlexT1m: folds 
Dorex2007: folds 
MCAS1994: folds 
jeka211011: folds 
sebbemannenn: folds 
sebbemannenn leaves the table
Luferis: folds 
Sticky514: calls $0.01
dppkr102: checks 
*** FLOP *** [4h 3h Ad]
Sticky514: bets $0.02
dppkr102: folds 
Uncalled bet ($0.02) returned to Sticky514
Sticky514 collected $0.04 from pot
Sticky514: doesn't show hand 
*** SUMMARY ***
Total pot $0.04 | Rake $0 
Board [4h 3h Ad]
Seat 1: Sticky514 (small blind) collected ($0.04)
Seat 2: dppkr102 (big blind) folded on the Flop
Seat 3: AlexT1m folded before Flop (didn't bet)
Seat 5: Dorex2007 folded before Flop (didn't bet)
Seat 6: MCAS1994 folded before Flop (didn't bet)
Seat 7: jeka211011 folded before Flop (didn't bet)
Seat 8: sebbemannenn folded before Flop (didn't bet)
Seat 9: Luferis (button) folded before Flop (didn't bet)



PokerStars Hand #223786641090:  Hold'em No Limit ($0.01/$0.02 USD) - 2021/02/13 17:21:46 PT [2021/02/13 20:21:46 ET]
Table 'Alsatia II' 9-max Seat #1 is the button
Seat 1: Sticky514 ($6.82 in chips) 
Seat 2: dppkr102 ($1.95 in chips) 
Seat 3: AlexT1m ($2.29 in chips) 
Seat 5: Dorex2007 ($3.13 in chips) 
Seat 6: MCAS1994 ($4.87 in chips) 
Seat 7: jeka211011 ($4.03 in chips) 
Seat 9: Luferis ($1.25 in chips) 
dppkr102: posts small blind $0.01
AlexT1m: posts big blind $0.02
*** HOLE CARDS ***
Dealt to Dorex2007 [5c Tc]
Dorex2007: folds 
MCAS1994: folds 
jeka211011: folds 
Luferis: calls $0.02
Sticky514: folds 
dppkr102: folds 
AlexT1m: checks 
*** FLOP *** [Ks 2d 6s]
AlexT1m: checks 
Luferis: checks 
*** TURN *** [Ks 2d 6s] [Kh]
PaQeda joins the table at seat #8 
AlexT1m: checks 
Luferis: checks 
*** RIVER *** [Ks 2d 6s Kh] [4s]
AlexT1m: checks 
Luferis: bets $0.05
AlexT1m: folds 
Uncalled bet ($0.05) returned to Luferis
Luferis collected $0.05 from pot
Luferis: doesn't show hand 
*** SUMMARY ***
Total pot $0.05 | Rake $0 
Board [Ks 2d 6s Kh 4s]
Seat 1: Sticky514 (button) folded before Flop (didn't bet)
Seat 2: dppkr102 (small blind) folded before Flop
Seat 3: AlexT1m (big blind) folded on the River
Seat 5: Dorex2007 folded before Flop (didn't bet)
Seat 6: MCAS1994 folded before Flop (didn't bet)
Seat 7: jeka211011 folded before Flop (didn't bet)
Seat 9: Luferis collected ($0.05)



PokerStars Hand #223786657568:  Hold'em No Limit ($0.01/$0.02 USD) - 2021/02/13 17:22:23 PT [2021/02/13 20:22:23 ET]
Table 'Alsatia II' 9-max Seat #2 is the button
Seat 1: Sticky514 ($6.82 in chips) 
Seat 2: dppkr102 ($1.94 in chips) 
Seat 3: AlexT1m ($2.27 in chips) 
Seat 5: Dorex2007 ($3.13 in chips) 
Seat 6: MCAS1994 ($4.87 in chips) 
Seat 7: jeka211011 ($4.03 in chips) 
Seat 8: PaQeda ($2 in chips) 
Seat 9: Luferis ($1.28 in chips) 
AlexT1m: posts small blind $0.01
Dorex2007: posts big blind $0.02
PaQeda: posts big blind $0.02
*** HOLE CARDS ***
Dealt to Dorex2007 [Ts 3d]
MCAS1994: folds 
jeka211011: folds 
PaQeda: checks 
Luferis: calls $0.02
Sticky514: folds 
dppkr102: folds 
AlexT1m: calls $0.01
Dorex2007: checks 
*** FLOP *** [6c Ah Th]
AlexT1m: checks 
MCAS1994 leaves the table
Dorex2007: checks 
PaQeda: bets $0.04
Luferis: calls $0.04
AlexT1m: folds 
Dorex2007: folds 
*** TURN *** [6c Ah Th] [7s]
PaQeda: checks 
Luferis: bets $0.10
PaQeda: folds 
Uncalled bet ($0.10) returned to Luferis
Luferis collected $0.15 from pot
Luferis: doesn't show hand 
*** SUMMARY ***
Total pot $0.16 | Rake $0.01 
Board [6c Ah Th 7s]
Seat 1: Sticky514 folded before Flop (didn't bet)
Seat 2: dppkr102 (button) folded before Flop (didn't bet)
Seat 3: AlexT1m (small blind) folded on the Flop
Seat 5: Dorex2007 (big blind) folded on the Flop
Seat 6: MCAS1994 folded before Flop (didn't bet)
Seat 7: jeka211011 folded before Flop (didn't bet)
Seat 8: PaQeda folded on the Turn
Seat 9: Luferis collected ($0.15)



PokerStars Hand #223786698295:  Hold'em No Limit ($0.01/$0.02 USD) - 2021/02/13 17:23:55 PT [2021/02/13 20:23:55 ET]
Table 'Alsatia II' 9-max Seat #3 is the button
Seat 1: Sticky514 ($6.82 in chips) 
Seat 2: dppkr102 ($1.94 in chips) 
Seat 3: AlexT1m ($2.25 in chips) 
Seat 5: Dorex2007 ($3.11 in chips) 
Seat 7: jeka211011 ($4.03 in chips) 
Seat 8: PaQeda ($1.94 in chips) 
Seat 9: Luferis ($1.37 in chips) 
Dorex2007: posts small blind $0.01
jeka211011: posts big blind $0.02
*** HOLE CARDS ***
Dealt to Dorex2007 [Ac 3d]
PaQeda: raises $0.04 to $0.06
Luferis: folds 
Sticky514: calls $0.06
dppkr102: folds 
AlexT1m: folds 
Dorex2007: folds 
Luferis leaves the table
jeka211011: calls $0.04
*** FLOP *** [4s 8c Qh]
jeka211011: checks 
PaQeda: bets $0.14
Sticky514: folds 
jeka211011: folds 
Uncalled bet ($0.14) returned to PaQeda
PaQeda collected $0.18 from pot
PaQeda: doesn't show hand 
*** SUMMARY ***
Total pot $0.19 | Rake $0.01 
Board [4s 8c Qh]
Seat 1: Sticky514 folded on the Flop
Seat 2: dppkr102 folded before Flop (didn't bet)
Seat 3: AlexT1m (button) folded before Flop (didn't bet)
Seat 5: Dorex2007 (small blind) folded before Flop
Seat 7: jeka211011 (big blind) folded on the Flop
Seat 8: PaQeda collected ($0.18)
Seat 9: Luferis folded before Flop (didn't bet)



PokerStars Hand #223786709446:  Hold'em No Limit ($0.01/$0.02 USD) - 2021/02/13 17:24:21 PT [2021/02/13 20:24:21 ET]
Table 'Alsatia II' 9-max Seat #5 is the button
Seat 1: Sticky514 ($6.76 in chips) 
Seat 2: dppkr102 ($1.94 in chips) 
Seat 3: AlexT1m ($2.25 in chips) 
Seat 5: Dorex2007 ($3.10 in chips) 
Seat 7: jeka211011 ($3.97 in chips) 
Seat 8: PaQeda ($2.06 in chips) 
jeka211011: posts small blind $0.01
PaQeda: posts big blind $0.02
*** HOLE CARDS ***
Dealt to Dorex2007 [Ts 7c]
Sticky514: calls $0.02
dppkr102: folds 
AlexT1m: folds 
Dorex2007: folds 
jeka211011: folds 
PaQeda: raises $0.04 to $0.06
Sticky514: calls $0.04
*** FLOP *** [Ad 6c 5c]
jeka211011 leaves the table
PaQeda: checks 
Sticky514: bets $0.06
PaQeda: folds 
Uncalled bet ($0.06) returned to Sticky514
Sticky514 collected $0.13 from pot
Sticky514: doesn't show hand 
*** SUMMARY ***
Total pot $0.13 | Rake $0 
Board [Ad 6c 5c]
Seat 1: Sticky514 collected ($0.13)
Seat 2: dppkr102 folded before Flop (didn't bet)
Seat 3: AlexT1m folded before Flop (didn't bet)
Seat 5: Dorex2007 (button) folded before Flop (didn't bet)
Seat 7: jeka211011 (small blind) folded before Flop
Seat 8: PaQeda (big blind) folded on the Flop



PokerStars Hand #223786720986:  Hold'em No Limit ($0.01/$0.02 USD) - 2021/02/13 17:24:48 PT [2021/02/13 20:24:48 ET]
Table 'Alsatia II' 9-max Seat #8 is the button
Seat 1: Sticky514 ($6.83 in chips) 
Seat 2: dppkr102 ($1.94 in chips) 
Seat 3: AlexT1m ($2.25 in chips) 
Seat 5: Dorex2007 ($3.10 in chips) 
Seat 8: PaQeda ($2 in chips) 
Sticky514: posts small blind $0.01
dppkr102: posts big blind $0.02
*** HOLE CARDS ***
Dealt to Dorex2007 [2s Kh]
AlexT1m: folds 
Dorex2007: folds 
PaQeda: folds 
Sticky514: raises $0.04 to $0.06
dppkr102: folds 
Uncalled bet ($0.04) returned to Sticky514
Sticky514 collected $0.04 from pot
Sticky514: doesn't show hand 
*** SUMMARY ***
Total pot $0.04 | Rake $0 
Seat 1: Sticky514 (small blind) collected ($0.04)
Seat 2: dppkr102 (big blind) folded before Flop
Seat 3: AlexT1m folded before Flop (didn't bet)
Seat 5: Dorex2007 folded before Flop (didn't bet)
Seat 8: PaQeda (button) folded before Flop (didn't bet)



PokerStars Hand #223786728621:  Hold'em No Limit ($0.01/$0.02 USD) - 2021/02/13 17:25:05 PT [2021/02/13 20:25:05 ET]
Table 'Alsatia II' 9-max Seat #1 is the button
Seat 1: Sticky514 ($6.85 in chips) 
Seat 2: dppkr102 ($1.92 in chips) 
Seat 3: AlexT1m ($2.25 in chips) 
Seat 5: Dorex2007 ($3.10 in chips) 
Seat 8: PaQeda ($2 in chips) 
dppkr102: posts small blind $0.01
AlexT1m: posts big blind $0.02
*** HOLE CARDS ***
Dealt to Dorex2007 [4c 7d]
Dorex2007: folds 
PaQeda: raises $0.04 to $0.06
Sticky514: calls $0.06
dppkr102: folds 
AlexT1m: folds 
*** FLOP *** [Js Jd Qs]
PaQeda: bets $0.14
Sticky514: folds 
Uncalled bet ($0.14) returned to PaQeda
PaQeda collected $0.14 from pot
PaQeda: doesn't show hand 
*** SUMMARY ***
Total pot $0.15 | Rake $0.01 
Board [Js Jd Qs]
Seat 1: Sticky514 (button) folded on the Flop
Seat 2: dppkr102 (small blind) folded before Flop
Seat 3: AlexT1m (big blind) folded before Flop
Seat 5: Dorex2007 folded before Flop (didn't bet)
Seat 8: PaQeda collected ($0.14)



PokerStars Hand #223786739490:  Hold'em No Limit ($0.01/$0.02 USD) - 2021/02/13 17:25:30 PT [2021/02/13 20:25:30 ET]
Table 'Alsatia II' 9-max Seat #2 is the button
Seat 1: Sticky514 ($6.79 in chips) 
Seat 2: dppkr102 ($1.91 in chips) 
Seat 3: AlexT1m ($2.23 in chips) 
Seat 5: Dorex2007 ($3.10 in chips) 
Seat 8: PaQeda ($2.08 in chips) 
AlexT1m: posts small blind $0.01
Dorex2007: posts big blind $0.02
*** HOLE CARDS ***
Dealt to Dorex2007 [Jh 5d]
PaQeda: folds 
Sticky514: raises $0.02 to $0.04
dppkr102: folds 
carlos RGI joins the table at seat #6 
AlexT1m: folds 
Dorex2007: folds 
Uncalled bet ($0.02) returned to Sticky514
Sticky514 collected $0.05 from pot
Sticky514: doesn't show hand 
*** SUMMARY ***
Total pot $0.05 | Rake $0 
Seat 1: Sticky514 collected ($0.05)
Seat 2: dppkr102 (button) folded before Flop (didn't bet)
Seat 3: AlexT1m (small blind) folded before Flop
Seat 5: Dorex2007 (big blind) folded before Flop
Seat 8: PaQeda folded before Flop (didn't bet)



PokerStars Hand #223786744793:  Hold'em No Limit ($0.01/$0.02 USD) - 2021/02/13 17:25:42 PT [2021/02/13 20:25:42 ET]
Table 'Alsatia II' 9-max Seat #3 is the button
Seat 1: Sticky514 ($6.82 in chips) 
Seat 2: dppkr102 ($1.91 in chips) 
Seat 3: AlexT1m ($2.22 in chips) 
Seat 5: Dorex2007 ($3.08 in chips) 
Seat 6: carlos RGI ($2 in chips) 
Seat 8: PaQeda ($2.08 in chips) 
Dorex2007: posts small blind $0.01
carlos RGI: posts big blind $0.02
*** HOLE CARDS ***
Dealt to Dorex2007 [Ad 6h]
PaQeda: folds 
Sticky514: folds 
dppkr102: folds 
AlexT1m: folds 
Dorex2007: calls $0.01
carlos RGI: checks 
*** FLOP *** [4d 4h Qc]
Dorex2007: checks 
carlos RGI: bets $0.04
Dorex2007: folds 
Uncalled bet ($0.04) returned to carlos RGI
carlos RGI collected $0.04 from pot
carlos RGI: doesn't show hand 
*** SUMMARY ***
Total pot $0.04 | Rake $0 
Board [4d 4h Qc]
Seat 1: Sticky514 folded before Flop (didn't bet)
Seat 2: dppkr102 folded before Flop (didn't bet)
Seat 3: AlexT1m (button) folded before Flop (didn't bet)
Seat 5: Dorex2007 (small blind) folded on the Flop
Seat 6: carlos RGI (big blind) collected ($0.04)
Seat 8: PaQeda folded before Flop (didn't bet)



PokerStars Hand #223786762430:  Hold'em No Limit ($0.01/$0.02 USD) - 2021/02/13 17:26:23 PT [2021/02/13 20:26:23 ET]
Table 'Alsatia II' 9-max Seat #5 is the button
Seat 1: Sticky514 ($6.82 in chips) 
Seat 2: dppkr102 ($1.91 in chips) 
Seat 3: AlexT1m ($2.22 in chips) 
Seat 5: Dorex2007 ($3.06 in chips) 
Seat 6: carlos RGI ($2.02 in chips) 
Seat 8: PaQeda ($2.08 in chips) 
carlos RGI: posts small blind $0.01
PaQeda: posts big blind $0.02
*** HOLE CARDS ***
Dealt to Dorex2007 [9h 7s]
Sticky514: calls $0.02
dppkr102: raises $0.07 to $0.09
AlexT1m: folds 
Dorex2007: folds 
carlos RGI: folds 
PaQeda: folds 
Sticky514: folds 
Uncalled bet ($0.07) returned to dppkr102
dppkr102 collected $0.07 from pot
dppkr102: doesn't show hand 
*** SUMMARY ***
Total pot $0.07 | Rake $0 
Seat 1: Sticky514 folded before Flop
Seat 2: dppkr102 collected ($0.07)
Seat 3: AlexT1m folded before Flop (didn't bet)
Seat 5: Dorex2007 (button) folded before Flop (didn't bet)
Seat 6: carlos RGI (small blind) folded before Flop
Seat 8: PaQeda (big blind) folded before Flop



PokerStars Hand #223786769059:  Hold'em No Limit ($0.01/$0.02 USD) - 2021/02/13 17:26:38 PT [2021/02/13 20:26:38 ET]
Table 'Alsatia II' 9-max Seat #6 is the button
Seat 2: dppkr102 ($1.96 in chips) 
Seat 3: AlexT1m ($2.22 in chips) 
Seat 5: Dorex2007 ($3.06 in chips) 
Seat 6: carlos RGI ($2.01 in chips) 
Seat 8: PaQeda ($2.06 in chips) 
PaQeda: posts small blind $0.01
Sticky514: is sitting out 
dppkr102: posts big blind $0.02
*** HOLE CARDS ***
Dealt to Dorex2007 [2c 5c]
AlexT1m: folds 
Dorex2007: folds 
Sticky514 leaves the table
carlos RGI: folds 
PaQeda: folds 
Uncalled bet ($0.01) returned to dppkr102
dppkr102 collected $0.02 from pot
dppkr102: doesn't show hand 
*** SUMMARY ***
Total pot $0.02 | Rake $0 
Seat 2: dppkr102 (big blind) collected ($0.02)
Seat 3: AlexT1m folded before Flop (didn't bet)
Seat 5: Dorex2007 folded before Flop (didn't bet)
Seat 6: carlos RGI (button) folded before Flop (didn't bet)
Seat 8: PaQeda (small blind) folded before Flop



PokerStars Hand #223786774218:  Hold'em No Limit ($0.01/$0.02 USD) - 2021/02/13 17:26:50 PT [2021/02/13 20:26:50 ET]
Table 'Alsatia II' 9-max Seat #8 is the button
Seat 2: dppkr102 ($1.97 in chips) 
Seat 3: AlexT1m ($2.22 in chips) 
Seat 5: Dorex2007 ($3.06 in chips) 
Seat 6: carlos RGI ($2.01 in chips) 
Seat 8: PaQeda ($2.05 in chips) 
dppkr102: posts small blind $0.01
AlexT1m: posts big blind $0.02
*** HOLE CARDS ***
Dealt to Dorex2007 [8h 8s]
Dorex2007: calls $0.02
carlos RGI: folds 
PaQeda: folds 
dppkr102: folds 
AlexT1m: checks 
*** FLOP *** [9s 2d 7d]
AlexT1m: checks 
Dorex2007: bets $0.05
AlexT1m: folds 
Uncalled bet ($0.05) returned to Dorex2007
Dorex2007 collected $0.05 from pot
Dorex2007: doesn't show hand 
*** SUMMARY ***
Total pot $0.05 | Rake $0 
Board [9s 2d 7d]
Seat 2: dppkr102 (small blind) folded before Flop
Seat 3: AlexT1m (big blind) folded on the Flop
Seat 5: Dorex2007 collected ($0.05)
Seat 6: carlos RGI folded before Flop (didn't bet)
Seat 8: PaQeda (button) folded before Flop (didn't bet)



