PokerStars Hand #230591110190:  Hold'em No Limit ($0.01/$0.02 USD) - 2021/10/13 22:11:07 PT [2021/10/14 1:11:07 ET]
Table 'Celbalrai III' 9-max Seat #8 is the button
Seat 1: Demidov V.S. ($1.90 in chips) 
Seat 2: Avila25851 ($1.85 in chips) 
Seat 3: WrthTheDrive ($2.36 in chips) 
Seat 4: buggspray ($3.02 in chips) 
Seat 5: Safety8ball ($7.72 in chips) 
Seat 6: Nastysha184 ($1.57 in chips) 
Seat 7: Dorex2007 ($2 in chips) 
Seat 8: konb23 ($0.70 in chips) 
Seat 9: zavarka11 ($1.01 in chips) 
zavarka11: posts small blind $0.01
Demidov V.S.: posts big blind $0.02
Dorex2007: posts big blind $0.02
*** HOLE CARDS ***
Dealt to Dorex2007 [3h 3d]
Avila25851: calls $0.02
WrthTheDrive: raises $0.02 to $0.04
buggspray: folds 
Safety8ball: folds 
Nastysha184: folds 
Dorex2007: calls $0.02
konb23: folds 
zavarka11: folds 
Demidov V.S.: folds 
Avila25851: calls $0.02
*** FLOP *** [4c 3c 9s]
Avila25851: checks 
WrthTheDrive: checks 
buggspray said, "so if there bad criticism is smart "
Dorex2007: bets $0.09
Avila25851: calls $0.09
WrthTheDrive: folds 
*** TURN *** [4c 3c 9s] [Td]
Avila25851: bets $0.14
Dorex2007: raises $1.73 to $1.87 and is all-in
Avila25851: folds 
Uncalled bet ($1.73) returned to Dorex2007
Dorex2007 collected $0.59 from pot
Dorex2007: doesn't show hand 
*** SUMMARY ***
Total pot $0.61 | Rake $0.02 
Board [4c 3c 9s Td]
Seat 1: Demidov V.S. (big blind) folded before Flop
Seat 2: Avila25851 folded on the Turn
Seat 3: WrthTheDrive folded on the Flop
Seat 4: buggspray folded before Flop (didn't bet)
Seat 5: Safety8ball folded before Flop (didn't bet)
Seat 6: Nastysha184 folded before Flop (didn't bet)
Seat 7: Dorex2007 collected ($0.59)
Seat 8: konb23 (button) folded before Flop (didn't bet)
Seat 9: zavarka11 (small blind) folded before Flop



PokerStars Hand #230591121710:  Hold'em No Limit ($0.01/$0.02 USD) - 2021/10/13 22:12:32 PT [2021/10/14 1:12:32 ET]
Table 'Celbalrai III' 9-max Seat #9 is the button
Seat 1: Demidov V.S. ($1.88 in chips) 
Seat 2: Avila25851 ($1.58 in chips) 
Seat 3: WrthTheDrive ($2.32 in chips) 
Seat 4: buggspray ($3.02 in chips) 
Seat 5: Safety8ball ($7.72 in chips) 
Seat 6: Nastysha184 ($1.57 in chips) 
Seat 7: Dorex2007 ($2.32 in chips) 
Seat 8: konb23 ($0.70 in chips) 
Seat 9: zavarka11 ($1 in chips) 
Demidov V.S.: posts small blind $0.01
Safety8ball said, "if there dumb like you it wont matter"
Avila25851: posts big blind $0.02
*** HOLE CARDS ***
Dealt to Dorex2007 [Qd 9s]
WrthTheDrive: folds 
buggspray: raises $0.04 to $0.06
Safety8ball: folds 
Nastysha184: folds 
Dorex2007: folds 
konb23: folds 
zavarka11: folds 
Demidov V.S.: folds 
Safety8ball said, "but there not"
Avila25851: folds 
Uncalled bet ($0.04) returned to buggspray
buggspray collected $0.05 from pot
buggspray: doesn't show hand 
*** SUMMARY ***
Total pot $0.05 | Rake $0 
Seat 1: Demidov V.S. (small blind) folded before Flop
Seat 2: Avila25851 (big blind) folded before Flop
Seat 3: WrthTheDrive folded before Flop (didn't bet)
Seat 4: buggspray collected ($0.05)
Seat 5: Safety8ball folded before Flop (didn't bet)
Seat 6: Nastysha184 folded before Flop (didn't bet)
Seat 7: Dorex2007 folded before Flop (didn't bet)
Seat 8: konb23 folded before Flop (didn't bet)
Seat 9: zavarka11 (button) folded before Flop (didn't bet)



PokerStars Hand #230591124578:  Hold'em No Limit ($0.01/$0.02 USD) - 2021/10/13 22:12:53 PT [2021/10/14 1:12:53 ET]
Table 'Celbalrai III' 9-max Seat #1 is the button
Seat 1: Demidov V.S. ($1.87 in chips) 
Seat 2: Avila25851 ($1.56 in chips) 
Seat 3: WrthTheDrive ($2.32 in chips) 
Seat 4: buggspray ($3.05 in chips) 
Seat 5: Safety8ball ($7.72 in chips) 
Seat 6: Nastysha184 ($1.57 in chips) 
Seat 7: Dorex2007 ($2.32 in chips) 
Seat 8: konb23 ($0.70 in chips) 
Seat 9: zavarka11 ($1 in chips) 
Avila25851: posts small blind $0.01
WrthTheDrive: posts big blind $0.02
*** HOLE CARDS ***
Dealt to Dorex2007 [Jc 9d]
buggspray: folds 
Safety8ball: calls $0.02
Nastysha184: folds 
Dorex2007: folds 
konb23: folds 
zavarka11: raises $0.02 to $0.04
Demidov V.S.: folds 
Avila25851: calls $0.03
WrthTheDrive: folds 
Safety8ball: calls $0.02
*** FLOP *** [Js 9c Ks]
Avila25851: checks 
Safety8ball: checks 
zavarka11: bets $0.07
Avila25851: calls $0.07
Safety8ball: calls $0.07
*** TURN *** [Js 9c Ks] [Td]
buggspray said, "so your  scared of them??"
Avila25851: checks 
Safety8ball: bets $0.18
zavarka11: raises $0.71 to $0.89 and is all-in
Avila25851: folds 
Safety8ball: calls $0.71
*** RIVER *** [Js 9c Ks Td] [4h]
*** SHOW DOWN ***
Safety8ball: shows [Qc Ah] (a straight, Ten to Ace)
zavarka11: shows [Qh Ts] (a straight, Nine to King)
Safety8ball collected $2.06 from pot
zavarka11 cashed out the hand for $0.07
*** SUMMARY ***
Total pot $2.13 | Rake $0.07 
Board [Js 9c Ks Td 4h]
Seat 1: Demidov V.S. (button) folded before Flop (didn't bet)
Seat 2: Avila25851 (small blind) folded on the Turn
Seat 3: WrthTheDrive (big blind) folded before Flop
Seat 4: buggspray folded before Flop (didn't bet)
Seat 5: Safety8ball showed [Qc Ah] and won ($2.06) with a straight, Ten to Ace
Seat 6: Nastysha184 folded before Flop (didn't bet)
Seat 7: Dorex2007 folded before Flop (didn't bet)
Seat 8: konb23 folded before Flop (didn't bet)
Seat 9: zavarka11 showed [Qh Ts] and lost with a straight, Nine to King (cashed out).



PokerStars Hand #230591132936:  Hold'em No Limit ($0.01/$0.02 USD) - 2021/10/13 22:13:54 PT [2021/10/14 1:13:54 ET]
Table 'Celbalrai III' 9-max Seat #2 is the button
Seat 1: Demidov V.S. ($1.87 in chips) 
Seat 2: Avila25851 ($1.45 in chips) 
Seat 3: WrthTheDrive ($2.30 in chips) 
Seat 4: buggspray ($3.05 in chips) 
Seat 5: Safety8ball ($8.78 in chips) 
Seat 6: Nastysha184 ($1.57 in chips) 
Seat 7: Dorex2007 ($2.32 in chips) 
Seat 8: konb23 ($0.70 in chips) 
Seat 9: zavarka11 ($0.07 in chips) 
WrthTheDrive: posts small blind $0.01
buggspray: posts big blind $0.02
*** HOLE CARDS ***
Dealt to Dorex2007 [Kh Ah]
Safety8ball said, "well maybe some are"
Safety8ball: folds 
Nastysha184: folds 
Dorex2007: raises $0.02 to $0.04
konb23: calls $0.04
zavarka11: folds 
Demidov V.S.: folds 
Avila25851: folds 
WrthTheDrive: folds 
buggspray: raises $0.13 to $0.17
Dorex2007: calls $0.13
konb23: folds 
*** FLOP *** [7s Qc 6d]
buggspray: bets $2.88 and is all-in
Dorex2007: folds 
Uncalled bet ($2.88) returned to buggspray
buggspray collected $0.38 from pot
buggspray: doesn't show hand 
*** SUMMARY ***
Total pot $0.39 | Rake $0.01 
Board [7s Qc 6d]
Seat 1: Demidov V.S. folded before Flop (didn't bet)
Seat 2: Avila25851 (button) folded before Flop (didn't bet)
Seat 3: WrthTheDrive (small blind) folded before Flop
Seat 4: buggspray (big blind) collected ($0.38)
Seat 5: Safety8ball folded before Flop (didn't bet)
Seat 6: Nastysha184 folded before Flop (didn't bet)
Seat 7: Dorex2007 folded on the Flop
Seat 8: konb23 folded before Flop
Seat 9: zavarka11 folded before Flop (didn't bet)



PokerStars Hand #230591141897:  Hold'em No Limit ($0.01/$0.02 USD) - 2021/10/13 22:14:59 PT [2021/10/14 1:14:59 ET]
Table 'Celbalrai III' 9-max Seat #3 is the button
Seat 1: Demidov V.S. ($1.87 in chips) 
Seat 2: Avila25851 ($1.45 in chips) 
Seat 3: WrthTheDrive ($2.29 in chips) 
Seat 4: buggspray ($3.26 in chips) 
Seat 5: Safety8ball ($8.78 in chips) 
Seat 6: Nastysha184 ($1.57 in chips) 
Seat 7: Dorex2007 ($2.15 in chips) 
Seat 8: konb23 ($0.66 in chips) 
Seat 9: zavarka11 ($0.07 in chips) 
buggspray: posts small blind $0.01
Safety8ball: posts big blind $0.02
*** HOLE CARDS ***
Dealt to Dorex2007 [3c Kc]
Nastysha184: folds 
Dorex2007: folds 
konb23: raises $0.04 to $0.06
zavarka11: raises $0.01 to $0.07 and is all-in
Demidov V.S.: folds 
Avila25851: folds 
WrthTheDrive: folds 
buggspray: folds 
Safety8ball: folds 
konb23: calls $0.01
*** FLOP *** [6s 5c 8s]
*** TURN *** [6s 5c 8s] [2h]
*** RIVER *** [6s 5c 8s 2h] [Qh]
*** SHOW DOWN ***
konb23: shows [9c Ad] (high card Ace)
zavarka11: shows [Ah Kh] (high card Ace - King kicker)
zavarka11 cashed out the hand for $0.12
*** SUMMARY ***
Total pot $0.17 | Rake $0.01 
Board [6s 5c 8s 2h Qh]
Seat 1: Demidov V.S. folded before Flop (didn't bet)
Seat 2: Avila25851 folded before Flop (didn't bet)
Seat 3: WrthTheDrive (button) folded before Flop (didn't bet)
Seat 4: buggspray (small blind) folded before Flop
Seat 5: Safety8ball (big blind) folded before Flop
Seat 6: Nastysha184 folded before Flop (didn't bet)
Seat 7: Dorex2007 folded before Flop (didn't bet)
Seat 8: konb23 showed [9c Ad] and lost with high card Ace
Seat 9: zavarka11 showed [Ah Kh] and won ($0.16) with high card Ace (pot not awarded as player cashed out)



PokerStars Hand #230591145930:  Hold'em No Limit ($0.01/$0.02 USD) - 2021/10/13 22:15:29 PT [2021/10/14 1:15:29 ET]
Table 'Celbalrai III' 9-max Seat #4 is the button
Seat 1: Demidov V.S. ($1.87 in chips) 
Seat 2: Avila25851 ($1.45 in chips) 
Seat 3: WrthTheDrive ($2.29 in chips) 
Seat 4: buggspray ($3.25 in chips) 
Seat 5: Safety8ball ($8.76 in chips) 
Seat 6: Nastysha184 ($1.57 in chips) 
Seat 7: Dorex2007 ($2.15 in chips) 
Seat 8: konb23 ($0.59 in chips) 
Seat 9: zavarka11 ($0.12 in chips) 
Safety8ball: posts small blind $0.01
Nastysha184: posts big blind $0.02
*** HOLE CARDS ***
Dealt to Dorex2007 [4d Qc]
Dorex2007: folds 
konb23: folds 
zavarka11: folds 
Demidov V.S.: folds 
Avila25851: folds 
WrthTheDrive: folds 
buggspray: folds 
Safety8ball: folds 
Uncalled bet ($0.01) returned to Nastysha184
Nastysha184 collected $0.02 from pot
Nastysha184: doesn't show hand 
*** SUMMARY ***
Total pot $0.02 | Rake $0 
Seat 1: Demidov V.S. folded before Flop (didn't bet)
Seat 2: Avila25851 folded before Flop (didn't bet)
Seat 3: WrthTheDrive folded before Flop (didn't bet)
Seat 4: buggspray (button) folded before Flop (didn't bet)
Seat 5: Safety8ball (small blind) folded before Flop
Seat 6: Nastysha184 (big blind) collected ($0.02)
Seat 7: Dorex2007 folded before Flop (didn't bet)
Seat 8: konb23 folded before Flop (didn't bet)
Seat 9: zavarka11 folded before Flop (didn't bet)



PokerStars Hand #230591148133:  Hold'em No Limit ($0.01/$0.02 USD) - 2021/10/13 22:15:45 PT [2021/10/14 1:15:45 ET]
Table 'Celbalrai III' 9-max Seat #5 is the button
Seat 1: Demidov V.S. ($1.87 in chips) 
Seat 2: Avila25851 ($1.45 in chips) 
Seat 3: WrthTheDrive ($2.29 in chips) 
Seat 4: buggspray ($3.25 in chips) 
Seat 5: Safety8ball ($8.75 in chips) 
Seat 6: Nastysha184 ($1.58 in chips) 
Seat 7: Dorex2007 ($2.15 in chips) 
Seat 8: konb23 ($0.59 in chips) 
Seat 9: zavarka11 ($0.12 in chips) 
Nastysha184: posts small blind $0.01
Dorex2007: posts big blind $0.02
*** HOLE CARDS ***
Dealt to Dorex2007 [Ad 5c]
konb23: folds 
zavarka11: folds 
Demidov V.S.: folds 
Avila25851: calls $0.02
WrthTheDrive: raises $0.04 to $0.06
buggspray: folds 
Safety8ball: folds 
Nastysha184: folds 
Dorex2007: folds 
Avila25851: calls $0.04
*** FLOP *** [Jd 9s 5h]
Avila25851: bets $0.08
WrthTheDrive: calls $0.08
*** TURN *** [Jd 9s 5h] [Qc]
Avila25851: checks 
WrthTheDrive: bets $0.15
Avila25851: raises $0.15 to $0.30
WrthTheDrive: raises $0.45 to $0.75
Avila25851: calls $0.45
*** RIVER *** [Jd 9s 5h Qc] [7h]
Avila25851: bets $0.56 and is all-in
WrthTheDrive: calls $0.56
*** SHOW DOWN ***
Avila25851: shows [Kc Th] (a straight, Nine to King)
WrthTheDrive: shows [Ks Ts] (a straight, Nine to King)
Avila25851 collected $1.42 from pot
WrthTheDrive collected $1.41 from pot
*** SUMMARY ***
Total pot $2.93 | Rake $0.10 
Board [Jd 9s 5h Qc 7h]
Seat 1: Demidov V.S. folded before Flop (didn't bet)
Seat 2: Avila25851 showed [Kc Th] and won ($1.42) with a straight, Nine to King
Seat 3: WrthTheDrive showed [Ks Ts] and won ($1.41) with a straight, Nine to King
Seat 4: buggspray folded before Flop (didn't bet)
Seat 5: Safety8ball (button) folded before Flop (didn't bet)
Seat 6: Nastysha184 (small blind) folded before Flop
Seat 7: Dorex2007 (big blind) folded before Flop
Seat 8: konb23 folded before Flop (didn't bet)
Seat 9: zavarka11 folded before Flop (didn't bet)



PokerStars Hand #230591155909:  Hold'em No Limit ($0.01/$0.02 USD) - 2021/10/13 22:16:43 PT [2021/10/14 1:16:43 ET]
Table 'Celbalrai III' 9-max Seat #6 is the button
Seat 1: Demidov V.S. ($1.87 in chips) 
Seat 2: Avila25851 ($1.42 in chips) 
Seat 3: WrthTheDrive ($2.25 in chips) 
Seat 4: buggspray ($3.25 in chips) 
Seat 5: Safety8ball ($8.75 in chips) 
Seat 6: Nastysha184 ($1.57 in chips) 
Seat 7: Dorex2007 ($2.13 in chips) 
Seat 8: konb23 ($0.59 in chips) 
Seat 9: zavarka11 ($0.12 in chips) 
Dorex2007: posts small blind $0.01
konb23: posts big blind $0.02
*** HOLE CARDS ***
Dealt to Dorex2007 [7d Ah]
zavarka11: folds 
Demidov V.S.: folds 
Avila25851: calls $0.02
WrthTheDrive: calls $0.02
buggspray: folds 
Safety8ball: raises $0.09 to $0.11
Nastysha184: folds 
Dorex2007: folds 
konb23: folds 
Avila25851: calls $0.09
WrthTheDrive: folds 
*** FLOP *** [9c Js Ac]
Avila25851: bets $0.12
Safety8ball: calls $0.12
*** TURN *** [9c Js Ac] [6h]
Avila25851: checks 
Safety8ball: checks 
*** RIVER *** [9c Js Ac 6h] [3h]
Avila25851: bets $0.28
Safety8ball: calls $0.28
*** SHOW DOWN ***
Avila25851: shows [Qs Td] (high card Ace)
Safety8ball: shows [Kh Kc] (a pair of Kings)
Safety8ball collected $1.03 from pot
*** SUMMARY ***
Total pot $1.07 | Rake $0.04 
Board [9c Js Ac 6h 3h]
Seat 1: Demidov V.S. folded before Flop (didn't bet)
Seat 2: Avila25851 showed [Qs Td] and lost with high card Ace
Seat 3: WrthTheDrive folded before Flop
Seat 4: buggspray folded before Flop (didn't bet)
Seat 5: Safety8ball showed [Kh Kc] and won ($1.03) with a pair of Kings
Seat 6: Nastysha184 (button) folded before Flop (didn't bet)
Seat 7: Dorex2007 (small blind) folded before Flop
Seat 8: konb23 (big blind) folded before Flop
Seat 9: zavarka11 folded before Flop (didn't bet)



PokerStars Hand #230591161695:  Hold'em No Limit ($0.01/$0.02 USD) - 2021/10/13 22:17:24 PT [2021/10/14 1:17:24 ET]
Table 'Celbalrai III' 9-max Seat #7 is the button
Seat 1: Demidov V.S. ($1.87 in chips) 
Seat 2: Avila25851 ($0.91 in chips) 
Seat 3: WrthTheDrive ($2.23 in chips) 
Seat 4: buggspray ($3.25 in chips) 
Seat 5: Safety8ball ($9.27 in chips) 
Seat 6: Nastysha184 ($1.57 in chips) 
Seat 7: Dorex2007 ($2.12 in chips) 
Seat 8: konb23 ($0.57 in chips) 
Seat 9: zavarka11 ($0.12 in chips) 
konb23: posts small blind $0.01
zavarka11: posts big blind $0.02
*** HOLE CARDS ***
Dealt to Dorex2007 [Jc 7d]
Demidov V.S.: folds 
Avila25851: calls $0.02
WrthTheDrive: raises $0.04 to $0.06
buggspray: folds 
Safety8ball said, "full house tonight"
Safety8ball: folds 
Nastysha184: folds 
Dorex2007: folds 
konb23: folds 
zavarka11: folds 
Avila25851: calls $0.04
*** FLOP *** [Kh Ah 6h]
Avila25851: bets $0.08
WrthTheDrive: calls $0.08
*** TURN *** [Kh Ah 6h] [3h]
Avila25851: checks 
WrthTheDrive: bets $0.15
Avila25851: raises $0.62 to $0.77 and is all-in
WrthTheDrive: folds 
Uncalled bet ($0.62) returned to Avila25851
Avila25851 collected $0.59 from pot
Avila25851: doesn't show hand 
*** SUMMARY ***
Total pot $0.61 | Rake $0.02 
Board [Kh Ah 6h 3h]
Seat 1: Demidov V.S. folded before Flop (didn't bet)
Seat 2: Avila25851 collected ($0.59)
Seat 3: WrthTheDrive folded on the Turn
Seat 4: buggspray folded before Flop (didn't bet)
Seat 5: Safety8ball folded before Flop (didn't bet)
Seat 6: Nastysha184 folded before Flop (didn't bet)
Seat 7: Dorex2007 (button) folded before Flop (didn't bet)
Seat 8: konb23 (small blind) folded before Flop
Seat 9: zavarka11 (big blind) folded before Flop



PokerStars Hand #230591167063:  Hold'em No Limit ($0.01/$0.02 USD) - 2021/10/13 22:18:03 PT [2021/10/14 1:18:03 ET]
Table 'Celbalrai III' 9-max Seat #8 is the button
Seat 1: Demidov V.S. ($1.87 in chips) 
Seat 2: Avila25851 ($1.21 in chips) 
Seat 3: WrthTheDrive ($1.94 in chips) 
Seat 4: buggspray ($3.25 in chips) 
Seat 5: Safety8ball ($9.27 in chips) 
Seat 6: Nastysha184 ($1.57 in chips) 
Seat 7: Dorex2007 ($2.12 in chips) 
Seat 8: konb23 ($0.56 in chips) 
Seat 9: zavarka11 ($0.10 in chips) 
zavarka11: posts small blind $0.01
Demidov V.S.: posts big blind $0.02
*** HOLE CARDS ***
Dealt to Dorex2007 [Kc Qh]
Avila25851: calls $0.02
WrthTheDrive: folds 
buggspray: raises $0.05 to $0.07
Safety8ball: folds 
Nastysha184: folds 
Dorex2007: calls $0.07
konb23: folds 
zavarka11: folds 
Demidov V.S.: folds 
Avila25851: calls $0.05
*** FLOP *** [4d Ad 2d]
Avila25851: checks 
buggspray: bets $0.11
Dorex2007: folds 
Avila25851: folds 
Uncalled bet ($0.11) returned to buggspray
buggspray collected $0.23 from pot
buggspray: doesn't show hand 
*** SUMMARY ***
Total pot $0.24 | Rake $0.01 
Board [4d Ad 2d]
Seat 1: Demidov V.S. (big blind) folded before Flop
Seat 2: Avila25851 folded on the Flop
Seat 3: WrthTheDrive folded before Flop (didn't bet)
Seat 4: buggspray collected ($0.23)
Seat 5: Safety8ball folded before Flop (didn't bet)
Seat 6: Nastysha184 folded before Flop (didn't bet)
Seat 7: Dorex2007 folded on the Flop
Seat 8: konb23 (button) folded before Flop (didn't bet)
Seat 9: zavarka11 (small blind) folded before Flop



PokerStars Hand #230591172318:  Hold'em No Limit ($0.01/$0.02 USD) - 2021/10/13 22:18:42 PT [2021/10/14 1:18:42 ET]
Table 'Celbalrai III' 9-max Seat #9 is the button
Seat 1: Demidov V.S. ($1.85 in chips) 
Seat 2: Avila25851 ($1.14 in chips) 
Seat 3: WrthTheDrive ($1.94 in chips) 
Seat 4: buggspray ($3.41 in chips) 
Seat 5: Safety8ball ($9.27 in chips) 
Seat 6: Nastysha184 ($1.57 in chips) 
Seat 7: Dorex2007 ($2.05 in chips) 
Seat 8: konb23 ($0.56 in chips) 
Seat 9: zavarka11 ($0.09 in chips) 
Demidov V.S.: posts small blind $0.01
Avila25851: posts big blind $0.02
*** HOLE CARDS ***
Dealt to Dorex2007 [4h 9h]
WrthTheDrive: folds 
buggspray: calls $0.02
Safety8ball: calls $0.02
Nastysha184: raises $0.02 to $0.04
Dorex2007: folds 
konb23: folds 
zavarka11: folds 
Demidov V.S.: folds 
Avila25851: calls $0.02
buggspray: raises $0.31 to $0.35
Safety8ball: calls $0.33
Nastysha184: folds 
Avila25851: folds 
*** FLOP *** [Ks 8h Kh]
buggspray: checks 
Safety8ball: bets $0.12
buggspray: calls $0.12
*** TURN *** [Ks 8h Kh] [Qs]
buggspray: bets $2.94 and is all-in
Safety8ball: calls $2.94
Safety8ball has timed out
*** RIVER *** [Ks 8h Kh Qs] [9c]
*** SHOW DOWN ***
buggspray: shows [Qc Qh] (a full house, Queens full of Kings)
Safety8ball: shows [Kd As] (three of a kind, Kings)
buggspray collected $6.67 from pot
*** SUMMARY ***
Total pot $6.91 | Rake $0.24 
Board [Ks 8h Kh Qs 9c]
Seat 1: Demidov V.S. (small blind) folded before Flop
Seat 2: Avila25851 (big blind) folded before Flop
Seat 3: WrthTheDrive folded before Flop (didn't bet)
Seat 4: buggspray showed [Qc Qh] and won ($6.67) with a full house, Queens full of Kings
Seat 5: Safety8ball showed [Kd As] and lost with three of a kind, Kings
Seat 6: Nastysha184 folded before Flop
Seat 7: Dorex2007 folded before Flop (didn't bet)
Seat 8: konb23 folded before Flop (didn't bet)
Seat 9: zavarka11 (button) folded before Flop (didn't bet)



PokerStars Hand #230591181954:  Hold'em No Limit ($0.01/$0.02 USD) - 2021/10/13 22:19:52 PT [2021/10/14 1:19:52 ET]
Table 'Celbalrai III' 9-max Seat #1 is the button
Seat 1: Demidov V.S. ($1.84 in chips) 
Seat 2: Avila25851 ($1.10 in chips) 
Seat 3: WrthTheDrive ($1.94 in chips) 
Seat 4: buggspray ($6.67 in chips) 
Seat 5: Safety8ball ($5.86 in chips) 
Seat 6: Nastysha184 ($1.53 in chips) 
Seat 7: Dorex2007 ($2.05 in chips) 
Seat 8: konb23 ($0.56 in chips) 
Seat 9: zavarka11 ($0.09 in chips) 
Avila25851: posts small blind $0.01
WrthTheDrive: posts big blind $0.02
*** HOLE CARDS ***
Dealt to Dorex2007 [9d 5d]
buggspray: folds 
Safety8ball: folds 
Nastysha184: folds 
Dorex2007: folds 
konb23: folds 
zavarka11: raises $0.07 to $0.09 and is all-in
Demidov V.S.: folds 
Avila25851: calls $0.08
WrthTheDrive: folds 
*** FLOP *** [9s 6c 2s]
*** TURN *** [9s 6c 2s] [3d]
*** RIVER *** [9s 6c 2s 3d] [3c]
*** SHOW DOWN ***
Avila25851: shows [Kh 7d] (a pair of Threes)
zavarka11: shows [Ks 9h] (two pair, Nines and Threes)
zavarka11 cashed out the hand for $0.13
*** SUMMARY ***
Total pot $0.20 | Rake $0.01 
Board [9s 6c 2s 3d 3c]
Seat 1: Demidov V.S. (button) folded before Flop (didn't bet)
Seat 2: Avila25851 (small blind) showed [Kh 7d] and lost with a pair of Threes
Seat 3: WrthTheDrive (big blind) folded before Flop
Seat 4: buggspray folded before Flop (didn't bet)
Seat 5: Safety8ball folded before Flop (didn't bet)
Seat 6: Nastysha184 folded before Flop (didn't bet)
Seat 7: Dorex2007 folded before Flop (didn't bet)
Seat 8: konb23 folded before Flop (didn't bet)
Seat 9: zavarka11 showed [Ks 9h] and won ($0.19) with two pair, Nines and Threes (pot not awarded as player cashed out)



PokerStars Hand #230591186446:  Hold'em No Limit ($0.01/$0.02 USD) - 2021/10/13 22:20:26 PT [2021/10/14 1:20:26 ET]
Table 'Celbalrai III' 9-max Seat #2 is the button
Seat 1: Demidov V.S. ($1.84 in chips) 
Seat 2: Avila25851 ($1.01 in chips) 
Seat 3: WrthTheDrive ($1.92 in chips) 
Seat 4: buggspray ($6.67 in chips) 
Seat 5: Safety8ball ($5.86 in chips) 
Seat 6: Nastysha184 ($1.53 in chips) 
Seat 7: Dorex2007 ($2.05 in chips) 
Seat 8: konb23 ($0.56 in chips) 
Seat 9: zavarka11 ($0.13 in chips) 
WrthTheDrive: posts small blind $0.01
buggspray: posts big blind $0.02
*** HOLE CARDS ***
Dealt to Dorex2007 [Qh Js]
Safety8ball: calls $0.02
Nastysha184: folds 
Dorex2007: folds 
konb23: folds 
zavarka11: folds 
Demidov V.S.: folds 
Avila25851: folds 
WrthTheDrive: folds 
buggspray: checks 
*** FLOP *** [Ac 4s Ad]
buggspray: checks 
Safety8ball: checks 
*** TURN *** [Ac 4s Ad] [9s]
buggspray: checks 
Safety8ball: bets $0.02
buggspray: raises $0.05 to $0.07
Safety8ball: raises $0.05 to $0.12
buggspray: folds 
Uncalled bet ($0.05) returned to Safety8ball
Safety8ball collected $0.18 from pot
Safety8ball: doesn't show hand 
*** SUMMARY ***
Total pot $0.19 | Rake $0.01 
Board [Ac 4s Ad 9s]
Seat 1: Demidov V.S. folded before Flop (didn't bet)
Seat 2: Avila25851 (button) folded before Flop (didn't bet)
Seat 3: WrthTheDrive (small blind) folded before Flop
Seat 4: buggspray (big blind) folded on the Turn
Seat 5: Safety8ball collected ($0.18)
Seat 6: Nastysha184 folded before Flop (didn't bet)
Seat 7: Dorex2007 folded before Flop (didn't bet)
Seat 8: konb23 folded before Flop (didn't bet)
Seat 9: zavarka11 folded before Flop (didn't bet)



PokerStars Hand #230591191940:  Hold'em No Limit ($0.01/$0.02 USD) - 2021/10/13 22:21:06 PT [2021/10/14 1:21:06 ET]
Table 'Celbalrai III' 9-max Seat #3 is the button
Seat 1: Demidov V.S. ($1.84 in chips) 
Seat 2: Avila25851 ($1.01 in chips) 
Seat 3: WrthTheDrive ($1.91 in chips) 
Seat 4: buggspray ($6.58 in chips) 
Seat 5: Safety8ball ($5.95 in chips) 
Seat 6: Nastysha184 ($1.53 in chips) 
Seat 7: Dorex2007 ($2.05 in chips) 
Seat 8: konb23 ($0.56 in chips) 
Seat 9: zavarka11 ($0.13 in chips) 
buggspray: posts small blind $0.01
Safety8ball: posts big blind $0.02
*** HOLE CARDS ***
Dealt to Dorex2007 [4h Js]
Nastysha184: folds 
Dorex2007: folds 
konb23: raises $0.04 to $0.06
zavarka11: folds 
Demidov V.S.: folds 
Avila25851: folds 
WrthTheDrive: calls $0.06
buggspray: folds 
Safety8ball: calls $0.04
*** FLOP *** [Qc Tc 2d]
Safety8ball: checks 
konb23: bets $0.09
WrthTheDrive: raises $0.18 to $0.27
Safety8ball: folds 
buggspray said, "awwww who's gonna go tapioca "
konb23: raises $0.23 to $0.50 and is all-in
WrthTheDrive: calls $0.23
*** TURN *** [Qc Tc 2d] [4s]
*** RIVER *** [Qc Tc 2d 4s] [5h]
*** SHOW DOWN ***
konb23: shows [Qs Ah] (a pair of Queens)
WrthTheDrive: shows [Qh Th] (two pair, Queens and Tens)
WrthTheDrive collected $1.15 from pot
*** SUMMARY ***
Total pot $1.19 | Rake $0.04 
Board [Qc Tc 2d 4s 5h]
Seat 1: Demidov V.S. folded before Flop (didn't bet)
Seat 2: Avila25851 folded before Flop (didn't bet)
Seat 3: WrthTheDrive (button) showed [Qh Th] and won ($1.15) with two pair, Queens and Tens
Seat 4: buggspray (small blind) folded before Flop
Seat 5: Safety8ball (big blind) folded on the Flop
Seat 6: Nastysha184 folded before Flop (didn't bet)
Seat 7: Dorex2007 folded before Flop (didn't bet)
Seat 8: konb23 showed [Qs Ah] and lost with a pair of Queens
Seat 9: zavarka11 folded before Flop (didn't bet)



PokerStars Hand #230591199497:  Hold'em No Limit ($0.01/$0.02 USD) - 2021/10/13 22:22:02 PT [2021/10/14 1:22:02 ET]
Table 'Celbalrai III' 9-max Seat #4 is the button
Seat 1: Demidov V.S. ($1.84 in chips) 
Seat 2: Avila25851 ($1.01 in chips) 
Seat 3: WrthTheDrive ($2.50 in chips) 
Seat 4: buggspray ($6.57 in chips) 
Seat 5: Safety8ball ($5.89 in chips) 
Seat 6: Nastysha184 ($1.53 in chips) 
Seat 7: Dorex2007 ($2.05 in chips) 
Seat 9: zavarka11 ($0.13 in chips) 
Safety8ball: posts small blind $0.01
Nastysha184: posts big blind $0.02
*** HOLE CARDS ***
Dealt to Dorex2007 [Js 8d]
Safety8ball said, "you hit a 2 outer fish"
Dorex2007: folds 
konb23 is disconnected 
zavarka11: folds 
Demidov V.S.: folds 
Avila25851: calls $0.02
WrthTheDrive: raises $0.02 to $0.04
buggspray: raises $0.13 to $0.17
Safety8ball said, "only way you can win"
Safety8ball: calls $0.16
Nastysha184: folds 
Avila25851: folds 
WrthTheDrive: folds 
*** FLOP *** [5d Kc 3s]
Safety8ball: checks 
buggspray: checks 
*** TURN *** [5d Kc 3s] [Kd]
Safety8ball: checks 
buggspray: bets $0.41
Safety8ball: raises $0.51 to $0.92
buggspray: raises $5.48 to $6.40 and is all-in
Safety8ball: folds 
Uncalled bet ($5.48) returned to buggspray
buggspray collected $2.18 from pot
buggspray: doesn't show hand 
*** SUMMARY ***
Total pot $2.26 | Rake $0.08 
Board [5d Kc 3s Kd]
Seat 1: Demidov V.S. folded before Flop (didn't bet)
Seat 2: Avila25851 folded before Flop
Seat 3: WrthTheDrive folded before Flop
Seat 4: buggspray (button) collected ($2.18)
Seat 5: Safety8ball (small blind) folded on the Turn
Seat 6: Nastysha184 (big blind) folded before Flop
Seat 7: Dorex2007 folded before Flop (didn't bet)
Seat 9: zavarka11 folded before Flop (didn't bet)



PokerStars Hand #230591207094:  Hold'em No Limit ($0.01/$0.02 USD) - 2021/10/13 22:22:58 PT [2021/10/14 1:22:58 ET]
Table 'Celbalrai III' 9-max Seat #5 is the button
Seat 1: Demidov V.S. ($1.84 in chips) 
Seat 2: Avila25851 ($0.99 in chips) 
Seat 3: WrthTheDrive ($2.46 in chips) 
Seat 4: buggspray ($7.66 in chips) 
Seat 5: Safety8ball ($4.80 in chips) 
Seat 6: Nastysha184 ($1.51 in chips) 
Seat 7: Dorex2007 ($2.05 in chips) 
Seat 9: zavarka11 ($0.13 in chips) 
Nastysha184: posts small blind $0.01
Dorex2007: posts big blind $0.02
*** HOLE CARDS ***
Dealt to Dorex2007 [Ks 4h]
zavarka11: folds 
Demidov V.S.: raises $0.04 to $0.06
Avila25851: folds 
WrthTheDrive: folds 
buggspray: folds 
Safety8ball: calls $0.06
Nastysha184: folds 
Dorex2007: folds 
*** FLOP *** [6s 9s 5d]
buggspray said, "awwww"
Demidov V.S.: bets $0.08
Safety8ball: calls $0.08
*** TURN *** [6s 9s 5d] [4d]
Demidov V.S.: checks 
Safety8ball: bets $0.15
Demidov V.S.: folds 
Uncalled bet ($0.15) returned to Safety8ball
Safety8ball collected $0.30 from pot
Safety8ball: doesn't show hand 
*** SUMMARY ***
Total pot $0.31 | Rake $0.01 
Board [6s 9s 5d 4d]
Seat 1: Demidov V.S. folded on the Turn
Seat 2: Avila25851 folded before Flop (didn't bet)
Seat 3: WrthTheDrive folded before Flop (didn't bet)
Seat 4: buggspray folded before Flop (didn't bet)
Seat 5: Safety8ball (button) collected ($0.30)
Seat 6: Nastysha184 (small blind) folded before Flop
Seat 7: Dorex2007 (big blind) folded before Flop
Seat 9: zavarka11 folded before Flop (didn't bet)



PokerStars Hand #230591212708:  Hold'em No Limit ($0.01/$0.02 USD) - 2021/10/13 22:23:39 PT [2021/10/14 1:23:39 ET]
Table 'Celbalrai III' 9-max Seat #6 is the button
Seat 1: Demidov V.S. ($1.70 in chips) 
Seat 2: Avila25851 ($0.99 in chips) 
Seat 3: WrthTheDrive ($2.46 in chips) 
Seat 4: buggspray ($7.66 in chips) 
Seat 5: Safety8ball ($4.96 in chips) 
Seat 6: Nastysha184 ($1.50 in chips) 
Seat 7: Dorex2007 ($2.03 in chips) 
Seat 9: zavarka11 ($0.13 in chips) 
Dorex2007: posts small blind $0.01
zavarka11: posts big blind $0.02
*** HOLE CARDS ***
Dealt to Dorex2007 [As 6d]
Demidov V.S.: folds 
Avila25851: folds 
WrthTheDrive: folds 
buggspray: folds 
Safety8ball: folds 
Nastysha184: folds 
Dorex2007: raises $0.02 to $0.04
zavarka11: calls $0.02
*** FLOP *** [Kh 3d 5h]
Dorex2007: checks 
zavarka11: bets $0.02
Dorex2007: folds 
Uncalled bet ($0.02) returned to zavarka11
zavarka11 collected $0.08 from pot
zavarka11: doesn't show hand 
*** SUMMARY ***
Total pot $0.08 | Rake $0 
Board [Kh 3d 5h]
Seat 1: Demidov V.S. folded before Flop (didn't bet)
Seat 2: Avila25851 folded before Flop (didn't bet)
Seat 3: WrthTheDrive folded before Flop (didn't bet)
Seat 4: buggspray folded before Flop (didn't bet)
Seat 5: Safety8ball folded before Flop (didn't bet)
Seat 6: Nastysha184 (button) folded before Flop (didn't bet)
Seat 7: Dorex2007 (small blind) folded on the Flop
Seat 9: zavarka11 (big blind) collected ($0.08)



PokerStars Hand #230591217459:  Hold'em No Limit ($0.01/$0.02 USD) - 2021/10/13 22:24:15 PT [2021/10/14 1:24:15 ET]
Table 'Celbalrai III' 9-max Seat #7 is the button
Seat 1: Demidov V.S. ($1.70 in chips) 
Seat 2: Avila25851 ($0.99 in chips) 
Seat 3: WrthTheDrive ($2.46 in chips) 
Seat 4: buggspray ($7.66 in chips) 
Seat 5: Safety8ball ($4.96 in chips) 
Seat 6: Nastysha184 ($1.50 in chips) 
Seat 7: Dorex2007 ($1.99 in chips) 
Seat 9: zavarka11 ($0.17 in chips) 
zavarka11: posts small blind $0.01
Demidov V.S.: posts big blind $0.02
*** HOLE CARDS ***
Dealt to Dorex2007 [7d 9c]
Avila25851: calls $0.02
WrthTheDrive: folds 
buggspray: folds 
Safety8ball: folds 
Nastysha184: calls $0.02
Dorex2007: folds 
zavarka11: folds 
Demidov V.S.: checks 
*** FLOP *** [6d 7s Kc]
Demidov V.S.: checks 
Avila25851: checks 
Nastysha184: checks 
*** TURN *** [6d 7s Kc] [Qc]
Demidov V.S.: checks 
Avila25851: bets $0.06
Nastysha184: folds 
Demidov V.S.: folds 
Uncalled bet ($0.06) returned to Avila25851
Avila25851 collected $0.07 from pot
Avila25851: doesn't show hand 
*** SUMMARY ***
Total pot $0.07 | Rake $0 
Board [6d 7s Kc Qc]
Seat 1: Demidov V.S. (big blind) folded on the Turn
Seat 2: Avila25851 collected ($0.07)
Seat 3: WrthTheDrive folded before Flop (didn't bet)
Seat 4: buggspray folded before Flop (didn't bet)
Seat 5: Safety8ball folded before Flop (didn't bet)
Seat 6: Nastysha184 folded on the Turn
Seat 7: Dorex2007 (button) folded before Flop (didn't bet)
Seat 9: zavarka11 (small blind) folded before Flop



PokerStars Hand #230591222894:  Hold'em No Limit ($0.01/$0.02 USD) - 2021/10/13 22:24:55 PT [2021/10/14 1:24:55 ET]
Table 'Celbalrai III' 9-max Seat #9 is the button
Seat 1: Demidov V.S. ($1.68 in chips) 
Seat 2: Avila25851 ($1.04 in chips) 
Seat 3: WrthTheDrive ($2.46 in chips) 
Seat 4: buggspray ($7.66 in chips) 
Seat 5: Safety8ball ($4.96 in chips) 
Seat 6: Nastysha184 ($1.48 in chips) 
Seat 7: Dorex2007 ($1.99 in chips) 
Seat 9: zavarka11 ($0.16 in chips) 
Demidov V.S.: posts small blind $0.01
Avila25851: posts big blind $0.02
*** HOLE CARDS ***
Dealt to Dorex2007 [4d Ts]
WrthTheDrive: folds 
buggspray: raises $0.04 to $0.06
Safety8ball: raises $0.15 to $0.21
Nastysha184: folds 
Dorex2007: folds 
zavarka11: folds 
Demidov V.S.: folds 
Avila25851: folds 
buggspray: calls $0.15
*** FLOP *** [3c Jc 9c]
buggspray: checks 
Safety8ball: checks 
*** TURN *** [3c Jc 9c] [8c]
buggspray: checks 
Safety8ball: checks 
*** RIVER *** [3c Jc 9c 8c] [9d]
buggspray: bets $0.43
Safety8ball: calls $0.43
*** SHOW DOWN ***
buggspray: shows [Qh Ah] (a pair of Nines)
Safety8ball: shows [Qd Tc] (a flush, Jack high)
Safety8ball collected $1.26 from pot
*** SUMMARY ***
Total pot $1.31 | Rake $0.05 
Board [3c Jc 9c 8c 9d]
Seat 1: Demidov V.S. (small blind) folded before Flop
Seat 2: Avila25851 (big blind) folded before Flop
Seat 3: WrthTheDrive folded before Flop (didn't bet)
Seat 4: buggspray showed [Qh Ah] and lost with a pair of Nines
Seat 5: Safety8ball showed [Qd Tc] and won ($1.26) with a flush, Jack high
Seat 6: Nastysha184 folded before Flop (didn't bet)
Seat 7: Dorex2007 folded before Flop (didn't bet)
Seat 9: zavarka11 (button) folded before Flop (didn't bet)



PokerStars Hand #230591229733:  Hold'em No Limit ($0.01/$0.02 USD) - 2021/10/13 22:25:46 PT [2021/10/14 1:25:46 ET]
Table 'Celbalrai III' 9-max Seat #1 is the button
Seat 1: Demidov V.S. ($1.67 in chips) 
Seat 2: Avila25851 ($1.02 in chips) 
Seat 3: WrthTheDrive ($2.46 in chips) 
Seat 4: buggspray ($7.02 in chips) 
Seat 5: Safety8ball ($5.58 in chips) 
Seat 6: Nastysha184 ($1.48 in chips) 
Seat 7: Dorex2007 ($1.99 in chips) 
Seat 9: zavarka11 ($0.16 in chips) 
Avila25851: posts small blind $0.01
WrthTheDrive: posts big blind $0.02
*** HOLE CARDS ***
Dealt to Dorex2007 [3h As]
buggspray: folds 
Safety8ball said, "lmao"
Safety8ball: folds 
Nastysha184: folds 
Dorex2007: folds 
zavarka11: folds 
Demidov V.S.: raises $0.03 to $0.05
Avila25851: calls $0.04
WrthTheDrive: calls $0.03
*** FLOP *** [5h Ah 9h]
Avila25851: bets $0.14
WrthTheDrive: folds 
Demidov V.S.: folds 
Uncalled bet ($0.14) returned to Avila25851
Avila25851 collected $0.14 from pot
Avila25851: doesn't show hand 
*** SUMMARY ***
Total pot $0.15 | Rake $0.01 
Board [5h Ah 9h]
Seat 1: Demidov V.S. (button) folded on the Flop
Seat 2: Avila25851 (small blind) collected ($0.14)
Seat 3: WrthTheDrive (big blind) folded on the Flop
Seat 4: buggspray folded before Flop (didn't bet)
Seat 5: Safety8ball folded before Flop (didn't bet)
Seat 6: Nastysha184 folded before Flop (didn't bet)
Seat 7: Dorex2007 folded before Flop (didn't bet)
Seat 9: zavarka11 folded before Flop (didn't bet)



PokerStars Hand #230591235451:  Hold'em No Limit ($0.01/$0.02 USD) - 2021/10/13 22:26:28 PT [2021/10/14 1:26:28 ET]
Table 'Celbalrai III' 9-max Seat #2 is the button
Seat 1: Demidov V.S. ($1.62 in chips) 
Seat 2: Avila25851 ($1.11 in chips) 
Seat 3: WrthTheDrive ($2.41 in chips) 
Seat 4: buggspray ($7.02 in chips) 
Seat 5: Safety8ball ($5.58 in chips) 
Seat 6: Nastysha184 ($1.48 in chips) 
Seat 7: Dorex2007 ($2 in chips) 
Seat 9: zavarka11 ($0.16 in chips) 
WrthTheDrive: posts small blind $0.01
buggspray: posts big blind $0.02
*** HOLE CARDS ***
Dealt to Dorex2007 [2h 4c]
Safety8ball: folds 
Nastysha184: folds 
Dorex2007: folds 
buggspray said, "grow up "
zavarka11 has timed out
zavarka11: folds 
Demidov V.S.: raises $0.04 to $0.06
Avila25851: folds 
WrthTheDrive: folds 
buggspray: folds 
Uncalled bet ($0.04) returned to Demidov V.S.
Demidov V.S. collected $0.05 from pot
Demidov V.S.: doesn't show hand 
*** SUMMARY ***
Total pot $0.05 | Rake $0 
Seat 1: Demidov V.S. collected ($0.05)
Seat 2: Avila25851 (button) folded before Flop (didn't bet)
Seat 3: WrthTheDrive (small blind) folded before Flop
Seat 4: buggspray (big blind) folded before Flop
Seat 5: Safety8ball folded before Flop (didn't bet)
Seat 6: Nastysha184 folded before Flop (didn't bet)
Seat 7: Dorex2007 folded before Flop (didn't bet)
Seat 9: zavarka11 folded before Flop (didn't bet)



PokerStars Hand #230591238989:  Hold'em No Limit ($0.01/$0.02 USD) - 2021/10/13 22:26:55 PT [2021/10/14 1:26:55 ET]
Table 'Celbalrai III' 9-max Seat #3 is the button
Seat 1: Demidov V.S. ($1.65 in chips) 
Seat 2: Avila25851 ($1.11 in chips) 
Seat 3: WrthTheDrive ($2.40 in chips) 
Seat 4: buggspray ($7 in chips) 
Seat 5: Safety8ball ($5.58 in chips) 
Seat 6: Nastysha184 ($1.48 in chips) 
Seat 7: Dorex2007 ($2 in chips) 
buggspray: posts small blind $0.01
Safety8ball: posts big blind $0.02
*** HOLE CARDS ***
Dealt to Dorex2007 [3s Td]
Nastysha184: folds 
Dorex2007: folds 
Demidov V.S.: folds 
Avila25851: folds 
WrthTheDrive: raises $0.04 to $0.06
buggspray: folds 
Safety8ball: folds 
Uncalled bet ($0.04) returned to WrthTheDrive
WrthTheDrive collected $0.05 from pot
WrthTheDrive: doesn't show hand 
*** SUMMARY ***
Total pot $0.05 | Rake $0 
Seat 1: Demidov V.S. folded before Flop (didn't bet)
Seat 2: Avila25851 folded before Flop (didn't bet)
Seat 3: WrthTheDrive (button) collected ($0.05)
Seat 4: buggspray (small blind) folded before Flop
Seat 5: Safety8ball (big blind) folded before Flop
Seat 6: Nastysha184 folded before Flop (didn't bet)
Seat 7: Dorex2007 folded before Flop (didn't bet)



PokerStars Hand #230591240649:  Hold'em No Limit ($0.01/$0.02 USD) - 2021/10/13 22:27:07 PT [2021/10/14 1:27:07 ET]
Table 'Celbalrai III' 9-max Seat #4 is the button
Seat 1: Demidov V.S. ($1.65 in chips) 
Seat 2: Avila25851 ($1.11 in chips) 
Seat 3: WrthTheDrive ($2.43 in chips) 
Seat 4: buggspray ($6.99 in chips) 
Seat 5: Safety8ball ($5.56 in chips) 
Seat 6: Nastysha184 ($1.48 in chips) 
Seat 7: Dorex2007 ($2 in chips) 
Safety8ball: posts small blind $0.01
Nastysha184: posts big blind $0.02
*** HOLE CARDS ***
Dealt to Dorex2007 [8h 9d]
Dorex2007: folds 
Demidov V.S.: folds 
Avila25851: raises $0.02 to $0.04
WrthTheDrive: folds 
buggspray: raises $0.02 to $0.06
Safety8ball: folds 
Nastysha184: folds 
Avila25851: calls $0.02
*** FLOP *** [Jd 4s Tc]
Avila25851: bets $0.04
buggspray: raises $0.04 to $0.08
Avila25851: calls $0.04
*** TURN *** [Jd 4s Tc] [Qd]
Avila25851: bets $0.10
buggspray: raises $0.10 to $0.20
Avila25851: calls $0.10
*** RIVER *** [Jd 4s Tc Qd] [Ah]
Avila25851: bets $0.35
buggspray: folds 
Uncalled bet ($0.35) returned to Avila25851
Avila25851 collected $0.69 from pot
Avila25851: doesn't show hand 
*** SUMMARY ***
Total pot $0.71 | Rake $0.02 
Board [Jd 4s Tc Qd Ah]
Seat 1: Demidov V.S. folded before Flop (didn't bet)
Seat 2: Avila25851 collected ($0.69)
Seat 3: WrthTheDrive folded before Flop (didn't bet)
Seat 4: buggspray (button) folded on the River
Seat 5: Safety8ball (small blind) folded before Flop
Seat 6: Nastysha184 (big blind) folded before Flop
Seat 7: Dorex2007 folded before Flop (didn't bet)



PokerStars Hand #230591248114:  Hold'em No Limit ($0.01/$0.02 USD) - 2021/10/13 22:28:02 PT [2021/10/14 1:28:02 ET]
Table 'Celbalrai III' 9-max Seat #5 is the button
Seat 1: Demidov V.S. ($1.65 in chips) 
Seat 2: Avila25851 ($1.46 in chips) 
Seat 3: WrthTheDrive ($2.43 in chips) 
Seat 4: buggspray ($6.65 in chips) 
Seat 5: Safety8ball ($5.55 in chips) 
Seat 6: Nastysha184 ($1.46 in chips) 
Seat 7: Dorex2007 ($2 in chips) 
Nastysha184: posts small blind $0.01
Dorex2007: posts big blind $0.02
*** HOLE CARDS ***
Dealt to Dorex2007 [7c 8d]
Demidov V.S.: folds 
Avila25851: raises $0.04 to $0.06
WrthTheDrive: folds 
Safety8ball said, "lol"
buggspray: raises $0.04 to $0.10
Safety8ball: folds 
Nastysha184: folds 
Dorex2007: folds 
Avila25851: raises $0.10 to $0.20
buggspray: calls $0.10
*** FLOP *** [Qh Ac Qc]
Avila25851: checks 
buggspray: bets $0.20
Avila25851: raises $0.28 to $0.48
buggspray: folds 
Uncalled bet ($0.28) returned to Avila25851
Avila25851 collected $0.80 from pot
Avila25851: doesn't show hand 
*** SUMMARY ***
Total pot $0.83 | Rake $0.03 
Board [Qh Ac Qc]
Seat 1: Demidov V.S. folded before Flop (didn't bet)
Seat 2: Avila25851 collected ($0.80)
Seat 3: WrthTheDrive folded before Flop (didn't bet)
Seat 4: buggspray folded on the Flop
Seat 5: Safety8ball (button) folded before Flop (didn't bet)
Seat 6: Nastysha184 (small blind) folded before Flop
Seat 7: Dorex2007 (big blind) folded before Flop



PokerStars Hand #230591254399:  Hold'em No Limit ($0.01/$0.02 USD) - 2021/10/13 22:28:48 PT [2021/10/14 1:28:48 ET]
Table 'Celbalrai III' 9-max Seat #6 is the button
Seat 1: Demidov V.S. ($1.65 in chips) 
Seat 2: Avila25851 ($1.86 in chips) 
Seat 3: WrthTheDrive ($2.43 in chips) 
Seat 4: buggspray ($6.25 in chips) 
Seat 5: Safety8ball ($5.55 in chips) 
Seat 6: Nastysha184 ($1.45 in chips) 
Seat 7: Dorex2007 ($2 in chips) 
Dorex2007: posts small blind $0.01
Demidov V.S.: posts big blind $0.02
*** HOLE CARDS ***
Dealt to Dorex2007 [2h Kh]
Avila25851: calls $0.02
WrthTheDrive: folds 
buggspray: folds 
Safety8ball: folds 
Nastysha184: folds 
Dorex2007: folds 
Demidov V.S.: checks 
*** FLOP *** [Kd 6h 6c]
Demidov V.S.: checks 
Avila25851: checks 
*** TURN *** [Kd 6h 6c] [Td]
Demidov V.S.: checks 
Avila25851: checks 
*** RIVER *** [Kd 6h 6c Td] [Qc]
Demidov V.S.: checks 
Avila25851: checks 
*** SHOW DOWN ***
Demidov V.S.: shows [Th 3d] (two pair, Tens and Sixes)
Avila25851: mucks hand 
Demidov V.S. collected $0.05 from pot
*** SUMMARY ***
Total pot $0.05 | Rake $0 
Board [Kd 6h 6c Td Qc]
Seat 1: Demidov V.S. (big blind) showed [Th 3d] and won ($0.05) with two pair, Tens and Sixes
Seat 2: Avila25851 mucked [As 9c]
Seat 3: WrthTheDrive folded before Flop (didn't bet)
Seat 4: buggspray folded before Flop (didn't bet)
Seat 5: Safety8ball folded before Flop (didn't bet)
Seat 6: Nastysha184 (button) folded before Flop (didn't bet)
Seat 7: Dorex2007 (small blind) folded before Flop



PokerStars Hand #230591260263:  Hold'em No Limit ($0.01/$0.02 USD) - 2021/10/13 22:29:31 PT [2021/10/14 1:29:31 ET]
Table 'Celbalrai III' 9-max Seat #7 is the button
Seat 1: Demidov V.S. ($1.68 in chips) 
Seat 2: Avila25851 ($1.84 in chips) 
Seat 3: WrthTheDrive ($2.43 in chips) 
Seat 4: buggspray ($6.25 in chips) 
Seat 5: Safety8ball ($5.55 in chips) 
Seat 6: Nastysha184 ($1.45 in chips) 
Seat 7: Dorex2007 ($2 in chips) 
Demidov V.S.: posts small blind $0.01
Avila25851: posts big blind $0.02
*** HOLE CARDS ***
Dealt to Dorex2007 [Qc 5s]
WrthTheDrive: folds 
buggspray: raises $0.04 to $0.06
Safety8ball: folds 
Nastysha184: folds 
Dorex2007: folds 
Demidov V.S.: folds 
Avila25851: calls $0.04
*** FLOP *** [7c Ts 4s]
Avila25851: checks 
buggspray: bets $0.13
Avila25851: folds 
Uncalled bet ($0.13) returned to buggspray
buggspray collected $0.13 from pot
buggspray: doesn't show hand 
*** SUMMARY ***
Total pot $0.13 | Rake $0 
Board [7c Ts 4s]
Seat 1: Demidov V.S. (small blind) folded before Flop
Seat 2: Avila25851 (big blind) folded on the Flop
Seat 3: WrthTheDrive folded before Flop (didn't bet)
Seat 4: buggspray collected ($0.13)
Seat 5: Safety8ball folded before Flop (didn't bet)
Seat 6: Nastysha184 folded before Flop (didn't bet)
Seat 7: Dorex2007 (button) folded before Flop (didn't bet)



PokerStars Hand #230591264159:  Hold'em No Limit ($0.01/$0.02 USD) - 2021/10/13 22:30:00 PT [2021/10/14 1:30:00 ET]
Table 'Celbalrai III' 9-max Seat #1 is the button
Seat 1: Demidov V.S. ($1.67 in chips) 
Seat 2: Avila25851 ($1.78 in chips) 
Seat 3: WrthTheDrive ($2.43 in chips) 
Seat 4: buggspray ($6.32 in chips) 
Seat 5: Safety8ball ($5.55 in chips) 
Seat 6: Nastysha184 ($1.45 in chips) 
Seat 7: Dorex2007 ($2 in chips) 
Avila25851: posts small blind $0.01
WrthTheDrive: posts big blind $0.02
*** HOLE CARDS ***
Dealt to Dorex2007 [2h Kc]
buggspray: folds 
Safety8ball: folds 
Nastysha184: folds 
Dorex2007: folds 
Demidov V.S.: raises $0.03 to $0.05
Avila25851: calls $0.04
WrthTheDrive: calls $0.03
*** FLOP *** [Jh 4s Jd]
Avila25851: checks 
WrthTheDrive: checks 
Demidov V.S.: checks 
*** TURN *** [Jh 4s Jd] [Th]
Avila25851: checks 
WrthTheDrive: bets $0.09
Demidov V.S.: folds 
Avila25851: calls $0.09
*** RIVER *** [Jh 4s Jd Th] [3c]
Avila25851: bets $0.32
WrthTheDrive: raises $0.66 to $0.98
Avila25851: calls $0.66
*** SHOW DOWN ***
WrthTheDrive: shows [Jc Ad] (three of a kind, Jacks)
Avila25851: mucks hand 
WrthTheDrive collected $2.21 from pot
*** SUMMARY ***
Total pot $2.29 | Rake $0.08 
Board [Jh 4s Jd Th 3c]
Seat 1: Demidov V.S. (button) folded on the Turn
Seat 2: Avila25851 (small blind) mucked [Tc Ah]
Seat 3: WrthTheDrive (big blind) showed [Jc Ad] and won ($2.21) with three of a kind, Jacks
Seat 4: buggspray folded before Flop (didn't bet)
Seat 5: Safety8ball folded before Flop (didn't bet)
Seat 6: Nastysha184 folded before Flop (didn't bet)
Seat 7: Dorex2007 folded before Flop (didn't bet)



PokerStars Hand #230591272712:  Hold'em No Limit ($0.01/$0.02 USD) - 2021/10/13 22:31:03 PT [2021/10/14 1:31:03 ET]
Table 'Celbalrai III' 9-max Seat #2 is the button
Seat 1: Demidov V.S. ($1.62 in chips) 
Seat 2: Avila25851 ($0.66 in chips) 
Seat 3: WrthTheDrive ($3.52 in chips) 
Seat 5: Safety8ball ($5.55 in chips) 
Seat 6: Nastysha184 ($1.45 in chips) 
Seat 7: Dorex2007 ($2 in chips) 
WrthTheDrive: posts small blind $0.01
buggspray: is sitting out 
Safety8ball: posts big blind $0.02
*** HOLE CARDS ***
Dealt to Dorex2007 [5c 5d]
Nastysha184: folds 
Dorex2007: raises $0.02 to $0.04
Demidov V.S.: folds 
Avila25851: calls $0.04
WrthTheDrive: folds 
Safety8ball: folds 
*** FLOP *** [5h 9d 5s]
Dorex2007: checks 
Avila25851: checks 
*** TURN *** [5h 9d 5s] [Kc]
Dorex2007: checks 
Avila25851: checks 
*** RIVER *** [5h 9d 5s Kc] [Qd]
Dorex2007: bets $0.11
Avila25851: calls $0.11
*** SHOW DOWN ***
Dorex2007: shows [5c 5d] (four of a kind, Fives)
Avila25851: mucks hand 
Dorex2007 collected $0.32 from pot
*** SUMMARY ***
Total pot $0.33 | Rake $0.01 
Board [5h 9d 5s Kc Qd]
Seat 1: Demidov V.S. folded before Flop (didn't bet)
Seat 2: Avila25851 (button) mucked [Kd Jd]
Seat 3: WrthTheDrive (small blind) folded before Flop
Seat 5: Safety8ball (big blind) folded before Flop
Seat 6: Nastysha184 folded before Flop (didn't bet)
Seat 7: Dorex2007 showed [5c 5d] and won ($0.32) with four of a kind, Fives



PokerStars Hand #230591277180:  Hold'em No Limit ($0.01/$0.02 USD) - 2021/10/13 22:31:36 PT [2021/10/14 1:31:36 ET]
Table 'Celbalrai III' 9-max Seat #3 is the button
Seat 1: Demidov V.S. ($1.62 in chips) 
Seat 2: Avila25851 ($0.51 in chips) 
Seat 3: WrthTheDrive ($3.51 in chips) 
Seat 5: Safety8ball ($5.53 in chips) 
Seat 7: Dorex2007 ($2.17 in chips) 
Safety8ball: posts small blind $0.01
Nastysha184: is sitting out 
Dorex2007: posts big blind $0.02
*** HOLE CARDS ***
Dealt to Dorex2007 [9h 3c]
Demidov V.S.: raises $0.04 to $0.06
Avila25851: folds 
WrthTheDrive: folds 
Safety8ball: folds 
Dorex2007: folds 
Uncalled bet ($0.04) returned to Demidov V.S.
Demidov V.S. collected $0.05 from pot
Nastysha184 leaves the table
Demidov V.S.: doesn't show hand 
*** SUMMARY ***
Total pot $0.05 | Rake $0 
Seat 1: Demidov V.S. collected ($0.05)
Seat 2: Avila25851 folded before Flop (didn't bet)
Seat 3: WrthTheDrive (button) folded before Flop (didn't bet)
Seat 5: Safety8ball (small blind) folded before Flop
Seat 7: Dorex2007 (big blind) folded before Flop



PokerStars Hand #230591278357:  Hold'em No Limit ($0.01/$0.02 USD) - 2021/10/13 22:31:45 PT [2021/10/14 1:31:45 ET]
Table 'Celbalrai III' 9-max Seat #5 is the button
Seat 1: Demidov V.S. ($1.65 in chips) 
Seat 2: Avila25851 ($0.51 in chips) 
Seat 3: WrthTheDrive ($3.51 in chips) 
Seat 5: Safety8ball ($5.52 in chips) 
Seat 7: Dorex2007 ($2.15 in chips) 
Dorex2007: posts small blind $0.01
Demidov V.S.: posts big blind $0.02
*** HOLE CARDS ***
Dealt to Dorex2007 [As Jd]
Avila25851: calls $0.02
WrthTheDrive: folds 
PokerDubKid joins the table at seat #6 
Safety8ball: folds 
Dorex2007: calls $0.01
Demidov V.S.: checks 
*** FLOP *** [Tc 5c 7h]
Dorex2007: checks 
Demidov V.S.: checks 
Avila25851: checks 
*** TURN *** [Tc 5c 7h] [Kh]
konb23 leaves the table
Dorex2007: checks 
Demidov V.S.: checks 
Avila25851: checks 
*** RIVER *** [Tc 5c 7h Kh] [7s]
Dorex2007: checks 
Demidov V.S.: checks 
Avila25851: bets $0.06
Dorex2007: folds 
abufirs joins the table at seat #8 
Demidov V.S.: folds 
Uncalled bet ($0.06) returned to Avila25851
Avila25851 collected $0.06 from pot
Avila25851: doesn't show hand 
*** SUMMARY ***
Total pot $0.06 | Rake $0 
Board [Tc 5c 7h Kh 7s]
Seat 1: Demidov V.S. (big blind) folded on the River
Seat 2: Avila25851 collected ($0.06)
Seat 3: WrthTheDrive folded before Flop (didn't bet)
Seat 5: Safety8ball (button) folded before Flop (didn't bet)
Seat 7: Dorex2007 (small blind) folded on the River



PokerStars Hand #230591284241:  Hold'em No Limit ($0.01/$0.02 USD) - 2021/10/13 22:32:30 PT [2021/10/14 1:32:30 ET]
Table 'Celbalrai III' 9-max Seat #7 is the button
Seat 1: Demidov V.S. ($1.63 in chips) 
Seat 2: Avila25851 ($0.55 in chips) 
Seat 3: WrthTheDrive ($3.51 in chips) 
Seat 5: Safety8ball ($5.52 in chips) 
Seat 7: Dorex2007 ($2.13 in chips) 
Demidov V.S.: posts small blind $0.01
Avila25851: posts big blind $0.02
PokerDubKid: sits out 
*** HOLE CARDS ***
Dealt to Dorex2007 [Qc 9d]
WrthTheDrive: folds 
Safety8ball: folds 
Dorex2007 has timed out
Dorex2007: folds 
Demidov V.S.: folds 
Uncalled bet ($0.01) returned to Avila25851
Avila25851 collected $0.02 from pot
Avila25851: doesn't show hand 
*** SUMMARY ***
Total pot $0.02 | Rake $0 
Seat 1: Demidov V.S. (small blind) folded before Flop
Seat 2: Avila25851 (big blind) collected ($0.02)
Seat 3: WrthTheDrive folded before Flop (didn't bet)
Seat 5: Safety8ball folded before Flop (didn't bet)
Seat 7: Dorex2007 (button) folded before Flop (didn't bet)



PokerStars Hand #230591297088:  Hold'em No Limit ($0.01/$0.02 USD) - 2021/10/13 22:34:06 PT [2021/10/14 1:34:06 ET]
Table 'Celbalrai III' 9-max Seat #2 is the button
Seat 1: Demidov V.S. ($1.54 in chips) 
Seat 2: sansisbai ($2 in chips) 
Seat 3: WrthTheDrive ($3.58 in chips) 
Seat 5: Safety8ball ($5.54 in chips) 
Seat 6: PokerDubKid ($2 in chips) 
Seat 7: Dorex2007 ($2.13 in chips) 
WrthTheDrive: posts small blind $0.01
Safety8ball: posts big blind $0.02
Dorex2007: posts small & big blinds $0.03
*** HOLE CARDS ***
Dealt to Dorex2007 [Ac 7d]
PokerDubKid: raises $0.05 to $0.07
Dorex2007: folds 
Demidov V.S.: folds 
sansisbai: folds 
WrthTheDrive: folds 
Safety8ball: folds 
Uncalled bet ($0.05) returned to PokerDubKid
PokerDubKid collected $0.08 from pot
PokerDubKid: doesn't show hand 
*** SUMMARY ***
Total pot $0.08 | Rake $0 
Seat 1: Demidov V.S. folded before Flop (didn't bet)
Seat 2: sansisbai (button) folded before Flop (didn't bet)
Seat 3: WrthTheDrive (small blind) folded before Flop
Seat 5: Safety8ball (big blind) folded before Flop
Seat 6: PokerDubKid collected ($0.08)
Seat 7: Dorex2007 folded before Flop (didn't bet)



PokerStars Hand #230591300973:  Hold'em No Limit ($0.01/$0.02 USD) - 2021/10/13 22:34:35 PT [2021/10/14 1:34:35 ET]
Table 'Celbalrai III' 9-max Seat #3 is the button
Seat 1: Demidov V.S. ($1.54 in chips) 
Seat 2: sansisbai ($2 in chips) 
Seat 3: WrthTheDrive ($3.57 in chips) 
Seat 5: Safety8ball ($5.52 in chips) 
Seat 6: PokerDubKid ($2.06 in chips) 
Seat 7: Dorex2007 ($2.10 in chips) 
Safety8ball: posts small blind $0.01
PokerDubKid: posts big blind $0.02
abufirs: sits out 
*** HOLE CARDS ***
Dealt to Dorex2007 [4s Ks]
Dorex2007: folds 
Demidov V.S.: folds 
sansisbai: folds 
WrthTheDrive: calls $0.02
Safety8ball: folds 
PokerDubKid: checks 
*** FLOP *** [6c Kd Ad]
PokerDubKid: checks 
WrthTheDrive: checks 
*** TURN *** [6c Kd Ad] [Qh]
PokerDubKid: checks 
WrthTheDrive: checks 
*** RIVER *** [6c Kd Ad Qh] [As]
PokerDubKid: checks 
WrthTheDrive: checks 
*** SHOW DOWN ***
PokerDubKid: shows [3h 2s] (a pair of Aces)
WrthTheDrive: shows [Kc Qd] (two pair, Aces and Kings)
WrthTheDrive collected $0.05 from pot
*** SUMMARY ***
Total pot $0.05 | Rake $0 
Board [6c Kd Ad Qh As]
Seat 1: Demidov V.S. folded before Flop (didn't bet)
Seat 2: sansisbai folded before Flop (didn't bet)
Seat 3: WrthTheDrive (button) showed [Kc Qd] and won ($0.05) with two pair, Aces and Kings
Seat 5: Safety8ball (small blind) folded before Flop
Seat 6: PokerDubKid (big blind) showed [3h 2s] and lost with a pair of Aces
Seat 7: Dorex2007 folded before Flop (didn't bet)



PokerStars Hand #230591305369:  Hold'em No Limit ($0.01/$0.02 USD) - 2021/10/13 22:35:08 PT [2021/10/14 1:35:08 ET]
Table 'Celbalrai III' 9-max Seat #5 is the button
Seat 1: Demidov V.S. ($1.54 in chips) 
Seat 2: sansisbai ($2 in chips) 
Seat 3: WrthTheDrive ($3.60 in chips) 
Seat 5: Safety8ball ($5.51 in chips) 
Seat 7: Dorex2007 ($2.10 in chips) 
Dorex2007: posts small blind $0.01
abufirs has timed out
abufirs: is sitting out 
Demidov V.S.: posts big blind $0.02
*** HOLE CARDS ***
Dealt to Dorex2007 [4c Jd]
sansisbai: folds 
WrthTheDrive: raises $0.02 to $0.04
Safety8ball: folds 
abufirs is disconnected 
Dorex2007 is disconnected 
Dorex2007 has timed out while disconnected
Dorex2007: folds 
Demidov V.S.: folds 
Uncalled bet ($0.02) returned to WrthTheDrive
WrthTheDrive collected $0.05 from pot
zavarka11 leaves the table
WrthTheDrive: doesn't show hand 
*** SUMMARY ***
Total pot $0.05 | Rake $0 
Seat 1: Demidov V.S. (big blind) folded before Flop
Seat 2: sansisbai folded before Flop (didn't bet)
Seat 3: WrthTheDrive collected ($0.05)
Seat 5: Safety8ball (button) folded before Flop (didn't bet)
Seat 7: Dorex2007 (small blind) folded before Flop



PokerStars Hand #230591311113:  Hold'em No Limit ($0.01/$0.02 USD) - 2021/10/13 22:35:52 PT [2021/10/14 1:35:52 ET]
Table 'Celbalrai III' 9-max Seat #2 is the button
Seat 1: Demidov V.S. ($1.52 in chips) 
Seat 2: sansisbai ($1.99 in chips) 
Seat 3: WrthTheDrive ($3.64 in chips) 
Seat 5: Safety8ball ($5.51 in chips) 
Seat 7: Dorex2007 ($2.09 in chips) 
WrthTheDrive: posts small blind $0.01
Safety8ball: posts big blind $0.02
abufirs: sits out 
*** HOLE CARDS ***
Dealt to Dorex2007 [8c 2h]
Dorex2007: folds 
Demidov V.S.: folds 
sansisbai: folds 
WrthTheDrive: folds 
Uncalled bet ($0.01) returned to Safety8ball
Safety8ball collected $0.02 from pot
buggspray leaves the table
Safety8ball: doesn't show hand 
*** SUMMARY ***
Total pot $0.02 | Rake $0 
Seat 1: Demidov V.S. folded before Flop (didn't bet)
Seat 2: sansisbai (button) folded before Flop (didn't bet)
Seat 3: WrthTheDrive (small blind) folded before Flop
Seat 5: Safety8ball (big blind) collected ($0.02)
Seat 7: Dorex2007 folded before Flop (didn't bet)



PokerStars Hand #230591312029:  Hold'em No Limit ($0.01/$0.02 USD) - 2021/10/13 22:35:59 PT [2021/10/14 1:35:59 ET]
Table 'Celbalrai III' 9-max Seat #3 is the button
Seat 1: Demidov V.S. ($1.52 in chips) 
Seat 2: sansisbai ($1.99 in chips) 
Seat 3: WrthTheDrive ($3.63 in chips) 
Seat 5: Safety8ball ($5.52 in chips) 
Seat 7: Dorex2007 ($2.09 in chips) 
Safety8ball: posts small blind $0.01
Dorex2007: posts big blind $0.02
abufirs: sits out 
*** HOLE CARDS ***
Dealt to Dorex2007 [6c As]
Demidov V.S.: folds 
sansisbai: folds 
WrthTheDrive: folds 
Safety8ball: folds 
Uncalled bet ($0.01) returned to Dorex2007
Dorex2007 collected $0.02 from pot
Dorex2007: doesn't show hand 
*** SUMMARY ***
Total pot $0.02 | Rake $0 
Seat 1: Demidov V.S. folded before Flop (didn't bet)
Seat 2: sansisbai folded before Flop (didn't bet)
Seat 3: WrthTheDrive (button) folded before Flop (didn't bet)
Seat 5: Safety8ball (small blind) folded before Flop
Seat 7: Dorex2007 (big blind) collected ($0.02)



PokerStars Hand #230591312793:  Hold'em No Limit ($0.01/$0.02 USD) - 2021/10/13 22:36:04 PT [2021/10/14 1:36:04 ET]
Table 'Celbalrai III' 9-max Seat #5 is the button
Seat 1: Demidov V.S. ($1.52 in chips) 
Seat 2: sansisbai ($1.99 in chips) 
Seat 3: WrthTheDrive ($3.63 in chips) 
Seat 5: Safety8ball ($5.51 in chips) 
Seat 7: Dorex2007 ($2.10 in chips) 
Seat 8: abufirs ($1.91 in chips) 
Dorex2007: posts small blind $0.01
abufirs: posts big blind $0.02
*** HOLE CARDS ***
Dealt to Dorex2007 [5c 3h]
Demidov V.S.: folds 
sansisbai: raises $0.04 to $0.06
WrthTheDrive: folds 
Safety8ball: folds 
Dorex2007: folds 
abufirs: calls $0.04
*** FLOP *** [4s 5d Ad]
abufirs: bets $0.13
sansisbai: raises $0.39 to $0.52
abufirs: calls $0.39
*** TURN *** [4s 5d Ad] [Ks]
abufirs: checks 
sansisbai: bets $1.13
abufirs: folds 
Uncalled bet ($1.13) returned to sansisbai
sansisbai collected $1.13 from pot
sansisbai: doesn't show hand 
*** SUMMARY ***
Total pot $1.17 | Rake $0.04 
Board [4s 5d Ad Ks]
Seat 1: Demidov V.S. folded before Flop (didn't bet)
Seat 2: sansisbai collected ($1.13)
Seat 3: WrthTheDrive folded before Flop (didn't bet)
Seat 5: Safety8ball (button) folded before Flop (didn't bet)
Seat 7: Dorex2007 (small blind) folded before Flop
Seat 8: abufirs (big blind) folded on the Turn



PokerStars Hand #230591317198:  Hold'em No Limit ($0.01/$0.02 USD) - 2021/10/13 22:36:37 PT [2021/10/14 1:36:37 ET]
Table 'Celbalrai III' 9-max Seat #7 is the button
Seat 1: Demidov V.S. ($1.52 in chips) 
Seat 2: sansisbai ($2.54 in chips) 
Seat 3: WrthTheDrive ($3.63 in chips) 
Seat 5: Safety8ball ($5.51 in chips) 
Seat 7: Dorex2007 ($2.09 in chips) 
Seat 8: abufirs ($1.33 in chips) 
abufirs: posts small blind $0.01
Demidov V.S.: posts big blind $0.02
*** HOLE CARDS ***
Dealt to Dorex2007 [2s 7s]
sansisbai: raises $0.04 to $0.06
WrthTheDrive: folds 
Safety8ball: folds 
Dorex2007: folds 
abufirs: folds 
Demidov V.S.: folds 
Uncalled bet ($0.04) returned to sansisbai
sansisbai collected $0.05 from pot
sansisbai: doesn't show hand 
*** SUMMARY ***
Total pot $0.05 | Rake $0 
Seat 1: Demidov V.S. (big blind) folded before Flop
Seat 2: sansisbai collected ($0.05)
Seat 3: WrthTheDrive folded before Flop (didn't bet)
Seat 5: Safety8ball folded before Flop (didn't bet)
Seat 7: Dorex2007 (button) folded before Flop (didn't bet)
Seat 8: abufirs (small blind) folded before Flop



PokerStars Hand #230591319796:  Hold'em No Limit ($0.01/$0.02 USD) - 2021/10/13 22:36:57 PT [2021/10/14 1:36:57 ET]
Table 'Celbalrai III' 9-max Seat #8 is the button
Seat 1: Demidov V.S. ($1.50 in chips) 
Seat 2: sansisbai ($2.57 in chips) 
Seat 3: WrthTheDrive ($3.63 in chips) 
Seat 5: Safety8ball ($5.51 in chips) 
Seat 7: Dorex2007 ($2.09 in chips) 
Seat 8: abufirs ($1.32 in chips) 
Demidov V.S.: posts small blind $0.01
sansisbai: posts big blind $0.02
*** HOLE CARDS ***
Dealt to Dorex2007 [9c 5s]
WrthTheDrive: folds 
Safety8ball: folds 
Dorex2007: folds 
abufirs: calls $0.02
Demidov V.S.: folds 
sansisbai: checks 
*** FLOP *** [Ts 2c 7h]
sansisbai: checks 
abufirs: checks 
*** TURN *** [Ts 2c 7h] [4d]
sansisbai: checks 
abufirs: checks 
*** RIVER *** [Ts 2c 7h 4d] [2s]
sansisbai: checks 
abufirs: checks 
*** SHOW DOWN ***
sansisbai: shows [9s 6s] (a pair of Deuces)
abufirs: shows [3h Jh] (a pair of Deuces - Jack kicker)
abufirs collected $0.05 from pot
*** SUMMARY ***
Total pot $0.05 | Rake $0 
Board [Ts 2c 7h 4d 2s]
Seat 1: Demidov V.S. (small blind) folded before Flop
Seat 2: sansisbai (big blind) showed [9s 6s] and lost with a pair of Deuces
Seat 3: WrthTheDrive folded before Flop (didn't bet)
Seat 5: Safety8ball folded before Flop (didn't bet)
Seat 7: Dorex2007 folded before Flop (didn't bet)
Seat 8: abufirs (button) showed [3h Jh] and won ($0.05) with a pair of Deuces



PokerStars Hand #230591322906:  Hold'em No Limit ($0.01/$0.02 USD) - 2021/10/13 22:37:21 PT [2021/10/14 1:37:21 ET]
Table 'Celbalrai III' 9-max Seat #1 is the button
Seat 1: Demidov V.S. ($1.49 in chips) 
Seat 2: sansisbai ($2.55 in chips) 
Seat 3: WrthTheDrive ($3.63 in chips) 
Seat 5: Safety8ball ($5.51 in chips) 
Seat 7: Dorex2007 ($2.09 in chips) 
Seat 8: abufirs ($1.35 in chips) 
sansisbai: posts small blind $0.01
WrthTheDrive: posts big blind $0.02
*** HOLE CARDS ***
Dealt to Dorex2007 [5h 3d]
Safety8ball: folds 
Dorex2007: folds 
abufirs: calls $0.02
Demidov V.S.: folds 
sansisbai: folds 
WrthTheDrive: checks 
*** FLOP *** [6s 6d 8d]
WrthTheDrive: checks 
abufirs: checks 
*** TURN *** [6s 6d 8d] [4s]
WrthTheDrive: bets $0.05
abufirs: folds 
Uncalled bet ($0.05) returned to WrthTheDrive
WrthTheDrive collected $0.05 from pot
WrthTheDrive: doesn't show hand 
*** SUMMARY ***
Total pot $0.05 | Rake $0 
Board [6s 6d 8d 4s]
Seat 1: Demidov V.S. (button) folded before Flop (didn't bet)
Seat 2: sansisbai (small blind) folded before Flop
Seat 3: WrthTheDrive (big blind) collected ($0.05)
Seat 5: Safety8ball folded before Flop (didn't bet)
Seat 7: Dorex2007 folded before Flop (didn't bet)
Seat 8: abufirs folded on the Turn



PokerStars Hand #230591325341:  Hold'em No Limit ($0.01/$0.02 USD) - 2021/10/13 22:37:39 PT [2021/10/14 1:37:39 ET]
Table 'Celbalrai III' 9-max Seat #2 is the button
Seat 1: Demidov V.S. ($1.49 in chips) 
Seat 2: sansisbai ($2.54 in chips) 
Seat 3: WrthTheDrive ($3.66 in chips) 
Seat 5: Safety8ball ($5.51 in chips) 
Seat 7: Dorex2007 ($2.09 in chips) 
Seat 8: abufirs ($1.33 in chips) 
WrthTheDrive: posts small blind $0.01
Safety8ball: posts big blind $0.02
*** HOLE CARDS ***
Dealt to Dorex2007 [Ac Tc]
Dorex2007: raises $0.04 to $0.06
abufirs: folds 
Demidov V.S.: folds 
sansisbai: folds 
WrthTheDrive: folds 
Safety8ball: folds 
Uncalled bet ($0.04) returned to Dorex2007
topcat.prost joins the table at seat #9 
Dorex2007 collected $0.05 from pot
Dorex2007: doesn't show hand 
*** SUMMARY ***
Total pot $0.05 | Rake $0 
Seat 1: Demidov V.S. folded before Flop (didn't bet)
Seat 2: sansisbai (button) folded before Flop (didn't bet)
Seat 3: WrthTheDrive (small blind) folded before Flop
Seat 5: Safety8ball (big blind) folded before Flop
Seat 7: Dorex2007 collected ($0.05)
Seat 8: abufirs folded before Flop (didn't bet)



PokerStars Hand #230591326726:  Hold'em No Limit ($0.01/$0.02 USD) - 2021/10/13 22:37:50 PT [2021/10/14 1:37:50 ET]
Table 'Celbalrai III' 9-max Seat #3 is the button
Seat 1: Demidov V.S. ($1.49 in chips) 
Seat 2: sansisbai ($2.54 in chips) 
Seat 3: WrthTheDrive ($3.65 in chips) 
Seat 5: Safety8ball ($5.49 in chips) 
Seat 7: Dorex2007 ($2.12 in chips) 
Seat 8: abufirs ($1.33 in chips) 
Safety8ball: posts small blind $0.01
Dorex2007: posts big blind $0.02
topcat.prost: sits out 
*** HOLE CARDS ***
Dealt to Dorex2007 [8h 2c]
abufirs: folds 
Demidov V.S.: folds 
sansisbai: folds 
WrthTheDrive: folds 
Safety8ball: folds 
Uncalled bet ($0.01) returned to Dorex2007
Dorex2007 collected $0.02 from pot
Dorex2007: doesn't show hand 
*** SUMMARY ***
Total pot $0.02 | Rake $0 
Seat 1: Demidov V.S. folded before Flop (didn't bet)
Seat 2: sansisbai folded before Flop (didn't bet)
Seat 3: WrthTheDrive (button) folded before Flop (didn't bet)
Seat 5: Safety8ball (small blind) folded before Flop
Seat 7: Dorex2007 (big blind) collected ($0.02)
Seat 8: abufirs folded before Flop (didn't bet)



PokerStars Hand #230591327726:  Hold'em No Limit ($0.01/$0.02 USD) - 2021/10/13 22:37:58 PT [2021/10/14 1:37:58 ET]
Table 'Celbalrai III' 9-max Seat #5 is the button
Seat 1: Demidov V.S. ($1.49 in chips) 
Seat 2: sansisbai ($2.54 in chips) 
Seat 3: WrthTheDrive ($3.65 in chips) 
Seat 5: Safety8ball ($5.48 in chips) 
Seat 7: Dorex2007 ($2.13 in chips) 
Seat 8: abufirs ($1.33 in chips) 
Dorex2007: posts small blind $0.01
abufirs: posts big blind $0.02
topcat.prost: sits out 
*** HOLE CARDS ***
Dealt to Dorex2007 [5h Jd]
Demidov V.S.: folds 
sansisbai: folds 
WrthTheDrive: folds 
Safety8ball: folds 
Dorex2007: folds 
Uncalled bet ($0.01) returned to abufirs
abufirs collected $0.02 from pot
*** SUMMARY ***
Total pot $0.02 | Rake $0 
Seat 1: Demidov V.S. folded before Flop (didn't bet)
Seat 2: sansisbai folded before Flop (didn't bet)
Seat 3: WrthTheDrive folded before Flop (didn't bet)
Seat 5: Safety8ball (button) folded before Flop (didn't bet)
Seat 7: Dorex2007 (small blind) folded before Flop
Seat 8: abufirs (big blind) collected ($0.02)



PokerStars Hand #230591329149:  Hold'em No Limit ($0.01/$0.02 USD) - 2021/10/13 22:38:09 PT [2021/10/14 1:38:09 ET]
Table 'Celbalrai III' 9-max Seat #7 is the button
Seat 1: Demidov V.S. ($1.49 in chips) 
Seat 2: sansisbai ($2.54 in chips) 
Seat 3: WrthTheDrive ($3.65 in chips) 
Seat 5: Safety8ball ($5.48 in chips) 
Seat 7: Dorex2007 ($2.12 in chips) 
Seat 8: abufirs ($1.34 in chips) 
Seat 9: topcat.prost ($1.60 in chips) 
abufirs: posts small blind $0.01
topcat.prost: posts big blind $0.02
*** HOLE CARDS ***
Dealt to Dorex2007 [Jh 2h]
Demidov V.S.: folds 
sansisbai: folds 
WrthTheDrive: folds 
Safety8ball: folds 
Dorex2007: folds 
abufirs: calls $0.01
topcat.prost: checks 
*** FLOP *** [Ts 5s Ac]
abufirs: checks 
topcat.prost: bets $0.04
abufirs: folds 
Uncalled bet ($0.04) returned to topcat.prost
topcat.prost collected $0.04 from pot
*** SUMMARY ***
Total pot $0.04 | Rake $0 
Board [Ts 5s Ac]
Seat 1: Demidov V.S. folded before Flop (didn't bet)
Seat 2: sansisbai folded before Flop (didn't bet)
Seat 3: WrthTheDrive folded before Flop (didn't bet)
Seat 5: Safety8ball folded before Flop (didn't bet)
Seat 7: Dorex2007 (button) folded before Flop (didn't bet)
Seat 8: abufirs (small blind) folded on the Flop
Seat 9: topcat.prost (big blind) collected ($0.04)



PokerStars Hand #230591331785:  Hold'em No Limit ($0.01/$0.02 USD) - 2021/10/13 22:38:29 PT [2021/10/14 1:38:29 ET]
Table 'Celbalrai III' 9-max Seat #8 is the button
Seat 1: Demidov V.S. ($1.49 in chips) 
Seat 2: sansisbai ($2.54 in chips) 
Seat 3: WrthTheDrive ($3.65 in chips) 
Seat 5: Safety8ball ($5.48 in chips) 
Seat 7: Dorex2007 ($2.12 in chips) 
Seat 8: abufirs ($1.32 in chips) 
Seat 9: topcat.prost ($1.62 in chips) 
topcat.prost: posts small blind $0.01
Demidov V.S.: posts big blind $0.02
*** HOLE CARDS ***
Dealt to Dorex2007 [Jc 9s]
sansisbai: folds 
WrthTheDrive: folds 
Safety8ball: folds 
Dorex2007: folds 
abufirs: raises $0.02 to $0.04
topcat.prost: calls $0.03
Demidov V.S.: folds 
*** FLOP *** [8c 5h 9d]
topcat.prost: bets $0.05
abufirs: folds 
Uncalled bet ($0.05) returned to topcat.prost
topcat.prost collected $0.10 from pot
topcat.prost: doesn't show hand 
*** SUMMARY ***
Total pot $0.10 | Rake $0 
Board [8c 5h 9d]
Seat 1: Demidov V.S. (big blind) folded before Flop
Seat 2: sansisbai folded before Flop (didn't bet)
Seat 3: WrthTheDrive folded before Flop (didn't bet)
Seat 5: Safety8ball folded before Flop (didn't bet)
Seat 7: Dorex2007 folded before Flop (didn't bet)
Seat 8: abufirs (button) folded on the Flop
Seat 9: topcat.prost (small blind) collected ($0.10)



PokerStars Hand #230591341027:  Hold'em No Limit ($0.01/$0.02 USD) - 2021/10/13 22:38:49 PT [2021/10/14 1:38:49 ET]
Table 'Celbalrai III' 9-max Seat #9 is the button
Seat 1: Demidov V.S. ($1.47 in chips) 
Seat 2: sansisbai ($2.54 in chips) 
Seat 3: WrthTheDrive ($3.65 in chips) 
Seat 5: Safety8ball ($5.48 in chips) 
Seat 7: Dorex2007 ($2.12 in chips) 
Seat 8: abufirs ($1.28 in chips) 
Seat 9: topcat.prost ($1.68 in chips) 
Demidov V.S.: posts small blind $0.01
sansisbai: posts big blind $0.02
*** HOLE CARDS ***
Dealt to Dorex2007 [2c 4s]
WrthTheDrive: folds 
Safety8ball: folds 
Dorex2007: folds 
abufirs: folds 
topcat.prost: calls $0.02
Demidov V.S.: folds 
sansisbai: checks 
*** FLOP *** [7c 2s Td]
sansisbai: checks 
topcat.prost: bets $0.05
sansisbai: folds 
Uncalled bet ($0.05) returned to topcat.prost
topcat.prost collected $0.05 from pot
topcat.prost: doesn't show hand 
*** SUMMARY ***
Total pot $0.05 | Rake $0 
Board [7c 2s Td]
Seat 1: Demidov V.S. (small blind) folded before Flop
Seat 2: sansisbai (big blind) folded on the Flop
Seat 3: WrthTheDrive folded before Flop (didn't bet)
Seat 5: Safety8ball folded before Flop (didn't bet)
Seat 7: Dorex2007 folded before Flop (didn't bet)
Seat 8: abufirs folded before Flop (didn't bet)
Seat 9: topcat.prost (button) collected ($0.05)



PokerStars Hand #230591344705:  Hold'em No Limit ($0.01/$0.02 USD) - 2021/10/13 22:39:17 PT [2021/10/14 1:39:17 ET]
Table 'Celbalrai III' 9-max Seat #1 is the button
Seat 1: Demidov V.S. ($1.46 in chips) 
Seat 2: sansisbai ($2.52 in chips) 
Seat 3: WrthTheDrive ($3.65 in chips) 
Seat 5: Safety8ball ($5.48 in chips) 
Seat 7: Dorex2007 ($2.12 in chips) 
Seat 8: abufirs ($1.28 in chips) 
Seat 9: topcat.prost ($1.71 in chips) 
sansisbai: posts small blind $0.01
WrthTheDrive: posts big blind $0.02
*** HOLE CARDS ***
Dealt to Dorex2007 [Qs Th]
bearpaw47 joins the table at seat #4 
Safety8ball: folds 
Dorex2007: raises $0.02 to $0.04
abufirs: calls $0.04
topcat.prost: folds 
Demidov V.S.: folds 
sansisbai: folds 
WrthTheDrive: calls $0.02
*** FLOP *** [7c 8s Kh]
WrthTheDrive: checks 
Dorex2007: checks 
abufirs: checks 
*** TURN *** [7c 8s Kh] [2d]
WrthTheDrive: checks 
Dorex2007: checks 
abufirs: checks 
*** RIVER *** [7c 8s Kh 2d] [4d]
WrthTheDrive: checks 
Dorex2007: bets $0.09
abufirs: folds 
WrthTheDrive: folds 
Uncalled bet ($0.09) returned to Dorex2007
Dorex2007 collected $0.13 from pot
Dorex2007: doesn't show hand 
*** SUMMARY ***
Total pot $0.13 | Rake $0 
Board [7c 8s Kh 2d 4d]
Seat 1: Demidov V.S. (button) folded before Flop (didn't bet)
Seat 2: sansisbai (small blind) folded before Flop
Seat 3: WrthTheDrive (big blind) folded on the River
Seat 5: Safety8ball folded before Flop (didn't bet)
Seat 7: Dorex2007 collected ($0.13)
Seat 8: abufirs folded on the River
Seat 9: topcat.prost folded before Flop (didn't bet)



PokerStars Hand #230591350420:  Hold'em No Limit ($0.01/$0.02 USD) - 2021/10/13 22:40:01 PT [2021/10/14 1:40:01 ET]
Table 'Celbalrai III' 9-max Seat #2 is the button
Seat 1: Demidov V.S. ($1.46 in chips) 
Seat 2: sansisbai ($2.51 in chips) 
Seat 3: WrthTheDrive ($3.61 in chips) 
Seat 4: bearpaw47 ($1.60 in chips) 
Seat 5: Safety8ball ($5.48 in chips) 
Seat 7: Dorex2007 ($2.21 in chips) 
Seat 8: abufirs ($1.24 in chips) 
Seat 9: topcat.prost ($1.71 in chips) 
WrthTheDrive: posts small blind $0.01
bearpaw47: posts big blind $0.02
PokerDubKid: sits out 
*** HOLE CARDS ***
Dealt to Dorex2007 [Qh Kd]
Safety8ball: folds 
Dorex2007: raises $0.04 to $0.06
abufirs: folds 
topcat.prost: folds 
Demidov V.S.: folds 
sansisbai: folds 
WrthTheDrive: folds 
bearpaw47: folds 
Uncalled bet ($0.04) returned to Dorex2007
Dorex2007 collected $0.05 from pot
Dorex2007: doesn't show hand 
*** SUMMARY ***
Total pot $0.05 | Rake $0 
Seat 1: Demidov V.S. folded before Flop (didn't bet)
Seat 2: sansisbai (button) folded before Flop (didn't bet)
Seat 3: WrthTheDrive (small blind) folded before Flop
Seat 4: bearpaw47 (big blind) folded before Flop
Seat 5: Safety8ball folded before Flop (didn't bet)
Seat 7: Dorex2007 collected ($0.05)
Seat 8: abufirs folded before Flop (didn't bet)
Seat 9: topcat.prost folded before Flop (didn't bet)



PokerStars Hand #230591352906:  Hold'em No Limit ($0.01/$0.02 USD) - 2021/10/13 22:40:20 PT [2021/10/14 1:40:20 ET]
Table 'Celbalrai III' 9-max Seat #3 is the button
Seat 1: Demidov V.S. ($1.46 in chips) 
Seat 2: sansisbai ($2.51 in chips) 
Seat 3: WrthTheDrive ($3.60 in chips) 
Seat 4: bearpaw47 ($1.58 in chips) 
Seat 5: Safety8ball ($5.48 in chips) 
Seat 7: Dorex2007 ($2.24 in chips) 
Seat 8: abufirs ($1.24 in chips) 
Seat 9: topcat.prost ($1.71 in chips) 
bearpaw47: posts small blind $0.01
Safety8ball: posts big blind $0.02
PokerDubKid: sits out 
*** HOLE CARDS ***
Dealt to Dorex2007 [4c 7c]
Dorex2007: folds 
abufirs: calls $0.02
topcat.prost: raises $0.06 to $0.08
Demidov V.S.: folds 
sansisbai: folds 
WrthTheDrive: folds 
bearpaw47: folds 
Safety8ball: folds 
abufirs: folds 
Uncalled bet ($0.06) returned to topcat.prost
topcat.prost collected $0.07 from pot
topcat.prost: doesn't show hand 
*** SUMMARY ***
Total pot $0.07 | Rake $0 
Seat 1: Demidov V.S. folded before Flop (didn't bet)
Seat 2: sansisbai folded before Flop (didn't bet)
Seat 3: WrthTheDrive (button) folded before Flop (didn't bet)
Seat 4: bearpaw47 (small blind) folded before Flop
Seat 5: Safety8ball (big blind) folded before Flop
Seat 7: Dorex2007 folded before Flop (didn't bet)
Seat 8: abufirs folded before Flop
Seat 9: topcat.prost collected ($0.07)



PokerStars Hand #230591355769:  Hold'em No Limit ($0.01/$0.02 USD) - 2021/10/13 22:40:42 PT [2021/10/14 1:40:42 ET]
Table 'Celbalrai III' 9-max Seat #4 is the button
Seat 1: Demidov V.S. ($1.46 in chips) 
Seat 2: sansisbai ($2.51 in chips) 
Seat 3: WrthTheDrive ($3.60 in chips) 
Seat 4: bearpaw47 ($1.99 in chips) 
Seat 5: Safety8ball ($5.46 in chips) 
Seat 6: PokerDubKid ($2.04 in chips) 
Seat 7: Dorex2007 ($2.24 in chips) 
Seat 8: abufirs ($1.22 in chips) 
Seat 9: topcat.prost ($1.76 in chips) 
Safety8ball: posts small blind $0.01
PokerDubKid: posts big blind $0.02
*** HOLE CARDS ***
Dealt to Dorex2007 [4c 5h]
Dorex2007: folds 
abufirs: raises $0.06 to $0.08
topcat.prost: folds 
Demidov V.S.: folds 
sansisbai: folds 
WrthTheDrive: folds 
bearpaw47: calls $0.08
Safety8ball: folds 
PokerDubKid: folds 
*** FLOP *** [Ad 4h 6c]
abufirs: bets $0.09
bearpaw47: folds 
Uncalled bet ($0.09) returned to abufirs
abufirs collected $0.18 from pot
*** SUMMARY ***
Total pot $0.19 | Rake $0.01 
Board [Ad 4h 6c]
Seat 1: Demidov V.S. folded before Flop (didn't bet)
Seat 2: sansisbai folded before Flop (didn't bet)
Seat 3: WrthTheDrive folded before Flop (didn't bet)
Seat 4: bearpaw47 (button) folded on the Flop
Seat 5: Safety8ball (small blind) folded before Flop
Seat 6: PokerDubKid (big blind) folded before Flop
Seat 7: Dorex2007 folded before Flop (didn't bet)
Seat 8: abufirs collected ($0.18)
Seat 9: topcat.prost folded before Flop (didn't bet)



PokerStars Hand #230591360512:  Hold'em No Limit ($0.01/$0.02 USD) - 2021/10/13 22:41:18 PT [2021/10/14 1:41:18 ET]
Table 'Celbalrai III' 9-max Seat #5 is the button
Seat 1: Demidov V.S. ($1.46 in chips) 
Seat 2: sansisbai ($2.51 in chips) 
Seat 3: WrthTheDrive ($3.60 in chips) 
Seat 4: bearpaw47 ($1.91 in chips) 
Seat 5: Safety8ball ($5.45 in chips) 
Seat 6: PokerDubKid ($2.02 in chips) 
Seat 7: Dorex2007 ($2.24 in chips) 
Seat 8: abufirs ($1.32 in chips) 
Seat 9: topcat.prost ($1.76 in chips) 
PokerDubKid: posts small blind $0.01
Dorex2007: posts big blind $0.02
*** HOLE CARDS ***
Dealt to Dorex2007 [Kh 5h]
abufirs: folds 
topcat.prost: folds 
Demidov V.S.: folds 
sansisbai: folds 
WrthTheDrive: folds 
bearpaw47: calls $0.02
Safety8ball: folds 
PokerDubKid: raises $0.10 to $0.12
Dorex2007: folds 
bearpaw47: folds 
Uncalled bet ($0.10) returned to PokerDubKid
PokerDubKid collected $0.06 from pot
PokerDubKid: doesn't show hand 
*** SUMMARY ***
Total pot $0.06 | Rake $0 
Seat 1: Demidov V.S. folded before Flop (didn't bet)
Seat 2: sansisbai folded before Flop (didn't bet)
Seat 3: WrthTheDrive folded before Flop (didn't bet)
Seat 4: bearpaw47 folded before Flop
Seat 5: Safety8ball (button) folded before Flop (didn't bet)
Seat 6: PokerDubKid (small blind) collected ($0.06)
Seat 7: Dorex2007 (big blind) folded before Flop
Seat 8: abufirs folded before Flop (didn't bet)
Seat 9: topcat.prost folded before Flop (didn't bet)



PokerStars Hand #230591363954:  Hold'em No Limit ($0.01/$0.02 USD) - 2021/10/13 22:41:45 PT [2021/10/14 1:41:45 ET]
Table 'Celbalrai III' 9-max Seat #6 is the button
Seat 1: Demidov V.S. ($1.46 in chips) 
Seat 2: sansisbai ($2.51 in chips) 
Seat 3: WrthTheDrive ($3.60 in chips) 
Seat 4: bearpaw47 ($1.89 in chips) 
Seat 5: Safety8ball ($5.45 in chips) 
Seat 6: PokerDubKid ($2.06 in chips) 
Seat 7: Dorex2007 ($2.22 in chips) 
Seat 8: abufirs ($1.32 in chips) 
Seat 9: topcat.prost ($1.76 in chips) 
Dorex2007: posts small blind $0.01
abufirs: posts big blind $0.02
*** HOLE CARDS ***
Dealt to Dorex2007 [7h 9d]
topcat.prost: folds 
Demidov V.S.: folds 
sansisbai: folds 
WrthTheDrive: folds 
bearpaw47: folds 
Safety8ball: folds 
PokerDubKid: raises $0.08 to $0.10
Dorex2007: folds 
abufirs: folds 
Uncalled bet ($0.08) returned to PokerDubKid
PokerDubKid collected $0.05 from pot
PokerDubKid: doesn't show hand 
*** SUMMARY ***
Total pot $0.05 | Rake $0 
Seat 1: Demidov V.S. folded before Flop (didn't bet)
Seat 2: sansisbai folded before Flop (didn't bet)
Seat 3: WrthTheDrive folded before Flop (didn't bet)
Seat 4: bearpaw47 folded before Flop (didn't bet)
Seat 5: Safety8ball folded before Flop (didn't bet)
Seat 6: PokerDubKid (button) collected ($0.05)
Seat 7: Dorex2007 (small blind) folded before Flop
Seat 8: abufirs (big blind) folded before Flop
Seat 9: topcat.prost folded before Flop (didn't bet)



PokerStars Hand #230591367048:  Hold'em No Limit ($0.01/$0.02 USD) - 2021/10/13 22:42:09 PT [2021/10/14 1:42:09 ET]
Table 'Celbalrai III' 9-max Seat #7 is the button
Seat 1: Demidov V.S. ($1.46 in chips) 
Seat 2: sansisbai ($2.51 in chips) 
Seat 3: WrthTheDrive ($3.60 in chips) 
Seat 4: bearpaw47 ($2 in chips) 
Seat 5: Safety8ball ($5.45 in chips) 
Seat 6: PokerDubKid ($2.09 in chips) 
Seat 7: Dorex2007 ($2.21 in chips) 
Seat 8: abufirs ($1.30 in chips) 
Seat 9: topcat.prost ($1.76 in chips) 
abufirs: posts small blind $0.01
topcat.prost: posts big blind $0.02
*** HOLE CARDS ***
Dealt to Dorex2007 [9h Jd]
Demidov V.S.: folds 
sansisbai: folds 
WrthTheDrive: folds 
bearpaw47: calls $0.02
Safety8ball: folds 
PokerDubKid: raises $0.05 to $0.07
Dorex2007: folds 
abufirs: calls $0.06
topcat.prost: folds 
bearpaw47: calls $0.05
*** FLOP *** [Th 6d 4h]
abufirs: checks 
bearpaw47: checks 
PokerDubKid: bets $0.11
abufirs: folds 
bearpaw47: folds 
Uncalled bet ($0.11) returned to PokerDubKid
PokerDubKid collected $0.22 from pot
PokerDubKid: doesn't show hand 
*** SUMMARY ***
Total pot $0.23 | Rake $0.01 
Board [Th 6d 4h]
Seat 1: Demidov V.S. folded before Flop (didn't bet)
Seat 2: sansisbai folded before Flop (didn't bet)
Seat 3: WrthTheDrive folded before Flop (didn't bet)
Seat 4: bearpaw47 folded on the Flop
Seat 5: Safety8ball folded before Flop (didn't bet)
Seat 6: PokerDubKid collected ($0.22)
Seat 7: Dorex2007 (button) folded before Flop (didn't bet)
Seat 8: abufirs (small blind) folded on the Flop
Seat 9: topcat.prost (big blind) folded before Flop



PokerStars Hand #230591372402:  Hold'em No Limit ($0.01/$0.02 USD) - 2021/10/13 22:42:51 PT [2021/10/14 1:42:51 ET]
Table 'Celbalrai III' 9-max Seat #8 is the button
Seat 1: Demidov V.S. ($1.46 in chips) 
Seat 2: sansisbai ($2.51 in chips) 
Seat 3: WrthTheDrive ($3.60 in chips) 
Seat 4: bearpaw47 ($1.93 in chips) 
Seat 5: Safety8ball ($5.45 in chips) 
Seat 6: PokerDubKid ($2.24 in chips) 
Seat 7: Dorex2007 ($2.21 in chips) 
Seat 8: abufirs ($1.23 in chips) 
Seat 9: topcat.prost ($1.74 in chips) 
topcat.prost: posts small blind $0.01
Demidov V.S.: posts big blind $0.02
*** HOLE CARDS ***
Dealt to Dorex2007 [Qd Qs]
sansisbai: folds 
WrthTheDrive: folds 
bearpaw47: folds 
Safety8ball: folds 
PokerDubKid: folds 
Dorex2007: raises $0.04 to $0.06
abufirs: folds 
topcat.prost: folds 
Demidov V.S.: folds 
Uncalled bet ($0.04) returned to Dorex2007
Dorex2007 collected $0.05 from pot
Dorex2007: doesn't show hand 
*** SUMMARY ***
Total pot $0.05 | Rake $0 
Seat 1: Demidov V.S. (big blind) folded before Flop
Seat 2: sansisbai folded before Flop (didn't bet)
Seat 3: WrthTheDrive folded before Flop (didn't bet)
Seat 4: bearpaw47 folded before Flop (didn't bet)
Seat 5: Safety8ball folded before Flop (didn't bet)
Seat 6: PokerDubKid folded before Flop (didn't bet)
Seat 7: Dorex2007 collected ($0.05)
Seat 8: abufirs (button) folded before Flop (didn't bet)
Seat 9: topcat.prost (small blind) folded before Flop



PokerStars Hand #230591374557:  Hold'em No Limit ($0.01/$0.02 USD) - 2021/10/13 22:43:08 PT [2021/10/14 1:43:08 ET]
Table 'Celbalrai III' 9-max Seat #9 is the button
Seat 1: Demidov V.S. ($1.44 in chips) 
Seat 2: sansisbai ($2.51 in chips) 
Seat 3: WrthTheDrive ($3.60 in chips) 
Seat 4: bearpaw47 ($1.93 in chips) 
Seat 5: Safety8ball ($5.45 in chips) 
Seat 6: PokerDubKid ($2.24 in chips) 
Seat 7: Dorex2007 ($2.24 in chips) 
Seat 8: abufirs ($1.23 in chips) 
Seat 9: topcat.prost ($1.73 in chips) 
Demidov V.S.: posts small blind $0.01
sansisbai: posts big blind $0.02
*** HOLE CARDS ***
Dealt to Dorex2007 [2c Ac]
WrthTheDrive: raises $0.02 to $0.04
bearpaw47: folds 
Safety8ball: folds 
PokerDubKid: folds 
Dorex2007: calls $0.04
abufirs: folds 
topcat.prost: folds 
Demidov V.S.: folds 
sansisbai: folds 
*** FLOP *** [3d 4h 3s]
WrthTheDrive: bets $0.11
Dorex2007: folds 
Uncalled bet ($0.11) returned to WrthTheDrive
WrthTheDrive collected $0.11 from pot
WrthTheDrive: doesn't show hand 
*** SUMMARY ***
Total pot $0.11 | Rake $0 
Board [3d 4h 3s]
Seat 1: Demidov V.S. (small blind) folded before Flop
Seat 2: sansisbai (big blind) folded before Flop
Seat 3: WrthTheDrive collected ($0.11)
Seat 4: bearpaw47 folded before Flop (didn't bet)
Seat 5: Safety8ball folded before Flop (didn't bet)
Seat 6: PokerDubKid folded before Flop (didn't bet)
Seat 7: Dorex2007 folded on the Flop
Seat 8: abufirs folded before Flop (didn't bet)
Seat 9: topcat.prost (button) folded before Flop (didn't bet)



PokerStars Hand #230591380305:  Hold'em No Limit ($0.01/$0.02 USD) - 2021/10/13 22:43:54 PT [2021/10/14 1:43:54 ET]
Table 'Celbalrai III' 9-max Seat #1 is the button
Seat 1: Demidov V.S. ($1.43 in chips) 
Seat 2: sansisbai ($2.49 in chips) 
Seat 3: WrthTheDrive ($3.67 in chips) 
Seat 4: bearpaw47 ($1.93 in chips) 
Seat 5: Safety8ball ($5.45 in chips) 
Seat 6: PokerDubKid ($2.24 in chips) 
Seat 7: Dorex2007 ($2.20 in chips) 
Seat 8: abufirs ($1.23 in chips) 
Seat 9: topcat.prost ($1.73 in chips) 
sansisbai: posts small blind $0.01
WrthTheDrive: posts big blind $0.02
*** HOLE CARDS ***
Dealt to Dorex2007 [Td Jc]
bearpaw47: folds 
Safety8ball: folds 
PokerDubKid: folds 
Dorex2007: folds 
abufirs: folds 
topcat.prost: calls $0.02
Demidov V.S.: folds 
sansisbai: folds 
WrthTheDrive: checks 
*** FLOP *** [3h 3s Qs]
WrthTheDrive: checks 
topcat.prost: checks 
*** TURN *** [3h 3s Qs] [2h]
WrthTheDrive: checks 
topcat.prost: checks 
*** RIVER *** [3h 3s Qs 2h] [6h]
WrthTheDrive: checks 
topcat.prost: bets $0.05
WrthTheDrive: folds 
Uncalled bet ($0.05) returned to topcat.prost
topcat.prost collected $0.05 from pot
*** SUMMARY ***
Total pot $0.05 | Rake $0 
Board [3h 3s Qs 2h 6h]
Seat 1: Demidov V.S. (button) folded before Flop (didn't bet)
Seat 2: sansisbai (small blind) folded before Flop
Seat 3: WrthTheDrive (big blind) folded on the River
Seat 4: bearpaw47 folded before Flop (didn't bet)
Seat 5: Safety8ball folded before Flop (didn't bet)
Seat 6: PokerDubKid folded before Flop (didn't bet)
Seat 7: Dorex2007 folded before Flop (didn't bet)
Seat 8: abufirs folded before Flop (didn't bet)
Seat 9: topcat.prost collected ($0.05)



PokerStars Hand #230591386018:  Hold'em No Limit ($0.01/$0.02 USD) - 2021/10/13 22:44:39 PT [2021/10/14 1:44:39 ET]
Table 'Celbalrai III' 9-max Seat #2 is the button
Seat 1: Demidov V.S. ($1.43 in chips) 
Seat 2: sansisbai ($2.48 in chips) 
Seat 3: WrthTheDrive ($3.65 in chips) 
Seat 4: bearpaw47 ($1.93 in chips) 
Seat 5: Safety8ball ($5.45 in chips) 
Seat 6: PokerDubKid ($2.24 in chips) 
Seat 7: Dorex2007 ($2.20 in chips) 
Seat 8: abufirs ($1.23 in chips) 
Seat 9: topcat.prost ($1.76 in chips) 
WrthTheDrive: posts small blind $0.01
bearpaw47: posts big blind $0.02
*** HOLE CARDS ***
Dealt to Dorex2007 [8c 8h]
Safety8ball: folds 
PokerDubKid: folds 
Dorex2007: raises $0.02 to $0.04
abufirs: folds 
topcat.prost: calls $0.04
Demidov V.S.: folds 
sansisbai: folds 
WrthTheDrive: folds 
bearpaw47: folds 
*** FLOP *** [Qd Ac Qh]
Dorex2007: bets $0.07
topcat.prost: calls $0.07
*** TURN *** [Qd Ac Qh] [Kc]
Dorex2007: checks 
topcat.prost: bets $0.12
Dorex2007: folds 
Uncalled bet ($0.12) returned to topcat.prost
topcat.prost collected $0.24 from pot
topcat.prost: doesn't show hand 
*** SUMMARY ***
Total pot $0.25 | Rake $0.01 
Board [Qd Ac Qh Kc]
Seat 1: Demidov V.S. folded before Flop (didn't bet)
Seat 2: sansisbai (button) folded before Flop (didn't bet)
Seat 3: WrthTheDrive (small blind) folded before Flop
Seat 4: bearpaw47 (big blind) folded before Flop
Seat 5: Safety8ball folded before Flop (didn't bet)
Seat 6: PokerDubKid folded before Flop (didn't bet)
Seat 7: Dorex2007 folded on the Turn
Seat 8: abufirs folded before Flop (didn't bet)
Seat 9: topcat.prost collected ($0.24)



PokerStars Hand #230591392282:  Hold'em No Limit ($0.01/$0.02 USD) - 2021/10/13 22:45:27 PT [2021/10/14 1:45:27 ET]
Table 'Celbalrai III' 9-max Seat #3 is the button
Seat 1: Demidov V.S. ($1.43 in chips) 
Seat 2: sansisbai ($2.48 in chips) 
Seat 3: WrthTheDrive ($3.64 in chips) 
Seat 4: bearpaw47 ($1.91 in chips) 
Seat 5: Safety8ball ($5.45 in chips) 
Seat 6: PokerDubKid ($2.24 in chips) 
Seat 7: Dorex2007 ($2.09 in chips) 
Seat 9: topcat.prost ($1.89 in chips) 
bearpaw47: posts small blind $0.01
Safety8ball: posts big blind $0.02
*** HOLE CARDS ***
Dealt to Dorex2007 [2c Th]
PokerDubKid has timed out
PokerDubKid: folds 
Dorex2007: folds 
topcat.prost: folds 
Demidov V.S.: folds 
sansisbai: folds 
WrthTheDrive: folds 
bearpaw47: raises $0.04 to $0.06
Safety8ball: folds 
Uncalled bet ($0.04) returned to bearpaw47
bearpaw47 collected $0.04 from pot
bearpaw47: doesn't show hand 
*** SUMMARY ***
Total pot $0.04 | Rake $0 
Seat 1: Demidov V.S. folded before Flop (didn't bet)
Seat 2: sansisbai folded before Flop (didn't bet)
Seat 3: WrthTheDrive (button) folded before Flop (didn't bet)
Seat 4: bearpaw47 (small blind) collected ($0.04)
Seat 5: Safety8ball (big blind) folded before Flop
Seat 6: PokerDubKid folded before Flop (didn't bet)
Seat 7: Dorex2007 folded before Flop (didn't bet)
Seat 9: topcat.prost folded before Flop (didn't bet)



PokerStars Hand #230591395460:  Hold'em No Limit ($0.01/$0.02 USD) - 2021/10/13 22:45:52 PT [2021/10/14 1:45:52 ET]
Table 'Celbalrai III' 9-max Seat #4 is the button
Seat 1: Demidov V.S. ($1.43 in chips) 
Seat 2: sansisbai ($2.48 in chips) 
Seat 3: WrthTheDrive ($3.64 in chips) 
Seat 4: bearpaw47 ($1.93 in chips) 
Seat 5: Safety8ball ($5.43 in chips) 
Seat 6: PokerDubKid ($2.24 in chips) 
Seat 7: Dorex2007 ($2.09 in chips) 
Seat 9: topcat.prost ($1.89 in chips) 
Safety8ball: posts small blind $0.01
PokerDubKid: posts big blind $0.02
*** HOLE CARDS ***
Dealt to Dorex2007 [Th Td]
Dorex2007: raises $0.04 to $0.06
topcat.prost: folds 
Demidov V.S.: folds 
sansisbai: folds 
WrthTheDrive: folds 
bearpaw47: folds 
Safety8ball: folds 
PokerDubKid: folds 
Uncalled bet ($0.04) returned to Dorex2007
Dorex2007 collected $0.05 from pot
Dorex2007: doesn't show hand 
*** SUMMARY ***
Total pot $0.05 | Rake $0 
Seat 1: Demidov V.S. folded before Flop (didn't bet)
Seat 2: sansisbai folded before Flop (didn't bet)
Seat 3: WrthTheDrive folded before Flop (didn't bet)
Seat 4: bearpaw47 (button) folded before Flop (didn't bet)
Seat 5: Safety8ball (small blind) folded before Flop
Seat 6: PokerDubKid (big blind) folded before Flop
Seat 7: Dorex2007 collected ($0.05)
Seat 9: topcat.prost folded before Flop (didn't bet)



PokerStars Hand #230591398044:  Hold'em No Limit ($0.01/$0.02 USD) - 2021/10/13 22:46:12 PT [2021/10/14 1:46:12 ET]
Table 'Celbalrai III' 9-max Seat #5 is the button
Seat 1: Demidov V.S. ($1.43 in chips) 
Seat 2: sansisbai ($2.48 in chips) 
Seat 3: WrthTheDrive ($3.64 in chips) 
Seat 4: bearpaw47 ($1.93 in chips) 
Seat 5: Safety8ball ($5.42 in chips) 
Seat 6: PokerDubKid ($2.22 in chips) 
Seat 7: Dorex2007 ($2.12 in chips) 
Seat 9: topcat.prost ($1.89 in chips) 
PokerDubKid: posts small blind $0.01
Dorex2007: posts big blind $0.02
*** HOLE CARDS ***
Dealt to Dorex2007 [Kh Td]
topcat.prost: folds 
Demidov V.S.: folds 
sansisbai: folds 
WrthTheDrive: folds 
bearpaw47: folds 
Safety8ball: folds 
PokerDubKid: folds 
Uncalled bet ($0.01) returned to Dorex2007
Dorex2007 collected $0.02 from pot
Dorex2007: doesn't show hand 
*** SUMMARY ***
Total pot $0.02 | Rake $0 
Seat 1: Demidov V.S. folded before Flop (didn't bet)
Seat 2: sansisbai folded before Flop (didn't bet)
Seat 3: WrthTheDrive folded before Flop (didn't bet)
Seat 4: bearpaw47 folded before Flop (didn't bet)
Seat 5: Safety8ball (button) folded before Flop (didn't bet)
Seat 6: PokerDubKid (small blind) folded before Flop
Seat 7: Dorex2007 (big blind) collected ($0.02)
Seat 9: topcat.prost folded before Flop (didn't bet)



PokerStars Hand #230591400140:  Hold'em No Limit ($0.01/$0.02 USD) - 2021/10/13 22:46:29 PT [2021/10/14 1:46:29 ET]
Table 'Celbalrai III' 9-max Seat #6 is the button
Seat 1: Demidov V.S. ($1.43 in chips) 
Seat 2: sansisbai ($2.48 in chips) 
Seat 3: WrthTheDrive ($3.64 in chips) 
Seat 4: bearpaw47 ($1.93 in chips) 
Seat 5: Safety8ball ($5.42 in chips) 
Seat 6: PokerDubKid ($2.21 in chips) 
Seat 7: Dorex2007 ($2.13 in chips) 
Seat 9: topcat.prost ($1.89 in chips) 
Dorex2007: posts small blind $0.01
topcat.prost: posts big blind $0.02
*** HOLE CARDS ***
Dealt to Dorex2007 [Jd 7c]
Demidov V.S.: folds 
sansisbai: folds 
WrthTheDrive: raises $0.04 to $0.06
bearpaw47: folds 
Safety8ball: folds 
PokerDubKid: folds 
Dorex2007: folds 
topcat.prost: folds 
Uncalled bet ($0.04) returned to WrthTheDrive
WrthTheDrive collected $0.05 from pot
WrthTheDrive: doesn't show hand 
*** SUMMARY ***
Total pot $0.05 | Rake $0 
Seat 1: Demidov V.S. folded before Flop (didn't bet)
Seat 2: sansisbai folded before Flop (didn't bet)
Seat 3: WrthTheDrive collected ($0.05)
Seat 4: bearpaw47 folded before Flop (didn't bet)
Seat 5: Safety8ball folded before Flop (didn't bet)
Seat 6: PokerDubKid (button) folded before Flop (didn't bet)
Seat 7: Dorex2007 (small blind) folded before Flop
Seat 9: topcat.prost (big blind) folded before Flop



PokerStars Hand #230591402745:  Hold'em No Limit ($0.01/$0.02 USD) - 2021/10/13 22:46:49 PT [2021/10/14 1:46:49 ET]
Table 'Celbalrai III' 9-max Seat #7 is the button
Seat 1: Demidov V.S. ($1.43 in chips) 
Seat 2: sansisbai ($2.48 in chips) 
Seat 3: WrthTheDrive ($3.67 in chips) 
Seat 4: bearpaw47 ($1.93 in chips) 
Seat 5: Safety8ball ($5.42 in chips) 
Seat 6: PokerDubKid ($2.21 in chips) 
Seat 7: Dorex2007 ($2.12 in chips) 
Seat 9: topcat.prost ($1.87 in chips) 
topcat.prost: posts small blind $0.01
Demidov V.S.: posts big blind $0.02
*** HOLE CARDS ***
Dealt to Dorex2007 [6d 3c]
sansisbai: folds 
WrthTheDrive: raises $0.02 to $0.04
bearpaw47: folds 
Safety8ball: folds 
PokerDubKid: folds 
Dorex2007: folds 
topcat.prost: folds 
Demidov V.S.: calls $0.02
*** FLOP *** [Jc 8h Ah]
Demidov V.S.: checks 
WrthTheDrive: bets $0.06
Demidov V.S.: raises $0.21 to $0.27
WrthTheDrive: folds 
Uncalled bet ($0.21) returned to Demidov V.S.
Demidov V.S. collected $0.20 from pot
Demidov V.S.: doesn't show hand 
*** SUMMARY ***
Total pot $0.21 | Rake $0.01 
Board [Jc 8h Ah]
Seat 1: Demidov V.S. (big blind) collected ($0.20)
Seat 2: sansisbai folded before Flop (didn't bet)
Seat 3: WrthTheDrive folded on the Flop
Seat 4: bearpaw47 folded before Flop (didn't bet)
Seat 5: Safety8ball folded before Flop (didn't bet)
Seat 6: PokerDubKid folded before Flop (didn't bet)
Seat 7: Dorex2007 (button) folded before Flop (didn't bet)
Seat 9: topcat.prost (small blind) folded before Flop



PokerStars Hand #230591409887:  Hold'em No Limit ($0.01/$0.02 USD) - 2021/10/13 22:47:45 PT [2021/10/14 1:47:45 ET]
Table 'Celbalrai III' 9-max Seat #9 is the button
Seat 1: Demidov V.S. ($1.53 in chips) 
Seat 2: sansisbai ($2.48 in chips) 
Seat 3: WrthTheDrive ($3.57 in chips) 
Seat 4: bearpaw47 ($1.93 in chips) 
Seat 5: Safety8ball ($5.42 in chips) 
Seat 6: PokerDubKid ($2.21 in chips) 
Seat 7: Dorex2007 ($2.12 in chips) 
Seat 9: topcat.prost ($1.86 in chips) 
Demidov V.S.: posts small blind $0.01
sansisbai: posts big blind $0.02
abufirs: sits out 
*** HOLE CARDS ***
Dealt to Dorex2007 [Kc 8c]
WrthTheDrive: folds 
bearpaw47: folds 
Safety8ball: folds 
PokerDubKid: raises $0.05 to $0.07
Dorex2007: calls $0.07
topcat.prost: folds 
Demidov V.S.: folds 
sansisbai: folds 
*** FLOP *** [7s Jd 6c]
PokerDubKid: bets $0.10
Dorex2007: calls $0.10
*** TURN *** [7s Jd 6c] [4s]
PokerDubKid: bets $0.36
Dorex2007: calls $0.36
*** RIVER *** [7s Jd 6c 4s] [Ad]
PokerDubKid: bets $0.30
Dorex2007: raises $1.29 to $1.59 and is all-in
PokerDubKid: calls $1.29
*** SHOW DOWN ***
Dorex2007: shows [Kc 8c] (high card Ace)
PokerDubKid: shows [Ah Qd] (a pair of Aces)
PokerDubKid collected $4.12 from pot
*** SUMMARY ***
Total pot $4.27 | Rake $0.15 
Board [7s Jd 6c 4s Ad]
Seat 1: Demidov V.S. (small blind) folded before Flop
Seat 2: sansisbai (big blind) folded before Flop
Seat 3: WrthTheDrive folded before Flop (didn't bet)
Seat 4: bearpaw47 folded before Flop (didn't bet)
Seat 5: Safety8ball folded before Flop (didn't bet)
Seat 6: PokerDubKid showed [Ah Qd] and won ($4.12) with a pair of Aces
Seat 7: Dorex2007 showed [Kc 8c] and lost with high card Ace
Seat 9: topcat.prost (button) folded before Flop (didn't bet)



PokerStars Hand #230591422859:  Hold'em No Limit ($0.01/$0.02 USD) - 2021/10/13 22:48:53 PT [2021/10/14 1:48:53 ET]
Table 'Celbalrai III' 9-max Seat #1 is the button
Seat 1: Demidov V.S. ($1.52 in chips) 
Seat 2: sansisbai ($2.46 in chips) 
Seat 3: WrthTheDrive ($3.57 in chips) 
Seat 4: bearpaw47 ($1.93 in chips) 
Seat 5: Safety8ball ($5.42 in chips) 
Seat 6: PokerDubKid ($4.21 in chips) 
Seat 7: Dorex2007 ($2 in chips) 
Seat 9: topcat.prost ($1.86 in chips) 
sansisbai: posts small blind $0.01
WrthTheDrive: posts big blind $0.02
abufirs: sits out 
*** HOLE CARDS ***
Dealt to Dorex2007 [6h Tc]
bearpaw47: folds 
Safety8ball: folds 
PokerDubKid: folds 
Dorex2007: folds 
topcat.prost: folds 
Demidov V.S.: raises $0.03 to $0.05
sansisbai: folds 
WrthTheDrive: folds 
Uncalled bet ($0.03) returned to Demidov V.S.
Demidov V.S. collected $0.05 from pot
Demidov V.S.: doesn't show hand 
*** SUMMARY ***
Total pot $0.05 | Rake $0 
Seat 1: Demidov V.S. (button) collected ($0.05)
Seat 2: sansisbai (small blind) folded before Flop
Seat 3: WrthTheDrive (big blind) folded before Flop
Seat 4: bearpaw47 folded before Flop (didn't bet)
Seat 5: Safety8ball folded before Flop (didn't bet)
Seat 6: PokerDubKid folded before Flop (didn't bet)
Seat 7: Dorex2007 folded before Flop (didn't bet)
Seat 9: topcat.prost folded before Flop (didn't bet)



PokerStars Hand #230591426800:  Hold'em No Limit ($0.01/$0.02 USD) - 2021/10/13 22:49:24 PT [2021/10/14 1:49:24 ET]
Table 'Celbalrai III' 9-max Seat #2 is the button
Seat 1: Demidov V.S. ($1.55 in chips) 
Seat 2: sansisbai ($2.45 in chips) 
Seat 3: WrthTheDrive ($3.55 in chips) 
Seat 4: bearpaw47 ($1.93 in chips) 
Seat 5: Safety8ball ($5.42 in chips) 
Seat 6: PokerDubKid ($4.21 in chips) 
Seat 7: Dorex2007 ($2 in chips) 
Seat 9: topcat.prost ($1.86 in chips) 
WrthTheDrive: posts small blind $0.01
bearpaw47: posts big blind $0.02
abufirs: sits out 
*** HOLE CARDS ***
Dealt to Dorex2007 [Th 4c]
Safety8ball: folds 
PokerDubKid: folds 
Dorex2007: folds 
topcat.prost: raises $0.04 to $0.06
Demidov V.S.: folds 
sansisbai: folds 
WrthTheDrive: folds 
bearpaw47: folds 
Uncalled bet ($0.04) returned to topcat.prost
topcat.prost collected $0.05 from pot
topcat.prost: doesn't show hand 
*** SUMMARY ***
Total pot $0.05 | Rake $0 
Seat 1: Demidov V.S. folded before Flop (didn't bet)
Seat 2: sansisbai (button) folded before Flop (didn't bet)
Seat 3: WrthTheDrive (small blind) folded before Flop
Seat 4: bearpaw47 (big blind) folded before Flop
Seat 5: Safety8ball folded before Flop (didn't bet)
Seat 6: PokerDubKid folded before Flop (didn't bet)
Seat 7: Dorex2007 folded before Flop (didn't bet)
Seat 9: topcat.prost collected ($0.05)



PokerStars Hand #230591429904:  Hold'em No Limit ($0.01/$0.02 USD) - 2021/10/13 22:49:47 PT [2021/10/14 1:49:47 ET]
Table 'Celbalrai III' 9-max Seat #3 is the button
Seat 1: Demidov V.S. ($1.55 in chips) 
Seat 2: sansisbai ($2.45 in chips) 
Seat 3: WrthTheDrive ($3.54 in chips) 
Seat 4: bearpaw47 ($1.91 in chips) 
Seat 5: Safety8ball ($5.42 in chips) 
Seat 6: PokerDubKid ($4.21 in chips) 
Seat 7: Dorex2007 ($2 in chips) 
Seat 9: topcat.prost ($1.89 in chips) 
bearpaw47: posts small blind $0.01
Safety8ball: posts big blind $0.02
abufirs: sits out 
*** HOLE CARDS ***
Dealt to Dorex2007 [Jd 5d]
PokerDubKid: folds 
Dorex2007: folds 
topcat.prost: folds 
Demidov V.S.: raises $0.04 to $0.06
sansisbai: folds 
WrthTheDrive: calls $0.06
bearpaw47: folds 
topcat.prost leaves the table
Safety8ball: calls $0.04
*** FLOP *** [Ad 3h 3s]
Safety8ball: checks 
Demidov V.S.: bets $0.10
WrthTheDrive: folds 
Safety8ball: calls $0.10
*** TURN *** [Ad 3h 3s] [Td]
Safety8ball: checks 
Demidov V.S.: checks 
*** RIVER *** [Ad 3h 3s Td] [2c]
Safety8ball: bets $0.22
Demidov V.S.: folds 
Uncalled bet ($0.22) returned to Safety8ball
Safety8ball collected $0.38 from pot
Safety8ball: doesn't show hand 
*** SUMMARY ***
Total pot $0.39 | Rake $0.01 
Board [Ad 3h 3s Td 2c]
Seat 1: Demidov V.S. folded on the River
Seat 2: sansisbai folded before Flop (didn't bet)
Seat 3: WrthTheDrive (button) folded on the Flop
Seat 4: bearpaw47 (small blind) folded before Flop
Seat 5: Safety8ball (big blind) collected ($0.38)
Seat 6: PokerDubKid folded before Flop (didn't bet)
Seat 7: Dorex2007 folded before Flop (didn't bet)
Seat 9: topcat.prost folded before Flop (didn't bet)



PokerStars Hand #230591439453:  Hold'em No Limit ($0.01/$0.02 USD) - 2021/10/13 22:51:01 PT [2021/10/14 1:51:01 ET]
Table 'Celbalrai III' 9-max Seat #4 is the button
Seat 1: Demidov V.S. ($1.39 in chips) 
Seat 2: sansisbai ($2.45 in chips) 
Seat 3: WrthTheDrive ($3.48 in chips) 
Seat 4: bearpaw47 ($1.90 in chips) 
Seat 5: Safety8ball ($5.64 in chips) 
Seat 6: PokerDubKid ($4.21 in chips) 
Seat 7: Dorex2007 ($2 in chips) 
Safety8ball: posts small blind $0.01
PokerDubKid: posts big blind $0.02
abufirs: sits out 
*** HOLE CARDS ***
Dealt to Dorex2007 [8h 4h]
Dorex2007: folds 
Demidov V.S.: folds 
sansisbai: folds 
WrthTheDrive: folds 
bearpaw47: folds 
Safety8ball: folds 
Uncalled bet ($0.01) returned to PokerDubKid
PokerDubKid collected $0.02 from pot
PokerDubKid: doesn't show hand 
*** SUMMARY ***
Total pot $0.02 | Rake $0 
Seat 1: Demidov V.S. folded before Flop (didn't bet)
Seat 2: sansisbai folded before Flop (didn't bet)
Seat 3: WrthTheDrive folded before Flop (didn't bet)
Seat 4: bearpaw47 (button) folded before Flop (didn't bet)
Seat 5: Safety8ball (small blind) folded before Flop
Seat 6: PokerDubKid (big blind) collected ($0.02)
Seat 7: Dorex2007 folded before Flop (didn't bet)



PokerStars Hand #230591440751:  Hold'em No Limit ($0.01/$0.02 USD) - 2021/10/13 22:51:11 PT [2021/10/14 1:51:11 ET]
Table 'Celbalrai III' 9-max Seat #5 is the button
Seat 2: sansisbai ($2.45 in chips) 
Seat 3: WrthTheDrive ($3.48 in chips) 
Seat 4: bearpaw47 ($1.90 in chips) 
Seat 5: Safety8ball ($5.63 in chips) 
Seat 6: PokerDubKid ($4.22 in chips) 
Seat 7: Dorex2007 ($2 in chips) 
PokerDubKid: posts small blind $0.01
Dorex2007: posts big blind $0.02
abufirs: sits out 
*** HOLE CARDS ***
Dealt to Dorex2007 [Kc Jd]
sansisbai: folds 
WrthTheDrive: folds 
bearpaw47: folds 
Safety8ball: folds 
PokerDubKid: folds 
Uncalled bet ($0.01) returned to Dorex2007
Dorex2007 collected $0.02 from pot
Dorex2007: doesn't show hand 
*** SUMMARY ***
Total pot $0.02 | Rake $0 
Seat 2: sansisbai folded before Flop (didn't bet)
Seat 3: WrthTheDrive folded before Flop (didn't bet)
Seat 4: bearpaw47 folded before Flop (didn't bet)
Seat 5: Safety8ball (button) folded before Flop (didn't bet)
Seat 6: PokerDubKid (small blind) folded before Flop
Seat 7: Dorex2007 (big blind) collected ($0.02)



PokerStars Hand #230591443733:  Hold'em No Limit ($0.01/$0.02 USD) - 2021/10/13 22:51:33 PT [2021/10/14 1:51:33 ET]
Table 'Celbalrai III' 9-max Seat #6 is the button
Seat 2: sansisbai ($2.45 in chips) 
Seat 3: WrthTheDrive ($3.48 in chips) 
Seat 4: bearpaw47 ($1.90 in chips) 
Seat 5: Safety8ball ($5.63 in chips) 
Seat 6: PokerDubKid ($4.21 in chips) 
Seat 7: Dorex2007 ($2.01 in chips) 
Seat 8: abufirs ($1.23 in chips) 
Dorex2007: posts small blind $0.01
abufirs: posts big blind $0.02
*** HOLE CARDS ***
Dealt to Dorex2007 [2d 9d]
sansisbai: folds 
WrthTheDrive: folds 
bearpaw47: calls $0.02
Safety8ball: folds 
PokerDubKid: folds 
Dorex2007: folds 
abufirs: checks 
*** FLOP *** [3c Ts 9s]
abufirs: checks 
bearpaw47: bets $0.05
abufirs: folds 
Uncalled bet ($0.05) returned to bearpaw47
bearpaw47 collected $0.05 from pot
bearpaw47: doesn't show hand 
*** SUMMARY ***
Total pot $0.05 | Rake $0 
Board [3c Ts 9s]
Seat 2: sansisbai folded before Flop (didn't bet)
Seat 3: WrthTheDrive folded before Flop (didn't bet)
Seat 4: bearpaw47 collected ($0.05)
Seat 5: Safety8ball folded before Flop (didn't bet)
Seat 6: PokerDubKid (button) folded before Flop (didn't bet)
Seat 7: Dorex2007 (small blind) folded before Flop
Seat 8: abufirs (big blind) folded on the Flop



PokerStars Hand #230591449241:  Hold'em No Limit ($0.01/$0.02 USD) - 2021/10/13 22:52:16 PT [2021/10/14 1:52:16 ET]
Table 'Celbalrai III' 9-max Seat #7 is the button
Seat 2: sansisbai ($2.45 in chips) 
Seat 3: WrthTheDrive ($3.48 in chips) 
Seat 4: bearpaw47 ($1.93 in chips) 
Seat 5: Safety8ball ($5.63 in chips) 
Seat 6: PokerDubKid ($4.21 in chips) 
Seat 7: Dorex2007 ($2 in chips) 
Seat 8: abufirs ($1.21 in chips) 
abufirs: posts small blind $0.01
sansisbai: posts big blind $0.02
*** HOLE CARDS ***
Dealt to Dorex2007 [3d 2h]
WrthTheDrive: folds 
bearpaw47: folds 
Safety8ball has timed out
Safety8ball: folds 
PokerDubKid has timed out
PokerDubKid: folds 
Dorex2007: folds 
abufirs: folds 
Uncalled bet ($0.01) returned to sansisbai
sansisbai collected $0.02 from pot
sansisbai: doesn't show hand 
*** SUMMARY ***
Total pot $0.02 | Rake $0 
Seat 2: sansisbai (big blind) collected ($0.02)
Seat 3: WrthTheDrive folded before Flop (didn't bet)
Seat 4: bearpaw47 folded before Flop (didn't bet)
Seat 5: Safety8ball folded before Flop (didn't bet)
Seat 6: PokerDubKid folded before Flop (didn't bet)
Seat 7: Dorex2007 (button) folded before Flop (didn't bet)
Seat 8: abufirs (small blind) folded before Flop



PokerStars Hand #230591453161:  Hold'em No Limit ($0.01/$0.02 USD) - 2021/10/13 22:52:46 PT [2021/10/14 1:52:46 ET]
Table 'Celbalrai III' 9-max Seat #8 is the button
Seat 2: sansisbai ($2.46 in chips) 
Seat 3: WrthTheDrive ($3.48 in chips) 
Seat 4: bearpaw47 ($1.93 in chips) 
Seat 7: Dorex2007 ($2 in chips) 
Seat 8: abufirs ($1.20 in chips) 
sansisbai: posts small blind $0.01
WrthTheDrive: posts big blind $0.02
*** HOLE CARDS ***
Dealt to Dorex2007 [3h Jh]
bearpaw47: folds 
Dorex2007: folds 
abufirs: folds 
sansisbai: folds 
Uncalled bet ($0.01) returned to WrthTheDrive
WrthTheDrive collected $0.02 from pot
WrthTheDrive: doesn't show hand 
*** SUMMARY ***
Total pot $0.02 | Rake $0 
Seat 2: sansisbai (small blind) folded before Flop
Seat 3: WrthTheDrive (big blind) collected ($0.02)
Seat 4: bearpaw47 folded before Flop (didn't bet)
Seat 7: Dorex2007 folded before Flop (didn't bet)
Seat 8: abufirs (button) folded before Flop (didn't bet)



PokerStars Hand #230591454217:  Hold'em No Limit ($0.01/$0.02 USD) - 2021/10/13 22:52:54 PT [2021/10/14 1:52:54 ET]
Table 'Celbalrai III' 9-max Seat #2 is the button
Seat 2: sansisbai ($2.45 in chips) 
Seat 3: WrthTheDrive ($3.49 in chips) 
Seat 4: bearpaw47 ($1.93 in chips) 
Seat 7: Dorex2007 ($2 in chips) 
WrthTheDrive: posts small blind $0.01
bearpaw47: posts big blind $0.02
*** HOLE CARDS ***
Dealt to Dorex2007 [3c 4c]
007_CasRoyal joins the table at seat #9 
Dorex2007: raises $0.02 to $0.04
sansisbai: folds 
WrthTheDrive: folds 
bearpaw47: folds 
Uncalled bet ($0.02) returned to Dorex2007
Dorex2007 collected $0.05 from pot
Dorex2007: doesn't show hand 
*** SUMMARY ***
Total pot $0.05 | Rake $0 
Seat 2: sansisbai (button) folded before Flop (didn't bet)
Seat 3: WrthTheDrive (small blind) folded before Flop
Seat 4: bearpaw47 (big blind) folded before Flop
Seat 7: Dorex2007 collected ($0.05)



PokerStars Hand #230591457148:  Hold'em No Limit ($0.01/$0.02 USD) - 2021/10/13 22:53:17 PT [2021/10/14 1:53:17 ET]
Table 'Celbalrai III' 9-max Seat #3 is the button
Seat 2: sansisbai ($2.45 in chips) 
Seat 3: WrthTheDrive ($3.48 in chips) 
Seat 4: bearpaw47 ($1.91 in chips) 
Seat 5: Safety8ball ($5.63 in chips) 
Seat 7: Dorex2007 ($2.03 in chips) 
bearpaw47: posts small blind $0.01
Safety8ball: posts big blind $0.02
007_CasRoyal: sits out 
*** HOLE CARDS ***
Dealt to Dorex2007 [3s 2s]
Dorex2007: folds 
sansisbai: folds 
WrthTheDrive: folds 
bearpaw47: folds 
Uncalled bet ($0.01) returned to Safety8ball
Safety8ball collected $0.02 from pot
Safety8ball: doesn't show hand 
*** SUMMARY ***
Total pot $0.02 | Rake $0 
Seat 2: sansisbai folded before Flop (didn't bet)
Seat 3: WrthTheDrive (button) folded before Flop (didn't bet)
Seat 4: bearpaw47 (small blind) folded before Flop
Seat 5: Safety8ball (big blind) collected ($0.02)
Seat 7: Dorex2007 folded before Flop (didn't bet)



PokerStars Hand #230591458913:  Hold'em No Limit ($0.01/$0.02 USD) - 2021/10/13 22:53:30 PT [2021/10/14 1:53:30 ET]
Table 'Celbalrai III' 9-max Seat #4 is the button
Seat 2: sansisbai ($2.45 in chips) 
Seat 3: WrthTheDrive ($3.48 in chips) 
Seat 4: bearpaw47 ($1.90 in chips) 
Seat 5: Safety8ball ($5.64 in chips) 
Seat 7: Dorex2007 ($2.03 in chips) 
Safety8ball: posts small blind $0.01
Dorex2007: posts big blind $0.02
007_CasRoyal: sits out 
*** HOLE CARDS ***
Dealt to Dorex2007 [8c 6d]
sansisbai: folds 
WrthTheDrive: folds 
bearpaw47: calls $0.02
Safety8ball: calls $0.01
Dorex2007: checks 
*** FLOP *** [9h Th 7c]
Safety8ball: checks 
Dorex2007: bets $0.04
bearpaw47: calls $0.04
Safety8ball: calls $0.04
*** TURN *** [9h Th 7c] [8h]
Safety8ball: bets $0.09
Dorex2007: calls $0.09
bearpaw47: calls $0.09
*** RIVER *** [9h Th 7c 8h] [As]
Safety8ball: bets $0.22
Dorex2007: calls $0.22
bearpaw47: calls $0.22
*** SHOW DOWN ***
Safety8ball: shows [Qd Jh] (a straight, Eight to Queen)
Dorex2007: mucks hand 
bearpaw47: mucks hand 
Safety8ball collected $1.07 from pot
*** SUMMARY ***
Total pot $1.11 | Rake $0.04 
Board [9h Th 7c 8h As]
Seat 2: sansisbai folded before Flop (didn't bet)
Seat 3: WrthTheDrive folded before Flop (didn't bet)
Seat 4: bearpaw47 (button) mucked [Js Ah]
Seat 5: Safety8ball (small blind) showed [Qd Jh] and won ($1.07) with a straight, Eight to Queen
Seat 7: Dorex2007 (big blind) mucked [8c 6d]



PokerStars Hand #230591465409:  Hold'em No Limit ($0.01/$0.02 USD) - 2021/10/13 22:54:20 PT [2021/10/14 1:54:20 ET]
Table 'Celbalrai III' 9-max Seat #5 is the button
Seat 2: sansisbai ($2.45 in chips) 
Seat 3: WrthTheDrive ($3.48 in chips) 
Seat 4: bearpaw47 ($1.53 in chips) 
Seat 5: Safety8ball ($6.34 in chips) 
Seat 7: Dorex2007 ($2 in chips) 
Seat 8: abufirs ($1.20 in chips) 
Dorex2007: posts small blind $0.01
abufirs: posts big blind $0.02
007_CasRoyal: sits out 
Demidov V.S.: sits out 
*** HOLE CARDS ***
Dealt to Dorex2007 [Tc Kc]
sansisbai: folds 
WrthTheDrive: folds 
bearpaw47: folds 
Safety8ball: calls $0.02
Dorex2007: calls $0.01
abufirs: checks 
*** FLOP *** [6c Qc Qs]
Dorex2007: checks 
abufirs: bets $0.03
Safety8ball: folds 
Dorex2007: calls $0.03
*** TURN *** [6c Qc Qs] [Ts]
Dorex2007: checks 
abufirs: checks 
*** RIVER *** [6c Qc Qs Ts] [9c]
Dorex2007: bets $0.12
abufirs: folds 
Uncalled bet ($0.12) returned to Dorex2007
Dorex2007 collected $0.12 from pot
Dorex2007: doesn't show hand 
*** SUMMARY ***
Total pot $0.12 | Rake $0 
Board [6c Qc Qs Ts 9c]
Seat 2: sansisbai folded before Flop (didn't bet)
Seat 3: WrthTheDrive folded before Flop (didn't bet)
Seat 4: bearpaw47 folded before Flop (didn't bet)
Seat 5: Safety8ball (button) folded on the Flop
Seat 7: Dorex2007 (small blind) collected ($0.12)
Seat 8: abufirs (big blind) folded on the River



PokerStars Hand #230591469801:  Hold'em No Limit ($0.01/$0.02 USD) - 2021/10/13 22:54:53 PT [2021/10/14 1:54:53 ET]
Table 'Celbalrai III' 9-max Seat #7 is the button
Seat 2: sansisbai ($2.45 in chips) 
Seat 3: WrthTheDrive ($3.48 in chips) 
Seat 4: bearpaw47 ($2 in chips) 
Seat 5: Safety8ball ($6.32 in chips) 
Seat 7: Dorex2007 ($2.07 in chips) 
Seat 8: abufirs ($1.15 in chips) 
Seat 9: 007_CasRoyal ($0.80 in chips) 
abufirs: posts small blind $0.01
007_CasRoyal: posts big blind $0.02
Demidov V.S.: sits out 
PokerDubKid: sits out 
*** HOLE CARDS ***
Dealt to Dorex2007 [Kd 7c]
sansisbai: folds 
WrthTheDrive: folds 
bearpaw47: folds 
Safety8ball: folds 
Dorex2007: folds 
abufirs: raises $0.02 to $0.04
007_CasRoyal: folds 
Uncalled bet ($0.02) returned to abufirs
abufirs collected $0.04 from pot
*** SUMMARY ***
Total pot $0.04 | Rake $0 
Seat 2: sansisbai folded before Flop (didn't bet)
Seat 3: WrthTheDrive folded before Flop (didn't bet)
Seat 4: bearpaw47 folded before Flop (didn't bet)
Seat 5: Safety8ball folded before Flop (didn't bet)
Seat 7: Dorex2007 (button) folded before Flop (didn't bet)
Seat 8: abufirs (small blind) collected ($0.04)
Seat 9: 007_CasRoyal (big blind) folded before Flop



PokerStars Hand #230591472198:  Hold'em No Limit ($0.01/$0.02 USD) - 2021/10/13 22:55:12 PT [2021/10/14 1:55:12 ET]
Table 'Celbalrai III' 9-max Seat #8 is the button
Seat 1: Demidov V.S. ($1.39 in chips) 
Seat 2: sansisbai ($2.45 in chips) 
Seat 3: WrthTheDrive ($3.48 in chips) 
Seat 4: bearpaw47 ($2 in chips) 
Seat 5: Safety8ball ($6.32 in chips) 
Seat 7: Dorex2007 ($2.07 in chips) 
Seat 8: abufirs ($1.17 in chips) 
Seat 9: 007_CasRoyal ($0.78 in chips) 
007_CasRoyal: posts small blind $0.01
Demidov V.S.: posts big blind $0.02
PokerDubKid: sits out 
*** HOLE CARDS ***
Dealt to Dorex2007 [7c Ah]
sansisbai: folds 
WrthTheDrive: folds 
bearpaw47: folds 
Safety8ball: calls $0.02
Dorex2007: folds 
abufirs: calls $0.02
007_CasRoyal: folds 
Demidov V.S.: checks 
*** FLOP *** [6h Kd 2h]
Demidov V.S.: checks 
Safety8ball: checks 
abufirs: bets $0.07
Demidov V.S.: folds 
Safety8ball: folds 
Uncalled bet ($0.07) returned to abufirs
abufirs collected $0.07 from pot
*** SUMMARY ***
Total pot $0.07 | Rake $0 
Board [6h Kd 2h]
Seat 1: Demidov V.S. (big blind) folded on the Flop
Seat 2: sansisbai folded before Flop (didn't bet)
Seat 3: WrthTheDrive folded before Flop (didn't bet)
Seat 4: bearpaw47 folded before Flop (didn't bet)
Seat 5: Safety8ball folded on the Flop
Seat 7: Dorex2007 folded before Flop (didn't bet)
Seat 8: abufirs (button) collected ($0.07)
Seat 9: 007_CasRoyal (small blind) folded before Flop



PokerStars Hand #230591474730:  Hold'em No Limit ($0.01/$0.02 USD) - 2021/10/13 22:55:35 PT [2021/10/14 1:55:35 ET]
Table 'Celbalrai III' 9-max Seat #9 is the button
Seat 1: Demidov V.S. ($1.37 in chips) 
Seat 2: sansisbai ($2.45 in chips) 
Seat 3: WrthTheDrive ($3.48 in chips) 
Seat 4: bearpaw47 ($2 in chips) 
Seat 5: Safety8ball ($6.30 in chips) 
Seat 7: Dorex2007 ($2.07 in chips) 
Seat 8: abufirs ($1.22 in chips) 
Seat 9: 007_CasRoyal ($0.77 in chips) 
Demidov V.S.: posts small blind $0.01
sansisbai: posts big blind $0.02
PokerDubKid: sits out 
*** HOLE CARDS ***
Dealt to Dorex2007 [2c 3s]
WrthTheDrive: raises $0.02 to $0.04
bearpaw47: calls $0.04
Safety8ball: calls $0.04
Dorex2007: folds 
abufirs: folds 
007_CasRoyal: folds 
Demidov V.S.: folds 
sansisbai: calls $0.02
*** FLOP *** [6h 2h 7h]
sansisbai: checks 
WrthTheDrive: bets $0.16
bearpaw47: calls $0.16
Safety8ball: folds 
sansisbai: calls $0.16
*** TURN *** [6h 2h 7h] [8h]
sansisbai: checks 
WrthTheDrive: bets $0.23
bearpaw47: calls $0.23
sansisbai: raises $1.32 to $1.55
WrthTheDrive: folds 
bearpaw47: calls $1.32
*** RIVER *** [6h 2h 7h 8h] [Kc]
sansisbai: bets $0.70 and is all-in
bearpaw47: calls $0.25 and is all-in
Uncalled bet ($0.45) returned to sansisbai
*** SHOW DOWN ***
sansisbai: shows [Ah 5h] (a flush, Ace high)
bearpaw47: shows [7d 7c] (three of a kind, Sevens)
sansisbai collected $4.32 from pot
*** SUMMARY ***
Total pot $4.48 | Rake $0.16 
Board [6h 2h 7h 8h Kc]
Seat 1: Demidov V.S. (small blind) folded before Flop
Seat 2: sansisbai (big blind) showed [Ah 5h] and won ($4.32) with a flush, Ace high
Seat 3: WrthTheDrive folded on the Turn
Seat 4: bearpaw47 showed [7d 7c] and lost with three of a kind, Sevens
Seat 5: Safety8ball folded on the Flop
Seat 7: Dorex2007 folded before Flop (didn't bet)
Seat 8: abufirs folded before Flop (didn't bet)
Seat 9: 007_CasRoyal (button) folded before Flop (didn't bet)



PokerStars Hand #230591482111:  Hold'em No Limit ($0.01/$0.02 USD) - 2021/10/13 22:56:39 PT [2021/10/14 1:56:39 ET]
Table 'Celbalrai III' 9-max Seat #1 is the button
Seat 1: Demidov V.S. ($1.36 in chips) 
Seat 2: sansisbai ($4.77 in chips) 
Seat 3: WrthTheDrive ($3.05 in chips) 
Seat 4: bearpaw47 ($2 in chips) 
Seat 5: Safety8ball ($6.26 in chips) 
Seat 7: Dorex2007 ($2.07 in chips) 
Seat 8: abufirs ($1.92 in chips) 
Seat 9: 007_CasRoyal ($0.77 in chips) 
sansisbai: posts small blind $0.01
WrthTheDrive: posts big blind $0.02
PokerDubKid: sits out 
*** HOLE CARDS ***
Dealt to Dorex2007 [2h 5c]
bearpaw47: folds 
Safety8ball: folds 
Dorex2007: folds 
abufirs: folds 
007_CasRoyal: folds 
bearpaw47 leaves the table
Demidov V.S.: folds 
sansisbai: folds 
Uncalled bet ($0.01) returned to WrthTheDrive
WrthTheDrive collected $0.02 from pot
WrthTheDrive: doesn't show hand 
*** SUMMARY ***
Total pot $0.02 | Rake $0 
Seat 1: Demidov V.S. (button) folded before Flop (didn't bet)
Seat 2: sansisbai (small blind) folded before Flop
Seat 3: WrthTheDrive (big blind) collected ($0.02)
Seat 4: bearpaw47 folded before Flop (didn't bet)
Seat 5: Safety8ball folded before Flop (didn't bet)
Seat 7: Dorex2007 folded before Flop (didn't bet)
Seat 8: abufirs folded before Flop (didn't bet)
Seat 9: 007_CasRoyal folded before Flop (didn't bet)



PokerStars Hand #230591483776:  Hold'em No Limit ($0.01/$0.02 USD) - 2021/10/13 22:56:54 PT [2021/10/14 1:56:54 ET]
Table 'Celbalrai III' 9-max Seat #2 is the button
Seat 1: Demidov V.S. ($1.36 in chips) 
Seat 2: sansisbai ($4.76 in chips) 
Seat 3: WrthTheDrive ($3.06 in chips) 
Seat 5: Safety8ball ($6.26 in chips) 
Seat 7: Dorex2007 ($2.07 in chips) 
Seat 8: abufirs ($1.92 in chips) 
Seat 9: 007_CasRoyal ($0.77 in chips) 
WrthTheDrive: posts small blind $0.01
Safety8ball: posts big blind $0.02
PokerDubKid: sits out 
*** HOLE CARDS ***
Dealt to Dorex2007 [Td As]
Dorex2007: folds 
abufirs: calls $0.02
007_CasRoyal: folds 
Demidov V.S.: folds 
sansisbai: folds 
WrthTheDrive: raises $0.06 to $0.08
Safety8ball: folds 
abufirs: folds 
Uncalled bet ($0.06) returned to WrthTheDrive
WrthTheDrive collected $0.06 from pot
WrthTheDrive: doesn't show hand 
*** SUMMARY ***
Total pot $0.06 | Rake $0 
Seat 1: Demidov V.S. folded before Flop (didn't bet)
Seat 2: sansisbai (button) folded before Flop (didn't bet)
Seat 3: WrthTheDrive (small blind) collected ($0.06)
Seat 5: Safety8ball (big blind) folded before Flop
Seat 7: Dorex2007 folded before Flop (didn't bet)
Seat 8: abufirs folded before Flop
Seat 9: 007_CasRoyal folded before Flop (didn't bet)



PokerStars Hand #230591485592:  Hold'em No Limit ($0.01/$0.02 USD) - 2021/10/13 22:57:10 PT [2021/10/14 1:57:10 ET]
Table 'Celbalrai III' 9-max Seat #3 is the button
Seat 1: Demidov V.S. ($1.36 in chips) 
Seat 2: sansisbai ($4.76 in chips) 
Seat 3: WrthTheDrive ($3.10 in chips) 
Seat 5: Safety8ball ($6.24 in chips) 
Seat 6: PokerDubKid ($4.21 in chips) 
Seat 7: Dorex2007 ($2.07 in chips) 
Seat 8: abufirs ($1.90 in chips) 
Seat 9: 007_CasRoyal ($0.77 in chips) 
Safety8ball: posts small blind $0.01
PokerDubKid: posts big blind $0.02
*** HOLE CARDS ***
Dealt to Dorex2007 [Qd Td]
Dorex2007: folds 
abufirs: folds 
007_CasRoyal: raises $0.04 to $0.06
Demidov V.S.: folds 
sansisbai: folds 
WrthTheDrive: calls $0.06
Safety8ball: folds 
PokerDubKid: folds 
*** FLOP *** [3s 8s Qh]
007_CasRoyal: checks 
WrthTheDrive: bets $0.09
007_CasRoyal: folds 
Uncalled bet ($0.09) returned to WrthTheDrive
WrthTheDrive collected $0.14 from pot
WrthTheDrive: doesn't show hand 
*** SUMMARY ***
Total pot $0.15 | Rake $0.01 
Board [3s 8s Qh]
Seat 1: Demidov V.S. folded before Flop (didn't bet)
Seat 2: sansisbai folded before Flop (didn't bet)
Seat 3: WrthTheDrive (button) collected ($0.14)
Seat 5: Safety8ball (small blind) folded before Flop
Seat 6: PokerDubKid (big blind) folded before Flop
Seat 7: Dorex2007 folded before Flop (didn't bet)
Seat 8: abufirs folded before Flop (didn't bet)
Seat 9: 007_CasRoyal folded on the Flop



PokerStars Hand #230591490324:  Hold'em No Limit ($0.01/$0.02 USD) - 2021/10/13 22:57:51 PT [2021/10/14 1:57:51 ET]
Table 'Celbalrai III' 9-max Seat #5 is the button
Seat 1: Demidov V.S. ($1.36 in chips) 
Seat 2: sansisbai ($4.76 in chips) 
Seat 3: WrthTheDrive ($3.18 in chips) 
Seat 5: Safety8ball ($6.23 in chips) 
Seat 6: PokerDubKid ($4.19 in chips) 
Seat 7: Dorex2007 ($2.07 in chips) 
Seat 8: abufirs ($1.90 in chips) 
Seat 9: 007_CasRoyal ($0.71 in chips) 
PokerDubKid: posts small blind $0.01
Dorex2007: posts big blind $0.02
*** HOLE CARDS ***
Dealt to Dorex2007 [Qd 8h]
abufirs: folds 
007_CasRoyal: raises $0.04 to $0.06
Demidov V.S.: folds 
sansisbai: folds 
WrthTheDrive: folds 
Safety8ball: raises $0.15 to $0.21
PokerDubKid: folds 
Dorex2007: folds 
007_CasRoyal: raises $0.50 to $0.71 and is all-in
Safety8ball: calls $0.50
*** FLOP *** [4h As Ad]
*** TURN *** [4h As Ad] [Qs]
*** RIVER *** [4h As Ad Qs] [9s]
*** SHOW DOWN ***
007_CasRoyal: shows [Ah 7h] (three of a kind, Aces)
Safety8ball: shows [Ks Ac] (three of a kind, Aces - King kicker)
Safety8ball collected $1.40 from pot
*** SUMMARY ***
Total pot $1.45 | Rake $0.05 
Board [4h As Ad Qs 9s]
Seat 1: Demidov V.S. folded before Flop (didn't bet)
Seat 2: sansisbai folded before Flop (didn't bet)
Seat 3: WrthTheDrive folded before Flop (didn't bet)
Seat 5: Safety8ball (button) showed [Ks Ac] and won ($1.40) with three of a kind, Aces
Seat 6: PokerDubKid (small blind) folded before Flop
Seat 7: Dorex2007 (big blind) folded before Flop
Seat 8: abufirs folded before Flop (didn't bet)
Seat 9: 007_CasRoyal showed [Ah 7h] and lost with three of a kind, Aces



PokerStars Hand #230591494622:  Hold'em No Limit ($0.01/$0.02 USD) - 2021/10/13 22:58:29 PT [2021/10/14 1:58:29 ET]
Table 'Celbalrai III' 9-max Seat #6 is the button
Seat 1: Demidov V.S. ($1.36 in chips) 
Seat 2: sansisbai ($4.76 in chips) 
Seat 3: WrthTheDrive ($3.18 in chips) 
Seat 5: Safety8ball ($6.92 in chips) 
Seat 6: PokerDubKid ($4.18 in chips) 
Seat 7: Dorex2007 ($2.05 in chips) 
Seat 8: abufirs ($1.90 in chips) 
Dorex2007: posts small blind $0.01
abufirs: posts big blind $0.02
*** HOLE CARDS ***
Dealt to Dorex2007 [Kd 6s]
Demidov V.S.: folds 
sansisbai: folds 
WrthTheDrive: folds 
Safety8ball: folds 
007_CasRoyal leaves the table
PokerDubKid has timed out
PokerDubKid: folds 
Dorex2007: folds 
Uncalled bet ($0.01) returned to abufirs
abufirs collected $0.02 from pot
*** SUMMARY ***
Total pot $0.02 | Rake $0 
Seat 1: Demidov V.S. folded before Flop (didn't bet)
Seat 2: sansisbai folded before Flop (didn't bet)
Seat 3: WrthTheDrive folded before Flop (didn't bet)
Seat 5: Safety8ball folded before Flop (didn't bet)
Seat 6: PokerDubKid (button) folded before Flop (didn't bet)
Seat 7: Dorex2007 (small blind) folded before Flop
Seat 8: abufirs (big blind) collected ($0.02)



PokerStars Hand #230591496845:  Hold'em No Limit ($0.01/$0.02 USD) - 2021/10/13 22:58:48 PT [2021/10/14 1:58:48 ET]
Table 'Celbalrai III' 9-max Seat #7 is the button
Seat 1: Demidov V.S. ($1.36 in chips) 
Seat 2: sansisbai ($4.76 in chips) 
Seat 3: WrthTheDrive ($3.18 in chips) 
Seat 5: Safety8ball ($6.92 in chips) 
Seat 6: PokerDubKid ($4.18 in chips) 
Seat 7: Dorex2007 ($2.04 in chips) 
Seat 8: abufirs ($1.91 in chips) 
abufirs: posts small blind $0.01
Demidov V.S.: posts big blind $0.02
*** HOLE CARDS ***
Dealt to Dorex2007 [Ac 6s]
sansisbai: folds 
WrthTheDrive: folds 
Safety8ball: folds 
PokerDubKid: folds 
Dorex2007: folds 
abufirs: calls $0.01
Demidov V.S.: checks 
*** FLOP *** [7c Ts Jd]
abufirs: bets $0.04
Demidov V.S.: folds 
Uncalled bet ($0.04) returned to abufirs
abufirs collected $0.04 from pot
*** SUMMARY ***
Total pot $0.04 | Rake $0 
Board [7c Ts Jd]
Seat 1: Demidov V.S. (big blind) folded on the Flop
Seat 2: sansisbai folded before Flop (didn't bet)
Seat 3: WrthTheDrive folded before Flop (didn't bet)
Seat 5: Safety8ball folded before Flop (didn't bet)
Seat 6: PokerDubKid folded before Flop (didn't bet)
Seat 7: Dorex2007 (button) folded before Flop (didn't bet)
Seat 8: abufirs (small blind) collected ($0.04)



PokerStars Hand #230591499623:  Hold'em No Limit ($0.01/$0.02 USD) - 2021/10/13 22:59:12 PT [2021/10/14 1:59:12 ET]
Table 'Celbalrai III' 9-max Seat #8 is the button
Seat 1: Demidov V.S. ($1.34 in chips) 
Seat 2: sansisbai ($4.76 in chips) 
Seat 3: WrthTheDrive ($3.18 in chips) 
Seat 5: Safety8ball ($6.92 in chips) 
Seat 6: PokerDubKid ($4.18 in chips) 
Seat 7: Dorex2007 ($2.04 in chips) 
Seat 8: abufirs ($1.93 in chips) 
Demidov V.S.: posts small blind $0.01
sansisbai: posts big blind $0.02
*** HOLE CARDS ***
Dealt to Dorex2007 [3d 4h]
WrthTheDrive: folds 
Safety8ball: folds 
PokerDubKid: folds 
Dorex2007: folds 
abufirs: folds 
Demidov V.S.: folds 
Uncalled bet ($0.01) returned to sansisbai
sansisbai collected $0.02 from pot
sansisbai: doesn't show hand 
*** SUMMARY ***
Total pot $0.02 | Rake $0 
Seat 1: Demidov V.S. (small blind) folded before Flop
Seat 2: sansisbai (big blind) collected ($0.02)
Seat 3: WrthTheDrive folded before Flop (didn't bet)
Seat 5: Safety8ball folded before Flop (didn't bet)
Seat 6: PokerDubKid folded before Flop (didn't bet)
Seat 7: Dorex2007 folded before Flop (didn't bet)
Seat 8: abufirs (button) folded before Flop (didn't bet)



PokerStars Hand #230591501232:  Hold'em No Limit ($0.01/$0.02 USD) - 2021/10/13 22:59:27 PT [2021/10/14 1:59:27 ET]
Table 'Celbalrai III' 9-max Seat #1 is the button
Seat 1: Demidov V.S. ($1.33 in chips) 
Seat 2: sansisbai ($4.77 in chips) 
Seat 3: WrthTheDrive ($3.18 in chips) 
Seat 5: Safety8ball ($6.92 in chips) 
Seat 6: PokerDubKid ($4.18 in chips) 
Seat 7: Dorex2007 ($2.04 in chips) 
Seat 8: abufirs ($1.93 in chips) 
sansisbai: posts small blind $0.01
WrthTheDrive: posts big blind $0.02
*** HOLE CARDS ***
Dealt to Dorex2007 [Ad 8d]
Safety8ball: folds 
mr.frog229 joins the table at seat #4 
PokerDubKid: folds 
Dorex2007: raises $0.02 to $0.04
abufirs: folds 
Demidov V.S.: folds 
sansisbai: raises $0.10 to $0.14
WrthTheDrive: folds 
Dorex2007: folds 
Uncalled bet ($0.10) returned to sansisbai
sansisbai collected $0.10 from pot
sansisbai: doesn't show hand 
*** SUMMARY ***
Total pot $0.10 | Rake $0 
Seat 1: Demidov V.S. (button) folded before Flop (didn't bet)
Seat 2: sansisbai (small blind) collected ($0.10)
Seat 3: WrthTheDrive (big blind) folded before Flop
Seat 5: Safety8ball folded before Flop (didn't bet)
Seat 6: PokerDubKid folded before Flop (didn't bet)
Seat 7: Dorex2007 folded before Flop
Seat 8: abufirs folded before Flop (didn't bet)



PokerStars Hand #230591504010:  Hold'em No Limit ($0.01/$0.02 USD) - 2021/10/13 22:59:51 PT [2021/10/14 1:59:51 ET]
Table 'Celbalrai III' 9-max Seat #2 is the button
Seat 1: Demidov V.S. ($1.33 in chips) 
Seat 2: sansisbai ($4.83 in chips) 
Seat 3: WrthTheDrive ($3.16 in chips) 
Seat 4: mr.frog229 ($1.60 in chips) 
Seat 5: Safety8ball ($6.92 in chips) 
Seat 6: PokerDubKid ($4.18 in chips) 
Seat 7: Dorex2007 ($2 in chips) 
Seat 8: abufirs ($1.93 in chips) 
WrthTheDrive: posts small blind $0.01
mr.frog229: posts big blind $0.02
*** HOLE CARDS ***
Dealt to Dorex2007 [Kh 3s]
Safety8ball: folds 
PokerDubKid: folds 
Dorex2007: folds 
abufirs: calls $0.02
Demidov V.S.: folds 
sansisbai: folds 
WrthTheDrive: folds 
mr.frog229: checks 
*** FLOP *** [6c 3c Th]
mr.frog229: checks 
abufirs: checks 
*** TURN *** [6c 3c Th] [4d]
mr.frog229: checks 
abufirs: checks 
*** RIVER *** [6c 3c Th 4d] [4c]
mr.frog229: checks 
abufirs: checks 
*** SHOW DOWN ***
mr.frog229: shows [2s 8c] (a pair of Fours)
abufirs: shows [Ac 9d] (a pair of Fours - Ace kicker)
abufirs collected $0.05 from pot
*** SUMMARY ***
Total pot $0.05 | Rake $0 
Board [6c 3c Th 4d 4c]
Seat 1: Demidov V.S. folded before Flop (didn't bet)
Seat 2: sansisbai (button) folded before Flop (didn't bet)
Seat 3: WrthTheDrive (small blind) folded before Flop
Seat 4: mr.frog229 (big blind) showed [2s 8c] and lost with a pair of Fours
Seat 5: Safety8ball folded before Flop (didn't bet)
Seat 6: PokerDubKid folded before Flop (didn't bet)
Seat 7: Dorex2007 folded before Flop (didn't bet)
Seat 8: abufirs showed [Ac 9d] and won ($0.05) with a pair of Fours



PokerStars Hand #230591508118:  Hold'em No Limit ($0.01/$0.02 USD) - 2021/10/13 23:00:26 PT [2021/10/14 2:00:26 ET]
Table 'Celbalrai III' 9-max Seat #3 is the button
Seat 1: Demidov V.S. ($1.33 in chips) 
Seat 2: sansisbai ($4.83 in chips) 
Seat 3: WrthTheDrive ($3.15 in chips) 
Seat 4: mr.frog229 ($1.58 in chips) 
Seat 5: Safety8ball ($6.92 in chips) 
Seat 6: PokerDubKid ($4.18 in chips) 
Seat 7: Dorex2007 ($2 in chips) 
Seat 8: abufirs ($1.96 in chips) 
mr.frog229: posts small blind $0.01
Safety8ball: posts big blind $0.02
*** HOLE CARDS ***
Dealt to Dorex2007 [9d 8h]
PokerDubKid: raises $0.06 to $0.08
Dorex2007: folds 
abufirs: calls $0.08
Demidov V.S.: folds 
sansisbai: folds 
WrthTheDrive: calls $0.08
mr.frog229: folds 
Safety8ball: calls $0.06
*** FLOP *** [5s As Ts]
Safety8ball: checks 
PokerDubKid: bets $0.16
abufirs: folds 
WrthTheDrive: folds 
Safety8ball: folds 
Uncalled bet ($0.16) returned to PokerDubKid
PokerDubKid collected $0.32 from pot
PokerDubKid: doesn't show hand 
*** SUMMARY ***
Total pot $0.33 | Rake $0.01 
Board [5s As Ts]
Seat 1: Demidov V.S. folded before Flop (didn't bet)
Seat 2: sansisbai folded before Flop (didn't bet)
Seat 3: WrthTheDrive (button) folded on the Flop
Seat 4: mr.frog229 (small blind) folded before Flop
Seat 5: Safety8ball (big blind) folded on the Flop
Seat 6: PokerDubKid collected ($0.32)
Seat 7: Dorex2007 folded before Flop (didn't bet)
Seat 8: abufirs folded on the Flop



PokerStars Hand #230591512912:  Hold'em No Limit ($0.01/$0.02 USD) - 2021/10/13 23:01:03 PT [2021/10/14 2:01:03 ET]
Table 'Celbalrai III' 9-max Seat #4 is the button
Seat 1: Demidov V.S. ($1.33 in chips) 
Seat 2: sansisbai ($4.83 in chips) 
Seat 3: WrthTheDrive ($3.07 in chips) 
Seat 4: mr.frog229 ($1.57 in chips) 
Seat 5: Safety8ball ($6.84 in chips) 
Seat 7: Dorex2007 ($2 in chips) 
Seat 8: abufirs ($1.88 in chips) 
Safety8ball: posts small blind $0.01
PokerDubKid: is sitting out 
Dorex2007: posts big blind $0.02
*** HOLE CARDS ***
Dealt to Dorex2007 [4c 4d]
abufirs: folds 
Demidov V.S.: folds 
v123vk joins the table at seat #9 
sansisbai: folds 
WrthTheDrive: folds 
mr.frog229: calls $0.02
Safety8ball: folds 
Dorex2007: checks 
*** FLOP *** [Tc Js 5s]
Dorex2007: checks 
mr.frog229: checks 
*** TURN *** [Tc Js 5s] [2h]
Dorex2007: checks 
mr.frog229: checks 
*** RIVER *** [Tc Js 5s 2h] [Qd]
Dorex2007: checks 
mr.frog229: checks 
*** SHOW DOWN ***
Dorex2007: shows [4c 4d] (a pair of Fours)
mr.frog229: shows [Th 6h] (a pair of Tens)
mr.frog229 collected $0.05 from pot
*** SUMMARY ***
Total pot $0.05 | Rake $0 
Board [Tc Js 5s 2h Qd]
Seat 1: Demidov V.S. folded before Flop (didn't bet)
Seat 2: sansisbai folded before Flop (didn't bet)
Seat 3: WrthTheDrive folded before Flop (didn't bet)
Seat 4: mr.frog229 (button) showed [Th 6h] and won ($0.05) with a pair of Tens
Seat 5: Safety8ball (small blind) folded before Flop
Seat 7: Dorex2007 (big blind) showed [4c 4d] and lost with a pair of Fours
Seat 8: abufirs folded before Flop (didn't bet)



PokerStars Hand #230591516776:  Hold'em No Limit ($0.01/$0.02 USD) - 2021/10/13 23:01:32 PT [2021/10/14 2:01:32 ET]
Table 'Celbalrai III' 9-max Seat #5 is the button
Seat 1: Demidov V.S. ($1.33 in chips) 
Seat 2: sansisbai ($4.83 in chips) 
Seat 3: WrthTheDrive ($3.07 in chips) 
Seat 4: mr.frog229 ($1.60 in chips) 
Seat 5: Safety8ball ($6.83 in chips) 
Seat 7: Dorex2007 ($2 in chips) 
Seat 8: abufirs ($1.88 in chips) 
Dorex2007: posts small blind $0.01
abufirs: posts big blind $0.02
v123vk: sits out 
*** HOLE CARDS ***
Dealt to Dorex2007 [5h Kc]
Demidov V.S.: folds 
sansisbai: folds 
WrthTheDrive: raises $0.04 to $0.06
mr.frog229: folds 
Safety8ball: folds 
Dorex2007: folds 
abufirs: calls $0.04
*** FLOP *** [4s 6h Qd]
abufirs: checks 
WrthTheDrive: bets $0.08
abufirs: folds 
Uncalled bet ($0.08) returned to WrthTheDrive
WrthTheDrive collected $0.13 from pot
WrthTheDrive: doesn't show hand 
*** SUMMARY ***
Total pot $0.13 | Rake $0 
Board [4s 6h Qd]
Seat 1: Demidov V.S. folded before Flop (didn't bet)
Seat 2: sansisbai folded before Flop (didn't bet)
Seat 3: WrthTheDrive collected ($0.13)
Seat 4: mr.frog229 folded before Flop (didn't bet)
Seat 5: Safety8ball (button) folded before Flop (didn't bet)
Seat 7: Dorex2007 (small blind) folded before Flop
Seat 8: abufirs (big blind) folded on the Flop



PokerStars Hand #230591519780:  Hold'em No Limit ($0.01/$0.02 USD) - 2021/10/13 23:01:55 PT [2021/10/14 2:01:55 ET]
Table 'Celbalrai III' 9-max Seat #7 is the button
Seat 1: Demidov V.S. ($1.33 in chips) 
Seat 2: sansisbai ($4.83 in chips) 
Seat 3: WrthTheDrive ($3.14 in chips) 
Seat 4: mr.frog229 ($1.60 in chips) 
Seat 5: Safety8ball ($6.83 in chips) 
Seat 7: Dorex2007 ($2 in chips) 
Seat 8: abufirs ($1.82 in chips) 
Seat 9: v123vk ($2 in chips) 
abufirs: posts small blind $0.01
v123vk: posts big blind $0.02
*** HOLE CARDS ***
Dealt to Dorex2007 [5s Ad]
Demidov V.S.: raises $0.04 to $0.06
sansisbai: folds 
WrthTheDrive: folds 
mr.frog229: folds 
Safety8ball: folds 
Dorex2007: folds 
abufirs: folds 
v123vk: folds 
Uncalled bet ($0.04) returned to Demidov V.S.
Demidov V.S. collected $0.05 from pot
Demidov V.S.: doesn't show hand 
*** SUMMARY ***
Total pot $0.05 | Rake $0 
Seat 1: Demidov V.S. collected ($0.05)
Seat 2: sansisbai folded before Flop (didn't bet)
Seat 3: WrthTheDrive folded before Flop (didn't bet)
Seat 4: mr.frog229 folded before Flop (didn't bet)
Seat 5: Safety8ball folded before Flop (didn't bet)
Seat 7: Dorex2007 (button) folded before Flop (didn't bet)
Seat 8: abufirs (small blind) folded before Flop
Seat 9: v123vk (big blind) folded before Flop



PokerStars Hand #230591523769:  Hold'em No Limit ($0.01/$0.02 USD) - 2021/10/13 23:02:26 PT [2021/10/14 2:02:26 ET]
Table 'Celbalrai III' 9-max Seat #8 is the button
Seat 1: Demidov V.S. ($1.36 in chips) 
Seat 2: sansisbai ($4.83 in chips) 
Seat 3: WrthTheDrive ($3.14 in chips) 
Seat 4: mr.frog229 ($1.60 in chips) 
Seat 5: Safety8ball ($6.83 in chips) 
Seat 7: Dorex2007 ($2 in chips) 
Seat 8: abufirs ($1.81 in chips) 
Seat 9: v123vk ($1.98 in chips) 
v123vk: posts small blind $0.01
Demidov V.S.: posts big blind $0.02
*** HOLE CARDS ***
Dealt to Dorex2007 [4c 7h]
sansisbai: folds 
WrthTheDrive: folds 
mr.frog229: folds 
Safety8ball: folds 
Dorex2007: folds 
abufirs: calls $0.02
v123vk: calls $0.01
Demidov V.S.: checks 
*** FLOP *** [Ad 8h Kd]
PokerDubKid leaves the table
v123vk: bets $0.06
Demidov V.S.: folds 
abufirs: folds 
Uncalled bet ($0.06) returned to v123vk
v123vk collected $0.06 from pot
v123vk: doesn't show hand 
*** SUMMARY ***
Total pot $0.06 | Rake $0 
Board [Ad 8h Kd]
Seat 1: Demidov V.S. (big blind) folded on the Flop
Seat 2: sansisbai folded before Flop (didn't bet)
Seat 3: WrthTheDrive folded before Flop (didn't bet)
Seat 4: mr.frog229 folded before Flop (didn't bet)
Seat 5: Safety8ball folded before Flop (didn't bet)
Seat 7: Dorex2007 folded before Flop (didn't bet)
Seat 8: abufirs (button) folded on the Flop
Seat 9: v123vk (small blind) collected ($0.06)



PokerStars Hand #230591527708:  Hold'em No Limit ($0.01/$0.02 USD) - 2021/10/13 23:02:56 PT [2021/10/14 2:02:56 ET]
Table 'Celbalrai III' 9-max Seat #9 is the button
Seat 1: Demidov V.S. ($1.34 in chips) 
Seat 2: sansisbai ($4.83 in chips) 
Seat 3: WrthTheDrive ($3.14 in chips) 
Seat 4: mr.frog229 ($1.60 in chips) 
Seat 5: Safety8ball ($6.83 in chips) 
Seat 7: Dorex2007 ($2 in chips) 
Seat 8: abufirs ($1.79 in chips) 
Seat 9: v123vk ($2.02 in chips) 
Demidov V.S.: posts small blind $0.01
sansisbai: posts big blind $0.02
*** HOLE CARDS ***
Dealt to Dorex2007 [3s 6d]
WrthTheDrive: raises $0.04 to $0.06
mr.frog229: folds 
Safety8ball: calls $0.06
Dorex2007: folds 
abufirs: folds 
v123vk: folds 
Demidov V.S.: folds 
sansisbai: folds 
*** FLOP *** [Qd 4d 8d]
WrthTheDrive: bets $0.14
Safety8ball: folds 
Uncalled bet ($0.14) returned to WrthTheDrive
WrthTheDrive collected $0.14 from pot
WrthTheDrive: doesn't show hand 
*** SUMMARY ***
Total pot $0.15 | Rake $0.01 
Board [Qd 4d 8d]
Seat 1: Demidov V.S. (small blind) folded before Flop
Seat 2: sansisbai (big blind) folded before Flop
Seat 3: WrthTheDrive collected ($0.14)
Seat 4: mr.frog229 folded before Flop (didn't bet)
Seat 5: Safety8ball folded on the Flop
Seat 7: Dorex2007 folded before Flop (didn't bet)
Seat 8: abufirs folded before Flop (didn't bet)
Seat 9: v123vk (button) folded before Flop (didn't bet)



PokerStars Hand #230591531724:  Hold'em No Limit ($0.01/$0.02 USD) - 2021/10/13 23:03:26 PT [2021/10/14 2:03:26 ET]
Table 'Celbalrai III' 9-max Seat #1 is the button
Seat 1: Demidov V.S. ($1.33 in chips) 
Seat 2: sansisbai ($4.81 in chips) 
Seat 3: WrthTheDrive ($3.22 in chips) 
Seat 4: mr.frog229 ($1.60 in chips) 
Seat 5: Safety8ball ($6.77 in chips) 
Seat 7: Dorex2007 ($2 in chips) 
Seat 8: abufirs ($1.79 in chips) 
Seat 9: v123vk ($2.02 in chips) 
sansisbai: posts small blind $0.01
WrthTheDrive: posts big blind $0.02
*** HOLE CARDS ***
Dealt to Dorex2007 [Js 8h]
mr.frog229: folds 
Safety8ball: folds 
Dorex2007: folds 
abufirs: folds 
v123vk: folds 
Demidov V.S.: raises $0.03 to $0.05
sansisbai: raises $0.12 to $0.17
WrthTheDrive: folds 
Demidov V.S.: folds 
Uncalled bet ($0.12) returned to sansisbai
sansisbai collected $0.12 from pot
sansisbai: doesn't show hand 
*** SUMMARY ***
Total pot $0.12 | Rake $0 
Seat 1: Demidov V.S. (button) folded before Flop
Seat 2: sansisbai (small blind) collected ($0.12)
Seat 3: WrthTheDrive (big blind) folded before Flop
Seat 4: mr.frog229 folded before Flop (didn't bet)
Seat 5: Safety8ball folded before Flop (didn't bet)
Seat 7: Dorex2007 folded before Flop (didn't bet)
Seat 8: abufirs folded before Flop (didn't bet)
Seat 9: v123vk folded before Flop (didn't bet)



PokerStars Hand #230591535546:  Hold'em No Limit ($0.01/$0.02 USD) - 2021/10/13 23:03:54 PT [2021/10/14 2:03:54 ET]
Table 'Celbalrai III' 9-max Seat #2 is the button
Seat 1: Demidov V.S. ($1.28 in chips) 
Seat 2: sansisbai ($4.88 in chips) 
Seat 3: WrthTheDrive ($3.20 in chips) 
Seat 4: mr.frog229 ($1.60 in chips) 
Seat 5: Safety8ball ($6.77 in chips) 
Seat 7: Dorex2007 ($2 in chips) 
Seat 8: abufirs ($1.79 in chips) 
Seat 9: v123vk ($2.02 in chips) 
WrthTheDrive: posts small blind $0.01
mr.frog229: posts big blind $0.02
*** HOLE CARDS ***
Dealt to Dorex2007 [7h 8s]
Safety8ball: folds 
Dorex2007: folds 
abufirs: folds 
v123vk: folds 
Demidov V.S.: folds 
sansisbai: folds 
WrthTheDrive: folds 
Uncalled bet ($0.01) returned to mr.frog229
mr.frog229 collected $0.02 from pot
mr.frog229: doesn't show hand 
*** SUMMARY ***
Total pot $0.02 | Rake $0 
Seat 1: Demidov V.S. folded before Flop (didn't bet)
Seat 2: sansisbai (button) folded before Flop (didn't bet)
Seat 3: WrthTheDrive (small blind) folded before Flop
Seat 4: mr.frog229 (big blind) collected ($0.02)
Seat 5: Safety8ball folded before Flop (didn't bet)
Seat 7: Dorex2007 folded before Flop (didn't bet)
Seat 8: abufirs folded before Flop (didn't bet)
Seat 9: v123vk folded before Flop (didn't bet)



PokerStars Hand #230591537942:  Hold'em No Limit ($0.01/$0.02 USD) - 2021/10/13 23:04:12 PT [2021/10/14 2:04:12 ET]
Table 'Celbalrai III' 9-max Seat #3 is the button
Seat 1: Demidov V.S. ($1.28 in chips) 
Seat 2: sansisbai ($4.88 in chips) 
Seat 3: WrthTheDrive ($3.19 in chips) 
Seat 4: mr.frog229 ($1.61 in chips) 
Seat 5: Safety8ball ($6.77 in chips) 
Seat 7: Dorex2007 ($2 in chips) 
Seat 8: abufirs ($1.79 in chips) 
Seat 9: v123vk ($2.02 in chips) 
mr.frog229: posts small blind $0.01
Safety8ball: posts big blind $0.02
*** HOLE CARDS ***
Dealt to Dorex2007 [Qh Kd]
Dorex2007: folds 
abufirs: folds 
v123vk: folds 
Demidov V.S.: folds 
sansisbai: folds 
WrthTheDrive: raises $0.04 to $0.06
mr.frog229: folds 
Safety8ball: raises $0.12 to $0.18
WrthTheDrive: calls $0.12
*** FLOP *** [8h 9h Ks]
Safety8ball: bets $0.20
WrthTheDrive: calls $0.20
*** TURN *** [8h 9h Ks] [Ad]
Safety8ball: bets $0.38
WrthTheDrive: folds 
Uncalled bet ($0.38) returned to Safety8ball
Safety8ball collected $0.74 from pot
Safety8ball: doesn't show hand 
*** SUMMARY ***
Total pot $0.77 | Rake $0.03 
Board [8h 9h Ks Ad]
Seat 1: Demidov V.S. folded before Flop (didn't bet)
Seat 2: sansisbai folded before Flop (didn't bet)
Seat 3: WrthTheDrive (button) folded on the Turn
Seat 4: mr.frog229 (small blind) folded before Flop
Seat 5: Safety8ball (big blind) collected ($0.74)
Seat 7: Dorex2007 folded before Flop (didn't bet)
Seat 8: abufirs folded before Flop (didn't bet)
Seat 9: v123vk folded before Flop (didn't bet)



PokerStars Hand #230591542590:  Hold'em No Limit ($0.01/$0.02 USD) - 2021/10/13 23:04:47 PT [2021/10/14 2:04:47 ET]
Table 'Celbalrai III' 9-max Seat #4 is the button
Seat 1: Demidov V.S. ($1.28 in chips) 
Seat 2: sansisbai ($4.88 in chips) 
Seat 3: WrthTheDrive ($2.81 in chips) 
Seat 4: mr.frog229 ($1.60 in chips) 
Seat 5: Safety8ball ($7.13 in chips) 
Seat 7: Dorex2007 ($2 in chips) 
Seat 8: abufirs ($1.79 in chips) 
Seat 9: v123vk ($2.02 in chips) 
Safety8ball: posts small blind $0.01
Dorex2007: posts big blind $0.02
*** HOLE CARDS ***
Dealt to Dorex2007 [Ah Ks]
abufirs: folds 
v123vk: folds 
Demidov V.S.: folds 
sansisbai: folds 
WrthTheDrive: folds 
mr.frog229: folds 
Safety8ball: folds 
Uncalled bet ($0.01) returned to Dorex2007
Dorex2007 collected $0.02 from pot
Dorex2007: doesn't show hand 
*** SUMMARY ***
Total pot $0.02 | Rake $0 
Seat 1: Demidov V.S. folded before Flop (didn't bet)
Seat 2: sansisbai folded before Flop (didn't bet)
Seat 3: WrthTheDrive folded before Flop (didn't bet)
Seat 4: mr.frog229 (button) folded before Flop (didn't bet)
Seat 5: Safety8ball (small blind) folded before Flop
Seat 7: Dorex2007 (big blind) collected ($0.02)
Seat 8: abufirs folded before Flop (didn't bet)
Seat 9: v123vk folded before Flop (didn't bet)



PokerStars Hand #230591544789:  Hold'em No Limit ($0.01/$0.02 USD) - 2021/10/13 23:05:03 PT [2021/10/14 2:05:03 ET]
Table 'Celbalrai III' 9-max Seat #5 is the button
Seat 1: Demidov V.S. ($1.28 in chips) 
Seat 2: sansisbai ($4.88 in chips) 
Seat 3: WrthTheDrive ($2.81 in chips) 
Seat 4: mr.frog229 ($1.60 in chips) 
Seat 5: Safety8ball ($7.12 in chips) 
Seat 7: Dorex2007 ($2.01 in chips) 
Seat 8: abufirs ($1.79 in chips) 
Seat 9: v123vk ($2.02 in chips) 
Dorex2007: posts small blind $0.01
abufirs: posts big blind $0.02
*** HOLE CARDS ***
Dealt to Dorex2007 [Qh 5c]
v123vk: folds 
Demidov V.S.: folds 
sansisbai: raises $0.04 to $0.06
WrthTheDrive: folds 
mr.frog229: folds 
Safety8ball: folds 
Dorex2007: folds 
abufirs: folds 
Uncalled bet ($0.04) returned to sansisbai
sansisbai collected $0.05 from pot
sansisbai: doesn't show hand 
*** SUMMARY ***
Total pot $0.05 | Rake $0 
Seat 1: Demidov V.S. folded before Flop (didn't bet)
Seat 2: sansisbai collected ($0.05)
Seat 3: WrthTheDrive folded before Flop (didn't bet)
Seat 4: mr.frog229 folded before Flop (didn't bet)
Seat 5: Safety8ball (button) folded before Flop (didn't bet)
Seat 7: Dorex2007 (small blind) folded before Flop
Seat 8: abufirs (big blind) folded before Flop
Seat 9: v123vk folded before Flop (didn't bet)



PokerStars Hand #230591548257:  Hold'em No Limit ($0.01/$0.02 USD) - 2021/10/13 23:05:28 PT [2021/10/14 2:05:28 ET]
Table 'Celbalrai III' 9-max Seat #7 is the button
Seat 1: Demidov V.S. ($1.28 in chips) 
Seat 2: sansisbai ($4.91 in chips) 
Seat 3: WrthTheDrive ($2.81 in chips) 
Seat 4: mr.frog229 ($1.60 in chips) 
Seat 5: Safety8ball ($7.12 in chips) 
Seat 7: Dorex2007 ($2 in chips) 
Seat 8: abufirs ($1.77 in chips) 
Seat 9: v123vk ($2.02 in chips) 
abufirs: posts small blind $0.01
v123vk: posts big blind $0.02
*** HOLE CARDS ***
Dealt to Dorex2007 [5d 5s]
Demidov V.S.: folds 
sansisbai: folds 
WrthTheDrive: folds 
mr.frog229: folds 
Safety8ball: raises $0.04 to $0.06
Dorex2007: calls $0.06
abufirs: folds 
v123vk: folds 
*** FLOP *** [5c 9h Th]
007_CasRoyal joins the table at seat #6 
Safety8ball: bets $0.07
Dorex2007: calls $0.07
*** TURN *** [5c 9h Th] [Qc]
Safety8ball: bets $0.16
Dorex2007: raises $0.16 to $0.32
Safety8ball: calls $0.16
*** RIVER *** [5c 9h Th Qc] [Ad]
Safety8ball: checks 
Dorex2007: bets $0.60
Safety8ball: folds 
Uncalled bet ($0.60) returned to Dorex2007
Dorex2007 collected $0.90 from pot
Dorex2007: doesn't show hand 
*** SUMMARY ***
Total pot $0.93 | Rake $0.03 
Board [5c 9h Th Qc Ad]
Seat 1: Demidov V.S. folded before Flop (didn't bet)
Seat 2: sansisbai folded before Flop (didn't bet)
Seat 3: WrthTheDrive folded before Flop (didn't bet)
Seat 4: mr.frog229 folded before Flop (didn't bet)
Seat 5: Safety8ball folded on the River
Seat 7: Dorex2007 (button) collected ($0.90)
Seat 8: abufirs (small blind) folded before Flop
Seat 9: v123vk (big blind) folded before Flop



PokerStars Hand #230591554962:  Hold'em No Limit ($0.01/$0.02 USD) - 2021/10/13 23:06:18 PT [2021/10/14 2:06:18 ET]
Table 'Celbalrai III' 9-max Seat #8 is the button
Seat 1: Demidov V.S. ($1.28 in chips) 
Seat 2: sansisbai ($4.91 in chips) 
Seat 3: WrthTheDrive ($2.81 in chips) 
Seat 4: mr.frog229 ($1.60 in chips) 
Seat 5: Safety8ball ($6.67 in chips) 
Seat 6: 007_CasRoyal ($0.84 in chips) 
Seat 7: Dorex2007 ($2.45 in chips) 
Seat 8: abufirs ($1.76 in chips) 
Seat 9: v123vk ($2 in chips) 
v123vk: posts small blind $0.01
Demidov V.S.: posts big blind $0.02
007_CasRoyal: posts big blind $0.02
*** HOLE CARDS ***
Dealt to Dorex2007 [5s Qs]
sansisbai: folds 
WrthTheDrive: folds 
mr.frog229: folds 
Safety8ball: folds 
007_CasRoyal: checks 
Dorex2007: folds 
abufirs: folds 
v123vk: calls $0.01
Demidov V.S.: checks 
*** FLOP *** [2s As Qh]
v123vk: checks 
Demidov V.S.: checks 
007_CasRoyal: checks 
*** TURN *** [2s As Qh] [Kc]
v123vk: checks 
Demidov V.S.: checks 
007_CasRoyal: checks 
*** RIVER *** [2s As Qh Kc] [2d]
v123vk: checks 
Demidov V.S.: checks 
007_CasRoyal: checks 
*** SHOW DOWN ***
v123vk: shows [6c 6s] (two pair, Sixes and Deuces)
Demidov V.S.: shows [9c Ad] (two pair, Aces and Deuces)
007_CasRoyal: mucks hand 
Demidov V.S. collected $0.06 from pot
*** SUMMARY ***
Total pot $0.06 | Rake $0 
Board [2s As Qh Kc 2d]
Seat 1: Demidov V.S. (big blind) showed [9c Ad] and won ($0.06) with two pair, Aces and Deuces
Seat 2: sansisbai folded before Flop (didn't bet)
Seat 3: WrthTheDrive folded before Flop (didn't bet)
Seat 4: mr.frog229 folded before Flop (didn't bet)
Seat 5: Safety8ball folded before Flop (didn't bet)
Seat 6: 007_CasRoyal mucked [6d 7c]
Seat 7: Dorex2007 folded before Flop (didn't bet)
Seat 8: abufirs (button) folded before Flop (didn't bet)
Seat 9: v123vk (small blind) showed [6c 6s] and lost with two pair, Sixes and Deuces



PokerStars Hand #230591560549:  Hold'em No Limit ($0.01/$0.02 USD) - 2021/10/13 23:07:00 PT [2021/10/14 2:07:00 ET]
Table 'Celbalrai III' 9-max Seat #9 is the button
Seat 1: Demidov V.S. ($1.32 in chips) 
Seat 2: sansisbai ($4.91 in chips) 
Seat 3: WrthTheDrive ($2.81 in chips) 
Seat 4: mr.frog229 ($2 in chips) 
Seat 5: Safety8ball ($6.67 in chips) 
Seat 6: 007_CasRoyal ($0.82 in chips) 
Seat 7: Dorex2007 ($2.45 in chips) 
Seat 8: abufirs ($1.76 in chips) 
Seat 9: v123vk ($1.98 in chips) 
Demidov V.S.: posts small blind $0.01
sansisbai: posts big blind $0.02
*** HOLE CARDS ***
Dealt to Dorex2007 [Qc 8h]
WrthTheDrive: folds 
mr.frog229: calls $0.02
Safety8ball: folds 
007_CasRoyal: calls $0.02
Dorex2007: folds 
abufirs: raises $0.09 to $0.11
v123vk: folds 
Demidov V.S.: folds 
sansisbai: folds 
mr.frog229: calls $0.09
007_CasRoyal: folds 
*** FLOP *** [Ac 3s As]
mr.frog229: checks 
abufirs: bets $0.13
mr.frog229: calls $0.13
*** TURN *** [Ac 3s As] [9h]
mr.frog229: checks 
abufirs: checks 
*** RIVER *** [Ac 3s As 9h] [5s]
mr.frog229: bets $0.24
abufirs: calls $0.24
*** SHOW DOWN ***
mr.frog229: shows [Qs Ts] (a flush, Ace high)
abufirs: mucks hand 
mr.frog229 collected $0.97 from pot
*** SUMMARY ***
Total pot $1.01 | Rake $0.04 
Board [Ac 3s As 9h 5s]
Seat 1: Demidov V.S. (small blind) folded before Flop
Seat 2: sansisbai (big blind) folded before Flop
Seat 3: WrthTheDrive folded before Flop (didn't bet)
Seat 4: mr.frog229 showed [Qs Ts] and won ($0.97) with a flush, Ace high
Seat 5: Safety8ball folded before Flop (didn't bet)
Seat 6: 007_CasRoyal folded before Flop
Seat 7: Dorex2007 folded before Flop (didn't bet)
Seat 8: abufirs mucked [Kd Kc]
Seat 9: v123vk (button) folded before Flop (didn't bet)



PokerStars Hand #230591566854:  Hold'em No Limit ($0.01/$0.02 USD) - 2021/10/13 23:07:47 PT [2021/10/14 2:07:47 ET]
Table 'Celbalrai III' 9-max Seat #1 is the button
Seat 1: Demidov V.S. ($1.31 in chips) 
Seat 2: sansisbai ($4.89 in chips) 
Seat 3: WrthTheDrive ($2.81 in chips) 
Seat 4: mr.frog229 ($2.49 in chips) 
Seat 5: Safety8ball ($6.67 in chips) 
Seat 6: 007_CasRoyal ($0.80 in chips) 
Seat 7: Dorex2007 ($2.45 in chips) 
Seat 8: abufirs ($1.28 in chips) 
Seat 9: v123vk ($1.98 in chips) 
sansisbai: posts small blind $0.01
WrthTheDrive: posts big blind $0.02
*** HOLE CARDS ***
Dealt to Dorex2007 [Kc 6d]
mr.frog229: folds 
Safety8ball: folds 
007_CasRoyal: folds 
Dorex2007: folds 
abufirs: folds 
v123vk: folds 
Demidov V.S.: folds 
sansisbai: folds 
Uncalled bet ($0.01) returned to WrthTheDrive
WrthTheDrive collected $0.02 from pot
WrthTheDrive: doesn't show hand 
*** SUMMARY ***
Total pot $0.02 | Rake $0 
Seat 1: Demidov V.S. (button) folded before Flop (didn't bet)
Seat 2: sansisbai (small blind) folded before Flop
Seat 3: WrthTheDrive (big blind) collected ($0.02)
Seat 4: mr.frog229 folded before Flop (didn't bet)
Seat 5: Safety8ball folded before Flop (didn't bet)
Seat 6: 007_CasRoyal folded before Flop (didn't bet)
Seat 7: Dorex2007 folded before Flop (didn't bet)
Seat 8: abufirs folded before Flop (didn't bet)
Seat 9: v123vk folded before Flop (didn't bet)



PokerStars Hand #230591568781:  Hold'em No Limit ($0.01/$0.02 USD) - 2021/10/13 23:08:01 PT [2021/10/14 2:08:01 ET]
Table 'Celbalrai III' 9-max Seat #2 is the button
Seat 1: Demidov V.S. ($1.31 in chips) 
Seat 2: sansisbai ($4.88 in chips) 
Seat 3: WrthTheDrive ($2.82 in chips) 
Seat 4: mr.frog229 ($2.49 in chips) 
Seat 5: Safety8ball ($6.67 in chips) 
Seat 6: 007_CasRoyal ($0.80 in chips) 
Seat 7: Dorex2007 ($2.45 in chips) 
Seat 8: abufirs ($1.28 in chips) 
Seat 9: v123vk ($1.98 in chips) 
WrthTheDrive: posts small blind $0.01
mr.frog229: posts big blind $0.02
*** HOLE CARDS ***
Dealt to Dorex2007 [Tc 6s]
Safety8ball: folds 
007_CasRoyal: folds 
Dorex2007: folds 
abufirs: calls $0.02
v123vk: folds 
Demidov V.S.: folds 
sansisbai: folds 
WrthTheDrive: calls $0.01
mr.frog229: checks 
*** FLOP *** [7h 4h 7c]
WrthTheDrive: bets $0.06
mr.frog229: calls $0.06
abufirs: calls $0.06
*** TURN *** [7h 4h 7c] [Qd]
WrthTheDrive: checks 
mr.frog229: checks 
abufirs: checks 
*** RIVER *** [7h 4h 7c Qd] [5d]
WrthTheDrive: checks 
mr.frog229: checks 
abufirs: bets $0.12
WrthTheDrive: folds 
mr.frog229: folds 
Uncalled bet ($0.12) returned to abufirs
abufirs collected $0.23 from pot
*** SUMMARY ***
Total pot $0.24 | Rake $0.01 
Board [7h 4h 7c Qd 5d]
Seat 1: Demidov V.S. folded before Flop (didn't bet)
Seat 2: sansisbai (button) folded before Flop (didn't bet)
Seat 3: WrthTheDrive (small blind) folded on the River
Seat 4: mr.frog229 (big blind) folded on the River
Seat 5: Safety8ball folded before Flop (didn't bet)
Seat 6: 007_CasRoyal folded before Flop (didn't bet)
Seat 7: Dorex2007 folded before Flop (didn't bet)
Seat 8: abufirs collected ($0.23)
Seat 9: v123vk folded before Flop (didn't bet)



PokerStars Hand #230591575431:  Hold'em No Limit ($0.01/$0.02 USD) - 2021/10/13 23:08:51 PT [2021/10/14 2:08:51 ET]
Table 'Celbalrai III' 9-max Seat #3 is the button
Seat 1: Demidov V.S. ($1.31 in chips) 
Seat 2: sansisbai ($4.88 in chips) 
Seat 3: WrthTheDrive ($2.74 in chips) 
Seat 4: mr.frog229 ($2.41 in chips) 
Seat 5: Safety8ball ($6.67 in chips) 
Seat 6: 007_CasRoyal ($0.80 in chips) 
Seat 7: Dorex2007 ($2.45 in chips) 
Seat 8: abufirs ($1.43 in chips) 
Seat 9: v123vk ($1.98 in chips) 
mr.frog229: posts small blind $0.01
Safety8ball: posts big blind $0.02
*** HOLE CARDS ***
Dealt to Dorex2007 [3d 5h]
007_CasRoyal: folds 
Dorex2007: folds 
abufirs: raises $0.06 to $0.08
v123vk: folds 
Demidov V.S.: folds 
sansisbai: folds 
WrthTheDrive: folds 
mr.frog229: folds 
Safety8ball: folds 
Uncalled bet ($0.06) returned to abufirs
abufirs collected $0.05 from pot
*** SUMMARY ***
Total pot $0.05 | Rake $0 
Seat 1: Demidov V.S. folded before Flop (didn't bet)
Seat 2: sansisbai folded before Flop (didn't bet)
Seat 3: WrthTheDrive (button) folded before Flop (didn't bet)
Seat 4: mr.frog229 (small blind) folded before Flop
Seat 5: Safety8ball (big blind) folded before Flop
Seat 6: 007_CasRoyal folded before Flop (didn't bet)
Seat 7: Dorex2007 folded before Flop (didn't bet)
Seat 8: abufirs collected ($0.05)
Seat 9: v123vk folded before Flop (didn't bet)



PokerStars Hand #230591578072:  Hold'em No Limit ($0.01/$0.02 USD) - 2021/10/13 23:09:11 PT [2021/10/14 2:09:11 ET]
Table 'Celbalrai III' 9-max Seat #4 is the button
Seat 1: Demidov V.S. ($1.31 in chips) 
Seat 2: sansisbai ($4.88 in chips) 
Seat 3: WrthTheDrive ($2.74 in chips) 
Seat 4: mr.frog229 ($2.40 in chips) 
Seat 5: Safety8ball ($6.65 in chips) 
Seat 6: 007_CasRoyal ($0.80 in chips) 
Seat 7: Dorex2007 ($2.45 in chips) 
Seat 8: abufirs ($1.46 in chips) 
Seat 9: v123vk ($1.98 in chips) 
Safety8ball: posts small blind $0.01
007_CasRoyal: posts big blind $0.02
*** HOLE CARDS ***
Dealt to Dorex2007 [9c 9s]
Dorex2007: raises $0.02 to $0.04
abufirs: folds 
v123vk: folds 
Demidov V.S.: folds 
sansisbai: folds 
WrthTheDrive: folds 
mr.frog229: folds 
Safety8ball: folds 
007_CasRoyal: raises $0.02 to $0.06
Dorex2007: calls $0.02
*** FLOP *** [7s Qh 4c]
007_CasRoyal: checks 
Dorex2007: bets $0.07
007_CasRoyal: raises $0.07 to $0.14
Dorex2007: calls $0.07
*** TURN *** [7s Qh 4c] [5h]
007_CasRoyal: bets $0.60 and is all-in
Dorex2007: folds 
Uncalled bet ($0.60) returned to 007_CasRoyal
007_CasRoyal collected $0.40 from pot
007_CasRoyal: doesn't show hand 
*** SUMMARY ***
Total pot $0.41 | Rake $0.01 
Board [7s Qh 4c 5h]
Seat 1: Demidov V.S. folded before Flop (didn't bet)
Seat 2: sansisbai folded before Flop (didn't bet)
Seat 3: WrthTheDrive folded before Flop (didn't bet)
Seat 4: mr.frog229 (button) folded before Flop (didn't bet)
Seat 5: Safety8ball (small blind) folded before Flop
Seat 6: 007_CasRoyal (big blind) collected ($0.40)
Seat 7: Dorex2007 folded on the Turn
Seat 8: abufirs folded before Flop (didn't bet)
Seat 9: v123vk folded before Flop (didn't bet)



PokerStars Hand #230591584383:  Hold'em No Limit ($0.01/$0.02 USD) - 2021/10/13 23:09:59 PT [2021/10/14 2:09:59 ET]
Table 'Celbalrai III' 9-max Seat #5 is the button
Seat 1: Demidov V.S. ($1.31 in chips) 
Seat 2: sansisbai ($4.88 in chips) 
Seat 3: WrthTheDrive ($2.74 in chips) 
Seat 4: mr.frog229 ($2.40 in chips) 
Seat 5: Safety8ball ($6.64 in chips) 
Seat 6: 007_CasRoyal ($1 in chips) 
Seat 7: Dorex2007 ($2.25 in chips) 
Seat 8: abufirs ($1.46 in chips) 
Seat 9: v123vk ($1.98 in chips) 
007_CasRoyal: posts small blind $0.01
Dorex2007: posts big blind $0.02
*** HOLE CARDS ***
Dealt to Dorex2007 [7c Jh]
abufirs: raises $0.06 to $0.08
v123vk: folds 
Demidov V.S.: folds 
sansisbai: folds 
WrthTheDrive: folds 
mr.frog229: calls $0.08
Safety8ball: folds 
007_CasRoyal: folds 
Dorex2007: folds 
*** FLOP *** [4d 2s 4s]
abufirs: bets $0.18
mr.frog229: calls $0.18
*** TURN *** [4d 2s 4s] [4h]
abufirs: bets $1.20 and is all-in
mr.frog229: calls $1.20
*** RIVER *** [4d 2s 4s 4h] [Qd]
*** SHOW DOWN ***
abufirs: shows [Qh Qc] (a full house, Queens full of Fours)
mr.frog229: shows [3h 3d] (a full house, Fours full of Threes)
abufirs collected $2.85 from pot
*** SUMMARY ***
Total pot $2.95 | Rake $0.10 
Board [4d 2s 4s 4h Qd]
Seat 1: Demidov V.S. folded before Flop (didn't bet)
Seat 2: sansisbai folded before Flop (didn't bet)
Seat 3: WrthTheDrive folded before Flop (didn't bet)
Seat 4: mr.frog229 showed [3h 3d] and lost with a full house, Fours full of Threes
Seat 5: Safety8ball (button) folded before Flop (didn't bet)
Seat 6: 007_CasRoyal (small blind) folded before Flop
Seat 7: Dorex2007 (big blind) folded before Flop
Seat 8: abufirs showed [Qh Qc] and won ($2.85) with a full house, Queens full of Fours
Seat 9: v123vk folded before Flop (didn't bet)



PokerStars Hand #230591589313:  Hold'em No Limit ($0.01/$0.02 USD) - 2021/10/13 23:10:36 PT [2021/10/14 2:10:36 ET]
Table 'Celbalrai III' 9-max Seat #6 is the button
Seat 1: Demidov V.S. ($1.31 in chips) 
Seat 2: sansisbai ($4.88 in chips) 
Seat 3: WrthTheDrive ($2.74 in chips) 
Seat 4: mr.frog229 ($0.94 in chips) 
Seat 5: Safety8ball ($6.64 in chips) 
Seat 6: 007_CasRoyal ($0.99 in chips) 
Seat 7: Dorex2007 ($2.23 in chips) 
Seat 8: abufirs ($2.85 in chips) 
Seat 9: v123vk ($1.98 in chips) 
Dorex2007: posts small blind $0.01
abufirs: posts big blind $0.02
*** HOLE CARDS ***
Dealt to Dorex2007 [4s Ts]
v123vk: folds 
Demidov V.S.: folds 
sansisbai: folds 
WrthTheDrive: folds 
mr.frog229: folds 
mr.frog229 leaves the table
Safety8ball: calls $0.02
007_CasRoyal: folds 
Dorex2007: calls $0.01
abufirs: checks 
*** FLOP *** [7s Ah 6s]
Dorex2007: checks 
abufirs: checks 
Safety8ball: bets $0.03
Dorex2007: calls $0.03
abufirs: folds 
*** TURN *** [7s Ah 6s] [9h]
Dorex2007: checks 
Safety8ball: bets $0.08
Dorex2007: calls $0.08
*** RIVER *** [7s Ah 6s 9h] [6c]
Dorex2007: checks 
Safety8ball: bets $0.14
Dorex2007: folds 
Uncalled bet ($0.14) returned to Safety8ball
Safety8ball collected $0.27 from pot
Safety8ball: doesn't show hand 
*** SUMMARY ***
Total pot $0.28 | Rake $0.01 
Board [7s Ah 6s 9h 6c]
Seat 1: Demidov V.S. folded before Flop (didn't bet)
Seat 2: sansisbai folded before Flop (didn't bet)
Seat 3: WrthTheDrive folded before Flop (didn't bet)
Seat 4: mr.frog229 folded before Flop (didn't bet)
Seat 5: Safety8ball collected ($0.27)
Seat 6: 007_CasRoyal (button) folded before Flop (didn't bet)
Seat 7: Dorex2007 (small blind) folded on the River
Seat 8: abufirs (big blind) folded on the Flop
Seat 9: v123vk folded before Flop (didn't bet)



PokerStars Hand #230591594698:  Hold'em No Limit ($0.01/$0.02 USD) - 2021/10/13 23:11:16 PT [2021/10/14 2:11:16 ET]
Table 'Celbalrai III' 9-max Seat #7 is the button
Seat 1: Demidov V.S. ($1.31 in chips) 
Seat 2: sansisbai ($4.88 in chips) 
Seat 3: WrthTheDrive ($2.74 in chips) 
Seat 5: Safety8ball ($6.78 in chips) 
Seat 6: 007_CasRoyal ($0.99 in chips) 
Seat 7: Dorex2007 ($2.10 in chips) 
Seat 8: abufirs ($2.83 in chips) 
Seat 9: v123vk ($1.98 in chips) 
abufirs: posts small blind $0.01
v123vk: posts big blind $0.02
*** HOLE CARDS ***
Dealt to Dorex2007 [8h Th]
Demidov V.S.: raises $0.04 to $0.06
sansisbai: folds 
WrthTheDrive: folds 
Safety8ball: folds 
007_CasRoyal: folds 
Dorex2007: calls $0.06
abufirs: folds 
RockyDogRoll joins the table at seat #4 
v123vk: folds 
*** FLOP *** [9d Jc Js]
Demidov V.S.: bets $0.08
Dorex2007: calls $0.08
*** TURN *** [9d Jc Js] [8c]
RockyDogRoll leaves the table
Demidov V.S.: bets $0.15
Dorex2007: calls $0.15
*** RIVER *** [9d Jc Js 8c] [Ac]
Demidov V.S.: bets $0.59
Dorex2007: folds 
Uncalled bet ($0.59) returned to Demidov V.S.
Demidov V.S. collected $0.59 from pot
Demidov V.S.: doesn't show hand 
*** SUMMARY ***
Total pot $0.61 | Rake $0.02 
Board [9d Jc Js 8c Ac]
Seat 1: Demidov V.S. collected ($0.59)
Seat 2: sansisbai folded before Flop (didn't bet)
Seat 3: WrthTheDrive folded before Flop (didn't bet)
Seat 5: Safety8ball folded before Flop (didn't bet)
Seat 6: 007_CasRoyal folded before Flop (didn't bet)
Seat 7: Dorex2007 (button) folded on the River
Seat 8: abufirs (small blind) folded before Flop
Seat 9: v123vk (big blind) folded before Flop



PokerStars Hand #230591602380:  Hold'em No Limit ($0.01/$0.02 USD) - 2021/10/13 23:12:15 PT [2021/10/14 2:12:15 ET]
Table 'Celbalrai III' 9-max Seat #8 is the button
Seat 1: Demidov V.S. ($1.61 in chips) 
Seat 2: sansisbai ($4.88 in chips) 
Seat 3: WrthTheDrive ($2.74 in chips) 
Seat 5: Safety8ball ($6.78 in chips) 
Seat 6: 007_CasRoyal ($0.99 in chips) 
Seat 7: Dorex2007 ($2 in chips) 
Seat 8: abufirs ($2.82 in chips) 
Seat 9: v123vk ($1.96 in chips) 
v123vk: posts small blind $0.01
Demidov V.S.: posts big blind $0.02
*** HOLE CARDS ***
Dealt to Dorex2007 [8s 9c]
Homeybwoy joins the table at seat #4 
sansisbai: raises $0.04 to $0.06
WrthTheDrive: folds 
Safety8ball: folds 
007_CasRoyal: folds 
Dorex2007: folds 
abufirs: folds 
v123vk: folds 
Demidov V.S.: folds 
Uncalled bet ($0.04) returned to sansisbai
sansisbai collected $0.05 from pot
sansisbai: doesn't show hand 
*** SUMMARY ***
Total pot $0.05 | Rake $0 
Seat 1: Demidov V.S. (big blind) folded before Flop
Seat 2: sansisbai collected ($0.05)
Seat 3: WrthTheDrive folded before Flop (didn't bet)
Seat 5: Safety8ball folded before Flop (didn't bet)
Seat 6: 007_CasRoyal folded before Flop (didn't bet)
Seat 7: Dorex2007 folded before Flop (didn't bet)
Seat 8: abufirs (button) folded before Flop (didn't bet)
Seat 9: v123vk (small blind) folded before Flop



PokerStars Hand #230591605149:  Hold'em No Limit ($0.01/$0.02 USD) - 2021/10/13 23:12:35 PT [2021/10/14 2:12:35 ET]
Table 'Celbalrai III' 9-max Seat #9 is the button
Seat 1: Demidov V.S. ($1.59 in chips) 
Seat 2: sansisbai ($4.91 in chips) 
Seat 3: WrthTheDrive ($2.74 in chips) 
Seat 5: Safety8ball ($6.78 in chips) 
Seat 6: 007_CasRoyal ($0.99 in chips) 
Seat 7: Dorex2007 ($2 in chips) 
Seat 8: abufirs ($2.82 in chips) 
Seat 9: v123vk ($1.95 in chips) 
Demidov V.S.: posts small blind $0.01
sansisbai: posts big blind $0.02
Homeybwoy: sits out 
*** HOLE CARDS ***
Dealt to Dorex2007 [2h 3h]
WrthTheDrive: folds 
Safety8ball: folds 
007_CasRoyal: folds 
Dorex2007: folds 
abufirs: calls $0.02
v123vk: folds 
Demidov V.S.: calls $0.01
sansisbai: checks 
*** FLOP *** [9h Ad Qs]
Demidov V.S.: checks 
sansisbai: bets $0.06
abufirs: folds 
Demidov V.S.: folds 
Uncalled bet ($0.06) returned to sansisbai
sansisbai collected $0.06 from pot
sansisbai: doesn't show hand 
*** SUMMARY ***
Total pot $0.06 | Rake $0 
Board [9h Ad Qs]
Seat 1: Demidov V.S. (small blind) folded on the Flop
Seat 2: sansisbai (big blind) collected ($0.06)
Seat 3: WrthTheDrive folded before Flop (didn't bet)
Seat 5: Safety8ball folded before Flop (didn't bet)
Seat 6: 007_CasRoyal folded before Flop (didn't bet)
Seat 7: Dorex2007 folded before Flop (didn't bet)
Seat 8: abufirs folded on the Flop
Seat 9: v123vk (button) folded before Flop (didn't bet)



PokerStars Hand #230591610691:  Hold'em No Limit ($0.01/$0.02 USD) - 2021/10/13 23:13:17 PT [2021/10/14 2:13:17 ET]
Table 'Celbalrai III' 9-max Seat #1 is the button
Seat 1: Demidov V.S. ($1.57 in chips) 
Seat 2: sansisbai ($4.95 in chips) 
Seat 3: WrthTheDrive ($2.74 in chips) 
Seat 4: Homeybwoy ($1.60 in chips) 
Seat 5: Safety8ball ($6.78 in chips) 
Seat 6: 007_CasRoyal ($0.99 in chips) 
Seat 7: Dorex2007 ($2 in chips) 
Seat 8: abufirs ($2.80 in chips) 
Seat 9: v123vk ($1.95 in chips) 
sansisbai: posts small blind $0.01
WrthTheDrive: posts big blind $0.02
Homeybwoy: posts big blind $0.02
*** HOLE CARDS ***
Dealt to Dorex2007 [7d Kh]
Homeybwoy: checks 
Safety8ball: raises $0.06 to $0.08
007_CasRoyal: folds 
Dorex2007: folds 
abufirs: folds 
v123vk: folds 
Demidov V.S.: folds 
sansisbai: folds 
WrthTheDrive: folds 
Homeybwoy: calls $0.06
*** FLOP *** [Kd 4c Ad]
Homeybwoy: checks 
Safety8ball: checks 
*** TURN *** [Kd 4c Ad] [Jh]
Homeybwoy: checks 
Safety8ball: bets $0.10
Homeybwoy: calls $0.10
*** RIVER *** [Kd 4c Ad Jh] [8d]
Homeybwoy: checks 
Safety8ball: checks 
*** SHOW DOWN ***
Homeybwoy: shows [5d 2d] (a flush, Ace high)
Safety8ball: mucks hand 
Homeybwoy collected $0.38 from pot
*** SUMMARY ***
Total pot $0.39 | Rake $0.01 
Board [Kd 4c Ad Jh 8d]
Seat 1: Demidov V.S. (button) folded before Flop (didn't bet)
Seat 2: sansisbai (small blind) folded before Flop
Seat 3: WrthTheDrive (big blind) folded before Flop
Seat 4: Homeybwoy showed [5d 2d] and won ($0.38) with a flush, Ace high
Seat 5: Safety8ball mucked [Ac Qs]
Seat 6: 007_CasRoyal folded before Flop (didn't bet)
Seat 7: Dorex2007 folded before Flop (didn't bet)
Seat 8: abufirs folded before Flop (didn't bet)
Seat 9: v123vk folded before Flop (didn't bet)



