PokerStars Hand #223793200988:  Hold'em No Limit ($0.01/$0.02 USD) - 2021/02/13 23:17:10 PT [2021/02/14 2:17:10 ET]
Table 'Chrysothemis V' 9-max Seat #3 is the button
Seat 1: zaxcichou ($3.39 in chips) 
Seat 3: allofyx ($5.23 in chips) 
Seat 4: vladimir5421 ($5.61 in chips) 
Seat 5: Dorex2007 ($2 in chips) 
Seat 6: yomurry ($2.42 in chips) 
Seat 8: network7 ($1.57 in chips) 
Seat 9: igooorc ($1.49 in chips) 
vladimir5421: posts small blind $0.01
Dorex2007: posts big blind $0.02
Romich1777: sits out 
sanwarahmed316: sits out 
*** HOLE CARDS ***
Dealt to Dorex2007 [Jh 6d]
yomurry: folds 
network7: folds 
igooorc: folds 
zaxcichou: folds 
allofyx: folds 
vladimir5421: raises $0.04 to $0.06
Dorex2007: folds 
Uncalled bet ($0.04) returned to vladimir5421
vladimir5421 collected $0.04 from pot
vladimir5421: doesn't show hand 
*** SUMMARY ***
Total pot $0.04 | Rake $0 
Seat 1: zaxcichou folded before Flop (didn't bet)
Seat 3: allofyx (button) folded before Flop (didn't bet)
Seat 4: vladimir5421 (small blind) collected ($0.04)
Seat 5: Dorex2007 (big blind) folded before Flop
Seat 6: yomurry folded before Flop (didn't bet)
Seat 8: network7 folded before Flop (didn't bet)
Seat 9: igooorc folded before Flop (didn't bet)



PokerStars Hand #223793204753:  Hold'em No Limit ($0.01/$0.02 USD) - 2021/02/13 23:17:28 PT [2021/02/14 2:17:28 ET]
Table 'Chrysothemis V' 9-max Seat #4 is the button
Seat 1: zaxcichou ($3.39 in chips) 
Seat 3: allofyx ($5.23 in chips) 
Seat 4: vladimir5421 ($5.63 in chips) 
Seat 5: Dorex2007 ($1.98 in chips) 
Seat 6: yomurry ($2.42 in chips) 
Seat 8: network7 ($1.57 in chips) 
Seat 9: igooorc ($1.49 in chips) 
Dorex2007: posts small blind $0.01
yomurry: posts big blind $0.02
Romich1777: sits out 
sanwarahmed316: sits out 
*** HOLE CARDS ***
Dealt to Dorex2007 [Ks 2c]
network7 has timed out
network7: folds 
igooorc: folds 
zaxcichou: folds 
allofyx: folds 
vladimir5421: folds 
Dorex2007: folds 
Uncalled bet ($0.01) returned to yomurry
yomurry collected $0.02 from pot
yomurry: doesn't show hand 
*** SUMMARY ***
Total pot $0.02 | Rake $0 
Seat 1: zaxcichou folded before Flop (didn't bet)
Seat 3: allofyx folded before Flop (didn't bet)
Seat 4: vladimir5421 (button) folded before Flop (didn't bet)
Seat 5: Dorex2007 (small blind) folded before Flop
Seat 6: yomurry (big blind) collected ($0.02)
Seat 8: network7 folded before Flop (didn't bet)
Seat 9: igooorc folded before Flop (didn't bet)



PokerStars Hand #223793210335:  Hold'em No Limit ($0.01/$0.02 USD) - 2021/02/13 23:17:54 PT [2021/02/14 2:17:54 ET]
Table 'Chrysothemis V' 9-max Seat #5 is the button
Seat 1: zaxcichou ($3.39 in chips) 
Seat 3: allofyx ($5.23 in chips) 
Seat 4: vladimir5421 ($5.63 in chips) 
Seat 5: Dorex2007 ($1.97 in chips) 
Seat 6: yomurry ($2.43 in chips) 
Seat 7: Romich1777 ($0.85 in chips) 
Seat 9: igooorc ($1.49 in chips) 
yomurry: posts small blind $0.01
Romich1777: posts big blind $0.02
sanwarahmed316: sits out 
*** HOLE CARDS ***
Dealt to Dorex2007 [Ah Tc]
igooorc has timed out
igooorc: folds 
zaxcichou: folds 
allofyx: folds 
vladimir5421: folds 
Dorex2007: raises $0.04 to $0.06
yomurry: folds 
Romich1777: calls $0.04
*** FLOP *** [5h 4h Ts]
Romich1777: checks 
Dorex2007: bets $0.13
Romich1777: calls $0.13
*** TURN *** [5h 4h Ts] [5s]
Romich1777: checks 
Dorex2007: checks 
*** RIVER *** [5h 4h Ts 5s] [Td]
Romich1777: bets $0.66 and is all-in
Dorex2007: calls $0.66
*** SHOW DOWN ***
Romich1777: shows [Jh Qs] (two pair, Tens and Fives)
Dorex2007: shows [Ah Tc] (a full house, Tens full of Fives)
Dorex2007 collected $1.65 from pot
*** SUMMARY ***
Total pot $1.71 | Rake $0.06 
Board [5h 4h Ts 5s Td]
Seat 1: zaxcichou folded before Flop (didn't bet)
Seat 3: allofyx folded before Flop (didn't bet)
Seat 4: vladimir5421 folded before Flop (didn't bet)
Seat 5: Dorex2007 (button) showed [Ah Tc] and won ($1.65) with a full house, Tens full of Fives
Seat 6: yomurry (small blind) folded before Flop
Seat 7: Romich1777 (big blind) showed [Jh Qs] and lost with two pair, Tens and Fives
Seat 9: igooorc folded before Flop (didn't bet)



PokerStars Hand #223793226372:  Hold'em No Limit ($0.01/$0.02 USD) - 2021/02/13 23:19:08 PT [2021/02/14 2:19:08 ET]
Table 'Chrysothemis V' 9-max Seat #6 is the button
Seat 1: zaxcichou ($3.39 in chips) 
Seat 3: allofyx ($5.23 in chips) 
Seat 4: vladimir5421 ($5.63 in chips) 
Seat 5: Dorex2007 ($2.77 in chips) 
Seat 6: yomurry ($2.42 in chips) 
Seat 8: network7 ($1.57 in chips) 
Seat 9: igooorc ($1.49 in chips) 
network7: posts small blind $0.01
igooorc: posts big blind $0.02
sanwarahmed316: sits out 
*** HOLE CARDS ***
Dealt to Dorex2007 [7s 4c]
zaxcichou: folds 
allofyx: raises $0.04 to $0.06
vladimir5421: folds 
Dorex2007: folds 
yomurry: folds 
network7: calls $0.05
igooorc: folds 
*** FLOP *** [5s 7c 7d]
network7: checks 
allofyx: bets $0.07
network7: folds 
Uncalled bet ($0.07) returned to allofyx
allofyx collected $0.14 from pot
allofyx: doesn't show hand 
*** SUMMARY ***
Total pot $0.14 | Rake $0 
Board [5s 7c 7d]
Seat 1: zaxcichou folded before Flop (didn't bet)
Seat 3: allofyx collected ($0.14)
Seat 4: vladimir5421 folded before Flop (didn't bet)
Seat 5: Dorex2007 folded before Flop (didn't bet)
Seat 6: yomurry (button) folded before Flop (didn't bet)
Seat 8: network7 (small blind) folded on the Flop
Seat 9: igooorc (big blind) folded before Flop



PokerStars Hand #223793231860:  Hold'em No Limit ($0.01/$0.02 USD) - 2021/02/13 23:19:33 PT [2021/02/14 2:19:33 ET]
Table 'Chrysothemis V' 9-max Seat #8 is the button
Seat 1: zaxcichou ($3.39 in chips) 
Seat 3: allofyx ($5.31 in chips) 
Seat 4: vladimir5421 ($5.63 in chips) 
Seat 5: Dorex2007 ($2.77 in chips) 
Seat 6: yomurry ($2.42 in chips) 
Seat 8: network7 ($1.51 in chips) 
Seat 9: igooorc ($1.47 in chips) 
igooorc: posts small blind $0.01
zaxcichou: posts big blind $0.02
sanwarahmed316: sits out 
*** HOLE CARDS ***
Dealt to Dorex2007 [3d 2c]
allofyx: calls $0.02
vladimir5421: folds 
Dorex2007: folds 
yomurry: raises $0.04 to $0.06
network7: calls $0.06
igooorc: folds 
zaxcichou: folds 
allofyx: raises $0.21 to $0.27
yomurry: calls $0.21
network7: calls $0.21
*** FLOP *** [5d 6s Js]
allofyx: bets $0.54
yomurry: raises $1.61 to $2.15 and is all-in
network7: calls $1.24 and is all-in
allofyx: calls $1.61
*** TURN *** [5d 6s Js] [5s]
*** RIVER *** [5d 6s Js 5s] [2d]
*** SHOW DOWN ***
allofyx: shows [Ad As] (two pair, Aces and Fives)
yomurry: shows [6c 6h] (a full house, Sixes full of Fives)
yomurry collected $1.76 from side pot
network7: shows [4s 2s] (a flush, Jack high)
yomurry collected $4.40 from main pot
*** SUMMARY ***
Total pot $6.38 Main pot $4.40. Side pot $1.76. | Rake $0.22 
Board [5d 6s Js 5s 2d]
Seat 1: zaxcichou (big blind) folded before Flop
Seat 3: allofyx showed [Ad As] and lost with two pair, Aces and Fives
Seat 4: vladimir5421 folded before Flop (didn't bet)
Seat 5: Dorex2007 folded before Flop (didn't bet)
Seat 6: yomurry showed [6c 6h] and won ($6.16) with a full house, Sixes full of Fives
Seat 8: network7 (button) showed [4s 2s] and lost with a flush, Jack high
Seat 9: igooorc (small blind) folded before Flop



PokerStars Hand #223793247976:  Hold'em No Limit ($0.01/$0.02 USD) - 2021/02/13 23:20:47 PT [2021/02/14 2:20:47 ET]
Table 'Chrysothemis V' 9-max Seat #9 is the button
Seat 1: zaxcichou ($3.37 in chips) 
Seat 2: sanwarahmed316 ($2.03 in chips) 
Seat 3: allofyx ($2.89 in chips) 
Seat 4: vladimir5421 ($5.63 in chips) 
Seat 5: Dorex2007 ($2.77 in chips) 
Seat 6: yomurry ($6.16 in chips) 
Seat 9: igooorc ($1.46 in chips) 
zaxcichou: posts small blind $0.01
sanwarahmed316: posts big blind $0.02
*** HOLE CARDS ***
Dealt to Dorex2007 [3s 8d]
allofyx: folds 
vladimir5421: folds 
Dorex2007: folds 
yomurry: folds 
igooorc: folds 
zaxcichou: folds 
Uncalled bet ($0.01) returned to sanwarahmed316
sanwarahmed316 collected $0.02 from pot
sanwarahmed316: doesn't show hand 
*** SUMMARY ***
Total pot $0.02 | Rake $0 
Seat 1: zaxcichou (small blind) folded before Flop
Seat 2: sanwarahmed316 (big blind) collected ($0.02)
Seat 3: allofyx folded before Flop (didn't bet)
Seat 4: vladimir5421 folded before Flop (didn't bet)
Seat 5: Dorex2007 folded before Flop (didn't bet)
Seat 6: yomurry folded before Flop (didn't bet)
Seat 9: igooorc (button) folded before Flop (didn't bet)



PokerStars Hand #223793251428:  Hold'em No Limit ($0.01/$0.02 USD) - 2021/02/13 23:21:03 PT [2021/02/14 2:21:03 ET]
Table 'Chrysothemis V' 9-max Seat #1 is the button
Seat 1: zaxcichou ($3.36 in chips) 
Seat 2: sanwarahmed316 ($2.04 in chips) 
Seat 3: allofyx ($2.89 in chips) 
Seat 4: vladimir5421 ($5.63 in chips) 
Seat 5: Dorex2007 ($2.77 in chips) 
Seat 6: yomurry ($6.16 in chips) 
Seat 9: igooorc ($1.46 in chips) 
sanwarahmed316: posts small blind $0.01
allofyx: posts big blind $0.02
*** HOLE CARDS ***
Dealt to Dorex2007 [2s Th]
vladimir5421: folds 
Dorex2007: folds 
yomurry: folds 
igooorc: folds 
zaxcichou: folds 
sanwarahmed316: folds 
Uncalled bet ($0.01) returned to allofyx
allofyx collected $0.02 from pot
allofyx: doesn't show hand 
*** SUMMARY ***
Total pot $0.02 | Rake $0 
Seat 1: zaxcichou (button) folded before Flop (didn't bet)
Seat 2: sanwarahmed316 (small blind) folded before Flop
Seat 3: allofyx (big blind) collected ($0.02)
Seat 4: vladimir5421 folded before Flop (didn't bet)
Seat 5: Dorex2007 folded before Flop (didn't bet)
Seat 6: yomurry folded before Flop (didn't bet)
Seat 9: igooorc folded before Flop (didn't bet)



PokerStars Hand #223793255013:  Hold'em No Limit ($0.01/$0.02 USD) - 2021/02/13 23:21:19 PT [2021/02/14 2:21:19 ET]
Table 'Chrysothemis V' 9-max Seat #2 is the button
Seat 1: zaxcichou ($3.36 in chips) 
Seat 2: sanwarahmed316 ($2.03 in chips) 
Seat 3: allofyx ($2.90 in chips) 
Seat 4: vladimir5421 ($5.63 in chips) 
Seat 5: Dorex2007 ($2.77 in chips) 
Seat 6: yomurry ($6.16 in chips) 
Seat 9: igooorc ($1.46 in chips) 
allofyx: posts small blind $0.01
vladimir5421: posts big blind $0.02
*** HOLE CARDS ***
Dealt to Dorex2007 [9h 2c]
Dorex2007: folds 
yomurry: folds 
igooorc: folds 
zaxcichou: folds 
network7 leaves the table
sanwarahmed316: raises $0.05 to $0.07
Lizzan618 joins the table at seat #8 
allofyx: folds 
vladimir5421: folds 
Uncalled bet ($0.05) returned to sanwarahmed316
sanwarahmed316 collected $0.05 from pot
sanwarahmed316: doesn't show hand 
*** SUMMARY ***
Total pot $0.05 | Rake $0 
Seat 1: zaxcichou folded before Flop (didn't bet)
Seat 2: sanwarahmed316 (button) collected ($0.05)
Seat 3: allofyx (small blind) folded before Flop
Seat 4: vladimir5421 (big blind) folded before Flop
Seat 5: Dorex2007 folded before Flop (didn't bet)
Seat 6: yomurry folded before Flop (didn't bet)
Seat 9: igooorc folded before Flop (didn't bet)



PokerStars Hand #223793260330:  Hold'em No Limit ($0.01/$0.02 USD) - 2021/02/13 23:21:44 PT [2021/02/14 2:21:44 ET]
Table 'Chrysothemis V' 9-max Seat #3 is the button
Seat 1: zaxcichou ($3.36 in chips) 
Seat 2: sanwarahmed316 ($2.06 in chips) 
Seat 3: allofyx ($2.89 in chips) 
Seat 4: vladimir5421 ($5.61 in chips) 
Seat 5: Dorex2007 ($2.77 in chips) 
Seat 6: yomurry ($6.16 in chips) 
Seat 9: igooorc ($1.46 in chips) 
vladimir5421: posts small blind $0.01
Dorex2007: posts big blind $0.02
Lizzan618: sits out 
*** HOLE CARDS ***
Dealt to Dorex2007 [7s Ac]
yomurry: folds 
igooorc: raises $0.04 to $0.06
zaxcichou: folds 
sanwarahmed316: folds 
allofyx: calls $0.06
vladimir5421: folds 
Dorex2007: folds 
*** FLOP *** [4c 4h 3h]
igooorc: checks 
allofyx: checks 
*** TURN *** [4c 4h 3h] [6c]
igooorc: checks 
allofyx: checks 
*** RIVER *** [4c 4h 3h 6c] [5c]
igooorc: checks 
allofyx: checks 
*** SHOW DOWN ***
igooorc: shows [Qd Ad] (a pair of Fours)
allofyx: mucks hand 
igooorc collected $0.14 from pot
*** SUMMARY ***
Total pot $0.15 | Rake $0.01 
Board [4c 4h 3h 6c 5c]
Seat 1: zaxcichou folded before Flop (didn't bet)
Seat 2: sanwarahmed316 folded before Flop (didn't bet)
Seat 3: allofyx (button) mucked [8c As]
Seat 4: vladimir5421 (small blind) folded before Flop
Seat 5: Dorex2007 (big blind) folded before Flop
Seat 6: yomurry folded before Flop (didn't bet)
Seat 9: igooorc showed [Qd Ad] and won ($0.14) with a pair of Fours



PokerStars Hand #223793270793:  Hold'em No Limit ($0.01/$0.02 USD) - 2021/02/13 23:22:32 PT [2021/02/14 2:22:32 ET]
Table 'Chrysothemis V' 9-max Seat #4 is the button
Seat 1: zaxcichou ($3.36 in chips) 
Seat 2: sanwarahmed316 ($2.06 in chips) 
Seat 3: allofyx ($2.83 in chips) 
Seat 4: vladimir5421 ($5.60 in chips) 
Seat 5: Dorex2007 ($2.75 in chips) 
Seat 6: yomurry ($6.16 in chips) 
Seat 9: igooorc ($1.54 in chips) 
Dorex2007: posts small blind $0.01
yomurry: posts big blind $0.02
*** HOLE CARDS ***
Dealt to Dorex2007 [Qs 7d]
igooorc: folds 
zaxcichou: raises $0.04 to $0.06
sanwarahmed316: calls $0.06
allofyx: folds 
vladimir5421: folds 
Dorex2007: folds 
yomurry: folds 
*** FLOP *** [4h Td 5c]
zaxcichou: bets $0.08
sanwarahmed316: folds 
Uncalled bet ($0.08) returned to zaxcichou
zaxcichou collected $0.14 from pot
zaxcichou: doesn't show hand 
*** SUMMARY ***
Total pot $0.15 | Rake $0.01 
Board [4h Td 5c]
Seat 1: zaxcichou collected ($0.14)
Seat 2: sanwarahmed316 folded on the Flop
Seat 3: allofyx folded before Flop (didn't bet)
Seat 4: vladimir5421 (button) folded before Flop (didn't bet)
Seat 5: Dorex2007 (small blind) folded before Flop
Seat 6: yomurry (big blind) folded before Flop
Seat 9: igooorc folded before Flop (didn't bet)



PokerStars Hand #223793280672:  Hold'em No Limit ($0.01/$0.02 USD) - 2021/02/13 23:23:17 PT [2021/02/14 2:23:17 ET]
Table 'Chrysothemis V' 9-max Seat #5 is the button
Seat 1: zaxcichou ($3.44 in chips) 
Seat 2: sanwarahmed316 ($2 in chips) 
Seat 3: allofyx ($2.83 in chips) 
Seat 4: vladimir5421 ($5.60 in chips) 
Seat 5: Dorex2007 ($2.74 in chips) 
Seat 6: yomurry ($6.14 in chips) 
Seat 9: igooorc ($1.54 in chips) 
yomurry: posts small blind $0.01
igooorc: posts big blind $0.02
*** HOLE CARDS ***
Dealt to Dorex2007 [6h 4c]
zaxcichou: folds 
sanwarahmed316: folds 
allofyx: folds 
vladimir5421: raises $0.04 to $0.06
Dorex2007: folds 
yomurry: calls $0.05
igooorc: folds 
*** FLOP *** [5d 9c Td]
yomurry: bets $0.04
Lizzan618 leaves the table
vladimir5421: raises $0.11 to $0.15
yomurry: calls $0.11
*** TURN *** [5d 9c Td] [Jh]
yomurry: checks 
vladimir5421: checks 
*** RIVER *** [5d 9c Td Jh] [7h]
yomurry: checks 
vladimir5421: checks 
*** SHOW DOWN ***
yomurry: shows [9s Ah] (a pair of Nines)
vladimir5421: shows [Ad Ts] (a pair of Tens)
vladimir5421 collected $0.42 from pot
*** SUMMARY ***
Total pot $0.44 | Rake $0.02 
Board [5d 9c Td Jh 7h]
Seat 1: zaxcichou folded before Flop (didn't bet)
Seat 2: sanwarahmed316 folded before Flop (didn't bet)
Seat 3: allofyx folded before Flop (didn't bet)
Seat 4: vladimir5421 showed [Ad Ts] and won ($0.42) with a pair of Tens
Seat 5: Dorex2007 (button) folded before Flop (didn't bet)
Seat 6: yomurry (small blind) showed [9s Ah] and lost with a pair of Nines
Seat 9: igooorc (big blind) folded before Flop



PokerStars Hand #223793290821:  Hold'em No Limit ($0.01/$0.02 USD) - 2021/02/13 23:24:03 PT [2021/02/14 2:24:03 ET]
Table 'Chrysothemis V' 9-max Seat #6 is the button
Seat 1: zaxcichou ($3.44 in chips) 
Seat 3: allofyx ($2.83 in chips) 
Seat 4: vladimir5421 ($5.81 in chips) 
Seat 5: Dorex2007 ($2.74 in chips) 
Seat 6: yomurry ($5.93 in chips) 
Seat 9: igooorc ($1.52 in chips) 
igooorc: posts small blind $0.01
zaxcichou: posts big blind $0.02
*** HOLE CARDS ***
Dealt to Dorex2007 [Qc Kh]
allofyx: folds 
vladimir5421: folds 
EW79 joins the table at seat #8 
Dorex2007: raises $0.04 to $0.06
yomurry: calls $0.06
igooorc: folds 
zaxcichou: folds 
*** FLOP *** [Ac 4h Tc]
Dorex2007: bets $0.07
yomurry: calls $0.07
*** TURN *** [Ac 4h Tc] [5s]
Dorex2007: checks 
yomurry: checks 
*** RIVER *** [Ac 4h Tc 5s] [Qh]
Dorex2007: bets $0.14
yomurry: calls $0.14
*** SHOW DOWN ***
Dorex2007: shows [Qc Kh] (a pair of Queens)
yomurry: shows [Ad 3c] (a pair of Aces)
yomurry collected $0.55 from pot
*** SUMMARY ***
Total pot $0.57 | Rake $0.02 
Board [Ac 4h Tc 5s Qh]
Seat 1: zaxcichou (big blind) folded before Flop
Seat 3: allofyx folded before Flop (didn't bet)
Seat 4: vladimir5421 folded before Flop (didn't bet)
Seat 5: Dorex2007 showed [Qc Kh] and lost with a pair of Queens
Seat 6: yomurry (button) showed [Ad 3c] and won ($0.55) with a pair of Aces
Seat 9: igooorc (small blind) folded before Flop



PokerStars Hand #223793299484:  Hold'em No Limit ($0.01/$0.02 USD) - 2021/02/13 23:24:42 PT [2021/02/14 2:24:42 ET]
Table 'Chrysothemis V' 9-max Seat #9 is the button
Seat 1: zaxcichou ($3.42 in chips) 
Seat 3: allofyx ($2.83 in chips) 
Seat 4: vladimir5421 ($5.81 in chips) 
Seat 5: Dorex2007 ($2.47 in chips) 
Seat 6: yomurry ($6.21 in chips) 
Seat 8: EW79 ($1 in chips) 
Seat 9: igooorc ($1.51 in chips) 
zaxcichou: posts small blind $0.01
allofyx: posts big blind $0.02
EW79: posts big blind $0.02
*** HOLE CARDS ***
Dealt to Dorex2007 [9d 7h]
vladimir5421: folds 
Dorex2007: folds 
yomurry: calls $0.02
EW79: checks 
igooorc: folds 
zaxcichou: folds 
allofyx: checks 
*** FLOP *** [2d 4s 7s]
allofyx: checks 
yomurry: checks 
EW79: bets $0.07
allofyx: calls $0.07
yomurry: calls $0.07
*** TURN *** [2d 4s 7s] [Ac]
allofyx: checks 
yomurry: checks 
EW79: bets $0.27
allofyx: folds 
yomurry: folds 
Uncalled bet ($0.27) returned to EW79
EW79 collected $0.27 from pot
EW79: doesn't show hand 
*** SUMMARY ***
Total pot $0.28 | Rake $0.01 
Board [2d 4s 7s Ac]
Seat 1: zaxcichou (small blind) folded before Flop
Seat 3: allofyx (big blind) folded on the Turn
Seat 4: vladimir5421 folded before Flop (didn't bet)
Seat 5: Dorex2007 folded before Flop (didn't bet)
Seat 6: yomurry folded on the Turn
Seat 8: EW79 collected ($0.27)
Seat 9: igooorc (button) folded before Flop (didn't bet)



PokerStars Hand #223793315145:  Hold'em No Limit ($0.01/$0.02 USD) - 2021/02/13 23:25:54 PT [2021/02/14 2:25:54 ET]
Table 'Chrysothemis V' 9-max Seat #1 is the button
Seat 1: zaxcichou ($3.41 in chips) 
Seat 3: allofyx ($2.74 in chips) 
Seat 4: vladimir5421 ($5.81 in chips) 
Seat 5: Dorex2007 ($2.47 in chips) 
Seat 6: yomurry ($6.12 in chips) 
Seat 8: EW79 ($1.18 in chips) 
Seat 9: igooorc ($1.51 in chips) 
allofyx: posts small blind $0.01
vladimir5421: posts big blind $0.02
*** HOLE CARDS ***
Dealt to Dorex2007 [Ac Tc]
Dorex2007: raises $0.04 to $0.06
yomurry: folds 
EW79: calls $0.06
igooorc: folds 
zaxcichou: folds 
allofyx: folds 
vladimir5421: folds 
*** FLOP *** [9h 3d 9s]
Dorex2007: bets $0.07
EW79: folds 
Uncalled bet ($0.07) returned to Dorex2007
Dorex2007 collected $0.14 from pot
Dorex2007: doesn't show hand 
*** SUMMARY ***
Total pot $0.15 | Rake $0.01 
Board [9h 3d 9s]
Seat 1: zaxcichou (button) folded before Flop (didn't bet)
Seat 3: allofyx (small blind) folded before Flop
Seat 4: vladimir5421 (big blind) folded before Flop
Seat 5: Dorex2007 collected ($0.14)
Seat 6: yomurry folded before Flop (didn't bet)
Seat 8: EW79 folded on the Flop
Seat 9: igooorc folded before Flop (didn't bet)



PokerStars Hand #223793321632:  Hold'em No Limit ($0.01/$0.02 USD) - 2021/02/13 23:26:23 PT [2021/02/14 2:26:23 ET]
Table 'Chrysothemis V' 9-max Seat #3 is the button
Seat 1: zaxcichou ($3.41 in chips) 
Seat 3: allofyx ($2.73 in chips) 
Seat 4: vladimir5421 ($5.79 in chips) 
Seat 5: Dorex2007 ($2.55 in chips) 
Seat 6: yomurry ($6.12 in chips) 
Seat 8: EW79 ($1.12 in chips) 
Seat 9: igooorc ($1.51 in chips) 
vladimir5421: posts small blind $0.01
Dorex2007: posts big blind $0.02
*** HOLE CARDS ***
Dealt to Dorex2007 [9c 3d]
yomurry: calls $0.02
EW79: folds 
igooorc: folds 
zaxcichou: folds 
allofyx: folds 
vladimir5421: folds 
Dorex2007: checks 
*** FLOP *** [Ks 7d 6d]
Dorex2007: bets $0.03
yomurry: calls $0.03
*** TURN *** [Ks 7d 6d] [9d]
Dorex2007: bets $0.11
yomurry: calls $0.11
*** RIVER *** [Ks 7d 6d 9d] [Jd]
Dorex2007: bets $0.32
yomurry: folds 
Uncalled bet ($0.32) returned to Dorex2007
Dorex2007 collected $0.32 from pot
Dorex2007: doesn't show hand 
*** SUMMARY ***
Total pot $0.33 | Rake $0.01 
Board [Ks 7d 6d 9d Jd]
Seat 1: zaxcichou folded before Flop (didn't bet)
Seat 3: allofyx (button) folded before Flop (didn't bet)
Seat 4: vladimir5421 (small blind) folded before Flop
Seat 5: Dorex2007 (big blind) collected ($0.32)
Seat 6: yomurry folded on the River
Seat 8: EW79 folded before Flop (didn't bet)
Seat 9: igooorc folded before Flop (didn't bet)



PokerStars Hand #223793332093:  Hold'em No Limit ($0.01/$0.02 USD) - 2021/02/13 23:27:11 PT [2021/02/14 2:27:11 ET]
Table 'Chrysothemis V' 9-max Seat #4 is the button
Seat 1: zaxcichou ($3.41 in chips) 
Seat 3: allofyx ($2.73 in chips) 
Seat 4: vladimir5421 ($5.78 in chips) 
Seat 5: Dorex2007 ($2.71 in chips) 
Seat 6: yomurry ($5.96 in chips) 
Seat 8: EW79 ($1.12 in chips) 
Seat 9: igooorc ($1.51 in chips) 
Dorex2007: posts small blind $0.01
yomurry: posts big blind $0.02
*** HOLE CARDS ***
Dealt to Dorex2007 [Ac 4c]
EW79: folds 
igooorc: folds 
zaxcichou: folds 
allofyx: calls $0.02
vladimir5421: folds 
Dorex2007: calls $0.01
yomurry: checks 
*** FLOP *** [2s 3s 9h]
Dorex2007: checks 
yomurry: checks 
allofyx: checks 
*** TURN *** [2s 3s 9h] [9s]
Dorex2007: bets $0.06
yomurry: folds 
allofyx: folds 
Uncalled bet ($0.06) returned to Dorex2007
Dorex2007 collected $0.06 from pot
Dorex2007: doesn't show hand 
*** SUMMARY ***
Total pot $0.06 | Rake $0 
Board [2s 3s 9h 9s]
Seat 1: zaxcichou folded before Flop (didn't bet)
Seat 3: allofyx folded on the Turn
Seat 4: vladimir5421 (button) folded before Flop (didn't bet)
Seat 5: Dorex2007 (small blind) collected ($0.06)
Seat 6: yomurry (big blind) folded on the Turn
Seat 8: EW79 folded before Flop (didn't bet)
Seat 9: igooorc folded before Flop (didn't bet)



PokerStars Hand #223793340415:  Hold'em No Limit ($0.01/$0.02 USD) - 2021/02/13 23:27:49 PT [2021/02/14 2:27:49 ET]
Table 'Chrysothemis V' 9-max Seat #5 is the button
Seat 1: zaxcichou ($3.41 in chips) 
Seat 3: allofyx ($2.71 in chips) 
Seat 4: vladimir5421 ($5.78 in chips) 
Seat 5: Dorex2007 ($2.75 in chips) 
Seat 6: yomurry ($5.94 in chips) 
Seat 8: EW79 ($1.12 in chips) 
Seat 9: igooorc ($1.51 in chips) 
yomurry: posts small blind $0.01
EW79: posts big blind $0.02
*** HOLE CARDS ***
Dealt to Dorex2007 [8s Kh]
igooorc has timed out
igooorc: folds 
zaxcichou: raises $0.04 to $0.06
allofyx: calls $0.06
vladimir5421: folds 
Dorex2007: folds 
yomurry: folds 
EW79: folds 
*** FLOP *** [6h Ac Js]
zaxcichou: bets $0.09
allofyx: calls $0.09
*** TURN *** [6h Ac Js] [4h]
zaxcichou: bets $0.16
allofyx: calls $0.16
*** RIVER *** [6h Ac Js 4h] [3h]
zaxcichou: bets $0.26
allofyx: calls $0.26
*** SHOW DOWN ***
zaxcichou: shows [Ad 5s] (a pair of Aces)
allofyx: shows [Th As] (a pair of Aces - Jack+Ten kicker)
allofyx collected $1.13 from pot
*** SUMMARY ***
Total pot $1.17 | Rake $0.04 
Board [6h Ac Js 4h 3h]
Seat 1: zaxcichou showed [Ad 5s] and lost with a pair of Aces
Seat 3: allofyx showed [Th As] and won ($1.13) with a pair of Aces
Seat 4: vladimir5421 folded before Flop (didn't bet)
Seat 5: Dorex2007 (button) folded before Flop (didn't bet)
Seat 6: yomurry (small blind) folded before Flop
Seat 8: EW79 (big blind) folded before Flop
Seat 9: igooorc folded before Flop (didn't bet)



PokerStars Hand #223793361016:  Hold'em No Limit ($0.01/$0.02 USD) - 2021/02/13 23:28:52 PT [2021/02/14 2:28:52 ET]
Table 'Chrysothemis V' 9-max Seat #6 is the button
Seat 1: zaxcichou ($2.84 in chips) 
Seat 3: allofyx ($3.27 in chips) 
Seat 4: vladimir5421 ($5.78 in chips) 
Seat 5: Dorex2007 ($2.75 in chips) 
Seat 6: yomurry ($5.93 in chips) 
Seat 8: EW79 ($1.10 in chips) 
Seat 9: igooorc ($1.51 in chips) 
EW79: posts small blind $0.01
igooorc: posts big blind $0.02
sanwarahmed316: sits out 
*** HOLE CARDS ***
Dealt to Dorex2007 [Kc 9d]
zaxcichou has timed out
zaxcichou: folds 
allofyx: calls $0.02
vladimir5421: folds 
Dorex2007: folds 
yomurry: calls $0.02
EW79: calls $0.01
igooorc: checks 
*** FLOP *** [3s Jc 3d]
EW79: checks 
igooorc: checks 
allofyx: checks 
yomurry: checks 
*** TURN *** [3s Jc 3d] [Kd]
EW79: checks 
igooorc: checks 
allofyx: checks 
yomurry: checks 
*** RIVER *** [3s Jc 3d Kd] [5c]
EW79: checks 
igooorc: checks 
allofyx: checks 
yomurry: checks 
*** SHOW DOWN ***
EW79: shows [As Td] (a pair of Threes)
igooorc: mucks hand 
allofyx: shows [Ac 2c] (a pair of Threes)
yomurry: mucks hand 
EW79 collected $0.04 from pot
allofyx collected $0.04 from pot
*** SUMMARY ***
Total pot $0.08 | Rake $0 
Board [3s Jc 3d Kd 5c]
Seat 1: zaxcichou folded before Flop (didn't bet)
Seat 3: allofyx showed [Ac 2c] and won ($0.04) with a pair of Threes
Seat 4: vladimir5421 folded before Flop (didn't bet)
Seat 5: Dorex2007 folded before Flop (didn't bet)
Seat 6: yomurry (button) mucked [Qh 9s]
Seat 8: EW79 (small blind) showed [As Td] and won ($0.04) with a pair of Threes
Seat 9: igooorc (big blind) mucked [Qc 9h]



PokerStars Hand #223793379586:  Hold'em No Limit ($0.01/$0.02 USD) - 2021/02/13 23:30:17 PT [2021/02/14 2:30:17 ET]
Table 'Chrysothemis V' 9-max Seat #8 is the button
Seat 1: zaxcichou ($2.84 in chips) 
Seat 3: allofyx ($3.29 in chips) 
Seat 4: vladimir5421 ($5.78 in chips) 
Seat 5: Dorex2007 ($2.75 in chips) 
Seat 6: yomurry ($5.91 in chips) 
Seat 8: EW79 ($1.12 in chips) 
Seat 9: igooorc ($1.49 in chips) 
igooorc: posts small blind $0.01
zaxcichou: posts big blind $0.02
sanwarahmed316: sits out 
*** HOLE CARDS ***
Dealt to Dorex2007 [Jh 5c]
allofyx: folds 
vladimir5421: folds 
Dorex2007: folds 
yomurry: folds 
EW79: raises $0.02 to $0.04
igooorc: folds 
zaxcichou: calls $0.02
*** FLOP *** [9d 2h Jc]
zaxcichou: bets $0.06
EW79: folds 
Uncalled bet ($0.06) returned to zaxcichou
zaxcichou collected $0.09 from pot
zaxcichou: doesn't show hand 
*** SUMMARY ***
Total pot $0.09 | Rake $0 
Board [9d 2h Jc]
Seat 1: zaxcichou (big blind) collected ($0.09)
Seat 3: allofyx folded before Flop (didn't bet)
Seat 4: vladimir5421 folded before Flop (didn't bet)
Seat 5: Dorex2007 folded before Flop (didn't bet)
Seat 6: yomurry folded before Flop (didn't bet)
Seat 8: EW79 (button) folded on the Flop
Seat 9: igooorc (small blind) folded before Flop



PokerStars Hand #223793391966:  Hold'em No Limit ($0.01/$0.02 USD) - 2021/02/13 23:30:47 PT [2021/02/14 2:30:47 ET]
Table 'Chrysothemis V' 9-max Seat #9 is the button
Seat 1: zaxcichou ($2.89 in chips) 
Seat 2: sanwarahmed316 ($2 in chips) 
Seat 3: allofyx ($3.29 in chips) 
Seat 4: vladimir5421 ($5.78 in chips) 
Seat 5: Dorex2007 ($2.75 in chips) 
Seat 6: yomurry ($5.91 in chips) 
Seat 8: EW79 ($1.08 in chips) 
Seat 9: igooorc ($1.48 in chips) 
zaxcichou: posts small blind $0.01
sanwarahmed316: posts big blind $0.02
*** HOLE CARDS ***
Dealt to Dorex2007 [8d Qs]
allofyx: calls $0.02
vladimir5421: raises $0.06 to $0.08
Dorex2007: folds 
yomurry: calls $0.08
EW79: folds 
igooorc: folds 
zaxcichou: folds 
sanwarahmed316: folds 
allofyx: calls $0.06
*** FLOP *** [Js 4h Ad]
allofyx: checks 
vladimir5421: checks 
yomurry: bets $0.13
allofyx: folds 
vladimir5421: folds 
Uncalled bet ($0.13) returned to yomurry
yomurry collected $0.26 from pot
yomurry: doesn't show hand 
*** SUMMARY ***
Total pot $0.27 | Rake $0.01 
Board [Js 4h Ad]
Seat 1: zaxcichou (small blind) folded before Flop
Seat 2: sanwarahmed316 (big blind) folded before Flop
Seat 3: allofyx folded on the Flop
Seat 4: vladimir5421 folded on the Flop
Seat 5: Dorex2007 folded before Flop (didn't bet)
Seat 6: yomurry collected ($0.26)
Seat 8: EW79 folded before Flop (didn't bet)
Seat 9: igooorc (button) folded before Flop (didn't bet)



PokerStars Hand #223793406076:  Hold'em No Limit ($0.01/$0.02 USD) - 2021/02/13 23:31:51 PT [2021/02/14 2:31:51 ET]
Table 'Chrysothemis V' 9-max Seat #1 is the button
Seat 1: zaxcichou ($2.88 in chips) 
Seat 2: sanwarahmed316 ($1.98 in chips) 
Seat 3: allofyx ($3.21 in chips) 
Seat 4: vladimir5421 ($5.70 in chips) 
Seat 5: Dorex2007 ($2.75 in chips) 
Seat 6: yomurry ($6.09 in chips) 
Seat 8: EW79 ($1.08 in chips) 
Seat 9: igooorc ($1.48 in chips) 
sanwarahmed316: posts small blind $0.01
allofyx: posts big blind $0.02
*** HOLE CARDS ***
Dealt to Dorex2007 [5d 2d]
vladimir5421: folds 
Dorex2007: folds 
yomurry: calls $0.02
EW79: folds 
igooorc: folds 
zaxcichou: raises $0.04 to $0.06
sanwarahmed316: folds 
allofyx: folds 
yomurry: calls $0.04
*** FLOP *** [Jd 4s 8h]
yomurry: checks 
zaxcichou: checks 
*** TURN *** [Jd 4s 8h] [6h]
yomurry: checks 
zaxcichou: bets $0.09
yomurry: calls $0.09
*** RIVER *** [Jd 4s 8h 6h] [Ts]
yomurry: checks 
zaxcichou: bets $0.21
yomurry: folds 
Uncalled bet ($0.21) returned to zaxcichou
zaxcichou collected $0.32 from pot
zaxcichou: doesn't show hand 
*** SUMMARY ***
Total pot $0.33 | Rake $0.01 
Board [Jd 4s 8h 6h Ts]
Seat 1: zaxcichou (button) collected ($0.32)
Seat 2: sanwarahmed316 (small blind) folded before Flop
Seat 3: allofyx (big blind) folded before Flop
Seat 4: vladimir5421 folded before Flop (didn't bet)
Seat 5: Dorex2007 folded before Flop (didn't bet)
Seat 6: yomurry folded on the River
Seat 8: EW79 folded before Flop (didn't bet)
Seat 9: igooorc folded before Flop (didn't bet)



PokerStars Hand #223793423312:  Hold'em No Limit ($0.01/$0.02 USD) - 2021/02/13 23:33:10 PT [2021/02/14 2:33:10 ET]
Table 'Chrysothemis V' 9-max Seat #2 is the button
Seat 1: zaxcichou ($3.05 in chips) 
Seat 2: sanwarahmed316 ($1.97 in chips) 
Seat 3: allofyx ($3.19 in chips) 
Seat 5: Dorex2007 ($2.75 in chips) 
Seat 6: yomurry ($5.94 in chips) 
Seat 8: EW79 ($1.08 in chips) 
Seat 9: igooorc ($1.48 in chips) 
allofyx: posts small blind $0.01
vladimir5421: is sitting out 
Dorex2007: posts big blind $0.02
*** HOLE CARDS ***
Dealt to Dorex2007 [3c Ah]
yomurry: folds 
EW79: calls $0.02
igooorc: folds 
zaxcichou: calls $0.02
sanwarahmed316: raises $0.09 to $0.11
allofyx: calls $0.10
Dorex2007: folds 
EW79: calls $0.09
zaxcichou: folds 
*** FLOP *** [Ts Qc 4c]
allofyx: checks 
EW79: checks 
sanwarahmed316: bets $0.12
allofyx: calls $0.12
EW79: folds 
*** TURN *** [Ts Qc 4c] [5s]
allofyx: checks 
sanwarahmed316: bets $0.30
allofyx: folds 
Uncalled bet ($0.30) returned to sanwarahmed316
sanwarahmed316 collected $0.59 from pot
sanwarahmed316: doesn't show hand 
*** SUMMARY ***
Total pot $0.61 | Rake $0.02 
Board [Ts Qc 4c 5s]
Seat 1: zaxcichou folded before Flop
Seat 2: sanwarahmed316 (button) collected ($0.59)
Seat 3: allofyx (small blind) folded on the Turn
Seat 5: Dorex2007 (big blind) folded before Flop
Seat 6: yomurry folded before Flop (didn't bet)
Seat 8: EW79 folded on the Flop
Seat 9: igooorc folded before Flop (didn't bet)



PokerStars Hand #223793435697:  Hold'em No Limit ($0.01/$0.02 USD) - 2021/02/13 23:34:06 PT [2021/02/14 2:34:06 ET]
Table 'Chrysothemis V' 9-max Seat #3 is the button
Seat 2: sanwarahmed316 ($2.33 in chips) 
Seat 3: allofyx ($2.96 in chips) 
Seat 5: Dorex2007 ($2.73 in chips) 
Seat 6: yomurry ($5.94 in chips) 
Seat 8: EW79 ($0.97 in chips) 
Seat 9: igooorc ($1.48 in chips) 
Dorex2007: posts small blind $0.01
yomurry: posts big blind $0.02
*** HOLE CARDS ***
Dealt to Dorex2007 [As 5h]
EW79: calls $0.02
igooorc: calls $0.02
sanwarahmed316: folds 
allofyx: folds 
vladimir5421 leaves the table
Dorex2007: calls $0.01
yomurry: checks 
*** FLOP *** [2d 5c 2h]
Dorex2007: bets $0.08
borkeremz joins the table at seat #4 
yomurry: folds 
EW79: folds 
igooorc: calls $0.08
*** TURN *** [2d 5c 2h] [4s]
zaxcichou leaves the table
Dorex2007: bets $0.23
igooorc: folds 
Uncalled bet ($0.23) returned to Dorex2007
Dorex2007 collected $0.23 from pot
Dorex2007: doesn't show hand 
*** SUMMARY ***
Total pot $0.24 | Rake $0.01 
Board [2d 5c 2h 4s]
Seat 2: sanwarahmed316 folded before Flop (didn't bet)
Seat 3: allofyx (button) folded before Flop (didn't bet)
Seat 5: Dorex2007 (small blind) collected ($0.23)
Seat 6: yomurry (big blind) folded on the Flop
Seat 8: EW79 folded on the Flop
Seat 9: igooorc folded on the Turn



PokerStars Hand #223793444837:  Hold'em No Limit ($0.01/$0.02 USD) - 2021/02/13 23:34:48 PT [2021/02/14 2:34:48 ET]
Table 'Chrysothemis V' 9-max Seat #5 is the button
Seat 2: sanwarahmed316 ($2.33 in chips) 
Seat 3: allofyx ($2.96 in chips) 
Seat 5: Dorex2007 ($2.86 in chips) 
Seat 6: yomurry ($5.92 in chips) 
Seat 7: Romich1777 ($0.80 in chips) 
Seat 8: EW79 ($0.95 in chips) 
Seat 9: igooorc ($1.38 in chips) 
yomurry: posts small blind $0.01
Romich1777: posts big blind $0.02
borkeremz: sits out 
*** HOLE CARDS ***
Dealt to Dorex2007 [7s 5d]
Cornel Mihai joins the table at seat #1 
EW79: folds 
igooorc: folds 
sanwarahmed316: folds 
allofyx: folds 
Dorex2007: folds 
yomurry: raises $0.04 to $0.06
Romich1777: raises $0.04 to $0.10
yomurry: calls $0.04
*** FLOP *** [Td 4c Qd]
yomurry: bets $0.09
Romich1777: raises $0.09 to $0.18
yomurry: calls $0.09
*** TURN *** [Td 4c Qd] [Ts]
yomurry: bets $0.04
Romich1777: raises $0.48 to $0.52 and is all-in
yomurry: calls $0.48
Cornel Mihai was removed from the table for failing to post
Cornel Mihai leaves the table
*** RIVER *** [Td 4c Qd Ts] [5h]
*** SHOW DOWN ***
yomurry: shows [Ad Th] (three of a kind, Tens)
Romich1777: shows [Ks Kd] (two pair, Kings and Tens)
yomurry collected $1.54 from pot
*** SUMMARY ***
Total pot $1.60 | Rake $0.06 
Board [Td 4c Qd Ts 5h]
Seat 2: sanwarahmed316 folded before Flop (didn't bet)
Seat 3: allofyx folded before Flop (didn't bet)
Seat 5: Dorex2007 (button) folded before Flop (didn't bet)
Seat 6: yomurry (small blind) showed [Ad Th] and won ($1.54) with three of a kind, Tens
Seat 7: Romich1777 (big blind) showed [Ks Kd] and lost with two pair, Kings and Tens
Seat 8: EW79 folded before Flop (didn't bet)
Seat 9: igooorc folded before Flop (didn't bet)



PokerStars Hand #223793455401:  Hold'em No Limit ($0.01/$0.02 USD) - 2021/02/13 23:35:36 PT [2021/02/14 2:35:36 ET]
Table 'Chrysothemis V' 9-max Seat #6 is the button
Seat 2: sanwarahmed316 ($2.33 in chips) 
Seat 3: allofyx ($2.96 in chips) 
Seat 5: Dorex2007 ($2.86 in chips) 
Seat 6: yomurry ($6.66 in chips) 
Seat 8: EW79 ($0.95 in chips) 
Seat 9: igooorc ($1.38 in chips) 
EW79: posts small blind $0.01
igooorc: posts big blind $0.02
borkeremz: sits out 
*** HOLE CARDS ***
Dealt to Dorex2007 [2h 3h]
sanwarahmed316: folds 
allofyx: folds 
2040800 joins the table at seat #1 
Dorex2007: folds 
yomurry: folds 
EW79: folds 
Uncalled bet ($0.01) returned to igooorc
igooorc collected $0.02 from pot
igooorc: doesn't show hand 
*** SUMMARY ***
Total pot $0.02 | Rake $0 
Seat 2: sanwarahmed316 folded before Flop (didn't bet)
Seat 3: allofyx folded before Flop (didn't bet)
Seat 5: Dorex2007 folded before Flop (didn't bet)
Seat 6: yomurry (button) folded before Flop (didn't bet)
Seat 8: EW79 (small blind) folded before Flop
Seat 9: igooorc (big blind) collected ($0.02)



PokerStars Hand #223793458893:  Hold'em No Limit ($0.01/$0.02 USD) - 2021/02/13 23:35:52 PT [2021/02/14 2:35:52 ET]
Table 'Chrysothemis V' 9-max Seat #8 is the button
Seat 1: 2040800 ($1.10 in chips) 
Seat 2: sanwarahmed316 ($2.33 in chips) 
Seat 3: allofyx ($2.96 in chips) 
Seat 5: Dorex2007 ($2.86 in chips) 
Seat 6: yomurry ($6.66 in chips) 
Seat 7: Romich1777 ($0.80 in chips) 
Seat 8: EW79 ($0.94 in chips) 
Seat 9: igooorc ($1.39 in chips) 
igooorc: posts small blind $0.01
2040800: posts big blind $0.02
borkeremz: sits out 
Romich1777: posts small blind $0.01
*** HOLE CARDS ***
Dealt to Dorex2007 [Qc Kc]
sanwarahmed316 has timed out
sanwarahmed316: folds 
allofyx: calls $0.02
Dorex2007: raises $0.06 to $0.08
yomurry: folds 
Romich1777: folds 
EW79: calls $0.08
igooorc: folds 
2040800: folds 
allofyx: calls $0.06
*** FLOP *** [2c 2h 9c]
allofyx: checks 
Dorex2007: bets $0.27
EW79: folds 
allofyx: calls $0.27
*** TURN *** [2c 2h 9c] [2d]
allofyx: checks 
Dorex2007: bets $0.79
allofyx: folds 
Uncalled bet ($0.79) returned to Dorex2007
Dorex2007 collected $0.79 from pot
Dorex2007: doesn't show hand 
*** SUMMARY ***
Total pot $0.82 | Rake $0.03 
Board [2c 2h 9c 2d]
Seat 1: 2040800 (big blind) folded before Flop
Seat 2: sanwarahmed316 folded before Flop (didn't bet)
Seat 3: allofyx folded on the Turn
Seat 5: Dorex2007 collected ($0.79)
Seat 6: yomurry folded before Flop (didn't bet)
Seat 7: Romich1777 folded before Flop (didn't bet)
Seat 8: EW79 (button) folded on the Flop
Seat 9: igooorc (small blind) folded before Flop



PokerStars Hand #223793473425:  Hold'em No Limit ($0.01/$0.02 USD) - 2021/02/13 23:36:57 PT [2021/02/14 2:36:57 ET]
Table 'Chrysothemis V' 9-max Seat #9 is the button
Seat 1: 2040800 ($1.08 in chips) 
Seat 3: allofyx ($2.61 in chips) 
Seat 5: Dorex2007 ($3.30 in chips) 
Seat 6: yomurry ($6.66 in chips) 
Seat 7: Romich1777 ($0.79 in chips) 
Seat 8: EW79 ($0.86 in chips) 
Seat 9: igooorc ($1.38 in chips) 
2040800: posts small blind $0.01
allofyx: posts big blind $0.02
borkeremz: sits out 
*** HOLE CARDS ***
Dealt to Dorex2007 [Ts 9h]
Dorex2007: folds 
yomurry: raises $0.04 to $0.06
Romich1777 has timed out
Romich1777: folds 
EW79: calls $0.06
igooorc: folds 
2040800: folds 
allofyx: folds 
*** FLOP *** [9c Td 4h]
yomurry: checks 
EW79: bets $0.07
yomurry: calls $0.07
*** TURN *** [9c Td 4h] [4s]
yomurry: checks 
EW79: checks 
*** RIVER *** [9c Td 4h 4s] [Qs]
yomurry: bets $0.14
EW79: raises $0.14 to $0.28
yomurry: raises $0.84 to $1.12
EW79: calls $0.45 and is all-in
Uncalled bet ($0.39) returned to yomurry
*** SHOW DOWN ***
yomurry: shows [9d 9s] (a full house, Nines full of Fours)
EW79: shows [Jd Qd] (two pair, Queens and Fours)
yomurry collected $1.69 from pot
*** SUMMARY ***
Total pot $1.75 | Rake $0.06 
Board [9c Td 4h 4s Qs]
Seat 1: 2040800 (small blind) folded before Flop
Seat 3: allofyx (big blind) folded before Flop
Seat 5: Dorex2007 folded before Flop (didn't bet)
Seat 6: yomurry showed [9d 9s] and won ($1.69) with a full house, Nines full of Fours
Seat 7: Romich1777 folded before Flop (didn't bet)
Seat 8: EW79 showed [Jd Qd] and lost with two pair, Queens and Fours
Seat 9: igooorc (button) folded before Flop (didn't bet)



PokerStars Hand #223793491845:  Hold'em No Limit ($0.01/$0.02 USD) - 2021/02/13 23:38:20 PT [2021/02/14 2:38:20 ET]
Table 'Chrysothemis V' 9-max Seat #1 is the button
Seat 1: 2040800 ($1.07 in chips) 
Seat 3: allofyx ($2.59 in chips) 
Seat 4: borkeremz ($2 in chips) 
Seat 5: Dorex2007 ($3.30 in chips) 
Seat 6: yomurry ($7.49 in chips) 
Seat 7: Romich1777 ($0.79 in chips) 
Seat 9: igooorc ($1.38 in chips) 
allofyx: posts small blind $0.01
borkeremz: posts big blind $0.02
*** HOLE CARDS ***
Dealt to Dorex2007 [Kc Ah]
Dorex2007: raises $0.06 to $0.08
yomurry: folds 
EW79 leaves the table
Romich1777: folds 
igooorc: folds 
2040800: folds 
allofyx: calls $0.07
borkeremz: folds 
*** FLOP *** [Jc 5c 2s]
allofyx: bets $0.11
Dorex2007: calls $0.11
*** TURN *** [Jc 5c 2s] [Kh]
allofyx: checks 
Dorex2007: checks 
*** RIVER *** [Jc 5c 2s Kh] [As]
allofyx: bets $0.39
Dorex2007: raises $0.39 to $0.78
allofyx: raises $1.62 to $2.40 and is all-in
Dorex2007: calls $1.62
*** SHOW DOWN ***
allofyx: shows [Qs Td] (a straight, Ten to Ace)
Dorex2007: shows [Kc Ah] (two pair, Aces and Kings)
allofyx collected $5.02 from pot
*** SUMMARY ***
Total pot $5.20 | Rake $0.18 
Board [Jc 5c 2s Kh As]
Seat 1: 2040800 (button) folded before Flop (didn't bet)
Seat 3: allofyx (small blind) showed [Qs Td] and won ($5.02) with a straight, Ten to Ace
Seat 4: borkeremz (big blind) folded before Flop
Seat 5: Dorex2007 showed [Kc Ah] and lost with two pair, Aces and Kings
Seat 6: yomurry folded before Flop (didn't bet)
Seat 7: Romich1777 folded before Flop (didn't bet)
Seat 9: igooorc folded before Flop (didn't bet)



PokerStars Hand #223793502715:  Hold'em No Limit ($0.01/$0.02 USD) - 2021/02/13 23:39:09 PT [2021/02/14 2:39:09 ET]
Table 'Chrysothemis V' 9-max Seat #3 is the button
Seat 1: 2040800 ($1.07 in chips) 
Seat 3: allofyx ($5.02 in chips) 
Seat 4: borkeremz ($1.98 in chips) 
Seat 5: Dorex2007 ($0.71 in chips) 
Seat 6: yomurry ($7.49 in chips) 
Seat 7: Romich1777 ($0.79 in chips) 
Seat 9: igooorc ($1.38 in chips) 
borkeremz: posts small blind $0.01
Dorex2007: posts big blind $0.02
*** HOLE CARDS ***
Dealt to Dorex2007 [Tc Th]
yomurry: folds 
Dorex2007 said, "ouch"
Romich1777: raises $0.04 to $0.06
SharkTail93 joins the table at seat #8 
igooorc: folds 
2040800: calls $0.06
allofyx: calls $0.06
borkeremz: folds 
Dorex2007: calls $0.04
*** FLOP *** [6h 9d 7c]
Dorex2007: bets $0.24
Romich1777: folds 
2040800: folds 
allofyx: folds 
Uncalled bet ($0.24) returned to Dorex2007
Dorex2007 collected $0.24 from pot
Dorex2007: doesn't show hand 
*** SUMMARY ***
Total pot $0.25 | Rake $0.01 
Board [6h 9d 7c]
Seat 1: 2040800 folded on the Flop
Seat 3: allofyx (button) folded on the Flop
Seat 4: borkeremz (small blind) folded before Flop
Seat 5: Dorex2007 (big blind) collected ($0.24)
Seat 6: yomurry folded before Flop (didn't bet)
Seat 7: Romich1777 folded on the Flop
Seat 9: igooorc folded before Flop (didn't bet)



PokerStars Hand #223793509658:  Hold'em No Limit ($0.01/$0.02 USD) - 2021/02/13 23:39:40 PT [2021/02/14 2:39:40 ET]
Table 'Chrysothemis V' 9-max Seat #4 is the button
Seat 1: 2040800 ($1.01 in chips) 
Seat 3: allofyx ($4.96 in chips) 
Seat 4: borkeremz ($1.97 in chips) 
Seat 5: Dorex2007 ($0.89 in chips) 
Seat 6: yomurry ($7.49 in chips) 
Seat 7: Romich1777 ($0.73 in chips) 
Seat 8: SharkTail93 ($0.80 in chips) 
Seat 9: igooorc ($1.38 in chips) 
Dorex2007: posts small blind $0.01
yomurry: posts big blind $0.02
Dorex2007 said, "didn't see that"
SharkTail93: posts big blind $0.02
*** HOLE CARDS ***
Dealt to Dorex2007 [Ks 3s]
Romich1777: folds 
SharkTail93: checks 
igooorc: folds 
2040800: folds 
allofyx: folds 
borkeremz: folds 
Dorex2007: calls $0.01
yomurry: checks 
*** FLOP *** [5s Qs 8d]
Dorex2007: checks 
yomurry: checks 
SharkTail93: checks 
*** TURN *** [5s Qs 8d] [6c]
Dorex2007: checks 
yomurry: bets $0.03
SharkTail93: calls $0.03
Dorex2007: folds 
*** RIVER *** [5s Qs 8d 6c] [3h]
yomurry: bets $0.06
SharkTail93: folds 
Uncalled bet ($0.06) returned to yomurry
yomurry collected $0.12 from pot
yomurry: doesn't show hand 
*** SUMMARY ***
Total pot $0.12 | Rake $0 
Board [5s Qs 8d 6c 3h]
Seat 1: 2040800 folded before Flop (didn't bet)
Seat 3: allofyx folded before Flop (didn't bet)
Seat 4: borkeremz (button) folded before Flop (didn't bet)
Seat 5: Dorex2007 (small blind) folded on the Turn
Seat 6: yomurry (big blind) collected ($0.12)
Seat 7: Romich1777 folded before Flop (didn't bet)
Seat 8: SharkTail93 folded on the River
Seat 9: igooorc folded before Flop (didn't bet)



PokerStars Hand #223793521727:  Hold'em No Limit ($0.01/$0.02 USD) - 2021/02/13 23:40:34 PT [2021/02/14 2:40:34 ET]
Table 'Chrysothemis V' 9-max Seat #5 is the button
Seat 1: 2040800 ($1.01 in chips) 
Seat 3: allofyx ($4.96 in chips) 
Seat 4: borkeremz ($1.97 in chips) 
Seat 5: Dorex2007 ($0.87 in chips) 
Seat 6: yomurry ($7.56 in chips) 
Seat 7: Romich1777 ($0.73 in chips) 
Seat 8: SharkTail93 ($0.75 in chips) 
Seat 9: igooorc ($1.38 in chips) 
yomurry: posts small blind $0.01
Romich1777: posts big blind $0.02
*** HOLE CARDS ***
Dealt to Dorex2007 [Qs 5c]
SharkTail93: folds 
igooorc: folds 
2040800: folds 
allofyx: raises $0.04 to $0.06
borkeremz: folds 
Dorex2007: folds 
yomurry: calls $0.05
Romich1777: folds 
*** FLOP *** [3d Ac 9s]
yomurry: bets $0.07
allofyx: folds 
Uncalled bet ($0.07) returned to yomurry
yomurry collected $0.14 from pot
yomurry: doesn't show hand 
*** SUMMARY ***
Total pot $0.14 | Rake $0 
Board [3d Ac 9s]
Seat 1: 2040800 folded before Flop (didn't bet)
Seat 3: allofyx folded on the Flop
Seat 4: borkeremz folded before Flop (didn't bet)
Seat 5: Dorex2007 (button) folded before Flop (didn't bet)
Seat 6: yomurry (small blind) collected ($0.14)
Seat 7: Romich1777 (big blind) folded before Flop
Seat 8: SharkTail93 folded before Flop (didn't bet)
Seat 9: igooorc folded before Flop (didn't bet)



PokerStars Hand #223793530618:  Hold'em No Limit ($0.01/$0.02 USD) - 2021/02/13 23:41:14 PT [2021/02/14 2:41:14 ET]
Table 'Chrysothemis V' 9-max Seat #6 is the button
Seat 1: 2040800 ($1.01 in chips) 
Seat 3: allofyx ($4.90 in chips) 
Seat 4: borkeremz ($1.97 in chips) 
Seat 5: Dorex2007 ($0.87 in chips) 
Seat 6: yomurry ($7.64 in chips) 
Seat 7: Romich1777 ($0.71 in chips) 
Seat 8: SharkTail93 ($0.75 in chips) 
Seat 9: igooorc ($1.38 in chips) 
Romich1777: posts small blind $0.01
SharkTail93: posts big blind $0.02
*** HOLE CARDS ***
Dealt to Dorex2007 [Ks 8h]
igooorc: folds 
2040800: folds 
allofyx: folds 
borkeremz: folds 
Dorex2007: folds 
yomurry: raises $0.04 to $0.06
Romich1777: folds 
SharkTail93: raises $0.69 to $0.75 and is all-in
yomurry: calls $0.69
*** FLOP *** [3s 2s 6d]
*** TURN *** [3s 2s 6d] [6h]
*** RIVER *** [3s 2s 6d 6h] [3h]
*** SHOW DOWN ***
SharkTail93: shows [5h 5d] (two pair, Sixes and Fives)
yomurry: shows [Qh Ts] (two pair, Sixes and Threes)
SharkTail93 collected $1.46 from pot
*** SUMMARY ***
Total pot $1.51 | Rake $0.05 
Board [3s 2s 6d 6h 3h]
Seat 1: 2040800 folded before Flop (didn't bet)
Seat 3: allofyx folded before Flop (didn't bet)
Seat 4: borkeremz folded before Flop (didn't bet)
Seat 5: Dorex2007 folded before Flop (didn't bet)
Seat 6: yomurry (button) showed [Qh Ts] and lost with two pair, Sixes and Threes
Seat 7: Romich1777 (small blind) folded before Flop
Seat 8: SharkTail93 (big blind) showed [5h 5d] and won ($1.46) with two pair, Sixes and Fives
Seat 9: igooorc folded before Flop (didn't bet)



PokerStars Hand #223793539928:  Hold'em No Limit ($0.01/$0.02 USD) - 2021/02/13 23:41:55 PT [2021/02/14 2:41:55 ET]
Table 'Chrysothemis V' 9-max Seat #7 is the button
Seat 1: 2040800 ($1.01 in chips) 
Seat 3: allofyx ($4.90 in chips) 
Seat 4: borkeremz ($1.97 in chips) 
Seat 5: Dorex2007 ($0.87 in chips) 
Seat 6: yomurry ($6.89 in chips) 
Seat 7: Romich1777 ($0.70 in chips) 
Seat 8: SharkTail93 ($1.46 in chips) 
Seat 9: igooorc ($1.38 in chips) 
SharkTail93: posts small blind $0.01
igooorc: posts big blind $0.02
*** HOLE CARDS ***
Dealt to Dorex2007 [9c 9s]
2040800: raises $0.04 to $0.06
allofyx: folds 
borkeremz: folds 
Dorex2007: calls $0.06
yomurry: folds 
Romich1777: calls $0.06
SharkTail93: calls $0.05
igooorc: folds 
*** FLOP *** [8c Td 7c]
SharkTail93: checks 
2040800: bets $0.08
Dorex2007: calls $0.08
Romich1777: calls $0.08
SharkTail93: calls $0.08
*** TURN *** [8c Td 7c] [8h]
SharkTail93: bets $1.32 and is all-in
2040800: calls $0.87 and is all-in
Dorex2007: folds 
Romich1777: folds 
Uncalled bet ($0.45) returned to SharkTail93
*** RIVER *** [8c Td 7c 8h] [9h]
*** SHOW DOWN ***
SharkTail93: shows [Jd 8d] (a straight, Seven to Jack)
2040800: shows [Tc Qc] (two pair, Tens and Eights)
SharkTail93 collected $2.24 from pot
*** SUMMARY ***
Total pot $2.32 | Rake $0.08 
Board [8c Td 7c 8h 9h]
Seat 1: 2040800 showed [Tc Qc] and lost with two pair, Tens and Eights
Seat 3: allofyx folded before Flop (didn't bet)
Seat 4: borkeremz folded before Flop (didn't bet)
Seat 5: Dorex2007 folded on the Turn
Seat 6: yomurry folded before Flop (didn't bet)
Seat 7: Romich1777 (button) folded on the Turn
Seat 8: SharkTail93 (small blind) showed [Jd 8d] and won ($2.24) with a straight, Seven to Jack
Seat 9: igooorc (big blind) folded before Flop



PokerStars Hand #223793555807:  Hold'em No Limit ($0.01/$0.02 USD) - 2021/02/13 23:43:06 PT [2021/02/14 2:43:06 ET]
Table 'Chrysothemis V' 9-max Seat #8 is the button
Seat 3: allofyx ($4.90 in chips) 
Seat 4: borkeremz ($2 in chips) 
Seat 5: Dorex2007 ($0.73 in chips) 
Seat 6: yomurry ($6.89 in chips) 
Seat 7: Romich1777 ($0.56 in chips) 
Seat 8: SharkTail93 ($2.69 in chips) 
Seat 9: igooorc ($1.36 in chips) 
igooorc: posts small blind $0.01
allofyx: posts big blind $0.02
*** HOLE CARDS ***
Dealt to Dorex2007 [5s 6s]
borkeremz: folds 
Dorex2007: calls $0.02
yomurry: folds 
Romich1777: folds 
SharkTail93: folds 
igooorc: calls $0.01
allofyx: raises $0.04 to $0.06
Dorex2007: calls $0.04
igooorc: folds 
*** FLOP *** [8h Th 2d]
allofyx: checks 
Dorex2007: bets $0.07
SharkTail93 leaves the table
allofyx: calls $0.07
*** TURN *** [8h Th 2d] [4c]
allofyx: checks 
Dorex2007: checks 
*** RIVER *** [8h Th 2d 4c] [8c]
allofyx: checks 
Dorex2007: bets $0.14
allofyx: folds 
Uncalled bet ($0.14) returned to Dorex2007
Dorex2007 collected $0.27 from pot
Dorex2007: doesn't show hand 
*** SUMMARY ***
Total pot $0.28 | Rake $0.01 
Board [8h Th 2d 4c 8c]
Seat 3: allofyx (big blind) folded on the River
Seat 4: borkeremz folded before Flop (didn't bet)
Seat 5: Dorex2007 collected ($0.27)
Seat 6: yomurry folded before Flop (didn't bet)
Seat 7: Romich1777 folded before Flop (didn't bet)
Seat 8: SharkTail93 (button) folded before Flop (didn't bet)
Seat 9: igooorc (small blind) folded before Flop



PokerStars Hand #223793566542:  Hold'em No Limit ($0.01/$0.02 USD) - 2021/02/13 23:43:54 PT [2021/02/14 2:43:54 ET]
Table 'Chrysothemis V' 9-max Seat #9 is the button
Seat 3: allofyx ($4.77 in chips) 
Seat 4: borkeremz ($2 in chips) 
Seat 5: Dorex2007 ($0.87 in chips) 
Seat 6: yomurry ($6.89 in chips) 
Seat 7: Romich1777 ($0.56 in chips) 
Seat 9: igooorc ($1.34 in chips) 
allofyx: posts small blind $0.01
borkeremz: posts big blind $0.02
*** HOLE CARDS ***
Dealt to Dorex2007 [Qc Jd]
Dorex2007: raises $0.02 to $0.04
yomurry: folds 
Romich1777: raises $0.52 to $0.56 and is all-in
igooorc: folds 
allofyx: folds 
borkeremz: folds 
Dorex2007: folds 
Uncalled bet ($0.52) returned to Romich1777
Romich1777 collected $0.11 from pot
Romich1777: doesn't show hand 
*** SUMMARY ***
Total pot $0.11 | Rake $0 
Seat 3: allofyx (small blind) folded before Flop
Seat 4: borkeremz (big blind) folded before Flop
Seat 5: Dorex2007 folded before Flop
Seat 6: yomurry folded before Flop (didn't bet)
Seat 7: Romich1777 collected ($0.11)
Seat 9: igooorc (button) folded before Flop (didn't bet)



PokerStars Hand #223793571647:  Hold'em No Limit ($0.01/$0.02 USD) - 2021/02/13 23:44:17 PT [2021/02/14 2:44:17 ET]
Table 'Chrysothemis V' 9-max Seat #3 is the button
Seat 1: 2040800 ($1.50 in chips) 
Seat 3: allofyx ($4.76 in chips) 
Seat 4: borkeremz ($1.98 in chips) 
Seat 5: Dorex2007 ($0.83 in chips) 
Seat 6: yomurry ($6.89 in chips) 
Seat 7: Romich1777 ($0.63 in chips) 
Seat 9: igooorc ($1.34 in chips) 
borkeremz: posts small blind $0.01
Dorex2007: posts big blind $0.02
2040800: posts small & big blinds $0.03
*** HOLE CARDS ***
Dealt to Dorex2007 [6d 9h]
yomurry: folds 
Romich1777: folds 
igooorc: calls $0.02
2040800: checks 
allofyx: folds 
borkeremz: calls $0.01
Dorex2007: checks 
*** FLOP *** [Jd 8h 7d]
borkeremz: checks 
Dorex2007: checks 
igooorc: checks 
2040800: checks 
*** TURN *** [Jd 8h 7d] [Ad]
stazeer joins the table at seat #8 
borkeremz: checks 
Dorex2007: bets $0.09
igooorc: calls $0.09
2040800: folds 
borkeremz: folds 
*** RIVER *** [Jd 8h 7d Ad] [Th]
Dorex2007: bets $0.72 and is all-in
igooorc: folds 
Uncalled bet ($0.72) returned to Dorex2007
Dorex2007 collected $0.26 from pot
Dorex2007: doesn't show hand 
*** SUMMARY ***
Total pot $0.27 | Rake $0.01 
Board [Jd 8h 7d Ad Th]
Seat 1: 2040800 folded on the Turn (didn't bet)
Seat 3: allofyx (button) folded before Flop (didn't bet)
Seat 4: borkeremz (small blind) folded on the Turn
Seat 5: Dorex2007 (big blind) collected ($0.26)
Seat 6: yomurry folded before Flop (didn't bet)
Seat 7: Romich1777 folded before Flop (didn't bet)
Seat 9: igooorc folded on the River



PokerStars Hand #223793584914:  Hold'em No Limit ($0.01/$0.02 USD) - 2021/02/13 23:45:17 PT [2021/02/14 2:45:17 ET]
Table 'Chrysothemis V' 9-max Seat #4 is the button
Seat 1: 2040800 ($1.47 in chips) 
Seat 3: allofyx ($4.76 in chips) 
Seat 4: borkeremz ($1.96 in chips) 
Seat 5: Dorex2007 ($0.98 in chips) 
Seat 6: yomurry ($6.89 in chips) 
Seat 7: Romich1777 ($0.63 in chips) 
Seat 9: igooorc ($1.23 in chips) 
Dorex2007: posts small blind $0.01
yomurry: posts big blind $0.02
stazeer: sits out 
*** HOLE CARDS ***
Dealt to Dorex2007 [Qs 5c]
Romich1777: raises $0.06 to $0.08
igooorc: folds 
2040800: folds 
allofyx: folds 
borkeremz: folds 
Dorex2007: folds 
yomurry: folds 
Uncalled bet ($0.06) returned to Romich1777
Romich1777 collected $0.05 from pot
Romich1777: doesn't show hand 
*** SUMMARY ***
Total pot $0.05 | Rake $0 
Seat 1: 2040800 folded before Flop (didn't bet)
Seat 3: allofyx folded before Flop (didn't bet)
Seat 4: borkeremz (button) folded before Flop (didn't bet)
Seat 5: Dorex2007 (small blind) folded before Flop
Seat 6: yomurry (big blind) folded before Flop
Seat 7: Romich1777 collected ($0.05)
Seat 9: igooorc folded before Flop (didn't bet)



PokerStars Hand #223793589085:  Hold'em No Limit ($0.01/$0.02 USD) - 2021/02/13 23:45:36 PT [2021/02/14 2:45:36 ET]
Table 'Chrysothemis V' 9-max Seat #5 is the button
Seat 1: 2040800 ($1.47 in chips) 
Seat 3: allofyx ($4.76 in chips) 
Seat 4: borkeremz ($1.96 in chips) 
Seat 5: Dorex2007 ($0.97 in chips) 
Seat 6: yomurry ($6.87 in chips) 
Seat 7: Romich1777 ($0.66 in chips) 
Seat 9: igooorc ($1.23 in chips) 
yomurry: posts small blind $0.01
Romich1777: posts big blind $0.02
stazeer: sits out 
sanwarahmed316: sits out 
*** HOLE CARDS ***
Dealt to Dorex2007 [3d Jd]
igooorc: folds 
2040800: folds 
allofyx: folds 
borkeremz: folds 
Dorex2007: calls $0.02
yomurry: calls $0.01
Romich1777: checks 
*** FLOP *** [Tc Qs 6s]
yomurry: checks 
Romich1777: checks 
Dorex2007: bets $0.06
yomurry: calls $0.06
Romich1777: folds 
*** TURN *** [Tc Qs 6s] [4d]
yomurry: checks 
Dorex2007: checks 
*** RIVER *** [Tc Qs 6s 4d] [8h]
yomurry: checks 
Dorex2007: bets $0.09
yomurry: folds 
Uncalled bet ($0.09) returned to Dorex2007
Dorex2007 collected $0.17 from pot
Dorex2007: doesn't show hand 
*** SUMMARY ***
Total pot $0.18 | Rake $0.01 
Board [Tc Qs 6s 4d 8h]
Seat 1: 2040800 folded before Flop (didn't bet)
Seat 3: allofyx folded before Flop (didn't bet)
Seat 4: borkeremz folded before Flop (didn't bet)
Seat 5: Dorex2007 (button) collected ($0.17)
Seat 6: yomurry (small blind) folded on the River
Seat 7: Romich1777 (big blind) folded on the Flop
Seat 9: igooorc folded before Flop (didn't bet)



PokerStars Hand #223793600156:  Hold'em No Limit ($0.01/$0.02 USD) - 2021/02/13 23:46:26 PT [2021/02/14 2:46:26 ET]
Table 'Chrysothemis V' 9-max Seat #6 is the button
Seat 1: 2040800 ($1.47 in chips) 
Seat 3: allofyx ($4.76 in chips) 
Seat 4: borkeremz ($1.96 in chips) 
Seat 5: Dorex2007 ($1.06 in chips) 
Seat 6: yomurry ($6.79 in chips) 
Seat 7: Romich1777 ($0.64 in chips) 
Seat 8: stazeer ($2 in chips) 
Seat 9: igooorc ($1.23 in chips) 
Romich1777: posts small blind $0.01
stazeer: posts big blind $0.02
sanwarahmed316: sits out 
*** HOLE CARDS ***
Dealt to Dorex2007 [3s Qh]
igooorc: folds 
2040800: folds 
allofyx: folds 
borkeremz: raises $0.03 to $0.05
Dorex2007: folds 
yomurry: folds 
Romich1777: calls $0.04
stazeer: folds 
*** FLOP *** [Ad Qd 2c]
stazeer leaves the table
Romich1777: bets $0.06
borkeremz: folds 
Uncalled bet ($0.06) returned to Romich1777
Romich1777 collected $0.12 from pot
Romich1777: doesn't show hand 
*** SUMMARY ***
Total pot $0.12 | Rake $0 
Board [Ad Qd 2c]
Seat 1: 2040800 folded before Flop (didn't bet)
Seat 3: allofyx folded before Flop (didn't bet)
Seat 4: borkeremz folded on the Flop
Seat 5: Dorex2007 folded before Flop (didn't bet)
Seat 6: yomurry (button) folded before Flop (didn't bet)
Seat 7: Romich1777 (small blind) collected ($0.12)
Seat 8: stazeer (big blind) folded before Flop
Seat 9: igooorc folded before Flop (didn't bet)



PokerStars Hand #223793614863:  Hold'em No Limit ($0.01/$0.02 USD) - 2021/02/13 23:47:31 PT [2021/02/14 2:47:31 ET]
Table 'Chrysothemis V' 9-max Seat #7 is the button
Seat 1: 2040800 ($1.47 in chips) 
Seat 3: allofyx ($4.76 in chips) 
Seat 4: borkeremz ($1.91 in chips) 
Seat 5: Dorex2007 ($1.06 in chips) 
Seat 6: yomurry ($6.79 in chips) 
Seat 7: Romich1777 ($0.71 in chips) 
Seat 9: igooorc ($1.23 in chips) 
igooorc: posts small blind $0.01
2040800: posts big blind $0.02
sanwarahmed316: sits out 
*** HOLE CARDS ***
Dealt to Dorex2007 [Qd 3s]
Lagval joins the table at seat #8 
allofyx: folds 
borkeremz: raises $0.03 to $0.05
Dorex2007: folds 
yomurry: calls $0.05
Romich1777: calls $0.05
igooorc: folds 
2040800: folds 
*** FLOP *** [Ts 8h 6s]
borkeremz: checks 
yomurry: checks 
Romich1777: bets $0.08
borkeremz: folds 
yomurry: calls $0.08
*** TURN *** [Ts 8h 6s] [9s]
yomurry: checks 
Romich1777: bets $0.16
yomurry: folds 
Uncalled bet ($0.16) returned to Romich1777
Romich1777 collected $0.33 from pot
Romich1777: doesn't show hand 
*** SUMMARY ***
Total pot $0.34 | Rake $0.01 
Board [Ts 8h 6s 9s]
Seat 1: 2040800 (big blind) folded before Flop
Seat 3: allofyx folded before Flop (didn't bet)
Seat 4: borkeremz folded on the Flop
Seat 5: Dorex2007 folded before Flop (didn't bet)
Seat 6: yomurry folded on the Turn
Seat 7: Romich1777 (button) collected ($0.33)
Seat 9: igooorc (small blind) folded before Flop



PokerStars Hand #223793628697:  Hold'em No Limit ($0.01/$0.02 USD) - 2021/02/13 23:48:33 PT [2021/02/14 2:48:33 ET]
Table 'Chrysothemis V' 9-max Seat #9 is the button
Seat 1: 2040800 ($1.45 in chips) 
Seat 2: sanwarahmed316 ($2.33 in chips) 
Seat 3: allofyx ($4.76 in chips) 
Seat 4: borkeremz ($1.86 in chips) 
Seat 5: Dorex2007 ($1.06 in chips) 
Seat 6: yomurry ($6.66 in chips) 
Seat 7: Romich1777 ($0.91 in chips) 
Seat 9: igooorc ($1.22 in chips) 
2040800: posts small blind $0.01
sanwarahmed316: posts big blind $0.02
Lagval: sits out 
*** HOLE CARDS ***
Dealt to Dorex2007 [Td 8s]
allofyx: calls $0.02
borkeremz: folds 
Dorex2007: folds 
yomurry: folds 
Romich1777: folds 
igooorc: folds 
2040800: raises $0.04 to $0.06
sanwarahmed316: folds 
allofyx: calls $0.04
*** FLOP *** [6s 7h Ts]
2040800: checks 
allofyx: checks 
*** TURN *** [6s 7h Ts] [Js]
2040800: bets $0.08
allofyx: calls $0.08
*** RIVER *** [6s 7h Ts Js] [2d]
2040800: checks 
allofyx: checks 
*** SHOW DOWN ***
2040800: shows [Ks As] (a flush, Ace high)
allofyx: mucks hand 
2040800 collected $0.29 from pot
*** SUMMARY ***
Total pot $0.30 | Rake $0.01 
Board [6s 7h Ts Js 2d]
Seat 1: 2040800 (small blind) showed [Ks As] and won ($0.29) with a flush, Ace high
Seat 2: sanwarahmed316 (big blind) folded before Flop
Seat 3: allofyx mucked [9c Jc]
Seat 4: borkeremz folded before Flop (didn't bet)
Seat 5: Dorex2007 folded before Flop (didn't bet)
Seat 6: yomurry folded before Flop (didn't bet)
Seat 7: Romich1777 folded before Flop (didn't bet)
Seat 9: igooorc (button) folded before Flop (didn't bet)



PokerStars Hand #223793639076:  Hold'em No Limit ($0.01/$0.02 USD) - 2021/02/13 23:49:19 PT [2021/02/14 2:49:19 ET]
Table 'Chrysothemis V' 9-max Seat #1 is the button
Seat 1: 2040800 ($1.60 in chips) 
Seat 2: sanwarahmed316 ($2.31 in chips) 
Seat 3: allofyx ($4.62 in chips) 
Seat 4: borkeremz ($1.86 in chips) 
Seat 5: Dorex2007 ($1.06 in chips) 
Seat 6: yomurry ($6.66 in chips) 
Seat 7: Romich1777 ($0.91 in chips) 
Seat 9: igooorc ($1.22 in chips) 
sanwarahmed316: posts small blind $0.01
allofyx: posts big blind $0.02
Lagval: sits out 
*** HOLE CARDS ***
Dealt to Dorex2007 [2s 8d]
borkeremz: raises $0.03 to $0.05
Dorex2007: folds 
yomurry: calls $0.05
Romich1777: calls $0.05
igooorc: folds 
2040800: folds 
sanwarahmed316: folds 
allofyx: folds 
*** FLOP *** [9d 2h Qs]
borkeremz: bets $0.06
yomurry: calls $0.06
Romich1777: folds 
*** TURN *** [9d 2h Qs] [7d]
borkeremz: checks 
yomurry: bets $0.14
borkeremz: folds 
Uncalled bet ($0.14) returned to yomurry
yomurry collected $0.29 from pot
yomurry: doesn't show hand 
*** SUMMARY ***
Total pot $0.30 | Rake $0.01 
Board [9d 2h Qs 7d]
Seat 1: 2040800 (button) folded before Flop (didn't bet)
Seat 2: sanwarahmed316 (small blind) folded before Flop
Seat 3: allofyx (big blind) folded before Flop
Seat 4: borkeremz folded on the Turn
Seat 5: Dorex2007 folded before Flop (didn't bet)
Seat 6: yomurry collected ($0.29)
Seat 7: Romich1777 folded on the Flop
Seat 9: igooorc folded before Flop (didn't bet)



PokerStars Hand #223793651790:  Hold'em No Limit ($0.01/$0.02 USD) - 2021/02/13 23:50:16 PT [2021/02/14 2:50:16 ET]
Table 'Chrysothemis V' 9-max Seat #2 is the button
Seat 1: 2040800 ($1.60 in chips) 
Seat 2: sanwarahmed316 ($2.30 in chips) 
Seat 3: allofyx ($4.60 in chips) 
Seat 4: borkeremz ($1.75 in chips) 
Seat 5: Dorex2007 ($1.06 in chips) 
Seat 6: yomurry ($6.84 in chips) 
Seat 7: Romich1777 ($0.86 in chips) 
Seat 9: igooorc ($1.22 in chips) 
allofyx: posts small blind $0.01
borkeremz: posts big blind $0.02
Lagval: sits out 
*** HOLE CARDS ***
Dealt to Dorex2007 [8s Ad]
Dorex2007: folds 
yomurry: folds 
Romich1777: folds 
igooorc: folds 
2040800 has timed out
2040800: folds 
sanwarahmed316: raises $0.05 to $0.07
allofyx: folds 
borkeremz: folds 
Uncalled bet ($0.05) returned to sanwarahmed316
sanwarahmed316 collected $0.05 from pot
sanwarahmed316: doesn't show hand 
*** SUMMARY ***
Total pot $0.05 | Rake $0 
Seat 1: 2040800 folded before Flop (didn't bet)
Seat 2: sanwarahmed316 (button) collected ($0.05)
Seat 3: allofyx (small blind) folded before Flop
Seat 4: borkeremz (big blind) folded before Flop
Seat 5: Dorex2007 folded before Flop (didn't bet)
Seat 6: yomurry folded before Flop (didn't bet)
Seat 7: Romich1777 folded before Flop (didn't bet)
Seat 9: igooorc folded before Flop (didn't bet)



PokerStars Hand #223793659289:  Hold'em No Limit ($0.01/$0.02 USD) - 2021/02/13 23:50:49 PT [2021/02/14 2:50:49 ET]
Table 'Chrysothemis V' 9-max Seat #3 is the button
Seat 1: 2040800 ($1.60 in chips) 
Seat 2: sanwarahmed316 ($2.33 in chips) 
Seat 3: allofyx ($4.59 in chips) 
Seat 4: borkeremz ($1.98 in chips) 
Seat 5: Dorex2007 ($1.06 in chips) 
Seat 6: yomurry ($6.84 in chips) 
Seat 7: Romich1777 ($0.86 in chips) 
Seat 9: igooorc ($1.22 in chips) 
borkeremz: posts small blind $0.01
Dorex2007: posts big blind $0.02
Lagval: sits out 
*** HOLE CARDS ***
Dealt to Dorex2007 [Ks Kh]
yomurry: folds 
Romich1777: folds 
igooorc: folds 
2040800 has timed out
2040800: folds 
sanwarahmed316: raises $0.05 to $0.07
allofyx: folds 
borkeremz: calls $0.06
Romich1777 leaves the table
Dorex2007: raises $0.13 to $0.20
sanwarahmed316: raises $0.60 to $0.80
borkeremz: folds 
Dorex2007: raises $0.26 to $1.06 and is all-in
sanwarahmed316: calls $0.26
*** FLOP *** [As Th Qs]
*** TURN *** [As Th Qs] [Ac]
*** RIVER *** [As Th Qs Ac] [Qc]
*** SHOW DOWN ***
Dorex2007: shows [Ks Kh] (two pair, Aces and Kings)
sanwarahmed316: shows [Qh Qd] (four of a kind, Queens)
sanwarahmed316 collected $2.11 from pot
Dorex2007 cashed out the hand for $1.71 | Cash Out Fee $0.02
*** SUMMARY ***
Total pot $2.19 | Rake $0.08 
Board [As Th Qs Ac Qc]
Seat 1: 2040800 folded before Flop (didn't bet)
Seat 2: sanwarahmed316 showed [Qh Qd] and won ($2.11) with four of a kind, Queens
Seat 3: allofyx (button) folded before Flop (didn't bet)
Seat 4: borkeremz (small blind) folded before Flop
Seat 5: Dorex2007 (big blind) showed [Ks Kh] and lost with two pair, Aces and Kings (cashed out).
Seat 6: yomurry folded before Flop (didn't bet)
Seat 7: Romich1777 folded before Flop (didn't bet)
Seat 9: igooorc folded before Flop (didn't bet)



PokerStars Hand #223793673613:  Hold'em No Limit ($0.01/$0.02 USD) - 2021/02/13 23:51:53 PT [2021/02/14 2:51:53 ET]
Table 'Chrysothemis V' 9-max Seat #4 is the button
Seat 1: 2040800 ($1.60 in chips) 
Seat 2: sanwarahmed316 ($3.38 in chips) 
Seat 3: allofyx ($4.59 in chips) 
Seat 4: borkeremz ($1.91 in chips) 
Seat 5: Dorex2007 ($1.71 in chips) 
Seat 6: yomurry ($6.84 in chips) 
Seat 9: igooorc ($1.22 in chips) 
Dorex2007: posts small blind $0.01
yomurry: posts big blind $0.02
Lagval: sits out 
*** HOLE CARDS ***
Dealt to Dorex2007 [Tc 2d]
igooorc: folds 
2040800: folds 
sanwarahmed316 has timed out
sanwarahmed316: folds 
allofyx: raises $0.04 to $0.06
borkeremz: folds 
Dorex2007: folds 
yomurry: folds 
Uncalled bet ($0.04) returned to allofyx
allofyx collected $0.05 from pot
allofyx: doesn't show hand 
*** SUMMARY ***
Total pot $0.05 | Rake $0 
Seat 1: 2040800 folded before Flop (didn't bet)
Seat 2: sanwarahmed316 folded before Flop (didn't bet)
Seat 3: allofyx collected ($0.05)
Seat 4: borkeremz (button) folded before Flop (didn't bet)
Seat 5: Dorex2007 (small blind) folded before Flop
Seat 6: yomurry (big blind) folded before Flop
Seat 9: igooorc folded before Flop (didn't bet)



PokerStars Hand #223793682138:  Hold'em No Limit ($0.01/$0.02 USD) - 2021/02/13 23:52:31 PT [2021/02/14 2:52:31 ET]
Table 'Chrysothemis V' 9-max Seat #5 is the button
Seat 1: 2040800 ($1.60 in chips) 
Seat 2: sanwarahmed316 ($3.38 in chips) 
Seat 3: allofyx ($4.62 in chips) 
Seat 4: borkeremz ($1.91 in chips) 
Seat 5: Dorex2007 ($1.70 in chips) 
Seat 6: yomurry ($6.82 in chips) 
Seat 8: Lagval ($2 in chips) 
Seat 9: igooorc ($1.22 in chips) 
yomurry: posts small blind $0.01
Lagval: posts big blind $0.02
*** HOLE CARDS ***
Dealt to Dorex2007 [6h Qs]
igooorc: folds 
2040800: raises $0.02 to $0.04
sanwarahmed316: raises $0.11 to $0.15
allofyx: folds 
borkeremz: folds 
Dorex2007: folds 
yomurry: calls $0.14
Lagval: folds 
2040800: folds 
*** FLOP *** [4c Qd 5c]
yomurry: checks 
sanwarahmed316: bets $0.12
yomurry: calls $0.12
*** TURN *** [4c Qd 5c] [3d]
yomurry: checks 
Yee Flamingo joins the table at seat #7 
sanwarahmed316: bets $0.29
Yee Flamingo leaves the table
yomurry: calls $0.29
*** RIVER *** [4c Qd 5c 3d] [2c]
Yee Flamingo joins the table at seat #7 
yomurry: checks 
Yee Flamingo leaves the table
Dr.GregoryB joins the table at seat #7 
sanwarahmed316: checks 
*** SHOW DOWN ***
yomurry: shows [2s 3s] (two pair, Threes and Deuces)
sanwarahmed316: shows [Ad Qh] (a straight, Ace to Five)
sanwarahmed316 collected $1.14 from pot
*** SUMMARY ***
Total pot $1.18 | Rake $0.04 
Board [4c Qd 5c 3d 2c]
Seat 1: 2040800 folded before Flop
Seat 2: sanwarahmed316 showed [Ad Qh] and won ($1.14) with a straight, Ace to Five
Seat 3: allofyx folded before Flop (didn't bet)
Seat 4: borkeremz folded before Flop (didn't bet)
Seat 5: Dorex2007 (button) folded before Flop (didn't bet)
Seat 6: yomurry (small blind) showed [2s 3s] and lost with two pair, Threes and Deuces
Seat 8: Lagval (big blind) folded before Flop
Seat 9: igooorc folded before Flop (didn't bet)



PokerStars Hand #223793695606:  Hold'em No Limit ($0.01/$0.02 USD) - 2021/02/13 23:53:31 PT [2021/02/14 2:53:31 ET]
Table 'Chrysothemis V' 9-max Seat #6 is the button
Seat 1: 2040800 ($1.56 in chips) 
Seat 2: sanwarahmed316 ($3.96 in chips) 
Seat 3: allofyx ($4.62 in chips) 
Seat 4: borkeremz ($1.91 in chips) 
Seat 5: Dorex2007 ($1.70 in chips) 
Seat 6: yomurry ($6.26 in chips) 
Seat 8: Lagval ($1.98 in chips) 
Seat 9: igooorc ($1.22 in chips) 
Lagval: posts small blind $0.01
igooorc: posts big blind $0.02
*** HOLE CARDS ***
Dealt to Dorex2007 [Ks Qh]
2040800: raises $0.04 to $0.06
sanwarahmed316: folds 
allofyx: folds 
borkeremz: folds 
Dorex2007: calls $0.06
yomurry: folds 
Lagval: folds 
igooorc: folds 
*** FLOP *** [8h Qd 4d]
2040800: bets $0.07
Dorex2007: raises $0.13 to $0.20
2040800: folds 
Uncalled bet ($0.13) returned to Dorex2007
Dorex2007 collected $0.28 from pot
Dorex2007: doesn't show hand 
*** SUMMARY ***
Total pot $0.29 | Rake $0.01 
Board [8h Qd 4d]
Seat 1: 2040800 folded on the Flop
Seat 2: sanwarahmed316 folded before Flop (didn't bet)
Seat 3: allofyx folded before Flop (didn't bet)
Seat 4: borkeremz folded before Flop (didn't bet)
Seat 5: Dorex2007 collected ($0.28)
Seat 6: yomurry (button) folded before Flop (didn't bet)
Seat 8: Lagval (small blind) folded before Flop
Seat 9: igooorc (big blind) folded before Flop



PokerStars Hand #223793703999:  Hold'em No Limit ($0.01/$0.02 USD) - 2021/02/13 23:54:07 PT [2021/02/14 2:54:07 ET]
Table 'Chrysothemis V' 9-max Seat #8 is the button
Seat 1: 2040800 ($1.43 in chips) 
Seat 2: sanwarahmed316 ($3.96 in chips) 
Seat 3: allofyx ($4.62 in chips) 
Seat 4: borkeremz ($1.91 in chips) 
Seat 5: Dorex2007 ($1.85 in chips) 
Seat 6: yomurry ($6.26 in chips) 
Seat 8: Lagval ($1.97 in chips) 
Seat 9: igooorc ($1.20 in chips) 
igooorc: posts small blind $0.01
2040800: posts big blind $0.02
Dr.GregoryB: sits out 
*** HOLE CARDS ***
Dealt to Dorex2007 [4c Ah]
sanwarahmed316: folds 
allofyx: folds 
borkeremz: folds 
Dorex2007: folds 
yomurry: calls $0.02
Lagval: calls $0.02
igooorc: folds 
2040800: checks 
*** FLOP *** [6s 8h 3c]
2040800: checks 
yomurry: checks 
Lagval: checks 
*** TURN *** [6s 8h 3c] [Ts]
2040800: bets $0.02
yomurry: calls $0.02
Lagval: calls $0.02
*** RIVER *** [6s 8h 3c Ts] [2h]
2040800: bets $0.22
yomurry: folds 
Lagval: folds 
Uncalled bet ($0.22) returned to 2040800
2040800 collected $0.13 from pot
*** SUMMARY ***
Total pot $0.13 | Rake $0 
Board [6s 8h 3c Ts 2h]
Seat 1: 2040800 (big blind) collected ($0.13)
Seat 2: sanwarahmed316 folded before Flop (didn't bet)
Seat 3: allofyx folded before Flop (didn't bet)
Seat 4: borkeremz folded before Flop (didn't bet)
Seat 5: Dorex2007 folded before Flop (didn't bet)
Seat 6: yomurry folded on the River
Seat 8: Lagval (button) folded on the River
Seat 9: igooorc (small blind) folded before Flop



PokerStars Hand #223793718438:  Hold'em No Limit ($0.01/$0.02 USD) - 2021/02/13 23:55:12 PT [2021/02/14 2:55:12 ET]
Table 'Chrysothemis V' 9-max Seat #9 is the button
Seat 1: 2040800 ($1.52 in chips) 
Seat 2: sanwarahmed316 ($3.96 in chips) 
Seat 3: allofyx ($4.62 in chips) 
Seat 4: borkeremz ($1.91 in chips) 
Seat 5: Dorex2007 ($1.85 in chips) 
Seat 6: yomurry ($6.22 in chips) 
Seat 7: Dr.GregoryB ($2 in chips) 
Seat 8: Lagval ($1.93 in chips) 
Seat 9: igooorc ($1.19 in chips) 
2040800: posts small blind $0.01
sanwarahmed316: posts big blind $0.02
Dr.GregoryB: posts big blind $0.02
*** HOLE CARDS ***
Dealt to Dorex2007 [Qs 7h]
allofyx has timed out
allofyx: folds 
borkeremz: folds 
Dorex2007: folds 
yomurry: calls $0.02
Dr.GregoryB: checks 
Lagval: folds 
igooorc: folds 
2040800: calls $0.01
sanwarahmed316: checks 
*** FLOP *** [9s Jh Ac]
2040800: checks 
sanwarahmed316: checks 
yomurry: checks 
Dr.GregoryB: bets $0.04
2040800: folds 
sanwarahmed316: folds 
yomurry: folds 
Uncalled bet ($0.04) returned to Dr.GregoryB
Dr.GregoryB collected $0.08 from pot
*** SUMMARY ***
Total pot $0.08 | Rake $0 
Board [9s Jh Ac]
Seat 1: 2040800 (small blind) folded on the Flop
Seat 2: sanwarahmed316 (big blind) folded on the Flop
Seat 3: allofyx folded before Flop (didn't bet)
Seat 4: borkeremz folded before Flop (didn't bet)
Seat 5: Dorex2007 folded before Flop (didn't bet)
Seat 6: yomurry folded on the Flop
Seat 7: Dr.GregoryB collected ($0.08)
Seat 8: Lagval folded before Flop (didn't bet)
Seat 9: igooorc (button) folded before Flop (didn't bet)



PokerStars Hand #223793727012:  Hold'em No Limit ($0.01/$0.02 USD) - 2021/02/13 23:55:56 PT [2021/02/14 2:55:56 ET]
Table 'Chrysothemis V' 9-max Seat #1 is the button
Seat 1: 2040800 ($1.50 in chips) 
Seat 2: sanwarahmed316 ($3.94 in chips) 
Seat 4: borkeremz ($1.91 in chips) 
Seat 5: Dorex2007 ($1.85 in chips) 
Seat 6: yomurry ($6.20 in chips) 
Seat 7: Dr.GregoryB ($2.06 in chips) 
Seat 8: Lagval ($1.93 in chips) 
Seat 9: igooorc ($1.19 in chips) 
sanwarahmed316: posts small blind $0.01
borkeremz: posts big blind $0.02
*** HOLE CARDS ***
Dealt to Dorex2007 [8s Th]
Dorex2007: folds 
yomurry: calls $0.02
Dr.GregoryB has timed out
Dr.GregoryB: folds 
Lagval: folds 
igooorc: folds 
2040800: calls $0.02
sanwarahmed316: folds 
borkeremz: checks 
*** FLOP *** [Kc As 8c]
borkeremz: checks 
yomurry: checks 
2040800: checks 
*** TURN *** [Kc As 8c] [5s]
borkeremz: bets $0.05
yomurry: calls $0.05
2040800: calls $0.05
*** RIVER *** [Kc As 8c 5s] [6c]
borkeremz: checks 
yomurry: checks 
2040800: checks 
*** SHOW DOWN ***
borkeremz: shows [2d Ah] (a pair of Aces)
yomurry: mucks hand 
2040800: mucks hand 
borkeremz collected $0.21 from pot
*** SUMMARY ***
Total pot $0.22 | Rake $0.01 
Board [Kc As 8c 5s 6c]
Seat 1: 2040800 (button) mucked [6d 7d]
Seat 2: sanwarahmed316 (small blind) folded before Flop
Seat 4: borkeremz (big blind) showed [2d Ah] and won ($0.21) with a pair of Aces
Seat 5: Dorex2007 folded before Flop (didn't bet)
Seat 6: yomurry mucked [Ts 7s]
Seat 7: Dr.GregoryB folded before Flop (didn't bet)
Seat 8: Lagval folded before Flop (didn't bet)
Seat 9: igooorc folded before Flop (didn't bet)



PokerStars Hand #223793751754:  Hold'em No Limit ($0.01/$0.02 USD) - 2021/02/13 23:57:19 PT [2021/02/14 2:57:19 ET]
Table 'Chrysothemis V' 9-max Seat #2 is the button
Seat 1: 2040800 ($1.43 in chips) 
Seat 2: sanwarahmed316 ($3.93 in chips) 
Seat 4: borkeremz ($2.05 in chips) 
Seat 5: Dorex2007 ($1.85 in chips) 
Seat 6: yomurry ($6.13 in chips) 
Seat 7: Dr.GregoryB ($2.06 in chips) 
Seat 8: Lagval ($1.93 in chips) 
Seat 9: igooorc ($1.19 in chips) 
borkeremz: posts small blind $0.01
Dorex2007: posts big blind $0.02
*** HOLE CARDS ***
Dealt to Dorex2007 [2d 4d]
yomurry: folds 
Dr.GregoryB: folds 
Lagval: folds 
igooorc: folds 
2040800: raises $0.02 to $0.04
sanwarahmed316 has timed out
sanwarahmed316: folds 
borkeremz: calls $0.03
Dorex2007: calls $0.02
*** FLOP *** [Kh 2s Jc]
borkeremz: bets $0.08
Dorex2007: folds 
2040800: calls $0.08
*** TURN *** [Kh 2s Jc] [Js]
borkeremz: checks 
2040800: checks 
*** RIVER *** [Kh 2s Jc Js] [8c]
borkeremz: bets $0.09
2040800: folds 
Uncalled bet ($0.09) returned to borkeremz
borkeremz collected $0.27 from pot
borkeremz: doesn't show hand 
*** SUMMARY ***
Total pot $0.28 | Rake $0.01 
Board [Kh 2s Jc Js 8c]
Seat 1: 2040800 folded on the River
Seat 2: sanwarahmed316 (button) folded before Flop (didn't bet)
Seat 4: borkeremz (small blind) collected ($0.27)
Seat 5: Dorex2007 (big blind) folded on the Flop
Seat 6: yomurry folded before Flop (didn't bet)
Seat 7: Dr.GregoryB folded before Flop (didn't bet)
Seat 8: Lagval folded before Flop (didn't bet)
Seat 9: igooorc folded before Flop (didn't bet)



PokerStars Hand #223793764313:  Hold'em No Limit ($0.01/$0.02 USD) - 2021/02/13 23:58:24 PT [2021/02/14 2:58:24 ET]
Table 'Chrysothemis V' 9-max Seat #4 is the button
Seat 1: 2040800 ($1.31 in chips) 
Seat 3: allofyx ($4.62 in chips) 
Seat 4: borkeremz ($2.20 in chips) 
Seat 5: Dorex2007 ($1.81 in chips) 
Seat 6: yomurry ($6.13 in chips) 
Seat 7: Dr.GregoryB ($2.06 in chips) 
Seat 8: Lagval ($1.93 in chips) 
Seat 9: igooorc ($1.19 in chips) 
Dorex2007: posts small blind $0.01
yomurry: posts big blind $0.02
allofyx: posts small & big blinds $0.03
*** HOLE CARDS ***
Dealt to Dorex2007 [3d 3s]
Dr.GregoryB: folds 
Lagval: folds 
igooorc: folds 
2040800: folds 
allofyx: checks 
borkeremz: folds 
Dorex2007: calls $0.01
yomurry: checks 
*** FLOP *** [Kh 6s 4h]
Dorex2007: checks 
yomurry: checks 
allofyx: checks 
*** TURN *** [Kh 6s 4h] [6d]
Dorex2007: bets $0.07
yomurry has timed out
yomurry: folds 
allofyx: folds 
Uncalled bet ($0.07) returned to Dorex2007
Dorex2007 collected $0.07 from pot
Dorex2007: doesn't show hand 
*** SUMMARY ***
Total pot $0.07 | Rake $0 
Board [Kh 6s 4h 6d]
Seat 1: 2040800 folded before Flop (didn't bet)
Seat 3: allofyx folded on the Turn (didn't bet)
Seat 4: borkeremz (button) folded before Flop (didn't bet)
Seat 5: Dorex2007 (small blind) collected ($0.07)
Seat 6: yomurry (big blind) folded on the Turn
Seat 7: Dr.GregoryB folded before Flop (didn't bet)
Seat 8: Lagval folded before Flop (didn't bet)
Seat 9: igooorc folded before Flop (didn't bet)



PokerStars Hand #223793786383:  Hold'em No Limit ($0.01/$0.02 USD) - 2021/02/14 0:00:16 PT [2021/02/14 3:00:16 ET]
Table 'Chrysothemis V' 9-max Seat #5 is the button
Seat 1: 2040800 ($1.31 in chips) 
Seat 2: sanwarahmed316 ($3.93 in chips) 
Seat 3: allofyx ($4.59 in chips) 
Seat 4: borkeremz ($2.20 in chips) 
Seat 5: Dorex2007 ($1.86 in chips) 
Seat 7: Dr.GregoryB ($2.06 in chips) 
Seat 8: Lagval ($1.93 in chips) 
Seat 9: igooorc ($1.19 in chips) 
Dr.GregoryB: posts small blind $0.01
Lagval: posts big blind $0.02
*** HOLE CARDS ***
Dealt to Dorex2007 [Tc Qd]
igooorc: folds 
2040800: folds 
sanwarahmed316: folds 
allofyx: folds 
borkeremz: raises $0.03 to $0.05
Dorex2007: calls $0.05
Dr.GregoryB: folds 
Lagval: folds 
*** FLOP *** [8h 7c 3h]
borkeremz: bets $0.10
Dorex2007: folds 
Uncalled bet ($0.10) returned to borkeremz
borkeremz collected $0.13 from pot
borkeremz: doesn't show hand 
*** SUMMARY ***
Total pot $0.13 | Rake $0 
Board [8h 7c 3h]
Seat 1: 2040800 folded before Flop (didn't bet)
Seat 2: sanwarahmed316 folded before Flop (didn't bet)
Seat 3: allofyx folded before Flop (didn't bet)
Seat 4: borkeremz collected ($0.13)
Seat 5: Dorex2007 (button) folded on the Flop
Seat 7: Dr.GregoryB (small blind) folded before Flop
Seat 8: Lagval (big blind) folded before Flop
Seat 9: igooorc folded before Flop (didn't bet)



PokerStars Hand #223793794323:  Hold'em No Limit ($0.01/$0.02 USD) - 2021/02/14 0:00:53 PT [2021/02/14 3:00:53 ET]
Table 'Chrysothemis V' 9-max Seat #7 is the button
Seat 1: 2040800 ($1.31 in chips) 
Seat 2: sanwarahmed316 ($3.93 in chips) 
Seat 3: allofyx ($4.59 in chips) 
Seat 4: borkeremz ($2.28 in chips) 
Seat 5: Dorex2007 ($1.81 in chips) 
Seat 7: Dr.GregoryB ($2.05 in chips) 
Seat 8: Lagval ($1.91 in chips) 
Seat 9: igooorc ($1.19 in chips) 
Lagval: posts small blind $0.01
igooorc: posts big blind $0.02
*** HOLE CARDS ***
Dealt to Dorex2007 [7c 3d]
2040800: folds 
sanwarahmed316: folds 
allofyx: folds 
2040800 leaves the table
borkeremz: raises $0.03 to $0.05
Dorex2007: folds 
Dr.GregoryB: calls $0.05
novoxopersk joins the table at seat #1 
Lagval: folds 
igooorc: folds 
*** FLOP *** [2h 7s 2s]
borkeremz: bets $0.08
Dr.GregoryB: folds 
Uncalled bet ($0.08) returned to borkeremz
borkeremz collected $0.13 from pot
borkeremz: doesn't show hand 
*** SUMMARY ***
Total pot $0.13 | Rake $0 
Board [2h 7s 2s]
Seat 1: 2040800 folded before Flop (didn't bet)
Seat 2: sanwarahmed316 folded before Flop (didn't bet)
Seat 3: allofyx folded before Flop (didn't bet)
Seat 4: borkeremz collected ($0.13)
Seat 5: Dorex2007 folded before Flop (didn't bet)
Seat 7: Dr.GregoryB (button) folded on the Flop
Seat 8: Lagval (small blind) folded before Flop
Seat 9: igooorc (big blind) folded before Flop



PokerStars Hand #223793809215:  Hold'em No Limit ($0.01/$0.02 USD) - 2021/02/14 0:01:59 PT [2021/02/14 3:01:59 ET]
Table 'Chrysothemis V' 9-max Seat #8 is the button
Seat 1: novoxopersk ($1.60 in chips) 
Seat 2: sanwarahmed316 ($3.93 in chips) 
Seat 3: allofyx ($4.59 in chips) 
Seat 4: borkeremz ($2.36 in chips) 
Seat 5: Dorex2007 ($1.81 in chips) 
Seat 7: Dr.GregoryB ($2 in chips) 
Seat 8: Lagval ($1.90 in chips) 
Seat 9: igooorc ($1.17 in chips) 
igooorc: posts small blind $0.01
novoxopersk: posts big blind $0.02
*** HOLE CARDS ***
Dealt to Dorex2007 [Kc 9s]
sanwarahmed316 has timed out
sanwarahmed316: folds 
allofyx: folds 
borkeremz: folds 
Dorex2007: folds 
Dr.GregoryB: folds 
Lagval: folds 
igooorc: folds 
Uncalled bet ($0.01) returned to novoxopersk
novoxopersk collected $0.02 from pot
novoxopersk: doesn't show hand 
*** SUMMARY ***
Total pot $0.02 | Rake $0 
Seat 1: novoxopersk (big blind) collected ($0.02)
Seat 2: sanwarahmed316 folded before Flop (didn't bet)
Seat 3: allofyx folded before Flop (didn't bet)
Seat 4: borkeremz folded before Flop (didn't bet)
Seat 5: Dorex2007 folded before Flop (didn't bet)
Seat 7: Dr.GregoryB folded before Flop (didn't bet)
Seat 8: Lagval (button) folded before Flop (didn't bet)
Seat 9: igooorc (small blind) folded before Flop



PokerStars Hand #223793814633:  Hold'em No Limit ($0.01/$0.02 USD) - 2021/02/14 0:02:23 PT [2021/02/14 3:02:23 ET]
Table 'Chrysothemis V' 9-max Seat #9 is the button
Seat 1: novoxopersk ($1.61 in chips) 
Seat 3: allofyx ($4.59 in chips) 
Seat 4: borkeremz ($2.36 in chips) 
Seat 5: Dorex2007 ($1.81 in chips) 
Seat 7: Dr.GregoryB ($2 in chips) 
Seat 8: Lagval ($1.90 in chips) 
Seat 9: igooorc ($1.16 in chips) 
novoxopersk: posts small blind $0.01
allofyx: posts big blind $0.02
*** HOLE CARDS ***
Dealt to Dorex2007 [9s 8s]
borkeremz: folds 
Dorex2007: calls $0.02
Dr.GregoryB: calls $0.02
Lagval: folds 
igooorc: folds 
novoxopersk: calls $0.01
allofyx: checks 
*** FLOP *** [Ks 6c Kc]
novoxopersk: checks 
allofyx: checks 
Dorex2007: checks 
Dr.GregoryB: bets $0.02
novoxopersk: calls $0.02
allofyx: calls $0.02
Dorex2007: folds 
*** TURN *** [Ks 6c Kc] [Tc]
novoxopersk: checks 
allofyx: checks 
Dr.GregoryB: bets $0.11
novoxopersk: folds 
allofyx: folds 
Uncalled bet ($0.11) returned to Dr.GregoryB
Dr.GregoryB collected $0.14 from pot
*** SUMMARY ***
Total pot $0.14 | Rake $0 
Board [Ks 6c Kc Tc]
Seat 1: novoxopersk (small blind) folded on the Turn
Seat 3: allofyx (big blind) folded on the Turn
Seat 4: borkeremz folded before Flop (didn't bet)
Seat 5: Dorex2007 folded on the Flop
Seat 7: Dr.GregoryB collected ($0.14)
Seat 8: Lagval folded before Flop (didn't bet)
Seat 9: igooorc (button) folded before Flop (didn't bet)



PokerStars Hand #223793829842:  Hold'em No Limit ($0.01/$0.02 USD) - 2021/02/14 0:03:29 PT [2021/02/14 3:03:29 ET]
Table 'Chrysothemis V' 9-max Seat #1 is the button
Seat 1: novoxopersk ($1.57 in chips) 
Seat 3: allofyx ($4.55 in chips) 
Seat 4: borkeremz ($2.36 in chips) 
Seat 5: Dorex2007 ($1.79 in chips) 
Seat 7: Dr.GregoryB ($2.10 in chips) 
Seat 8: Lagval ($1.90 in chips) 
Seat 9: igooorc ($1.16 in chips) 
allofyx: posts small blind $0.01
borkeremz: posts big blind $0.02
yomurry: sits out 
*** HOLE CARDS ***
Dealt to Dorex2007 [9c Jc]
Dorex2007: calls $0.02
Dr.GregoryB: calls $0.02
Lagval: folds 
igooorc: folds 
novoxopersk: folds 
allofyx: calls $0.01
borkeremz: checks 
*** FLOP *** [Td 7d Th]
allofyx: checks 
borkeremz: bets $0.03
Dorex2007: calls $0.03
Dr.GregoryB: calls $0.03
allofyx: folds 
*** TURN *** [Td 7d Th] [6c]
borkeremz: bets $0.06
Dorex2007: raises $0.28 to $0.34
Dr.GregoryB: folds 
borkeremz: calls $0.28
*** RIVER *** [Td 7d Th 6c] [2s]
borkeremz: checks 
Dorex2007: checks 
*** SHOW DOWN ***
borkeremz: shows [3h Ts] (three of a kind, Tens)
Dorex2007: mucks hand 
borkeremz collected $0.82 from pot
*** SUMMARY ***
Total pot $0.85 | Rake $0.03 
Board [Td 7d Th 6c 2s]
Seat 1: novoxopersk (button) folded before Flop (didn't bet)
Seat 3: allofyx (small blind) folded on the Flop
Seat 4: borkeremz (big blind) showed [3h Ts] and won ($0.82) with three of a kind, Tens
Seat 5: Dorex2007 mucked [9c Jc]
Seat 7: Dr.GregoryB folded on the Turn
Seat 8: Lagval folded before Flop (didn't bet)
Seat 9: igooorc folded before Flop (didn't bet)



PokerStars Hand #223793848992:  Hold'em No Limit ($0.01/$0.02 USD) - 2021/02/14 0:04:52 PT [2021/02/14 3:04:52 ET]
Table 'Chrysothemis V' 9-max Seat #3 is the button
Seat 1: novoxopersk ($1.57 in chips) 
Seat 3: allofyx ($4.53 in chips) 
Seat 4: borkeremz ($2.79 in chips) 
Seat 5: Dorex2007 ($1.40 in chips) 
Seat 7: Dr.GregoryB ($2.05 in chips) 
Seat 8: Lagval ($1.90 in chips) 
Seat 9: igooorc ($1.16 in chips) 
borkeremz: posts small blind $0.01
Dorex2007: posts big blind $0.02
yomurry: sits out 
*** HOLE CARDS ***
Dealt to Dorex2007 [As Ad]
Dr.GregoryB: folds 
Lagval: folds 
igooorc: folds 
novoxopersk: calls $0.02
allofyx: calls $0.02
borkeremz: calls $0.01
Dorex2007: raises $0.04 to $0.06
novoxopersk: calls $0.04
allofyx: calls $0.04
borkeremz: calls $0.04
*** FLOP *** [Kc 4c 3c]
borkeremz: checks 
Dorex2007: bets $0.23
novoxopersk: folds 
allofyx: calls $0.23
borkeremz: folds 
*** TURN *** [Kc 4c 3c] [3h]
Dorex2007: checks 
allofyx: checks 
*** RIVER *** [Kc 4c 3c 3h] [Ts]
Dorex2007: checks 
allofyx: checks 
*** SHOW DOWN ***
Dorex2007: shows [As Ad] (two pair, Aces and Threes)
allofyx: mucks hand 
Dorex2007 collected $0.68 from pot
*** SUMMARY ***
Total pot $0.70 | Rake $0.02 
Board [Kc 4c 3c 3h Ts]
Seat 1: novoxopersk folded on the Flop
Seat 3: allofyx (button) mucked [5d 6s]
Seat 4: borkeremz (small blind) folded on the Flop
Seat 5: Dorex2007 (big blind) showed [As Ad] and won ($0.68) with two pair, Aces and Threes
Seat 7: Dr.GregoryB folded before Flop (didn't bet)
Seat 8: Lagval folded before Flop (didn't bet)
Seat 9: igooorc folded before Flop (didn't bet)



PokerStars Hand #223793863504:  Hold'em No Limit ($0.01/$0.02 USD) - 2021/02/14 0:05:55 PT [2021/02/14 3:05:55 ET]
Table 'Chrysothemis V' 9-max Seat #4 is the button
Seat 1: novoxopersk ($1.51 in chips) 
Seat 3: allofyx ($4.24 in chips) 
Seat 4: borkeremz ($2.73 in chips) 
Seat 5: Dorex2007 ($1.79 in chips) 
Seat 6: yomurry ($6.11 in chips) 
Seat 7: Dr.GregoryB ($2.05 in chips) 
Seat 8: Lagval ($1.90 in chips) 
Seat 9: igooorc ($1.16 in chips) 
Dorex2007: posts small blind $0.01
yomurry: posts big blind $0.02
*** HOLE CARDS ***
Dealt to Dorex2007 [2d Qd]
Dr.GregoryB: folds 
Lagval: folds 
igooorc: folds 
novoxopersk: calls $0.02
allofyx: calls $0.02
borkeremz: calls $0.02
Dorex2007: folds 
yomurry: checks 
*** FLOP *** [6h 7d 7s]
yomurry: checks 
novoxopersk: checks 
allofyx: checks 
borkeremz: checks 
*** TURN *** [6h 7d 7s] [9h]
yomurry: checks 
novoxopersk: checks 
allofyx: checks 
borkeremz: bets $0.04
yomurry: folds 
novoxopersk: calls $0.04
allofyx: folds 
*** RIVER *** [6h 7d 7s 9h] [As]
novoxopersk: checks 
borkeremz: checks 
*** SHOW DOWN ***
novoxopersk: shows [3s Ts] (a pair of Sevens)
borkeremz: shows [6s Qs] (two pair, Sevens and Sixes)
borkeremz collected $0.16 from pot
*** SUMMARY ***
Total pot $0.17 | Rake $0.01 
Board [6h 7d 7s 9h As]
Seat 1: novoxopersk showed [3s Ts] and lost with a pair of Sevens
Seat 3: allofyx folded on the Turn
Seat 4: borkeremz (button) showed [6s Qs] and won ($0.16) with two pair, Sevens and Sixes
Seat 5: Dorex2007 (small blind) folded before Flop
Seat 6: yomurry (big blind) folded on the Turn
Seat 7: Dr.GregoryB folded before Flop (didn't bet)
Seat 8: Lagval folded before Flop (didn't bet)
Seat 9: igooorc folded before Flop (didn't bet)



PokerStars Hand #223793879057:  Hold'em No Limit ($0.01/$0.02 USD) - 2021/02/14 0:07:03 PT [2021/02/14 3:07:03 ET]
Table 'Chrysothemis V' 9-max Seat #5 is the button
Seat 1: novoxopersk ($1.45 in chips) 
Seat 3: allofyx ($4.22 in chips) 
Seat 4: borkeremz ($2.83 in chips) 
Seat 5: Dorex2007 ($1.78 in chips) 
Seat 6: yomurry ($6.09 in chips) 
Seat 7: Dr.GregoryB ($2.05 in chips) 
Seat 8: Lagval ($1.90 in chips) 
Seat 9: igooorc ($1.16 in chips) 
yomurry: posts small blind $0.01
Dr.GregoryB: posts big blind $0.02
*** HOLE CARDS ***
Dealt to Dorex2007 [Qc Ad]
Lagval: folds 
igooorc: folds 
novoxopersk: calls $0.02
allofyx: folds 
Lagval leaves the table
borkeremz: calls $0.02
Dorex2007: raises $0.08 to $0.10
yomurry: folds 
pinachet77 joins the table at seat #8 
Dr.GregoryB: folds 
novoxopersk: calls $0.08
borkeremz: calls $0.08
*** FLOP *** [5s 4c 5h]
pinachet77 leaves the table
novoxopersk: checks 
borkeremz: checks 
igooorc leaves the table
Dorex2007: bets $0.16
s_nami_bog38 joins the table at seat #8 
novoxopersk: calls $0.16
borkeremz: folds 
*** TURN *** [5s 4c 5h] [6s]
novoxopersk: checks 
Dorex2007: checks 
*** RIVER *** [5s 4c 5h 6s] [Kc]
Cozy012 joins the table at seat #9 
novoxopersk: checks 
Dorex2007: bets $0.32
novoxopersk: folds 
Uncalled bet ($0.32) returned to Dorex2007
Dorex2007 collected $0.63 from pot
Dorex2007: doesn't show hand 
*** SUMMARY ***
Total pot $0.65 | Rake $0.02 
Board [5s 4c 5h 6s Kc]
Seat 1: novoxopersk folded on the River
Seat 3: allofyx folded before Flop (didn't bet)
Seat 4: borkeremz folded on the Flop
Seat 5: Dorex2007 (button) collected ($0.63)
Seat 6: yomurry (small blind) folded before Flop
Seat 7: Dr.GregoryB (big blind) folded before Flop
Seat 8: Lagval folded before Flop (didn't bet)
Seat 9: igooorc folded before Flop (didn't bet)



PokerStars Hand #223793894448:  Hold'em No Limit ($0.01/$0.02 USD) - 2021/02/14 0:08:10 PT [2021/02/14 3:08:10 ET]
Table 'Chrysothemis V' 9-max Seat #6 is the button
Seat 1: novoxopersk ($1.19 in chips) 
Seat 3: allofyx ($4.22 in chips) 
Seat 4: borkeremz ($2.73 in chips) 
Seat 5: Dorex2007 ($2.15 in chips) 
Seat 6: yomurry ($6.08 in chips) 
Seat 7: Dr.GregoryB ($2.03 in chips) 
Seat 8: s_nami_bog38 ($1.20 in chips) 
Seat 9: Cozy012 ($1.60 in chips) 
Dr.GregoryB: posts small blind $0.01
s_nami_bog38: posts big blind $0.02
Cozy012: posts big blind $0.02
*** HOLE CARDS ***
Dealt to Dorex2007 [6c Td]
Cozy012: checks 
novoxopersk: calls $0.02
allofyx: folds 
borkeremz: folds 
Dorex2007: folds 
yomurry: folds 
Dr.GregoryB: calls $0.01
s_nami_bog38: checks 
*** FLOP *** [7d 2s 9d]
Dr.GregoryB: checks 
s_nami_bog38: checks 
Cozy012: checks 
novoxopersk: checks 
*** TURN *** [7d 2s 9d] [Ah]
Dr.GregoryB: bets $0.04
s_nami_bog38: folds 
Cozy012: folds 
novoxopersk: folds 
Uncalled bet ($0.04) returned to Dr.GregoryB
Dr.GregoryB collected $0.08 from pot
Dr.GregoryB: doesn't show hand 
*** SUMMARY ***
Total pot $0.08 | Rake $0 
Board [7d 2s 9d Ah]
Seat 1: novoxopersk folded on the Turn
Seat 3: allofyx folded before Flop (didn't bet)
Seat 4: borkeremz folded before Flop (didn't bet)
Seat 5: Dorex2007 folded before Flop (didn't bet)
Seat 6: yomurry (button) folded before Flop (didn't bet)
Seat 7: Dr.GregoryB (small blind) collected ($0.08)
Seat 8: s_nami_bog38 (big blind) folded on the Turn
Seat 9: Cozy012 folded on the Turn (didn't bet)



PokerStars Hand #223793904415:  Hold'em No Limit ($0.01/$0.02 USD) - 2021/02/14 0:08:53 PT [2021/02/14 3:08:53 ET]
Table 'Chrysothemis V' 9-max Seat #7 is the button
Seat 1: novoxopersk ($1.17 in chips) 
Seat 3: allofyx ($4.22 in chips) 
Seat 4: borkeremz ($2.73 in chips) 
Seat 5: Dorex2007 ($2.15 in chips) 
Seat 6: yomurry ($6.08 in chips) 
Seat 7: Dr.GregoryB ($2.09 in chips) 
Seat 8: s_nami_bog38 ($1.18 in chips) 
Seat 9: Cozy012 ($1.58 in chips) 
s_nami_bog38: posts small blind $0.01
Cozy012: posts big blind $0.02
*** HOLE CARDS ***
Dealt to Dorex2007 [8s Kc]
novoxopersk: calls $0.02
allofyx: folds 
borkeremz: raises $0.07 to $0.09
Dorex2007: folds 
yomurry: calls $0.09
Dr.GregoryB: folds 
s_nami_bog38: folds 
Cozy012: folds 
novoxopersk: calls $0.07
*** FLOP *** [8c 7c 3h]
novoxopersk: checks 
borkeremz: bets $0.12
yomurry: folds 
novoxopersk: folds 
Uncalled bet ($0.12) returned to borkeremz
borkeremz collected $0.29 from pot
borkeremz: doesn't show hand 
*** SUMMARY ***
Total pot $0.30 | Rake $0.01 
Board [8c 7c 3h]
Seat 1: novoxopersk folded on the Flop
Seat 3: allofyx folded before Flop (didn't bet)
Seat 4: borkeremz collected ($0.29)
Seat 5: Dorex2007 folded before Flop (didn't bet)
Seat 6: yomurry folded on the Flop
Seat 7: Dr.GregoryB (button) folded before Flop (didn't bet)
Seat 8: s_nami_bog38 (small blind) folded before Flop
Seat 9: Cozy012 (big blind) folded before Flop



PokerStars Hand #223793913016:  Hold'em No Limit ($0.01/$0.02 USD) - 2021/02/14 0:09:30 PT [2021/02/14 3:09:30 ET]
Table 'Chrysothemis V' 9-max Seat #8 is the button
Seat 1: novoxopersk ($1.08 in chips) 
Seat 3: allofyx ($4.22 in chips) 
Seat 4: borkeremz ($2.93 in chips) 
Seat 5: Dorex2007 ($2.15 in chips) 
Seat 6: yomurry ($5.99 in chips) 
Seat 7: Dr.GregoryB ($2.09 in chips) 
Seat 8: s_nami_bog38 ($1.17 in chips) 
Seat 9: Cozy012 ($1.56 in chips) 
Cozy012: posts small blind $0.01
novoxopersk: posts big blind $0.02
*** HOLE CARDS ***
Dealt to Dorex2007 [5h As]
allofyx: calls $0.02
borkeremz: calls $0.02
Dorex2007: folds 
yomurry: folds 
Dr.GregoryB: folds 
s_nami_bog38: raises $0.04 to $0.06
Cozy012: folds 
novoxopersk: folds 
allofyx: calls $0.04
borkeremz: calls $0.04
*** FLOP *** [4h Jc Qd]
allofyx: checks 
borkeremz: bets $0.07
s_nami_bog38: calls $0.07
allofyx: calls $0.07
*** TURN *** [4h Jc Qd] [6c]
allofyx: checks 
borkeremz: bets $0.14
s_nami_bog38: folds 
allofyx: calls $0.14
*** RIVER *** [4h Jc Qd 6c] [5c]
allofyx: checks 
borkeremz: bets $0.22
allofyx: folds 
Uncalled bet ($0.22) returned to borkeremz
borkeremz collected $0.68 from pot
borkeremz: doesn't show hand 
*** SUMMARY ***
Total pot $0.70 | Rake $0.02 
Board [4h Jc Qd 6c 5c]
Seat 1: novoxopersk (big blind) folded before Flop
Seat 3: allofyx folded on the River
Seat 4: borkeremz collected ($0.68)
Seat 5: Dorex2007 folded before Flop (didn't bet)
Seat 6: yomurry folded before Flop (didn't bet)
Seat 7: Dr.GregoryB folded before Flop (didn't bet)
Seat 8: s_nami_bog38 (button) folded on the Turn
Seat 9: Cozy012 (small blind) folded before Flop



PokerStars Hand #223793932646:  Hold'em No Limit ($0.01/$0.02 USD) - 2021/02/14 0:10:55 PT [2021/02/14 3:10:55 ET]
Table 'Chrysothemis V' 9-max Seat #9 is the button
Seat 1: novoxopersk ($1.06 in chips) 
Seat 3: allofyx ($3.95 in chips) 
Seat 4: borkeremz ($3.34 in chips) 
Seat 5: Dorex2007 ($2.15 in chips) 
Seat 6: yomurry ($5.99 in chips) 
Seat 7: Dr.GregoryB ($2.09 in chips) 
Seat 8: s_nami_bog38 ($1.04 in chips) 
Seat 9: Cozy012 ($1.55 in chips) 
novoxopersk: posts small blind $0.01
allofyx: posts big blind $0.02
*** HOLE CARDS ***
Dealt to Dorex2007 [2d 4h]
borkeremz: folds 
Dorex2007: folds 
yomurry: folds 
Dr.GregoryB has timed out
Dr.GregoryB: folds 
s_nami_bog38: folds 
Cozy012: raises $0.02 to $0.04
novoxopersk: calls $0.03
allofyx: calls $0.02
*** FLOP *** [Jh Jd Qc]
novoxopersk: checks 
allofyx: checks 
Cozy012: bets $0.06
novoxopersk: calls $0.06
allofyx: calls $0.06
*** TURN *** [Jh Jd Qc] [7s]
novoxopersk: checks 
allofyx: checks 
Cozy012: checks 
*** RIVER *** [Jh Jd Qc 7s] [7d]
novoxopersk: checks 
allofyx: checks 
Cozy012: checks 
*** SHOW DOWN ***
novoxopersk: shows [9s 8s] (two pair, Jacks and Sevens)
allofyx: shows [9c Kc] (two pair, Jacks and Sevens - King kicker)
Cozy012: shows [3d Ah] (two pair, Jacks and Sevens - Ace kicker)
Cozy012 collected $0.29 from pot
*** SUMMARY ***
Total pot $0.30 | Rake $0.01 
Board [Jh Jd Qc 7s 7d]
Seat 1: novoxopersk (small blind) showed [9s 8s] and lost with two pair, Jacks and Sevens
Seat 3: allofyx (big blind) showed [9c Kc] and lost with two pair, Jacks and Sevens
Seat 4: borkeremz folded before Flop (didn't bet)
Seat 5: Dorex2007 folded before Flop (didn't bet)
Seat 6: yomurry folded before Flop (didn't bet)
Seat 7: Dr.GregoryB folded before Flop (didn't bet)
Seat 8: s_nami_bog38 folded before Flop (didn't bet)
Seat 9: Cozy012 (button) showed [3d Ah] and won ($0.29) with two pair, Jacks and Sevens



PokerStars Hand #223793948637:  Hold'em No Limit ($0.01/$0.02 USD) - 2021/02/14 0:12:04 PT [2021/02/14 3:12:04 ET]
Table 'Chrysothemis V' 9-max Seat #1 is the button
Seat 1: novoxopersk ($0.96 in chips) 
Seat 3: allofyx ($3.85 in chips) 
Seat 4: borkeremz ($3.34 in chips) 
Seat 5: Dorex2007 ($2.15 in chips) 
Seat 6: yomurry ($5.99 in chips) 
Seat 7: Dr.GregoryB ($2.09 in chips) 
Seat 8: s_nami_bog38 ($1.04 in chips) 
Seat 9: Cozy012 ($1.74 in chips) 
allofyx: posts small blind $0.01
borkeremz: posts big blind $0.02
*** HOLE CARDS ***
Dealt to Dorex2007 [Qd Qc]
Dorex2007: raises $0.06 to $0.08
yomurry: folds 
Dr.GregoryB: calls $0.08
s_nami_bog38: folds 
Cozy012: calls $0.08
novoxopersk: folds 
allofyx: folds 
borkeremz: folds 
*** FLOP *** [Qs 7h Kc]
Dorex2007: checks 
Dr.GregoryB: checks 
Cozy012: bets $0.13
Dorex2007: calls $0.13
Dr.GregoryB: folds 
*** TURN *** [Qs 7h Kc] [Jc]
Dorex2007: bets $0.51
Cozy012: calls $0.51
*** RIVER *** [Qs 7h Kc Jc] [As]
Dorex2007: checks 
Cozy012: checks 
*** SHOW DOWN ***
Dorex2007: shows [Qd Qc] (three of a kind, Queens)
Cozy012: mucks hand 
Dorex2007 collected $1.50 from pot
*** SUMMARY ***
Total pot $1.55 | Rake $0.05 
Board [Qs 7h Kc Jc As]
Seat 1: novoxopersk (button) folded before Flop (didn't bet)
Seat 3: allofyx (small blind) folded before Flop
Seat 4: borkeremz (big blind) folded before Flop
Seat 5: Dorex2007 showed [Qd Qc] and won ($1.50) with three of a kind, Queens
Seat 6: yomurry folded before Flop (didn't bet)
Seat 7: Dr.GregoryB folded on the Flop
Seat 8: s_nami_bog38 folded before Flop (didn't bet)
Seat 9: Cozy012 mucked [Jh Ks]



PokerStars Hand #223793965225:  Hold'em No Limit ($0.01/$0.02 USD) - 2021/02/14 0:13:15 PT [2021/02/14 3:13:15 ET]
Table 'Chrysothemis V' 9-max Seat #3 is the button
Seat 3: allofyx ($3.84 in chips) 
Seat 4: borkeremz ($3.32 in chips) 
Seat 5: Dorex2007 ($2.93 in chips) 
Seat 6: yomurry ($5.99 in chips) 
Seat 7: Dr.GregoryB ($2.01 in chips) 
Seat 8: s_nami_bog38 ($1.04 in chips) 
Seat 9: Cozy012 ($1.02 in chips) 
borkeremz: posts small blind $0.01
Dorex2007: posts big blind $0.02
sanwarahmed316: sits out 
*** HOLE CARDS ***
Dealt to Dorex2007 [Ac Qd]
yomurry: calls $0.02
Dr.GregoryB: raises $0.06 to $0.08
s_nami_bog38: folds 
Cozy012: folds 
allofyx: folds 
borkeremz: calls $0.07
Dorex2007: calls $0.06
yomurry: raises $0.44 to $0.52
Dr.GregoryB: calls $0.44
borkeremz: folds 
Dorex2007: folds 
*** FLOP *** [Jd 9c Qh]
yomurry: bets $0.58
Dr.GregoryB: raises $0.91 to $1.49 and is all-in
yomurry: calls $0.91
*** TURN *** [Jd 9c Qh] [Th]
*** RIVER *** [Jd 9c Qh Th] [9h]
*** SHOW DOWN ***
yomurry: shows [Tc Td] (a full house, Tens full of Nines)
Dr.GregoryB: shows [Jh Js] (a full house, Jacks full of Nines)
Dr.GregoryB collected $4.03 from pot
*** SUMMARY ***
Total pot $4.18 | Rake $0.15 
Board [Jd 9c Qh Th 9h]
Seat 3: allofyx (button) folded before Flop (didn't bet)
Seat 4: borkeremz (small blind) folded before Flop
Seat 5: Dorex2007 (big blind) folded before Flop
Seat 6: yomurry showed [Tc Td] and lost with a full house, Tens full of Nines
Seat 7: Dr.GregoryB showed [Jh Js] and won ($4.03) with a full house, Jacks full of Nines
Seat 8: s_nami_bog38 folded before Flop (didn't bet)
Seat 9: Cozy012 folded before Flop (didn't bet)



PokerStars Hand #223793978490:  Hold'em No Limit ($0.01/$0.02 USD) - 2021/02/14 0:14:12 PT [2021/02/14 3:14:12 ET]
Table 'Chrysothemis V' 9-max Seat #4 is the button
Seat 3: allofyx ($3.84 in chips) 
Seat 4: borkeremz ($3.24 in chips) 
Seat 5: Dorex2007 ($2.85 in chips) 
Seat 6: yomurry ($3.98 in chips) 
Seat 7: Dr.GregoryB ($4.03 in chips) 
Seat 8: s_nami_bog38 ($1.04 in chips) 
Seat 9: Cozy012 ($1.02 in chips) 
Dorex2007: posts small blind $0.01
yomurry: posts big blind $0.02
sanwarahmed316: sits out 
*** HOLE CARDS ***
Dealt to Dorex2007 [8c 4h]
Dr.GregoryB: raises $0.04 to $0.06
s_nami_bog38: folds 
Cozy012: folds 
allofyx: folds 
borkeremz: folds 
Dorex2007: folds 
yomurry: calls $0.04
*** FLOP *** [Ac Jd 7s]
yomurry: checks 
Dr.GregoryB: bets $0.07
yomurry: calls $0.07
*** TURN *** [Ac Jd 7s] [2c]
yomurry: checks 
Dr.GregoryB: checks 
*** RIVER *** [Ac Jd 7s 2c] [Qc]
yomurry: bets $0.13
Dr.GregoryB: calls $0.13
*** SHOW DOWN ***
yomurry: shows [Tc Jc] (a flush, Ace high)
Dr.GregoryB: mucks hand 
yomurry collected $0.51 from pot
*** SUMMARY ***
Total pot $0.53 | Rake $0.02 
Board [Ac Jd 7s 2c Qc]
Seat 3: allofyx folded before Flop (didn't bet)
Seat 4: borkeremz (button) folded before Flop (didn't bet)
Seat 5: Dorex2007 (small blind) folded before Flop
Seat 6: yomurry (big blind) showed [Tc Jc] and won ($0.51) with a flush, Ace high
Seat 7: Dr.GregoryB mucked [Kc Qh]
Seat 8: s_nami_bog38 folded before Flop (didn't bet)
Seat 9: Cozy012 folded before Flop (didn't bet)



PokerStars Hand #223793987848:  Hold'em No Limit ($0.01/$0.02 USD) - 2021/02/14 0:14:53 PT [2021/02/14 3:14:53 ET]
Table 'Chrysothemis V' 9-max Seat #5 is the button
Seat 3: allofyx ($3.84 in chips) 
Seat 4: borkeremz ($3.24 in chips) 
Seat 5: Dorex2007 ($2.84 in chips) 
Seat 6: yomurry ($4.23 in chips) 
Seat 7: Dr.GregoryB ($3.77 in chips) 
Seat 8: s_nami_bog38 ($1.04 in chips) 
Seat 9: Cozy012 ($1.02 in chips) 
yomurry: posts small blind $0.01
Dr.GregoryB: posts big blind $0.02
sanwarahmed316: sits out 
*** HOLE CARDS ***
Dealt to Dorex2007 [Ah 8h]
s_nami_bog38: folds 
Cozy012: raises $0.02 to $0.04
allofyx: raises $0.11 to $0.15
borkeremz: folds 
Dorex2007: folds 
yomurry: folds 
Dr.GregoryB: folds 
Cozy012: calls $0.11
*** FLOP *** [As Th 6h]
Cozy012: checks 
allofyx: checks 
*** TURN *** [As Th 6h] [Qs]
Cozy012: checks 
allofyx: bets $0.16
Cozy012: folds 
Uncalled bet ($0.16) returned to allofyx
allofyx collected $0.32 from pot
allofyx: doesn't show hand 
*** SUMMARY ***
Total pot $0.33 | Rake $0.01 
Board [As Th 6h Qs]
Seat 3: allofyx collected ($0.32)
Seat 4: borkeremz folded before Flop (didn't bet)
Seat 5: Dorex2007 (button) folded before Flop (didn't bet)
Seat 6: yomurry (small blind) folded before Flop
Seat 7: Dr.GregoryB (big blind) folded before Flop
Seat 8: s_nami_bog38 folded before Flop (didn't bet)
Seat 9: Cozy012 folded on the Turn



PokerStars Hand #223793995578:  Hold'em No Limit ($0.01/$0.02 USD) - 2021/02/14 0:15:25 PT [2021/02/14 3:15:25 ET]
Table 'Chrysothemis V' 9-max Seat #6 is the button
Seat 3: allofyx ($4.01 in chips) 
Seat 4: borkeremz ($3.24 in chips) 
Seat 5: Dorex2007 ($2.84 in chips) 
Seat 6: yomurry ($4.22 in chips) 
Seat 7: Dr.GregoryB ($3.75 in chips) 
Seat 8: s_nami_bog38 ($1.04 in chips) 
Seat 9: Cozy012 ($0.87 in chips) 
Dr.GregoryB: posts small blind $0.01
s_nami_bog38: posts big blind $0.02
sanwarahmed316: sits out 
*** HOLE CARDS ***
Dealt to Dorex2007 [8d 6c]
Cozy012: folds 
allofyx: folds 
borkeremz: folds 
Dorex2007: folds 
yomurry: raises $0.07 to $0.09
Dr.GregoryB: folds 
s_nami_bog38: folds 
Uncalled bet ($0.07) returned to yomurry
yomurry collected $0.05 from pot
yomurry: doesn't show hand 
*** SUMMARY ***
Total pot $0.05 | Rake $0 
Seat 3: allofyx folded before Flop (didn't bet)
Seat 4: borkeremz folded before Flop (didn't bet)
Seat 5: Dorex2007 folded before Flop (didn't bet)
Seat 6: yomurry (button) collected ($0.05)
Seat 7: Dr.GregoryB (small blind) folded before Flop
Seat 8: s_nami_bog38 (big blind) folded before Flop
Seat 9: Cozy012 folded before Flop (didn't bet)



PokerStars Hand #223794000184:  Hold'em No Limit ($0.01/$0.02 USD) - 2021/02/14 0:15:45 PT [2021/02/14 3:15:45 ET]
Table 'Chrysothemis V' 9-max Seat #7 is the button
Seat 3: allofyx ($4.01 in chips) 
Seat 4: borkeremz ($3.24 in chips) 
Seat 5: Dorex2007 ($2.84 in chips) 
Seat 6: yomurry ($4.25 in chips) 
Seat 7: Dr.GregoryB ($3.74 in chips) 
Seat 8: s_nami_bog38 ($1.02 in chips) 
Seat 9: Cozy012 ($0.87 in chips) 
s_nami_bog38: posts small blind $0.01
Cozy012: posts big blind $0.02
sanwarahmed316: sits out 
*** HOLE CARDS ***
Dealt to Dorex2007 [5c Jh]
allofyx: calls $0.02
borkeremz: folds 
Dorex2007: folds 
yomurry: folds 
Dr.GregoryB: folds 
s_nami_bog38: folds 
Cozy012: checks 
*** FLOP *** [Qh 8d 5s]
Cozy012: checks 
allofyx: checks 
*** TURN *** [Qh 8d 5s] [7c]
Cozy012: checks 
allofyx: checks 
*** RIVER *** [Qh 8d 5s 7c] [Jd]
Cozy012: checks 
allofyx: checks 
*** SHOW DOWN ***
Cozy012: shows [9d 3c] (high card Queen)
allofyx: shows [Kh 9h] (high card King)
allofyx collected $0.05 from pot
*** SUMMARY ***
Total pot $0.05 | Rake $0 
Board [Qh 8d 5s 7c Jd]
Seat 3: allofyx showed [Kh 9h] and won ($0.05) with high card King
Seat 4: borkeremz folded before Flop (didn't bet)
Seat 5: Dorex2007 folded before Flop (didn't bet)
Seat 6: yomurry folded before Flop (didn't bet)
Seat 7: Dr.GregoryB (button) folded before Flop (didn't bet)
Seat 8: s_nami_bog38 (small blind) folded before Flop
Seat 9: Cozy012 (big blind) showed [9d 3c] and lost with high card Queen



PokerStars Hand #223794006985:  Hold'em No Limit ($0.01/$0.02 USD) - 2021/02/14 0:16:14 PT [2021/02/14 3:16:14 ET]
Table 'Chrysothemis V' 9-max Seat #8 is the button
Seat 2: sanwarahmed316 ($3.93 in chips) 
Seat 3: allofyx ($4.04 in chips) 
Seat 4: borkeremz ($3.24 in chips) 
Seat 5: Dorex2007 ($2.84 in chips) 
Seat 6: yomurry ($4.25 in chips) 
Seat 7: Dr.GregoryB ($3.74 in chips) 
Seat 8: s_nami_bog38 ($1.01 in chips) 
Seat 9: Cozy012 ($0.85 in chips) 
Cozy012: posts small blind $0.01
sanwarahmed316: posts big blind $0.02
*** HOLE CARDS ***
Dealt to Dorex2007 [4h 9c]
allofyx: folds 
borkeremz: folds 
Dorex2007: folds 
yomurry: folds 
Dr.GregoryB: folds 
s_nami_bog38: folds 
Cozy012: folds 
Uncalled bet ($0.01) returned to sanwarahmed316
sanwarahmed316 collected $0.02 from pot
sanwarahmed316: doesn't show hand 
*** SUMMARY ***
Total pot $0.02 | Rake $0 
Seat 2: sanwarahmed316 (big blind) collected ($0.02)
Seat 3: allofyx folded before Flop (didn't bet)
Seat 4: borkeremz folded before Flop (didn't bet)
Seat 5: Dorex2007 folded before Flop (didn't bet)
Seat 6: yomurry folded before Flop (didn't bet)
Seat 7: Dr.GregoryB folded before Flop (didn't bet)
Seat 8: s_nami_bog38 (button) folded before Flop (didn't bet)
Seat 9: Cozy012 (small blind) folded before Flop



PokerStars Hand #223794011678:  Hold'em No Limit ($0.01/$0.02 USD) - 2021/02/14 0:16:34 PT [2021/02/14 3:16:34 ET]
Table 'Chrysothemis V' 9-max Seat #9 is the button
Seat 2: sanwarahmed316 ($3.94 in chips) 
Seat 3: allofyx ($4.04 in chips) 
Seat 4: borkeremz ($3.24 in chips) 
Seat 5: Dorex2007 ($2.84 in chips) 
Seat 6: yomurry ($4.25 in chips) 
Seat 7: Dr.GregoryB ($3.74 in chips) 
Seat 8: s_nami_bog38 ($1.01 in chips) 
Seat 9: Cozy012 ($0.84 in chips) 
sanwarahmed316: posts small blind $0.01
allofyx: posts big blind $0.02
*** HOLE CARDS ***
Dealt to Dorex2007 [5h 2c]
borkeremz: folds 
Dorex2007: folds 
yomurry: raises $0.04 to $0.06
Dr.GregoryB: folds 
s_nami_bog38: folds 
Cozy012: calls $0.06
sanwarahmed316: folds 
allofyx: calls $0.04
*** FLOP *** [Jc Qh Ah]
allofyx: checks 
yomurry: bets $0.09
Cozy012: calls $0.09
allofyx: folds 
*** TURN *** [Jc Qh Ah] [3c]
yomurry: bets $0.10
Cozy012: calls $0.10
*** RIVER *** [Jc Qh Ah 3c] [4s]
yomurry: bets $0.12
Cozy012: folds 
Uncalled bet ($0.12) returned to yomurry
yomurry collected $0.55 from pot
yomurry: doesn't show hand 
*** SUMMARY ***
Total pot $0.57 | Rake $0.02 
Board [Jc Qh Ah 3c 4s]
Seat 2: sanwarahmed316 (small blind) folded before Flop
Seat 3: allofyx (big blind) folded on the Flop
Seat 4: borkeremz folded before Flop (didn't bet)
Seat 5: Dorex2007 folded before Flop (didn't bet)
Seat 6: yomurry collected ($0.55)
Seat 7: Dr.GregoryB folded before Flop (didn't bet)
Seat 8: s_nami_bog38 folded before Flop (didn't bet)
Seat 9: Cozy012 (button) folded on the River



PokerStars Hand #223794024065:  Hold'em No Limit ($0.01/$0.02 USD) - 2021/02/14 0:17:14 PT [2021/02/14 3:17:14 ET]
Table 'Chrysothemis V' 9-max Seat #2 is the button
Seat 2: sanwarahmed316 ($3.93 in chips) 
Seat 3: allofyx ($3.98 in chips) 
Seat 4: borkeremz ($3.24 in chips) 
Seat 5: Dorex2007 ($2.84 in chips) 
Seat 6: yomurry ($4.55 in chips) 
Seat 7: Dr.GregoryB ($3.74 in chips) 
Seat 8: s_nami_bog38 ($1.01 in chips) 
Seat 9: Cozy012 ($0.59 in chips) 
allofyx: posts small blind $0.01
borkeremz: posts big blind $0.02
*** HOLE CARDS ***
Dealt to Dorex2007 [Th 5c]
Dorex2007: folds 
yomurry: folds 
Dr.GregoryB: folds 
s_nami_bog38: folds 
Cozy012: raises $0.02 to $0.04
sanwarahmed316: folds 
allofyx: calls $0.03
borkeremz: calls $0.02
*** FLOP *** [3d 9s 3h]
allofyx: checks 
borkeremz: bets $0.09
Cozy012: folds 
allofyx: folds 
Uncalled bet ($0.09) returned to borkeremz
borkeremz collected $0.12 from pot
borkeremz: doesn't show hand 
*** SUMMARY ***
Total pot $0.12 | Rake $0 
Board [3d 9s 3h]
Seat 2: sanwarahmed316 (button) folded before Flop (didn't bet)
Seat 3: allofyx (small blind) folded on the Flop
Seat 4: borkeremz (big blind) collected ($0.12)
Seat 5: Dorex2007 folded before Flop (didn't bet)
Seat 6: yomurry folded before Flop (didn't bet)
Seat 7: Dr.GregoryB folded before Flop (didn't bet)
Seat 8: s_nami_bog38 folded before Flop (didn't bet)
Seat 9: Cozy012 folded on the Flop



PokerStars Hand #223794031479:  Hold'em No Limit ($0.01/$0.02 USD) - 2021/02/14 0:17:46 PT [2021/02/14 3:17:46 ET]
Table 'Chrysothemis V' 9-max Seat #3 is the button
Seat 2: sanwarahmed316 ($3.93 in chips) 
Seat 3: allofyx ($3.94 in chips) 
Seat 4: borkeremz ($3.32 in chips) 
Seat 5: Dorex2007 ($2.84 in chips) 
Seat 6: yomurry ($4.55 in chips) 
Seat 7: Dr.GregoryB ($3.74 in chips) 
Seat 8: s_nami_bog38 ($1.01 in chips) 
Seat 9: Cozy012 ($0.55 in chips) 
borkeremz: posts small blind $0.01
Dorex2007: posts big blind $0.02
*** HOLE CARDS ***
Dealt to Dorex2007 [8c Tc]
yomurry: folds 
Dr.GregoryB: raises $0.04 to $0.06
s_nami_bog38: raises $0.10 to $0.16
Cozy012: folds 
sanwarahmed316: folds 
allofyx: folds 
borkeremz: folds 
Dorex2007: folds 
Dr.GregoryB: calls $0.10
*** FLOP *** [Js 5h 7c]
Dr.GregoryB: checks 
s_nami_bog38: bets $0.24
Dr.GregoryB: folds 
Uncalled bet ($0.24) returned to s_nami_bog38
s_nami_bog38 collected $0.34 from pot
s_nami_bog38: doesn't show hand 
*** SUMMARY ***
Total pot $0.35 | Rake $0.01 
Board [Js 5h 7c]
Seat 2: sanwarahmed316 folded before Flop (didn't bet)
Seat 3: allofyx (button) folded before Flop (didn't bet)
Seat 4: borkeremz (small blind) folded before Flop
Seat 5: Dorex2007 (big blind) folded before Flop
Seat 6: yomurry folded before Flop (didn't bet)
Seat 7: Dr.GregoryB folded on the Flop
Seat 8: s_nami_bog38 collected ($0.34)
Seat 9: Cozy012 folded before Flop (didn't bet)



PokerStars Hand #223794040728:  Hold'em No Limit ($0.01/$0.02 USD) - 2021/02/14 0:18:25 PT [2021/02/14 3:18:25 ET]
Table 'Chrysothemis V' 9-max Seat #4 is the button
Seat 2: sanwarahmed316 ($3.93 in chips) 
Seat 3: allofyx ($3.94 in chips) 
Seat 4: borkeremz ($3.31 in chips) 
Seat 5: Dorex2007 ($2.82 in chips) 
Seat 6: yomurry ($4.55 in chips) 
Seat 7: Dr.GregoryB ($3.58 in chips) 
Seat 8: s_nami_bog38 ($1.19 in chips) 
Seat 9: Cozy012 ($0.55 in chips) 
Dorex2007: posts small blind $0.01
yomurry: posts big blind $0.02
*** HOLE CARDS ***
Dealt to Dorex2007 [Kd Tc]
Dr.GregoryB: folds 
s_nami_bog38: folds 
Cozy012: folds 
sanwarahmed316: folds 
allofyx: folds 
borkeremz: raises $0.05 to $0.07
Dorex2007: folds 
yomurry: calls $0.05
*** FLOP *** [5h 3d 2h]
yomurry: bets $0.07
borkeremz: raises $0.21 to $0.28
yomurry: calls $0.21
*** TURN *** [5h 3d 2h] [3s]
yomurry: bets $0.34
borkeremz: calls $0.34
*** RIVER *** [5h 3d 2h 3s] [Ad]
yomurry: bets $0.36
borkeremz: calls $0.36
*** SHOW DOWN ***
yomurry: shows [6s 6h] (two pair, Sixes and Threes)
borkeremz: shows [As 5s] (two pair, Aces and Fives)
borkeremz collected $2.04 from pot
*** SUMMARY ***
Total pot $2.11 | Rake $0.07 
Board [5h 3d 2h 3s Ad]
Seat 2: sanwarahmed316 folded before Flop (didn't bet)
Seat 3: allofyx folded before Flop (didn't bet)
Seat 4: borkeremz (button) showed [As 5s] and won ($2.04) with two pair, Aces and Fives
Seat 5: Dorex2007 (small blind) folded before Flop
Seat 6: yomurry (big blind) showed [6s 6h] and lost with two pair, Sixes and Threes
Seat 7: Dr.GregoryB folded before Flop (didn't bet)
Seat 8: s_nami_bog38 folded before Flop (didn't bet)
Seat 9: Cozy012 folded before Flop (didn't bet)



PokerStars Hand #223794050499:  Hold'em No Limit ($0.01/$0.02 USD) - 2021/02/14 0:19:07 PT [2021/02/14 3:19:07 ET]
Table 'Chrysothemis V' 9-max Seat #5 is the button
Seat 2: sanwarahmed316 ($3.93 in chips) 
Seat 3: allofyx ($3.94 in chips) 
Seat 4: borkeremz ($4.30 in chips) 
Seat 5: Dorex2007 ($2.81 in chips) 
Seat 6: yomurry ($3.50 in chips) 
Seat 7: Dr.GregoryB ($3.58 in chips) 
Seat 8: s_nami_bog38 ($1.19 in chips) 
Seat 9: Cozy012 ($0.55 in chips) 
yomurry: posts small blind $0.01
Dr.GregoryB: posts big blind $0.02
novoxopersk: sits out 
*** HOLE CARDS ***
Dealt to Dorex2007 [4d Js]
s_nami_bog38: folds 
Cozy012: calls $0.02
sanwarahmed316: raises $0.07 to $0.09
allofyx: folds 
borkeremz: folds 
Dorex2007: folds 
yomurry: calls $0.08
Dr.GregoryB: folds 
Cozy012: calls $0.07
*** FLOP *** [8d 3h 7h]
yomurry: checks 
Cozy012: checks 
sanwarahmed316: bets $0.09
yomurry: folds 
Cozy012: calls $0.09
*** TURN *** [8d 3h 7h] [Qc]
Cozy012: checks 
sanwarahmed316: checks 
*** RIVER *** [8d 3h 7h Qc] [Kd]
Cozy012: checks 
sanwarahmed316: checks 
*** SHOW DOWN ***
Cozy012: shows [4h 6s] (high card King)
sanwarahmed316: shows [9h 9c] (a pair of Nines)
sanwarahmed316 collected $0.45 from pot
*** SUMMARY ***
Total pot $0.47 | Rake $0.02 
Board [8d 3h 7h Qc Kd]
Seat 2: sanwarahmed316 showed [9h 9c] and won ($0.45) with a pair of Nines
Seat 3: allofyx folded before Flop (didn't bet)
Seat 4: borkeremz folded before Flop (didn't bet)
Seat 5: Dorex2007 (button) folded before Flop (didn't bet)
Seat 6: yomurry (small blind) folded on the Flop
Seat 7: Dr.GregoryB (big blind) folded before Flop
Seat 8: s_nami_bog38 folded before Flop (didn't bet)
Seat 9: Cozy012 showed [4h 6s] and lost with high card King



PokerStars Hand #223794061485:  Hold'em No Limit ($0.01/$0.02 USD) - 2021/02/14 0:19:53 PT [2021/02/14 3:19:53 ET]
Table 'Chrysothemis V' 9-max Seat #6 is the button
Seat 2: sanwarahmed316 ($4.20 in chips) 
Seat 3: allofyx ($3.94 in chips) 
Seat 4: borkeremz ($4.30 in chips) 
Seat 5: Dorex2007 ($2.81 in chips) 
Seat 6: yomurry ($3.41 in chips) 
Seat 7: Dr.GregoryB ($3.56 in chips) 
Seat 8: s_nami_bog38 ($1.19 in chips) 
Seat 9: Cozy012 ($0.37 in chips) 
Dr.GregoryB: posts small blind $0.01
s_nami_bog38: posts big blind $0.02
novoxopersk: sits out 
*** HOLE CARDS ***
Dealt to Dorex2007 [3c 6c]
Cozy012: folds 
sanwarahmed316: folds 
allofyx: calls $0.02
borkeremz: calls $0.02
Dorex2007: folds 
yomurry: folds 
Dr.GregoryB: raises $0.06 to $0.08
s_nami_bog38: folds 
allofyx: calls $0.06
borkeremz: calls $0.06
*** FLOP *** [5d Ts Jd]
Dr.GregoryB: checks 
allofyx: bets $0.13
borkeremz: folds 
Dr.GregoryB: folds 
Uncalled bet ($0.13) returned to allofyx
allofyx collected $0.25 from pot
allofyx: doesn't show hand 
*** SUMMARY ***
Total pot $0.26 | Rake $0.01 
Board [5d Ts Jd]
Seat 2: sanwarahmed316 folded before Flop (didn't bet)
Seat 3: allofyx collected ($0.25)
Seat 4: borkeremz folded on the Flop
Seat 5: Dorex2007 folded before Flop (didn't bet)
Seat 6: yomurry (button) folded before Flop (didn't bet)
Seat 7: Dr.GregoryB (small blind) folded on the Flop
Seat 8: s_nami_bog38 (big blind) folded before Flop
Seat 9: Cozy012 folded before Flop (didn't bet)



PokerStars Hand #223794072106:  Hold'em No Limit ($0.01/$0.02 USD) - 2021/02/14 0:20:38 PT [2021/02/14 3:20:38 ET]
Table 'Chrysothemis V' 9-max Seat #7 is the button
Seat 2: sanwarahmed316 ($4.20 in chips) 
Seat 3: allofyx ($4.11 in chips) 
Seat 4: borkeremz ($4.22 in chips) 
Seat 5: Dorex2007 ($2.81 in chips) 
Seat 6: yomurry ($3.41 in chips) 
Seat 7: Dr.GregoryB ($3.48 in chips) 
Seat 8: s_nami_bog38 ($1.17 in chips) 
Seat 9: Cozy012 ($0.37 in chips) 
s_nami_bog38: posts small blind $0.01
Cozy012: posts big blind $0.02
novoxopersk: sits out 
*** HOLE CARDS ***
Dealt to Dorex2007 [Jc 3d]
sanwarahmed316: folds 
allofyx: folds 
borkeremz: folds 
Dorex2007: folds 
yomurry: calls $0.02
Dr.GregoryB: raises $0.06 to $0.08
s_nami_bog38: folds 
Cozy012: folds 
yomurry: calls $0.06
*** FLOP *** [As Ah 9s]
yomurry: checks 
Dr.GregoryB: bets $0.04
yomurry: calls $0.04
*** TURN *** [As Ah 9s] [5c]
yomurry: bets $0.02
Dr.GregoryB: raises $0.10 to $0.12
yomurry: calls $0.10
*** RIVER *** [As Ah 9s 5c] [7s]
yomurry: bets $0.24
Dr.GregoryB: calls $0.24
*** SHOW DOWN ***
yomurry: shows [5s Ts] (a flush, Ace high)
Dr.GregoryB: mucks hand 
yomurry collected $0.96 from pot
*** SUMMARY ***
Total pot $0.99 | Rake $0.03 
Board [As Ah 9s 5c 7s]
Seat 2: sanwarahmed316 folded before Flop (didn't bet)
Seat 3: allofyx folded before Flop (didn't bet)
Seat 4: borkeremz folded before Flop (didn't bet)
Seat 5: Dorex2007 folded before Flop (didn't bet)
Seat 6: yomurry showed [5s Ts] and won ($0.96) with a flush, Ace high
Seat 7: Dr.GregoryB (button) mucked [Ad Td]
Seat 8: s_nami_bog38 (small blind) folded before Flop
Seat 9: Cozy012 (big blind) folded before Flop



PokerStars Hand #223794083530:  Hold'em No Limit ($0.01/$0.02 USD) - 2021/02/14 0:21:26 PT [2021/02/14 3:21:26 ET]
Table 'Chrysothemis V' 9-max Seat #8 is the button
Seat 1: novoxopersk ($0.96 in chips) 
Seat 2: sanwarahmed316 ($4.20 in chips) 
Seat 3: allofyx ($4.11 in chips) 
Seat 4: borkeremz ($4.22 in chips) 
Seat 5: Dorex2007 ($2.81 in chips) 
Seat 6: yomurry ($3.89 in chips) 
Seat 7: Dr.GregoryB ($3 in chips) 
Seat 8: s_nami_bog38 ($1.16 in chips) 
Seat 9: Cozy012 ($2 in chips) 
Cozy012: posts small blind $0.01
novoxopersk: posts big blind $0.02
*** HOLE CARDS ***
Dealt to Dorex2007 [Ts 4c]
sanwarahmed316: folds 
allofyx: folds 
borkeremz: raises $0.03 to $0.05
Dorex2007: folds 
yomurry: calls $0.05
Dr.GregoryB: calls $0.05
s_nami_bog38: folds 
Cozy012: calls $0.04
novoxopersk: calls $0.03
*** FLOP *** [Jh 7s 6c]
Cozy012: checks 
novoxopersk: checks 
borkeremz: bets $0.08
yomurry: raises $0.40 to $0.48
Dr.GregoryB: folds 
Cozy012: folds 
novoxopersk: folds 
borkeremz: calls $0.40
*** TURN *** [Jh 7s 6c] [8h]
borkeremz: checks 
yomurry: bets $1.17
borkeremz: folds 
Uncalled bet ($1.17) returned to yomurry
yomurry collected $1.17 from pot
yomurry: doesn't show hand 
*** SUMMARY ***
Total pot $1.21 | Rake $0.04 
Board [Jh 7s 6c 8h]
Seat 1: novoxopersk (big blind) folded on the Flop
Seat 2: sanwarahmed316 folded before Flop (didn't bet)
Seat 3: allofyx folded before Flop (didn't bet)
Seat 4: borkeremz folded on the Turn
Seat 5: Dorex2007 folded before Flop (didn't bet)
Seat 6: yomurry collected ($1.17)
Seat 7: Dr.GregoryB folded on the Flop
Seat 8: s_nami_bog38 (button) folded before Flop (didn't bet)
Seat 9: Cozy012 (small blind) folded on the Flop



PokerStars Hand #223794100172:  Hold'em No Limit ($0.01/$0.02 USD) - 2021/02/14 0:22:37 PT [2021/02/14 3:22:37 ET]
Table 'Chrysothemis V' 9-max Seat #9 is the button
Seat 1: novoxopersk ($0.91 in chips) 
Seat 2: sanwarahmed316 ($4.20 in chips) 
Seat 3: allofyx ($4.11 in chips) 
Seat 4: borkeremz ($3.69 in chips) 
Seat 5: Dorex2007 ($2.81 in chips) 
Seat 6: yomurry ($4.53 in chips) 
Seat 7: Dr.GregoryB ($2.95 in chips) 
Seat 8: s_nami_bog38 ($1.16 in chips) 
Seat 9: Cozy012 ($1.95 in chips) 
novoxopersk: posts small blind $0.01
sanwarahmed316: posts big blind $0.02
*** HOLE CARDS ***
Dealt to Dorex2007 [5s 5h]
allofyx: folds 
borkeremz: folds 
Dorex2007: calls $0.02
yomurry: raises $0.04 to $0.06
Dr.GregoryB: calls $0.06
s_nami_bog38: folds 
Cozy012: calls $0.06
novoxopersk: calls $0.05
sanwarahmed316: folds 
Dorex2007: calls $0.04
*** FLOP *** [Ah 3s 2c]
novoxopersk: checks 
Dorex2007: checks 
yomurry: bets $0.04
Dr.GregoryB: folds 
Cozy012: folds 
novoxopersk: calls $0.04
Dorex2007: calls $0.04
*** TURN *** [Ah 3s 2c] [Tc]
novoxopersk: checks 
Dorex2007: checks 
yomurry: checks 
*** RIVER *** [Ah 3s 2c Tc] [3h]
novoxopersk: checks 
Dorex2007: checks 
yomurry: checks 
*** SHOW DOWN ***
novoxopersk: shows [4d Qc] (a pair of Threes)
Dorex2007: shows [5s 5h] (two pair, Fives and Threes)
yomurry: shows [Qd Qh] (two pair, Queens and Threes)
yomurry collected $0.42 from pot
*** SUMMARY ***
Total pot $0.44 | Rake $0.02 
Board [Ah 3s 2c Tc 3h]
Seat 1: novoxopersk (small blind) showed [4d Qc] and lost with a pair of Threes
Seat 2: sanwarahmed316 (big blind) folded before Flop
Seat 3: allofyx folded before Flop (didn't bet)
Seat 4: borkeremz folded before Flop (didn't bet)
Seat 5: Dorex2007 showed [5s 5h] and lost with two pair, Fives and Threes
Seat 6: yomurry showed [Qd Qh] and won ($0.42) with two pair, Queens and Threes
Seat 7: Dr.GregoryB folded on the Flop
Seat 8: s_nami_bog38 folded before Flop (didn't bet)
Seat 9: Cozy012 (button) folded on the Flop



PokerStars Hand #223794113217:  Hold'em No Limit ($0.01/$0.02 USD) - 2021/02/14 0:23:32 PT [2021/02/14 3:23:32 ET]
Table 'Chrysothemis V' 9-max Seat #1 is the button
Seat 1: novoxopersk ($0.81 in chips) 
Seat 2: sanwarahmed316 ($4.18 in chips) 
Seat 3: allofyx ($4.11 in chips) 
Seat 4: borkeremz ($3.69 in chips) 
Seat 5: Dorex2007 ($2.71 in chips) 
Seat 6: yomurry ($4.85 in chips) 
Seat 7: Dr.GregoryB ($2.89 in chips) 
Seat 8: s_nami_bog38 ($1.16 in chips) 
Seat 9: Cozy012 ($1.89 in chips) 
sanwarahmed316: posts small blind $0.01
allofyx: posts big blind $0.02
*** HOLE CARDS ***
Dealt to Dorex2007 [Jc Qd]
borkeremz: folds 
Dorex2007: calls $0.02
yomurry: folds 
Dr.GregoryB: folds 
Dr.GregoryB leaves the table
s_nami_bog38: folds 
Cozy012: calls $0.02
novoxopersk: folds 
sanwarahmed316: folds 
allofyx: checks 
*** FLOP *** [7d 6c 3d]
allofyx: checks 
Dorex2007: checks 
Cozy012: checks 
*** TURN *** [7d 6c 3d] [4c]
allofyx: bets $0.05
Dorex2007: folds 
Cozy012: calls $0.05
*** RIVER *** [7d 6c 3d 4c] [9s]
allofyx: bets $0.16
Linaitislt joins the table at seat #7 
Cozy012: calls $0.16
*** SHOW DOWN ***
allofyx: shows [2c 5s] (a straight, Three to Seven)
Cozy012: mucks hand 
allofyx collected $0.47 from pot
*** SUMMARY ***
Total pot $0.49 | Rake $0.02 
Board [7d 6c 3d 4c 9s]
Seat 1: novoxopersk (button) folded before Flop (didn't bet)
Seat 2: sanwarahmed316 (small blind) folded before Flop
Seat 3: allofyx (big blind) showed [2c 5s] and won ($0.47) with a straight, Three to Seven
Seat 4: borkeremz folded before Flop (didn't bet)
Seat 5: Dorex2007 folded on the Turn
Seat 6: yomurry folded before Flop (didn't bet)
Seat 7: Dr.GregoryB folded before Flop (didn't bet)
Seat 8: s_nami_bog38 folded before Flop (didn't bet)
Seat 9: Cozy012 mucked [9d Kd]



PokerStars Hand #223794123436:  Hold'em No Limit ($0.01/$0.02 USD) - 2021/02/14 0:24:16 PT [2021/02/14 3:24:16 ET]
Table 'Chrysothemis V' 9-max Seat #2 is the button
Seat 1: novoxopersk ($1.61 in chips) 
Seat 2: sanwarahmed316 ($4.17 in chips) 
Seat 3: allofyx ($4.35 in chips) 
Seat 4: borkeremz ($3.69 in chips) 
Seat 5: Dorex2007 ($2.69 in chips) 
Seat 6: yomurry ($4.85 in chips) 
Seat 8: s_nami_bog38 ($1.16 in chips) 
Seat 9: Cozy012 ($1.66 in chips) 
allofyx: posts small blind $0.01
borkeremz: posts big blind $0.02
Linaitislt: sits out 
*** HOLE CARDS ***
Dealt to Dorex2007 [2c Th]
Dorex2007: folds 
yomurry: calls $0.02
s_nami_bog38: folds 
Cozy012: calls $0.02
novoxopersk: folds 
sanwarahmed316: raises $0.09 to $0.11
allofyx: calls $0.10
borkeremz: folds 
yomurry: calls $0.09
Cozy012: calls $0.09
*** FLOP *** [Js 8h 4s]
allofyx: checks 
yomurry: checks 
Cozy012: checks 
sanwarahmed316: bets $0.15
allofyx: calls $0.15
yomurry: folds 
Cozy012: folds 
*** TURN *** [Js 8h 4s] [6c]
allofyx: bets $0.49
sanwarahmed316: folds 
Uncalled bet ($0.49) returned to allofyx
allofyx collected $0.73 from pot
allofyx: doesn't show hand 
*** SUMMARY ***
Total pot $0.76 | Rake $0.03 
Board [Js 8h 4s 6c]
Seat 1: novoxopersk folded before Flop (didn't bet)
Seat 2: sanwarahmed316 (button) folded on the Turn
Seat 3: allofyx (small blind) collected ($0.73)
Seat 4: borkeremz (big blind) folded before Flop
Seat 5: Dorex2007 folded before Flop (didn't bet)
Seat 6: yomurry folded on the Flop
Seat 8: s_nami_bog38 folded before Flop (didn't bet)
Seat 9: Cozy012 folded on the Flop



PokerStars Hand #223794145568:  Hold'em No Limit ($0.01/$0.02 USD) - 2021/02/14 0:25:50 PT [2021/02/14 3:25:50 ET]
Table 'Chrysothemis V' 9-max Seat #3 is the button
Seat 1: novoxopersk ($1.61 in chips) 
Seat 2: sanwarahmed316 ($3.91 in chips) 
Seat 3: allofyx ($4.82 in chips) 
Seat 4: borkeremz ($3.67 in chips) 
Seat 5: Dorex2007 ($2.69 in chips) 
Seat 6: yomurry ($4.74 in chips) 
Seat 8: s_nami_bog38 ($1.16 in chips) 
Seat 9: Cozy012 ($1.55 in chips) 
borkeremz: posts small blind $0.01
Dorex2007: posts big blind $0.02
Linaitislt: sits out 
*** HOLE CARDS ***
Dealt to Dorex2007 [4d Js]
yomurry: calls $0.02
s_nami_bog38: calls $0.02
Cozy012: calls $0.02
novoxopersk: folds 
sanwarahmed316: folds 
allofyx: calls $0.02
borkeremz: calls $0.01
Dorex2007: checks 
*** FLOP *** [Kc 5d Ts]
borkeremz: checks 
Dorex2007: checks 
yomurry: checks 
s_nami_bog38: checks 
Cozy012: checks 
allofyx: checks 
*** TURN *** [Kc 5d Ts] [6h]
borkeremz: checks 
Dorex2007: checks 
yomurry: bets $0.04
s_nami_bog38: calls $0.04
Cozy012: calls $0.04
allofyx: calls $0.04
borkeremz: folds 
Dorex2007: folds 
*** RIVER *** [Kc 5d Ts 6h] [3s]
yomurry: bets $0.04
s_nami_bog38: folds 
Cozy012: calls $0.04
allofyx: folds 
*** SHOW DOWN ***
yomurry: shows [Th 7h] (a pair of Tens)
Cozy012: shows [Kd Qs] (a pair of Kings)
Cozy012 collected $0.35 from pot
*** SUMMARY ***
Total pot $0.36 | Rake $0.01 
Board [Kc 5d Ts 6h 3s]
Seat 1: novoxopersk folded before Flop (didn't bet)
Seat 2: sanwarahmed316 folded before Flop (didn't bet)
Seat 3: allofyx (button) folded on the River
Seat 4: borkeremz (small blind) folded on the Turn
Seat 5: Dorex2007 (big blind) folded on the Turn
Seat 6: yomurry showed [Th 7h] and lost with a pair of Tens
Seat 8: s_nami_bog38 folded on the River
Seat 9: Cozy012 showed [Kd Qs] and won ($0.35) with a pair of Kings



PokerStars Hand #223794162880:  Hold'em No Limit ($0.01/$0.02 USD) - 2021/02/14 0:27:05 PT [2021/02/14 3:27:05 ET]
Table 'Chrysothemis V' 9-max Seat #4 is the button
Seat 1: novoxopersk ($1.61 in chips) 
Seat 2: sanwarahmed316 ($3.91 in chips) 
Seat 3: allofyx ($4.76 in chips) 
Seat 4: borkeremz ($3.65 in chips) 
Seat 5: Dorex2007 ($2.67 in chips) 
Seat 6: yomurry ($4.64 in chips) 
Seat 8: s_nami_bog38 ($1.10 in chips) 
Seat 9: Cozy012 ($1.80 in chips) 
Dorex2007: posts small blind $0.01
yomurry: posts big blind $0.02
Linaitislt: sits out 
*** HOLE CARDS ***
Dealt to Dorex2007 [5d As]
s_nami_bog38: folds 
Cozy012: raises $0.02 to $0.04
novoxopersk: folds 
sanwarahmed316: folds 
allofyx: folds 
borkeremz: folds 
Dorex2007: folds 
yomurry: calls $0.02
*** FLOP *** [8s 8c Kc]
yomurry: checks 
Cozy012: bets $0.04
yomurry: calls $0.04
*** TURN *** [8s 8c Kc] [2d]
yomurry: checks 
Cozy012: bets $0.08
yomurry: folds 
Uncalled bet ($0.08) returned to Cozy012
Cozy012 collected $0.16 from pot
Cozy012: doesn't show hand 
*** SUMMARY ***
Total pot $0.17 | Rake $0.01 
Board [8s 8c Kc 2d]
Seat 1: novoxopersk folded before Flop (didn't bet)
Seat 2: sanwarahmed316 folded before Flop (didn't bet)
Seat 3: allofyx folded before Flop (didn't bet)
Seat 4: borkeremz (button) folded before Flop (didn't bet)
Seat 5: Dorex2007 (small blind) folded before Flop
Seat 6: yomurry (big blind) folded on the Turn
Seat 8: s_nami_bog38 folded before Flop (didn't bet)
Seat 9: Cozy012 collected ($0.16)



PokerStars Hand #223794174333:  Hold'em No Limit ($0.01/$0.02 USD) - 2021/02/14 0:27:53 PT [2021/02/14 3:27:53 ET]
Table 'Chrysothemis V' 9-max Seat #5 is the button
Seat 1: novoxopersk ($1.61 in chips) 
Seat 2: sanwarahmed316 ($3.91 in chips) 
Seat 3: allofyx ($4.76 in chips) 
Seat 4: borkeremz ($3.65 in chips) 
Seat 5: Dorex2007 ($2.66 in chips) 
Seat 6: yomurry ($4.56 in chips) 
Seat 7: Linaitislt ($0.92 in chips) 
Seat 8: s_nami_bog38 ($1.10 in chips) 
Seat 9: Cozy012 ($1.88 in chips) 
yomurry: posts small blind $0.01
Linaitislt: posts big blind $0.02
*** HOLE CARDS ***
Dealt to Dorex2007 [7d Kd]
s_nami_bog38: folds 
Cozy012: raises $0.02 to $0.04
novoxopersk: calls $0.04
sanwarahmed316 has timed out
sanwarahmed316: folds 
allofyx: calls $0.04
borkeremz: calls $0.04
Dorex2007: folds 
yomurry: calls $0.03
Linaitislt: calls $0.02
*** FLOP *** [Kh 8h 4c]
yomurry: checks 
Linaitislt: checks 
Cozy012: checks 
novoxopersk: bets $0.16
allofyx: calls $0.16
borkeremz: folds 
yomurry: folds 
Linaitislt: folds 
Cozy012: folds 
*** TURN *** [Kh 8h 4c] [4s]
novoxopersk: bets $0.27
allofyx: calls $0.27
*** RIVER *** [Kh 8h 4c 4s] [2c]
novoxopersk: checks 
allofyx: bets $0.71
novoxopersk: folds 
Uncalled bet ($0.71) returned to allofyx
allofyx collected $1.06 from pot
allofyx: doesn't show hand 
*** SUMMARY ***
Total pot $1.10 | Rake $0.04 
Board [Kh 8h 4c 4s 2c]
Seat 1: novoxopersk folded on the River
Seat 2: sanwarahmed316 folded before Flop (didn't bet)
Seat 3: allofyx collected ($1.06)
Seat 4: borkeremz folded on the Flop
Seat 5: Dorex2007 (button) folded before Flop (didn't bet)
Seat 6: yomurry (small blind) folded on the Flop
Seat 7: Linaitislt (big blind) folded on the Flop
Seat 8: s_nami_bog38 folded before Flop (didn't bet)
Seat 9: Cozy012 folded on the Flop



PokerStars Hand #223794194565:  Hold'em No Limit ($0.01/$0.02 USD) - 2021/02/14 0:29:17 PT [2021/02/14 3:29:17 ET]
Table 'Chrysothemis V' 9-max Seat #6 is the button
Seat 1: novoxopersk ($1.53 in chips) 
Seat 2: sanwarahmed316 ($3.91 in chips) 
Seat 3: allofyx ($5.35 in chips) 
Seat 4: borkeremz ($3.61 in chips) 
Seat 5: Dorex2007 ($2.66 in chips) 
Seat 6: yomurry ($4.52 in chips) 
Seat 7: Linaitislt ($0.88 in chips) 
Seat 9: Cozy012 ($1.84 in chips) 
Linaitislt: posts small blind $0.01
s_nami_bog38: is sitting out 
Cozy012: posts big blind $0.02
*** HOLE CARDS ***
Dealt to Dorex2007 [8h 2c]
novoxopersk: calls $0.02
sanwarahmed316: raises $0.07 to $0.09
allofyx: folds 
borkeremz: folds 
Dorex2007: folds 
yomurry: folds 
Linaitislt: raises $0.11 to $0.20
Cozy012: folds 
novoxopersk: folds 
sanwarahmed316: calls $0.11
*** FLOP *** [Qd Qc Ad]
Linaitislt: checks 
sanwarahmed316: checks 
*** TURN *** [Qd Qc Ad] [7c]
Linaitislt: bets $0.21
sanwarahmed316: calls $0.21
*** RIVER *** [Qd Qc Ad 7c] [Ks]
Linaitislt: bets $0.47 and is all-in
sanwarahmed316: calls $0.47
*** SHOW DOWN ***
Linaitislt: shows [Kc Kd] (a full house, Kings full of Queens)
sanwarahmed316: shows [Ac Qh] (a full house, Queens full of Aces)
Linaitislt collected $1.74 from pot
*** SUMMARY ***
Total pot $1.80 | Rake $0.06 
Board [Qd Qc Ad 7c Ks]
Seat 1: novoxopersk folded before Flop
Seat 2: sanwarahmed316 showed [Ac Qh] and lost with a full house, Queens full of Aces
Seat 3: allofyx folded before Flop (didn't bet)
Seat 4: borkeremz folded before Flop (didn't bet)
Seat 5: Dorex2007 folded before Flop (didn't bet)
Seat 6: yomurry (button) folded before Flop (didn't bet)
Seat 7: Linaitislt (small blind) showed [Kc Kd] and won ($1.74) with a full house, Kings full of Queens
Seat 9: Cozy012 (big blind) folded before Flop



PokerStars Hand #223794212256:  Hold'em No Limit ($0.01/$0.02 USD) - 2021/02/14 0:30:31 PT [2021/02/14 3:30:31 ET]
Table 'Chrysothemis V' 9-max Seat #7 is the button
Seat 1: novoxopersk ($1.51 in chips) 
Seat 2: sanwarahmed316 ($3.03 in chips) 
Seat 3: allofyx ($5.35 in chips) 
Seat 4: borkeremz ($3.61 in chips) 
Seat 5: Dorex2007 ($2.66 in chips) 
Seat 6: yomurry ($4.52 in chips) 
Seat 7: Linaitislt ($1.74 in chips) 
Seat 9: Cozy012 ($1.82 in chips) 
Cozy012: posts small blind $0.01
novoxopersk: posts big blind $0.02
*** HOLE CARDS ***
Dealt to Dorex2007 [Kc Jc]
sanwarahmed316: folds 
allofyx: folds 
borkeremz: folds 
Dorex2007: raises $0.06 to $0.08
yomurry: folds 
Linaitislt: folds 
Cozy012: folds 
novoxopersk: folds 
Uncalled bet ($0.06) returned to Dorex2007
Dorex2007 collected $0.05 from pot
Dorex2007: doesn't show hand 
*** SUMMARY ***
Total pot $0.05 | Rake $0 
Seat 1: novoxopersk (big blind) folded before Flop
Seat 2: sanwarahmed316 folded before Flop (didn't bet)
Seat 3: allofyx folded before Flop (didn't bet)
Seat 4: borkeremz folded before Flop (didn't bet)
Seat 5: Dorex2007 collected ($0.05)
Seat 6: yomurry folded before Flop (didn't bet)
Seat 7: Linaitislt (button) folded before Flop (didn't bet)
Seat 9: Cozy012 (small blind) folded before Flop



PokerStars Hand #223794217356:  Hold'em No Limit ($0.01/$0.02 USD) - 2021/02/14 0:30:53 PT [2021/02/14 3:30:53 ET]
Table 'Chrysothemis V' 9-max Seat #9 is the button
Seat 1: novoxopersk ($1.49 in chips) 
Seat 2: sanwarahmed316 ($3.03 in chips) 
Seat 3: allofyx ($5.35 in chips) 
Seat 4: borkeremz ($3.61 in chips) 
Seat 5: Dorex2007 ($2.69 in chips) 
Seat 6: yomurry ($4.52 in chips) 
Seat 7: Linaitislt ($1.74 in chips) 
Seat 9: Cozy012 ($1.81 in chips) 
novoxopersk: posts small blind $0.01
sanwarahmed316: posts big blind $0.02
*** HOLE CARDS ***
Dealt to Dorex2007 [7d 8s]
allofyx: folds 
borkeremz: folds 
Dorex2007: folds 
yomurry: folds 
Linaitislt: folds 
Cozy012: calls $0.02
novoxopersk: calls $0.01
sanwarahmed316: checks 
*** FLOP *** [6d Jh Kc]
novoxopersk: checks 
sanwarahmed316: checks 
Cozy012: checks 
*** TURN *** [6d Jh Kc] [8c]
novoxopersk: checks 
sanwarahmed316 has timed out
sanwarahmed316: checks 
Cozy012: checks 
*** RIVER *** [6d Jh Kc 8c] [9c]
novoxopersk: checks 
sanwarahmed316: checks 
Cozy012: checks 
*** SHOW DOWN ***
novoxopersk: shows [2c Js] (a pair of Jacks)
sanwarahmed316: mucks hand 
Cozy012: shows [6c 9s] (two pair, Nines and Sixes)
Cozy012 collected $0.06 from pot
*** SUMMARY ***
Total pot $0.06 | Rake $0 
Board [6d Jh Kc 8c 9c]
Seat 1: novoxopersk (small blind) showed [2c Js] and lost with a pair of Jacks
Seat 2: sanwarahmed316 (big blind) mucked [4c As]
Seat 3: allofyx folded before Flop (didn't bet)
Seat 4: borkeremz folded before Flop (didn't bet)
Seat 5: Dorex2007 folded before Flop (didn't bet)
Seat 6: yomurry folded before Flop (didn't bet)
Seat 7: Linaitislt folded before Flop (didn't bet)
Seat 9: Cozy012 (button) showed [6c 9s] and won ($0.06) with two pair, Nines and Sixes



PokerStars Hand #223794247206:  Hold'em No Limit ($0.01/$0.02 USD) - 2021/02/14 0:32:58 PT [2021/02/14 3:32:58 ET]
Table 'Chrysothemis V' 9-max Seat #1 is the button
Seat 1: novoxopersk ($1.47 in chips) 
Seat 2: sanwarahmed316 ($3.01 in chips) 
Seat 3: allofyx ($5.35 in chips) 
Seat 4: borkeremz ($3.61 in chips) 
Seat 5: Dorex2007 ($2.69 in chips) 
Seat 6: yomurry ($4.52 in chips) 
Seat 7: Linaitislt ($1.74 in chips) 
Seat 9: Cozy012 ($1.85 in chips) 
sanwarahmed316: posts small blind $0.01
allofyx: posts big blind $0.02
s_nami_bog38: sits out 
*** HOLE CARDS ***
Dealt to Dorex2007 [Kc 9h]
borkeremz: folds 
Dorex2007: folds 
yomurry: raises $0.04 to $0.06
Linaitislt: folds 
Cozy012: folds 
novoxopersk: folds 
sanwarahmed316: folds 
allofyx: calls $0.04
*** FLOP *** [2s 5c 2d]
allofyx: checks 
yomurry: bets $0.06
allofyx: folds 
Uncalled bet ($0.06) returned to yomurry
yomurry collected $0.13 from pot
yomurry: doesn't show hand 
*** SUMMARY ***
Total pot $0.13 | Rake $0 
Board [2s 5c 2d]
Seat 1: novoxopersk (button) folded before Flop (didn't bet)
Seat 2: sanwarahmed316 (small blind) folded before Flop
Seat 3: allofyx (big blind) folded on the Flop
Seat 4: borkeremz folded before Flop (didn't bet)
Seat 5: Dorex2007 folded before Flop (didn't bet)
Seat 6: yomurry collected ($0.13)
Seat 7: Linaitislt folded before Flop (didn't bet)
Seat 9: Cozy012 folded before Flop (didn't bet)



PokerStars Hand #223794255061:  Hold'em No Limit ($0.01/$0.02 USD) - 2021/02/14 0:33:31 PT [2021/02/14 3:33:31 ET]
Table 'Chrysothemis V' 9-max Seat #2 is the button
Seat 1: novoxopersk ($1.47 in chips) 
Seat 2: sanwarahmed316 ($3 in chips) 
Seat 3: allofyx ($5.29 in chips) 
Seat 4: borkeremz ($3.61 in chips) 
Seat 5: Dorex2007 ($2.69 in chips) 
Seat 6: yomurry ($4.59 in chips) 
Seat 7: Linaitislt ($1.74 in chips) 
Seat 9: Cozy012 ($1.85 in chips) 
allofyx: posts small blind $0.01
borkeremz: posts big blind $0.02
s_nami_bog38: sits out 
*** HOLE CARDS ***
Dealt to Dorex2007 [Kd Kh]
Dorex2007: raises $0.04 to $0.06
yomurry: calls $0.06
Linaitislt: folds 
Cozy012: calls $0.06
novoxopersk: folds 
sanwarahmed316: folds 
allofyx: folds 
borkeremz: calls $0.04
*** FLOP *** [8h 6s 5c]
borkeremz: bets $0.12
Dorex2007: calls $0.12
yomurry: calls $0.12
Cozy012: folds 
*** TURN *** [8h 6s 5c] [8c]
borkeremz: bets $0.38
Dorex2007: calls $0.38
yomurry: folds 
*** RIVER *** [8h 6s 5c 8c] [7c]
borkeremz: bets $0.44
Dorex2007: calls $0.44
*** SHOW DOWN ***
borkeremz: shows [9h 9s] (a straight, Five to Nine)
Dorex2007: mucks hand 
borkeremz collected $2.17 from pot
*** SUMMARY ***
Total pot $2.25 | Rake $0.08 
Board [8h 6s 5c 8c 7c]
Seat 1: novoxopersk folded before Flop (didn't bet)
Seat 2: sanwarahmed316 (button) folded before Flop (didn't bet)
Seat 3: allofyx (small blind) folded before Flop
Seat 4: borkeremz (big blind) showed [9h 9s] and won ($2.17) with a straight, Five to Nine
Seat 5: Dorex2007 mucked [Kd Kh]
Seat 6: yomurry folded on the Turn
Seat 7: Linaitislt folded before Flop (didn't bet)
Seat 9: Cozy012 folded on the Flop



PokerStars Hand #223794271367:  Hold'em No Limit ($0.01/$0.02 USD) - 2021/02/14 0:34:40 PT [2021/02/14 3:34:40 ET]
Table 'Chrysothemis V' 9-max Seat #3 is the button
Seat 1: novoxopersk ($1.47 in chips) 
Seat 2: sanwarahmed316 ($3 in chips) 
Seat 3: allofyx ($5.28 in chips) 
Seat 4: borkeremz ($4.78 in chips) 
Seat 5: Dorex2007 ($1.69 in chips) 
Seat 6: yomurry ($4.41 in chips) 
Seat 7: Linaitislt ($1.74 in chips) 
Seat 9: Cozy012 ($1.79 in chips) 
borkeremz: posts small blind $0.01
Dorex2007: posts big blind $0.02
s_nami_bog38: sits out 
*** HOLE CARDS ***
Dealt to Dorex2007 [As Td]
yomurry has timed out
yomurry: folds 
Linaitislt: raises $0.02 to $0.04
Cozy012: folds 
novoxopersk: folds 
sanwarahmed316 has timed out
sanwarahmed316: folds 
allofyx: folds 
borkeremz: folds 
Dorex2007: calls $0.02
*** FLOP *** [Kd Ad 6d]
Dorex2007: bets $0.09
Linaitislt: folds 
Uncalled bet ($0.09) returned to Dorex2007
Dorex2007 collected $0.09 from pot
Dorex2007: doesn't show hand 
*** SUMMARY ***
Total pot $0.09 | Rake $0 
Board [Kd Ad 6d]
Seat 1: novoxopersk folded before Flop (didn't bet)
Seat 2: sanwarahmed316 folded before Flop (didn't bet)
Seat 3: allofyx (button) folded before Flop (didn't bet)
Seat 4: borkeremz (small blind) folded before Flop
Seat 5: Dorex2007 (big blind) collected ($0.09)
Seat 6: yomurry folded before Flop (didn't bet)
Seat 7: Linaitislt folded on the Flop
Seat 9: Cozy012 folded before Flop (didn't bet)



PokerStars Hand #223794284354:  Hold'em No Limit ($0.01/$0.02 USD) - 2021/02/14 0:35:34 PT [2021/02/14 3:35:34 ET]
Table 'Chrysothemis V' 9-max Seat #4 is the button
Seat 1: novoxopersk ($1.47 in chips) 
Seat 3: allofyx ($5.28 in chips) 
Seat 4: borkeremz ($4.77 in chips) 
Seat 5: Dorex2007 ($1.74 in chips) 
Seat 6: yomurry ($4.41 in chips) 
Seat 7: Linaitislt ($1.70 in chips) 
Seat 9: Cozy012 ($1.79 in chips) 
Dorex2007: posts small blind $0.01
yomurry: posts big blind $0.02
s_nami_bog38: sits out 
*** HOLE CARDS ***
Dealt to Dorex2007 [6c 2c]
Linaitislt: raises $0.02 to $0.04
Cozy012: calls $0.04
novoxopersk: calls $0.04
allofyx: folds 
borkeremz: folds 
Dorex2007: folds 
yomurry: calls $0.02
*** FLOP *** [Jd 5c 6s]
yomurry: checks 
Linaitislt: checks 
Cozy012: checks 
novoxopersk: checks 
*** TURN *** [Jd 5c 6s] [Kd]
yomurry: checks 
Linaitislt: checks 
Cozy012: checks 
novoxopersk: bets $0.08
yomurry: calls $0.08
Linaitislt: folds 
Cozy012: folds 
*** RIVER *** [Jd 5c 6s Kd] [Tc]
yomurry: bets $0.16
novoxopersk: calls $0.16
*** SHOW DOWN ***
yomurry: shows [Qc 9h] (a straight, Nine to King)
novoxopersk: mucks hand 
yomurry collected $0.63 from pot
*** SUMMARY ***
Total pot $0.65 | Rake $0.02 
Board [Jd 5c 6s Kd Tc]
Seat 1: novoxopersk mucked [Kh Qh]
Seat 3: allofyx folded before Flop (didn't bet)
Seat 4: borkeremz (button) folded before Flop (didn't bet)
Seat 5: Dorex2007 (small blind) folded before Flop
Seat 6: yomurry (big blind) showed [Qc 9h] and won ($0.63) with a straight, Nine to King
Seat 7: Linaitislt folded on the Turn
Seat 9: Cozy012 folded on the Turn



PokerStars Hand #223794304486:  Hold'em No Limit ($0.01/$0.02 USD) - 2021/02/14 0:36:59 PT [2021/02/14 3:36:59 ET]
Table 'Chrysothemis V' 9-max Seat #5 is the button
Seat 1: novoxopersk ($1.19 in chips) 
Seat 3: allofyx ($5.28 in chips) 
Seat 4: borkeremz ($4.77 in chips) 
Seat 5: Dorex2007 ($1.73 in chips) 
Seat 6: yomurry ($4.76 in chips) 
Seat 7: Linaitislt ($1.66 in chips) 
Seat 9: Cozy012 ($1.75 in chips) 
yomurry: posts small blind $0.01
Linaitislt: posts big blind $0.02
s_nami_bog38: sits out 
*** HOLE CARDS ***
Dealt to Dorex2007 [Kc 8h]
Cozy012: raises $0.02 to $0.04
novoxopersk: folds 
allofyx: folds 
borkeremz: folds 
Dorex2007: folds 
yomurry: calls $0.03
Linaitislt: calls $0.02
*** FLOP *** [Ks Qs Jd]
yomurry: checks 
Linaitislt: checks 
Cozy012: checks 
*** TURN *** [Ks Qs Jd] [As]
yomurry: checks 
Linaitislt: checks 
Cozy012: bets $0.06
yomurry: calls $0.06
Linaitislt: folds 
*** RIVER *** [Ks Qs Jd As] [7d]
yomurry: checks 
Cozy012: bets $0.11
yomurry: folds 
Uncalled bet ($0.11) returned to Cozy012
Cozy012 collected $0.23 from pot
Cozy012: doesn't show hand 
*** SUMMARY ***
Total pot $0.24 | Rake $0.01 
Board [Ks Qs Jd As 7d]
Seat 1: novoxopersk folded before Flop (didn't bet)
Seat 3: allofyx folded before Flop (didn't bet)
Seat 4: borkeremz folded before Flop (didn't bet)
Seat 5: Dorex2007 (button) folded before Flop (didn't bet)
Seat 6: yomurry (small blind) folded on the River
Seat 7: Linaitislt (big blind) folded on the Turn
Seat 9: Cozy012 collected ($0.23)



PokerStars Hand #223794319129:  Hold'em No Limit ($0.01/$0.02 USD) - 2021/02/14 0:37:59 PT [2021/02/14 3:37:59 ET]
Table 'Chrysothemis V' 9-max Seat #6 is the button
Seat 1: novoxopersk ($1.19 in chips) 
Seat 2: sanwarahmed316 ($3 in chips) 
Seat 3: allofyx ($5.28 in chips) 
Seat 4: borkeremz ($4.77 in chips) 
Seat 5: Dorex2007 ($1.73 in chips) 
Seat 6: yomurry ($4.66 in chips) 
Seat 7: Linaitislt ($1.62 in chips) 
Seat 8: s_nami_bog38 ($1.10 in chips) 
Seat 9: Cozy012 ($1.88 in chips) 
Linaitislt: posts small blind $0.01
s_nami_bog38: posts big blind $0.02
*** HOLE CARDS ***
Dealt to Dorex2007 [9d 4c]
Cozy012: raises $0.02 to $0.04
novoxopersk: calls $0.04
sanwarahmed316: folds 
allofyx: folds 
borkeremz: calls $0.04
Dorex2007: folds 
yomurry: folds 
Linaitislt: folds 
s_nami_bog38: folds 
*** FLOP *** [6d 8d Kh]
Cozy012: checks 
novoxopersk: checks 
borkeremz: checks 
*** TURN *** [6d 8d Kh] [Ks]
Cozy012: checks 
novoxopersk: bets $0.07
borkeremz: calls $0.07
Cozy012: calls $0.07
*** RIVER *** [6d 8d Kh Ks] [2d]
Cozy012: checks 
novoxopersk: checks 
borkeremz: checks 
*** SHOW DOWN ***
Cozy012: shows [7d 9s] (a pair of Kings)
novoxopersk: shows [As Qd] (a pair of Kings - Ace kicker)
borkeremz: shows [5d 5s] (two pair, Kings and Fives)
borkeremz collected $0.35 from pot
*** SUMMARY ***
Total pot $0.36 | Rake $0.01 
Board [6d 8d Kh Ks 2d]
Seat 1: novoxopersk showed [As Qd] and lost with a pair of Kings
Seat 2: sanwarahmed316 folded before Flop (didn't bet)
Seat 3: allofyx folded before Flop (didn't bet)
Seat 4: borkeremz showed [5d 5s] and won ($0.35) with two pair, Kings and Fives
Seat 5: Dorex2007 folded before Flop (didn't bet)
Seat 6: yomurry (button) folded before Flop (didn't bet)
Seat 7: Linaitislt (small blind) folded before Flop
Seat 8: s_nami_bog38 (big blind) folded before Flop
Seat 9: Cozy012 showed [7d 9s] and lost with a pair of Kings



PokerStars Hand #223794333000:  Hold'em No Limit ($0.01/$0.02 USD) - 2021/02/14 0:38:56 PT [2021/02/14 3:38:56 ET]
Table 'Chrysothemis V' 9-max Seat #7 is the button
Seat 1: novoxopersk ($1.08 in chips) 
Seat 2: sanwarahmed316 ($3 in chips) 
Seat 3: allofyx ($5.28 in chips) 
Seat 4: borkeremz ($5.01 in chips) 
Seat 5: Dorex2007 ($1.73 in chips) 
Seat 6: yomurry ($4.66 in chips) 
Seat 7: Linaitislt ($1.61 in chips) 
Seat 8: s_nami_bog38 ($1.08 in chips) 
Seat 9: Cozy012 ($1.77 in chips) 
s_nami_bog38: posts small blind $0.01
Cozy012: posts big blind $0.02
*** HOLE CARDS ***
Dealt to Dorex2007 [5s Kd]
novoxopersk: folds 
sanwarahmed316: folds 
allofyx: folds 
borkeremz: folds 
Dorex2007: folds 
yomurry: folds 
Linaitislt: raises $0.02 to $0.04
s_nami_bog38: folds 
Cozy012: calls $0.02
*** FLOP *** [3h 5c 9s]
Cozy012: checks 
Linaitislt: bets $0.05
Cozy012: calls $0.05
*** TURN *** [3h 5c 9s] [5d]
Cozy012: checks 
Linaitislt: bets $0.09
Cozy012: calls $0.09
*** RIVER *** [3h 5c 9s 5d] [4c]
Cozy012: bets $0.18
Linaitislt: raises $0.36 to $0.54
Cozy012: folds 
Uncalled bet ($0.36) returned to Linaitislt
Linaitislt collected $0.70 from pot
Linaitislt: doesn't show hand 
*** SUMMARY ***
Total pot $0.73 | Rake $0.03 
Board [3h 5c 9s 5d 4c]
Seat 1: novoxopersk folded before Flop (didn't bet)
Seat 2: sanwarahmed316 folded before Flop (didn't bet)
Seat 3: allofyx folded before Flop (didn't bet)
Seat 4: borkeremz folded before Flop (didn't bet)
Seat 5: Dorex2007 folded before Flop (didn't bet)
Seat 6: yomurry folded before Flop (didn't bet)
Seat 7: Linaitislt (button) collected ($0.70)
Seat 8: s_nami_bog38 (small blind) folded before Flop
Seat 9: Cozy012 (big blind) folded on the River



PokerStars Hand #223794351512:  Hold'em No Limit ($0.01/$0.02 USD) - 2021/02/14 0:40:12 PT [2021/02/14 3:40:12 ET]
Table 'Chrysothemis V' 9-max Seat #8 is the button
Seat 1: novoxopersk ($1.08 in chips) 
Seat 2: sanwarahmed316 ($3 in chips) 
Seat 3: allofyx ($5.28 in chips) 
Seat 4: borkeremz ($5.01 in chips) 
Seat 5: Dorex2007 ($1.73 in chips) 
Seat 6: yomurry ($4.66 in chips) 
Seat 7: Linaitislt ($1.95 in chips) 
Seat 8: s_nami_bog38 ($1.07 in chips) 
Seat 9: Cozy012 ($1.41 in chips) 
Cozy012: posts small blind $0.01
novoxopersk: posts big blind $0.02
*** HOLE CARDS ***
Dealt to Dorex2007 [2s Kh]
sanwarahmed316: folds 
allofyx: calls $0.02
borkeremz: folds 
Dorex2007: folds 
yomurry: raises $0.04 to $0.06
Linaitislt: folds 
s_nami_bog38: folds 
Cozy012: calls $0.05
novoxopersk: folds 
allofyx: calls $0.04
*** FLOP *** [5s 4c Ah]
Cozy012: checks 
allofyx: bets $0.13
yomurry: calls $0.13
Cozy012: folds 
*** TURN *** [5s 4c Ah] [Qh]
allofyx: bets $0.22
yomurry: calls $0.22
*** RIVER *** [5s 4c Ah Qh] [9s]
allofyx: checks 
yomurry: checks 
*** SHOW DOWN ***
allofyx: shows [8s As] (a pair of Aces)
yomurry: mucks hand 
allofyx collected $0.87 from pot
*** SUMMARY ***
Total pot $0.90 | Rake $0.03 
Board [5s 4c Ah Qh 9s]
Seat 1: novoxopersk (big blind) folded before Flop
Seat 2: sanwarahmed316 folded before Flop (didn't bet)
Seat 3: allofyx showed [8s As] and won ($0.87) with a pair of Aces
Seat 4: borkeremz folded before Flop (didn't bet)
Seat 5: Dorex2007 folded before Flop (didn't bet)
Seat 6: yomurry mucked [Ks Kc]
Seat 7: Linaitislt folded before Flop (didn't bet)
Seat 8: s_nami_bog38 (button) folded before Flop (didn't bet)
Seat 9: Cozy012 (small blind) folded on the Flop



PokerStars Hand #223794367061:  Hold'em No Limit ($0.01/$0.02 USD) - 2021/02/14 0:41:15 PT [2021/02/14 3:41:15 ET]
Table 'Chrysothemis V' 9-max Seat #9 is the button
Seat 1: novoxopersk ($1.06 in chips) 
Seat 2: sanwarahmed316 ($3 in chips) 
Seat 3: allofyx ($5.74 in chips) 
Seat 4: borkeremz ($5.01 in chips) 
Seat 5: Dorex2007 ($1.73 in chips) 
Seat 6: yomurry ($4.25 in chips) 
Seat 7: Linaitislt ($1.95 in chips) 
Seat 8: s_nami_bog38 ($1.07 in chips) 
Seat 9: Cozy012 ($1.35 in chips) 
novoxopersk: posts small blind $0.01
sanwarahmed316: posts big blind $0.02
*** HOLE CARDS ***
Dealt to Dorex2007 [4c 7d]
allofyx: calls $0.02
borkeremz: folds 
Dorex2007: folds 
yomurry: folds 
Linaitislt: raises $0.04 to $0.06
s_nami_bog38: folds 
Cozy012: folds 
novoxopersk: folds 
sanwarahmed316: raises $0.15 to $0.21
allofyx: folds 
Linaitislt: calls $0.15
*** FLOP *** [3h Qh Ac]
sanwarahmed316: bets $0.14
Linaitislt: calls $0.14
*** TURN *** [3h Qh Ac] [4h]
sanwarahmed316: bets $0.35
Linaitislt: folds 
Uncalled bet ($0.35) returned to sanwarahmed316
sanwarahmed316 collected $0.70 from pot
sanwarahmed316: doesn't show hand 
*** SUMMARY ***
Total pot $0.73 | Rake $0.03 
Board [3h Qh Ac 4h]
Seat 1: novoxopersk (small blind) folded before Flop
Seat 2: sanwarahmed316 (big blind) collected ($0.70)
Seat 3: allofyx folded before Flop
Seat 4: borkeremz folded before Flop (didn't bet)
Seat 5: Dorex2007 folded before Flop (didn't bet)
Seat 6: yomurry folded before Flop (didn't bet)
Seat 7: Linaitislt folded on the Turn
Seat 8: s_nami_bog38 folded before Flop (didn't bet)
Seat 9: Cozy012 (button) folded before Flop (didn't bet)



PokerStars Hand #223794386171:  Hold'em No Limit ($0.01/$0.02 USD) - 2021/02/14 0:42:33 PT [2021/02/14 3:42:33 ET]
Table 'Chrysothemis V' 9-max Seat #1 is the button
Seat 1: novoxopersk ($1.05 in chips) 
Seat 2: sanwarahmed316 ($3.35 in chips) 
Seat 3: allofyx ($5.72 in chips) 
Seat 4: borkeremz ($5.01 in chips) 
Seat 5: Dorex2007 ($1.73 in chips) 
Seat 6: yomurry ($4.25 in chips) 
Seat 7: Linaitislt ($1.60 in chips) 
Seat 8: s_nami_bog38 ($1.07 in chips) 
Seat 9: Cozy012 ($1.35 in chips) 
sanwarahmed316: posts small blind $0.01
allofyx: posts big blind $0.02
*** HOLE CARDS ***
Dealt to Dorex2007 [7c 3c]
borkeremz: raises $0.03 to $0.05
Dorex2007: folds 
yomurry: folds 
Linaitislt: folds 
s_nami_bog38: folds 
Cozy012: folds 
novoxopersk: folds 
sanwarahmed316: folds 
allofyx: calls $0.03
*** FLOP *** [5d Kd 6h]
allofyx: checks 
borkeremz: checks 
*** TURN *** [5d Kd 6h] [Ad]
allofyx: checks 
borkeremz: checks 
*** RIVER *** [5d Kd 6h Ad] [Th]
allofyx: checks 
borkeremz: checks 
*** SHOW DOWN ***
allofyx: shows [Tc Qd] (a pair of Tens)
borkeremz: mucks hand 
allofyx collected $0.11 from pot
*** SUMMARY ***
Total pot $0.11 | Rake $0 
Board [5d Kd 6h Ad Th]
Seat 1: novoxopersk (button) folded before Flop (didn't bet)
Seat 2: sanwarahmed316 (small blind) folded before Flop
Seat 3: allofyx (big blind) showed [Tc Qd] and won ($0.11) with a pair of Tens
Seat 4: borkeremz mucked [2h 2d]
Seat 5: Dorex2007 folded before Flop (didn't bet)
Seat 6: yomurry folded before Flop (didn't bet)
Seat 7: Linaitislt folded before Flop (didn't bet)
Seat 8: s_nami_bog38 folded before Flop (didn't bet)
Seat 9: Cozy012 folded before Flop (didn't bet)



