PokerStars Hand #231225879538:  Hold'em No Limit ($0.01/$0.02 USD) - 2021/11/07 14:50:31 PT [2021/11/07 17:50:31 ET]
Table 'Fides II' 9-max Seat #9 is the button
Seat 1: Adam_W888 ($1.84 in chips) 
Seat 2: poker.lip48 ($5.31 in chips) 
Seat 3: serg197211 ($3.93 in chips) 
Seat 4: DeMask88 ($3.09 in chips) 
Seat 5: MsBennet95 ($1.74 in chips) 
Seat 6: thor.g292 ($0.71 in chips) 
Seat 7: bch_12345 ($1.97 in chips) 
Seat 8: Dorex2007 ($2 in chips) 
Seat 9: Pepono101 ($0.22 in chips) 
Adam_W888: posts small blind $0.01
poker.lip48: posts big blind $0.02
Dorex2007: posts big blind $0.02
*** HOLE CARDS ***
Dealt to Dorex2007 [Ah Kc]
serg197211: folds 
DeMask88: raises $0.02 to $0.04
MsBennet95: calls $0.04
thor.g292: calls $0.04
bch_12345: calls $0.04
Dorex2007: raises $1.96 to $2 and is all-in
Pepono101: folds 
Adam_W888: folds 
poker.lip48: folds 
DeMask88: folds 
MsBennet95: folds 
thor.g292: calls $0.67 and is all-in
bch_12345: folds 
Uncalled bet ($1.29) returned to Dorex2007
thor.g292 has timed out
*** FLOP *** [2h 2d 9s]
*** TURN *** [2h 2d 9s] [7h]
*** RIVER *** [2h 2d 9s 7h] [Ts]
*** SHOW DOWN ***
thor.g292: shows [7c 5c] (two pair, Sevens and Deuces)
Dorex2007: shows [Ah Kc] (a pair of Deuces)
thor.g292 collected $1.52 from pot
*** SUMMARY ***
Total pot $1.57 | Rake $0.05 
Board [2h 2d 9s 7h Ts]
Seat 1: Adam_W888 (small blind) folded before Flop
Seat 2: poker.lip48 (big blind) folded before Flop
Seat 3: serg197211 folded before Flop (didn't bet)
Seat 4: DeMask88 folded before Flop
Seat 5: MsBennet95 folded before Flop
Seat 6: thor.g292 showed [7c 5c] and won ($1.52) with two pair, Sevens and Deuces
Seat 7: bch_12345 folded before Flop
Seat 8: Dorex2007 showed [Ah Kc] and lost with a pair of Deuces
Seat 9: Pepono101 (button) folded before Flop (didn't bet)



PokerStars Hand #231225915164:  Hold'em No Limit ($0.01/$0.02 USD) - 2021/11/07 14:51:53 PT [2021/11/07 17:51:53 ET]
Table 'Fides II' 9-max Seat #1 is the button
Seat 1: Adam_W888 ($1.83 in chips) 
Seat 2: poker.lip48 ($5.29 in chips) 
Seat 3: serg197211 ($3.93 in chips) 
Seat 4: DeMask88 ($3.05 in chips) 
Seat 5: MsBennet95 ($1.70 in chips) 
Seat 6: thor.g292 ($1.52 in chips) 
Seat 7: bch_12345 ($1.93 in chips) 
Seat 8: Dorex2007 ($2 in chips) 
Seat 9: Pepono101 ($0.22 in chips) 
poker.lip48: posts small blind $0.01
serg197211: posts big blind $0.02
*** HOLE CARDS ***
Dealt to Dorex2007 [As 7h]
DeMask88: folds 
MsBennet95: folds 
thor.g292: calls $0.02
bch_12345: raises $0.08 to $0.10
Dorex2007: folds 
Pepono101: folds 
Adam_W888: folds 
poker.lip48: folds 
serg197211: folds 
thor.g292: calls $0.08
*** FLOP *** [Ts 3d 6c]
thor.g292: checks 
bch_12345: bets $0.14
thor.g292: folds 
Uncalled bet ($0.14) returned to bch_12345
bch_12345 collected $0.22 from pot
bch_12345: doesn't show hand 
*** SUMMARY ***
Total pot $0.23 | Rake $0.01 
Board [Ts 3d 6c]
Seat 1: Adam_W888 (button) folded before Flop (didn't bet)
Seat 2: poker.lip48 (small blind) folded before Flop
Seat 3: serg197211 (big blind) folded before Flop
Seat 4: DeMask88 folded before Flop (didn't bet)
Seat 5: MsBennet95 folded before Flop (didn't bet)
Seat 6: thor.g292 folded on the Flop
Seat 7: bch_12345 collected ($0.22)
Seat 8: Dorex2007 folded before Flop (didn't bet)
Seat 9: Pepono101 folded before Flop (didn't bet)



PokerStars Hand #231225932474:  Hold'em No Limit ($0.01/$0.02 USD) - 2021/11/07 14:52:33 PT [2021/11/07 17:52:33 ET]
Table 'Fides II' 9-max Seat #2 is the button
Seat 1: Adam_W888 ($1.83 in chips) 
Seat 2: poker.lip48 ($5.28 in chips) 
Seat 3: serg197211 ($3.91 in chips) 
Seat 4: DeMask88 ($3.05 in chips) 
Seat 5: MsBennet95 ($1.70 in chips) 
Seat 6: thor.g292 ($1.42 in chips) 
Seat 7: bch_12345 ($2.05 in chips) 
Seat 8: Dorex2007 ($2 in chips) 
Seat 9: Pepono101 ($0.22 in chips) 
serg197211: posts small blind $0.01
DeMask88: posts big blind $0.02
*** HOLE CARDS ***
Dealt to Dorex2007 [Kh 6h]
MsBennet95: folds 
thor.g292: calls $0.02
bch_12345: folds 
Dorex2007: folds 
Pepono101: folds 
Adam_W888: folds 
poker.lip48: folds 
serg197211: folds 
DeMask88: checks 
*** FLOP *** [6s Js 9h]
DeMask88: checks 
thor.g292: checks 
*** TURN *** [6s Js 9h] [Ah]
DeMask88: checks 
thor.g292: checks 
*** RIVER *** [6s Js 9h Ah] [3d]
DeMask88: bets $0.06
thor.g292: raises $0.06 to $0.12
DeMask88: raises $0.12 to $0.24
thor.g292: raises $0.12 to $0.36
DeMask88: folds 
Uncalled bet ($0.12) returned to thor.g292
thor.g292 collected $0.51 from pot
thor.g292: doesn't show hand 
*** SUMMARY ***
Total pot $0.53 | Rake $0.02 
Board [6s Js 9h Ah 3d]
Seat 1: Adam_W888 folded before Flop (didn't bet)
Seat 2: poker.lip48 (button) folded before Flop (didn't bet)
Seat 3: serg197211 (small blind) folded before Flop
Seat 4: DeMask88 (big blind) folded on the River
Seat 5: MsBennet95 folded before Flop (didn't bet)
Seat 6: thor.g292 collected ($0.51)
Seat 7: bch_12345 folded before Flop (didn't bet)
Seat 8: Dorex2007 folded before Flop (didn't bet)
Seat 9: Pepono101 folded before Flop (didn't bet)



PokerStars Hand #231225972085:  Hold'em No Limit ($0.01/$0.02 USD) - 2021/11/07 14:54:05 PT [2021/11/07 17:54:05 ET]
Table 'Fides II' 9-max Seat #3 is the button
Seat 1: Adam_W888 ($1.83 in chips) 
Seat 2: poker.lip48 ($5.28 in chips) 
Seat 3: serg197211 ($3.90 in chips) 
Seat 4: DeMask88 ($2.79 in chips) 
Seat 5: MsBennet95 ($1.70 in chips) 
Seat 6: thor.g292 ($1.67 in chips) 
Seat 7: bch_12345 ($2.05 in chips) 
Seat 8: Dorex2007 ($2 in chips) 
Seat 9: Pepono101 ($0.22 in chips) 
DeMask88: posts small blind $0.01
MsBennet95: posts big blind $0.02
*** HOLE CARDS ***
Dealt to Dorex2007 [3d Qs]
thor.g292: calls $0.02
bch_12345: raises $0.06 to $0.08
Dorex2007: folds 
Pepono101: folds 
Adam_W888: folds 
poker.lip48: folds 
serg197211: folds 
DeMask88: folds 
MsBennet95: folds 
thor.g292: calls $0.06
*** FLOP *** [Td Js Kc]
thor.g292: checks 
bch_12345: bets $0.12
thor.g292: folds 
Uncalled bet ($0.12) returned to bch_12345
bch_12345 collected $0.18 from pot
bch_12345: doesn't show hand 
*** SUMMARY ***
Total pot $0.19 | Rake $0.01 
Board [Td Js Kc]
Seat 1: Adam_W888 folded before Flop (didn't bet)
Seat 2: poker.lip48 folded before Flop (didn't bet)
Seat 3: serg197211 (button) folded before Flop (didn't bet)
Seat 4: DeMask88 (small blind) folded before Flop
Seat 5: MsBennet95 (big blind) folded before Flop
Seat 6: thor.g292 folded on the Flop
Seat 7: bch_12345 collected ($0.18)
Seat 8: Dorex2007 folded before Flop (didn't bet)
Seat 9: Pepono101 folded before Flop (didn't bet)



PokerStars Hand #231225990462:  Hold'em No Limit ($0.01/$0.02 USD) - 2021/11/07 14:54:49 PT [2021/11/07 17:54:49 ET]
Table 'Fides II' 9-max Seat #4 is the button
Seat 1: Adam_W888 ($1.83 in chips) 
Seat 2: poker.lip48 ($5.28 in chips) 
Seat 3: serg197211 ($3.90 in chips) 
Seat 4: DeMask88 ($2.78 in chips) 
Seat 5: MsBennet95 ($1.68 in chips) 
Seat 6: thor.g292 ($1.59 in chips) 
Seat 7: bch_12345 ($2.15 in chips) 
Seat 8: Dorex2007 ($2 in chips) 
Seat 9: Pepono101 ($0.22 in chips) 
MsBennet95: posts small blind $0.01
thor.g292: posts big blind $0.02
*** HOLE CARDS ***
Dealt to Dorex2007 [6c 9c]
bch_12345: folds 
Dorex2007: folds 
Pepono101: calls $0.02
Adam_W888: calls $0.02
poker.lip48: folds 
serg197211: folds 
DeMask88: calls $0.02
MsBennet95: calls $0.01
thor.g292: checks 
*** FLOP *** [7d 6s 6h]
MsBennet95: checks 
thor.g292: checks 
Pepono101: checks 
Adam_W888: checks 
DeMask88: checks 
*** TURN *** [7d 6s 6h] [Td]
MsBennet95: checks 
thor.g292: checks 
Pepono101: checks 
Adam_W888: checks 
DeMask88: checks 
*** RIVER *** [7d 6s 6h Td] [3h]
MsBennet95: checks 
thor.g292: checks 
Pepono101: checks 
Adam_W888: checks 
DeMask88: checks 
*** SHOW DOWN ***
MsBennet95: shows [Qd Js] (a pair of Sixes)
thor.g292: shows [3s Tc] (two pair, Tens and Sixes)
Pepono101: mucks hand 
Adam_W888: mucks hand 
DeMask88: mucks hand 
thor.g292 collected $0.10 from pot
*** SUMMARY ***
Total pot $0.10 | Rake $0 
Board [7d 6s 6h Td 3h]
Seat 1: Adam_W888 mucked [Qs 9h]
Seat 2: poker.lip48 folded before Flop (didn't bet)
Seat 3: serg197211 folded before Flop (didn't bet)
Seat 4: DeMask88 (button) mucked [2d 2c]
Seat 5: MsBennet95 (small blind) showed [Qd Js] and lost with a pair of Sixes
Seat 6: thor.g292 (big blind) showed [3s Tc] and won ($0.10) with two pair, Tens and Sixes
Seat 7: bch_12345 folded before Flop (didn't bet)
Seat 8: Dorex2007 folded before Flop (didn't bet)
Seat 9: Pepono101 mucked [9d Ac]



PokerStars Hand #231226014171:  Hold'em No Limit ($0.01/$0.02 USD) - 2021/11/07 14:56:02 PT [2021/11/07 17:56:02 ET]
Table 'Fides II' 9-max Seat #5 is the button
Seat 1: Adam_W888 ($1.81 in chips) 
Seat 2: poker.lip48 ($5.28 in chips) 
Seat 3: serg197211 ($3.90 in chips) 
Seat 4: DeMask88 ($2.76 in chips) 
Seat 5: MsBennet95 ($1.66 in chips) 
Seat 6: thor.g292 ($1.67 in chips) 
Seat 7: bch_12345 ($2.15 in chips) 
Seat 8: Dorex2007 ($2 in chips) 
Seat 9: Pepono101 ($0.20 in chips) 
thor.g292: posts small blind $0.01
bch_12345: posts big blind $0.02
*** HOLE CARDS ***
Dealt to Dorex2007 [Qs 8c]
Dorex2007: folds 
Pepono101: folds 
Adam_W888: folds 
poker.lip48: folds 
serg197211: raises $0.04 to $0.06
DeMask88: calls $0.06
MsBennet95 has timed out
MsBennet95: folds 
thor.g292: calls $0.05
bch_12345: folds 
*** FLOP *** [Jd 9h Kd]
thor.g292: checks 
serg197211: checks 
DeMask88: bets $0.04
thor.g292: calls $0.04
serg197211: folds 
*** TURN *** [Jd 9h Kd] [7c]
thor.g292: checks 
DeMask88: bets $0.08
thor.g292: folds 
Uncalled bet ($0.08) returned to DeMask88
DeMask88 collected $0.27 from pot
DeMask88: doesn't show hand 
*** SUMMARY ***
Total pot $0.28 | Rake $0.01 
Board [Jd 9h Kd 7c]
Seat 1: Adam_W888 folded before Flop (didn't bet)
Seat 2: poker.lip48 folded before Flop (didn't bet)
Seat 3: serg197211 folded on the Flop
Seat 4: DeMask88 collected ($0.27)
Seat 5: MsBennet95 (button) folded before Flop (didn't bet)
Seat 6: thor.g292 (small blind) folded on the Turn
Seat 7: bch_12345 (big blind) folded before Flop
Seat 8: Dorex2007 folded before Flop (didn't bet)
Seat 9: Pepono101 folded before Flop (didn't bet)



PokerStars Hand #231226036502:  Hold'em No Limit ($0.01/$0.02 USD) - 2021/11/07 14:57:16 PT [2021/11/07 17:57:16 ET]
Table 'Fides II' 9-max Seat #6 is the button
Seat 1: Adam_W888 ($1.81 in chips) 
Seat 2: poker.lip48 ($5.28 in chips) 
Seat 3: serg197211 ($3.84 in chips) 
Seat 4: DeMask88 ($2.93 in chips) 
Seat 5: MsBennet95 ($1.66 in chips) 
Seat 6: thor.g292 ($1.57 in chips) 
Seat 7: bch_12345 ($2.13 in chips) 
Seat 8: Dorex2007 ($2 in chips) 
Seat 9: Pepono101 ($0.20 in chips) 
bch_12345: posts small blind $0.01
Dorex2007: posts big blind $0.02
*** HOLE CARDS ***
Dealt to Dorex2007 [Qc 9s]
Pepono101: folds 
Adam_W888: folds 
poker.lip48: folds 
serg197211: folds 
DeMask88: raises $0.04 to $0.06
MsBennet95: calls $0.06
thor.g292: calls $0.06
bch_12345: calls $0.05
Dorex2007: folds 
*** FLOP *** [9c Kd Kc]
bch_12345: checks 
DeMask88: bets $0.08
MsBennet95: folds 
thor.g292: folds 
bch_12345: calls $0.08
*** TURN *** [9c Kd Kc] [3s]
bch_12345: checks 
DeMask88: bets $0.08
bch_12345: calls $0.08
*** RIVER *** [9c Kd Kc 3s] [7c]
bch_12345: bets $0.38
DeMask88: raises $0.38 to $0.76
bch_12345: calls $0.38
*** SHOW DOWN ***
DeMask88: shows [Kh Qd] (three of a kind, Kings)
bch_12345: shows [8c 5c] (a flush, King high)
bch_12345 collected $2.03 from pot
*** SUMMARY ***
Total pot $2.10 | Rake $0.07 
Board [9c Kd Kc 3s 7c]
Seat 1: Adam_W888 folded before Flop (didn't bet)
Seat 2: poker.lip48 folded before Flop (didn't bet)
Seat 3: serg197211 folded before Flop (didn't bet)
Seat 4: DeMask88 showed [Kh Qd] and lost with three of a kind, Kings
Seat 5: MsBennet95 folded on the Flop
Seat 6: thor.g292 (button) folded on the Flop
Seat 7: bch_12345 (small blind) showed [8c 5c] and won ($2.03) with a flush, King high
Seat 8: Dorex2007 (big blind) folded before Flop
Seat 9: Pepono101 folded before Flop (didn't bet)



PokerStars Hand #231226069620:  Hold'em No Limit ($0.01/$0.02 USD) - 2021/11/07 14:59:06 PT [2021/11/07 17:59:06 ET]
Table 'Fides II' 9-max Seat #7 is the button
Seat 1: Adam_W888 ($1.81 in chips) 
Seat 2: poker.lip48 ($5.28 in chips) 
Seat 3: serg197211 ($3.84 in chips) 
Seat 4: DeMask88 ($1.95 in chips) 
Seat 5: MsBennet95 ($1.60 in chips) 
Seat 6: thor.g292 ($1.51 in chips) 
Seat 7: bch_12345 ($3.18 in chips) 
Seat 8: Dorex2007 ($2 in chips) 
Seat 9: Pepono101 ($0.20 in chips) 
Dorex2007: posts small blind $0.01
Pepono101: posts big blind $0.02
*** HOLE CARDS ***
Dealt to Dorex2007 [8s 3s]
Adam_W888: folds 
poker.lip48: raises $0.04 to $0.06
serg197211: folds 
DeMask88: raises $0.04 to $0.10
MsBennet95 has timed out
MsBennet95: folds 
thor.g292: calls $0.10
bch_12345: calls $0.10
Dorex2007: folds 
Pepono101: folds 
poker.lip48: calls $0.04
*** FLOP *** [5d 8c 4s]
poker.lip48: checks 
DeMask88: bets $0.08
thor.g292: calls $0.08
bch_12345: calls $0.08
poker.lip48: folds 
*** TURN *** [5d 8c 4s] [6h]
DeMask88: checks 
thor.g292: checks 
bch_12345: checks 
*** RIVER *** [5d 8c 4s 6h] [Qh]
DeMask88: checks 
thor.g292: checks 
bch_12345: checks 
*** SHOW DOWN ***
DeMask88: shows [6d Td] (a pair of Sixes)
thor.g292: mucks hand 
bch_12345: mucks hand 
DeMask88 collected $0.65 from pot
*** SUMMARY ***
Total pot $0.67 | Rake $0.02 
Board [5d 8c 4s 6h Qh]
Seat 1: Adam_W888 folded before Flop (didn't bet)
Seat 2: poker.lip48 folded on the Flop
Seat 3: serg197211 folded before Flop (didn't bet)
Seat 4: DeMask88 showed [6d Td] and won ($0.65) with a pair of Sixes
Seat 5: MsBennet95 folded before Flop (didn't bet)
Seat 6: thor.g292 mucked [3d 3c]
Seat 7: bch_12345 (button) mucked [9c Ac]
Seat 8: Dorex2007 (small blind) folded before Flop
Seat 9: Pepono101 (big blind) folded before Flop



PokerStars Hand #231226103115:  Hold'em No Limit ($0.01/$0.02 USD) - 2021/11/07 15:00:53 PT [2021/11/07 18:00:53 ET]
Table 'Fides II' 9-max Seat #8 is the button
Seat 1: Adam_W888 ($1.81 in chips) 
Seat 2: poker.lip48 ($5.18 in chips) 
Seat 3: serg197211 ($3.84 in chips) 
Seat 4: DeMask88 ($2.42 in chips) 
Seat 5: MsBennet95 ($1.60 in chips) 
Seat 6: thor.g292 ($1.33 in chips) 
Seat 7: bch_12345 ($3 in chips) 
Seat 8: Dorex2007 ($2 in chips) 
Seat 9: Pepono101 ($0.18 in chips) 
Pepono101: posts small blind $0.01
Adam_W888: posts big blind $0.02
*** HOLE CARDS ***
Dealt to Dorex2007 [Ks 8d]
poker.lip48: folds 
serg197211: folds 
DeMask88: raises $0.02 to $0.04
MsBennet95: folds 
thor.g292: calls $0.04
bch_12345: folds 
Dorex2007: folds 
Pepono101: calls $0.03
Adam_W888: calls $0.02
*** FLOP *** [Ts 2h Kd]
Pepono101: checks 
Adam_W888: checks 
DeMask88: checks 
thor.g292: checks 
*** TURN *** [Ts 2h Kd] [3s]
Pepono101: bets $0.14 and is all-in
Adam_W888: folds 
DeMask88: calls $0.14
thor.g292: calls $0.14
*** RIVER *** [Ts 2h Kd 3s] [4d]
DeMask88: checks 
thor.g292: checks 
*** SHOW DOWN ***
Pepono101: shows [Jd 9s] (high card King)
DeMask88: mucks hand 
thor.g292: shows [Td Kc] (two pair, Kings and Tens)
thor.g292 collected $0.56 from pot
*** SUMMARY ***
Total pot $0.58 | Rake $0.02 
Board [Ts 2h Kd 3s 4d]
Seat 1: Adam_W888 (big blind) folded on the Turn
Seat 2: poker.lip48 folded before Flop (didn't bet)
Seat 3: serg197211 folded before Flop (didn't bet)
Seat 4: DeMask88 mucked [7s 5s]
Seat 5: MsBennet95 folded before Flop (didn't bet)
Seat 6: thor.g292 showed [Td Kc] and won ($0.56) with two pair, Kings and Tens
Seat 7: bch_12345 folded before Flop (didn't bet)
Seat 8: Dorex2007 (button) folded before Flop (didn't bet)
Seat 9: Pepono101 (small blind) showed [Jd 9s] and lost with high card King



PokerStars Hand #231226133716:  Hold'em No Limit ($0.01/$0.02 USD) - 2021/11/07 15:02:13 PT [2021/11/07 18:02:13 ET]
Table 'Fides II' 9-max Seat #1 is the button
Seat 1: Adam_W888 ($1.77 in chips) 
Seat 2: poker.lip48 ($5.18 in chips) 
Seat 3: serg197211 ($3.84 in chips) 
Seat 4: DeMask88 ($2.24 in chips) 
Seat 5: MsBennet95 ($1.60 in chips) 
Seat 6: thor.g292 ($1.71 in chips) 
Seat 7: bch_12345 ($3 in chips) 
Seat 8: Dorex2007 ($2 in chips) 
poker.lip48: posts small blind $0.01
serg197211: posts big blind $0.02
*** HOLE CARDS ***
Dealt to Dorex2007 [7h 8c]
DeMask88: raises $0.02 to $0.04
MsBennet95: folds 
thor.g292: calls $0.04
bch_12345: calls $0.04
Dorex2007: folds 
Adam_W888: raises $0.02 to $0.06
poker.lip48: folds 
serg197211: folds 
DeMask88: calls $0.02
thor.g292: calls $0.02
bch_12345: calls $0.02
*** FLOP *** [3s Ks 2d]
DeMask88: checks 
thor.g292: checks 
bch_12345: checks 
Adam_W888: bets $0.13
DeMask88: folds 
thor.g292: folds 
bch_12345: calls $0.13
*** TURN *** [3s Ks 2d] [Ts]
bch_12345: checks 
Adam_W888: bets $0.15
bch_12345: folds 
Uncalled bet ($0.15) returned to Adam_W888
Adam_W888 collected $0.51 from pot
Adam_W888: doesn't show hand 
*** SUMMARY ***
Total pot $0.53 | Rake $0.02 
Board [3s Ks 2d Ts]
Seat 1: Adam_W888 (button) collected ($0.51)
Seat 2: poker.lip48 (small blind) folded before Flop
Seat 3: serg197211 (big blind) folded before Flop
Seat 4: DeMask88 folded on the Flop
Seat 5: MsBennet95 folded before Flop (didn't bet)
Seat 6: thor.g292 folded on the Flop
Seat 7: bch_12345 folded on the Turn
Seat 8: Dorex2007 folded before Flop (didn't bet)



PokerStars Hand #231226169362:  Hold'em No Limit ($0.01/$0.02 USD) - 2021/11/07 15:03:41 PT [2021/11/07 18:03:41 ET]
Table 'Fides II' 9-max Seat #2 is the button
Seat 1: Adam_W888 ($2.09 in chips) 
Seat 2: poker.lip48 ($5.17 in chips) 
Seat 3: serg197211 ($3.82 in chips) 
Seat 4: DeMask88 ($2.18 in chips) 
Seat 5: MsBennet95 ($1.60 in chips) 
Seat 6: thor.g292 ($1.65 in chips) 
Seat 7: bch_12345 ($2.81 in chips) 
Seat 8: Dorex2007 ($2 in chips) 
Seat 9: Pepono101 ($2 in chips) 
serg197211: posts small blind $0.01
DeMask88: posts big blind $0.02
*** HOLE CARDS ***
Dealt to Dorex2007 [Ks 6s]
MsBennet95: folds 
thor.g292: folds 
bch_12345: folds 
Dorex2007: folds 
Pepono101: folds 
Adam_W888: raises $0.04 to $0.06
poker.lip48: folds 
serg197211: folds 
DeMask88: calls $0.04
*** FLOP *** [Js 4c 5c]
DeMask88: checks 
Adam_W888: bets $0.07
DeMask88: calls $0.07
*** TURN *** [Js 4c 5c] [Th]
DeMask88: checks 
Adam_W888: bets $0.13
DeMask88: calls $0.13
*** RIVER *** [Js 4c 5c Th] [2d]
DeMask88: checks 
Adam_W888: bets $0.26
DeMask88: folds 
Uncalled bet ($0.26) returned to Adam_W888
Adam_W888 collected $0.51 from pot
Adam_W888: doesn't show hand 
*** SUMMARY ***
Total pot $0.53 | Rake $0.02 
Board [Js 4c 5c Th 2d]
Seat 1: Adam_W888 collected ($0.51)
Seat 2: poker.lip48 (button) folded before Flop (didn't bet)
Seat 3: serg197211 (small blind) folded before Flop
Seat 4: DeMask88 (big blind) folded on the River
Seat 5: MsBennet95 folded before Flop (didn't bet)
Seat 6: thor.g292 folded before Flop (didn't bet)
Seat 7: bch_12345 folded before Flop (didn't bet)
Seat 8: Dorex2007 folded before Flop (didn't bet)
Seat 9: Pepono101 folded before Flop (didn't bet)



PokerStars Hand #231226198940:  Hold'em No Limit ($0.01/$0.02 USD) - 2021/11/07 15:04:53 PT [2021/11/07 18:04:53 ET]
Table 'Fides II' 9-max Seat #3 is the button
Seat 1: Adam_W888 ($2.34 in chips) 
Seat 2: poker.lip48 ($5.17 in chips) 
Seat 3: serg197211 ($3.81 in chips) 
Seat 4: DeMask88 ($1.92 in chips) 
Seat 5: MsBennet95 ($1.60 in chips) 
Seat 6: thor.g292 ($1.65 in chips) 
Seat 7: bch_12345 ($2.81 in chips) 
Seat 8: Dorex2007 ($2 in chips) 
Seat 9: Pepono101 ($2 in chips) 
DeMask88: posts small blind $0.01
MsBennet95: posts big blind $0.02
*** HOLE CARDS ***
Dealt to Dorex2007 [Qh 2h]
thor.g292: folds 
bch_12345: folds 
Dorex2007: folds 
Pepono101: raises $0.02 to $0.04
Adam_W888: folds 
poker.lip48: folds 
serg197211: folds 
DeMask88: folds 
MsBennet95: calls $0.02
*** FLOP *** [Js Ad 9c]
MsBennet95: checks 
Pepono101: checks 
*** TURN *** [Js Ad 9c] [Tc]
MsBennet95: checks 
Pepono101: bets $0.09
MsBennet95: calls $0.09
*** RIVER *** [Js Ad 9c Tc] [Kc]
MsBennet95: checks 
Pepono101: checks 
*** SHOW DOWN ***
MsBennet95: shows [7s 8c] (a straight, Seven to Jack)
Pepono101: mucks hand 
MsBennet95 collected $0.26 from pot
*** SUMMARY ***
Total pot $0.27 | Rake $0.01 
Board [Js Ad 9c Tc Kc]
Seat 1: Adam_W888 folded before Flop (didn't bet)
Seat 2: poker.lip48 folded before Flop (didn't bet)
Seat 3: serg197211 (button) folded before Flop (didn't bet)
Seat 4: DeMask88 (small blind) folded before Flop
Seat 5: MsBennet95 (big blind) showed [7s 8c] and won ($0.26) with a straight, Seven to Jack
Seat 6: thor.g292 folded before Flop (didn't bet)
Seat 7: bch_12345 folded before Flop (didn't bet)
Seat 8: Dorex2007 folded before Flop (didn't bet)
Seat 9: Pepono101 mucked [As 9s]



PokerStars Hand #231226229192:  Hold'em No Limit ($0.01/$0.02 USD) - 2021/11/07 15:06:06 PT [2021/11/07 18:06:06 ET]
Table 'Fides II' 9-max Seat #4 is the button
Seat 2: poker.lip48 ($5.17 in chips) 
Seat 3: serg197211 ($3.81 in chips) 
Seat 4: DeMask88 ($1.91 in chips) 
Seat 5: MsBennet95 ($1.73 in chips) 
Seat 6: thor.g292 ($1.65 in chips) 
Seat 7: bch_12345 ($2.81 in chips) 
Seat 8: Dorex2007 ($2 in chips) 
Seat 9: Pepono101 ($1.87 in chips) 
MsBennet95: posts small blind $0.01
thor.g292: posts big blind $0.02
*** HOLE CARDS ***
Dealt to Dorex2007 [8c Kd]
bch_12345: folds 
Dorex2007: folds 
Pepono101: calls $0.02
poker.lip48: folds 
serg197211: folds 
DeMask88: folds 
MsBennet95: calls $0.01
thor.g292: checks 
*** FLOP *** [Jd 6c Ah]
MsBennet95: checks 
thor.g292: checks 
Pepono101: checks 
*** TURN *** [Jd 6c Ah] [2c]
MsBennet95: checks 
thor.g292: checks 
Pepono101: checks 
*** RIVER *** [Jd 6c Ah 2c] [5h]
MsBennet95: checks 
thor.g292: checks 
Pepono101: checks 
*** SHOW DOWN ***
MsBennet95: shows [7h 7d] (a pair of Sevens)
thor.g292: shows [2s 6h] (two pair, Sixes and Deuces)
Pepono101: mucks hand 
thor.g292 collected $0.06 from pot
*** SUMMARY ***
Total pot $0.06 | Rake $0 
Board [Jd 6c Ah 2c 5h]
Seat 2: poker.lip48 folded before Flop (didn't bet)
Seat 3: serg197211 folded before Flop (didn't bet)
Seat 4: DeMask88 (button) folded before Flop (didn't bet)
Seat 5: MsBennet95 (small blind) showed [7h 7d] and lost with a pair of Sevens
Seat 6: thor.g292 (big blind) showed [2s 6h] and won ($0.06) with two pair, Sixes and Deuces
Seat 7: bch_12345 folded before Flop (didn't bet)
Seat 8: Dorex2007 folded before Flop (didn't bet)
Seat 9: Pepono101 mucked [4h 2h]



PokerStars Hand #231226266508:  Hold'em No Limit ($0.01/$0.02 USD) - 2021/11/07 15:07:40 PT [2021/11/07 18:07:40 ET]
Table 'Fides II' 9-max Seat #5 is the button
Seat 2: poker.lip48 ($5.17 in chips) 
Seat 3: serg197211 ($3.81 in chips) 
Seat 4: DeMask88 ($1.91 in chips) 
Seat 5: MsBennet95 ($1.71 in chips) 
Seat 6: thor.g292 ($1.69 in chips) 
Seat 7: bch_12345 ($2.81 in chips) 
Seat 8: Dorex2007 ($2 in chips) 
Seat 9: Pepono101 ($1.85 in chips) 
thor.g292: posts small blind $0.01
bch_12345: posts big blind $0.02
*** HOLE CARDS ***
Dealt to Dorex2007 [6s Qh]
Dorex2007: folds 
Pepono101: folds 
poker.lip48: folds 
serg197211: folds 
DeMask88: raises $0.02 to $0.04
MsBennet95: folds 
thor.g292: calls $0.03
bch_12345: calls $0.02
*** FLOP *** [4d 3h 7h]
thor.g292: checks 
bch_12345: checks 
DeMask88: checks 
*** TURN *** [4d 3h 7h] [Td]
thor.g292: checks 
bch_12345: checks 
DeMask88: checks 
*** RIVER *** [4d 3h 7h Td] [Jc]
thor.g292: checks 
bch_12345: checks 
DeMask88: bets $0.04
thor.g292: calls $0.04
bch_12345: folds 
*** SHOW DOWN ***
DeMask88: shows [Th 8d] (a pair of Tens)
thor.g292: shows [Jh 5h] (a pair of Jacks)
thor.g292 collected $0.19 from pot
*** SUMMARY ***
Total pot $0.20 | Rake $0.01 
Board [4d 3h 7h Td Jc]
Seat 2: poker.lip48 folded before Flop (didn't bet)
Seat 3: serg197211 folded before Flop (didn't bet)
Seat 4: DeMask88 showed [Th 8d] and lost with a pair of Tens
Seat 5: MsBennet95 (button) folded before Flop (didn't bet)
Seat 6: thor.g292 (small blind) showed [Jh 5h] and won ($0.19) with a pair of Jacks
Seat 7: bch_12345 (big blind) folded on the River
Seat 8: Dorex2007 folded before Flop (didn't bet)
Seat 9: Pepono101 folded before Flop (didn't bet)



PokerStars Hand #231226292927:  Hold'em No Limit ($0.01/$0.02 USD) - 2021/11/07 15:08:41 PT [2021/11/07 18:08:41 ET]
Table 'Fides II' 9-max Seat #6 is the button
Seat 1: Adam_W888 ($2.34 in chips) 
Seat 2: poker.lip48 ($5.17 in chips) 
Seat 3: serg197211 ($3.81 in chips) 
Seat 4: DeMask88 ($1.83 in chips) 
Seat 5: MsBennet95 ($1.71 in chips) 
Seat 6: thor.g292 ($1.80 in chips) 
Seat 7: bch_12345 ($2.77 in chips) 
Seat 8: Dorex2007 ($2 in chips) 
Seat 9: Pepono101 ($1.85 in chips) 
bch_12345: posts small blind $0.01
Dorex2007: posts big blind $0.02
*** HOLE CARDS ***
Dealt to Dorex2007 [Kc Ad]
Pepono101: folds 
Adam_W888: folds 
poker.lip48: folds 
serg197211: folds 
DeMask88: folds 
MsBennet95 has timed out
MsBennet95: folds 
thor.g292: calls $0.02
bch_12345: calls $0.01
Dorex2007: raises $0.10 to $0.12
thor.g292: calls $0.10
bch_12345: folds 
*** FLOP *** [Tc Jd 5d]
Dorex2007: bets $0.13
thor.g292: folds 
Uncalled bet ($0.13) returned to Dorex2007
Dorex2007 collected $0.25 from pot
Dorex2007: doesn't show hand 
*** SUMMARY ***
Total pot $0.26 | Rake $0.01 
Board [Tc Jd 5d]
Seat 1: Adam_W888 folded before Flop (didn't bet)
Seat 2: poker.lip48 folded before Flop (didn't bet)
Seat 3: serg197211 folded before Flop (didn't bet)
Seat 4: DeMask88 folded before Flop (didn't bet)
Seat 5: MsBennet95 folded before Flop (didn't bet)
Seat 6: thor.g292 (button) folded on the Flop
Seat 7: bch_12345 (small blind) folded before Flop
Seat 8: Dorex2007 (big blind) collected ($0.25)
Seat 9: Pepono101 folded before Flop (didn't bet)



PokerStars Hand #231226318847:  Hold'em No Limit ($0.01/$0.02 USD) - 2021/11/07 15:09:45 PT [2021/11/07 18:09:45 ET]
Table 'Fides II' 9-max Seat #7 is the button
Seat 1: Adam_W888 ($2.34 in chips) 
Seat 2: poker.lip48 ($5.17 in chips) 
Seat 3: serg197211 ($3.81 in chips) 
Seat 4: DeMask88 ($1.83 in chips) 
Seat 5: MsBennet95 ($1.71 in chips) 
Seat 6: thor.g292 ($1.68 in chips) 
Seat 7: bch_12345 ($2.75 in chips) 
Seat 8: Dorex2007 ($2.13 in chips) 
Seat 9: Pepono101 ($1.85 in chips) 
Dorex2007: posts small blind $0.01
Pepono101: posts big blind $0.02
*** HOLE CARDS ***
Dealt to Dorex2007 [Qd 4d]
Adam_W888: folds 
poker.lip48: folds 
serg197211: folds 
DeMask88: raises $0.04 to $0.06
MsBennet95: calls $0.06
thor.g292: calls $0.06
bch_12345: folds 
Dorex2007: folds 
Pepono101: folds 
*** FLOP *** [5h Kd Qc]
DeMask88: bets $0.04
MsBennet95: calls $0.04
thor.g292: folds 
*** TURN *** [5h Kd Qc] [3s]
DeMask88: bets $0.08
MsBennet95: calls $0.08
*** RIVER *** [5h Kd Qc 3s] [9s]
DeMask88: checks 
MsBennet95: checks 
*** SHOW DOWN ***
DeMask88: shows [Kh 5d] (two pair, Kings and Fives)
MsBennet95: mucks hand 
DeMask88 collected $0.43 from pot
*** SUMMARY ***
Total pot $0.45 | Rake $0.02 
Board [5h Kd Qc 3s 9s]
Seat 1: Adam_W888 folded before Flop (didn't bet)
Seat 2: poker.lip48 folded before Flop (didn't bet)
Seat 3: serg197211 folded before Flop (didn't bet)
Seat 4: DeMask88 showed [Kh 5d] and won ($0.43) with two pair, Kings and Fives
Seat 5: MsBennet95 mucked [Ks 7s]
Seat 6: thor.g292 folded on the Flop
Seat 7: bch_12345 (button) folded before Flop (didn't bet)
Seat 8: Dorex2007 (small blind) folded before Flop
Seat 9: Pepono101 (big blind) folded before Flop



PokerStars Hand #231226368907:  Hold'em No Limit ($0.01/$0.02 USD) - 2021/11/07 15:11:31 PT [2021/11/07 18:11:31 ET]
Table 'Fides II' 9-max Seat #8 is the button
Seat 1: Adam_W888 ($2.34 in chips) 
Seat 2: poker.lip48 ($5.17 in chips) 
Seat 3: serg197211 ($3.81 in chips) 
Seat 4: DeMask88 ($2.08 in chips) 
Seat 5: MsBennet95 ($1.53 in chips) 
Seat 6: thor.g292 ($1.62 in chips) 
Seat 7: bch_12345 ($2.75 in chips) 
Seat 8: Dorex2007 ($2.12 in chips) 
Seat 9: Pepono101 ($1.83 in chips) 
Pepono101: posts small blind $0.01
Adam_W888: posts big blind $0.02
*** HOLE CARDS ***
Dealt to Dorex2007 [9s 2h]
poker.lip48: folds 
serg197211: folds 
DeMask88: folds 
MsBennet95: folds 
thor.g292: calls $0.02
bch_12345: raises $0.06 to $0.08
Dorex2007: folds 
Pepono101: folds 
Adam_W888: folds 
thor.g292: calls $0.06
*** FLOP *** [Qd 7c 3c]
thor.g292: checks 
bch_12345: bets $0.12
thor.g292: folds 
Uncalled bet ($0.12) returned to bch_12345
bch_12345 collected $0.18 from pot
bch_12345: doesn't show hand 
*** SUMMARY ***
Total pot $0.19 | Rake $0.01 
Board [Qd 7c 3c]
Seat 1: Adam_W888 (big blind) folded before Flop
Seat 2: poker.lip48 folded before Flop (didn't bet)
Seat 3: serg197211 folded before Flop (didn't bet)
Seat 4: DeMask88 folded before Flop (didn't bet)
Seat 5: MsBennet95 folded before Flop (didn't bet)
Seat 6: thor.g292 folded on the Flop
Seat 7: bch_12345 collected ($0.18)
Seat 8: Dorex2007 (button) folded before Flop (didn't bet)
Seat 9: Pepono101 (small blind) folded before Flop



PokerStars Hand #231226401462:  Hold'em No Limit ($0.01/$0.02 USD) - 2021/11/07 15:12:29 PT [2021/11/07 18:12:29 ET]
Table 'Fides II' 9-max Seat #9 is the button
Seat 1: Adam_W888 ($2.32 in chips) 
Seat 2: poker.lip48 ($5.17 in chips) 
Seat 3: serg197211 ($3.81 in chips) 
Seat 4: DeMask88 ($2.08 in chips) 
Seat 5: MsBennet95 ($1.53 in chips) 
Seat 6: thor.g292 ($1.54 in chips) 
Seat 7: bch_12345 ($2.85 in chips) 
Seat 8: Dorex2007 ($2.12 in chips) 
Seat 9: Pepono101 ($1.82 in chips) 
Adam_W888: posts small blind $0.01
poker.lip48: posts big blind $0.02
*** HOLE CARDS ***
Dealt to Dorex2007 [9s 2s]
serg197211: folds 
DeMask88: folds 
MsBennet95: folds 
thor.g292: folds 
bch_12345: folds 
Dorex2007: folds 
Pepono101: folds 
Adam_W888: folds 
Uncalled bet ($0.01) returned to poker.lip48
poker.lip48 collected $0.02 from pot
*** SUMMARY ***
Total pot $0.02 | Rake $0 
Seat 1: Adam_W888 (small blind) folded before Flop
Seat 2: poker.lip48 (big blind) collected ($0.02)
Seat 3: serg197211 folded before Flop (didn't bet)
Seat 4: DeMask88 folded before Flop (didn't bet)
Seat 5: MsBennet95 folded before Flop (didn't bet)
Seat 6: thor.g292 folded before Flop (didn't bet)
Seat 7: bch_12345 folded before Flop (didn't bet)
Seat 8: Dorex2007 folded before Flop (didn't bet)
Seat 9: Pepono101 (button) folded before Flop (didn't bet)



PokerStars Hand #231226415789:  Hold'em No Limit ($0.01/$0.02 USD) - 2021/11/07 15:13:04 PT [2021/11/07 18:13:04 ET]
Table 'Fides II' 9-max Seat #1 is the button
Seat 1: Adam_W888 ($2.31 in chips) 
Seat 2: poker.lip48 ($5.18 in chips) 
Seat 3: serg197211 ($3.81 in chips) 
Seat 4: DeMask88 ($2.08 in chips) 
Seat 5: MsBennet95 ($1.53 in chips) 
Seat 6: thor.g292 ($1.54 in chips) 
Seat 7: bch_12345 ($2.85 in chips) 
Seat 8: Dorex2007 ($2.12 in chips) 
Seat 9: Pepono101 ($1.82 in chips) 
poker.lip48: posts small blind $0.01
serg197211: posts big blind $0.02
*** HOLE CARDS ***
Dealt to Dorex2007 [7s 3d]
DeMask88: folds 
MsBennet95 has timed out
MsBennet95: folds 
thor.g292 has timed out
thor.g292: folds 
bch_12345: raises $0.06 to $0.08
Dorex2007: folds 
Pepono101: calls $0.08
Adam_W888: folds 
poker.lip48: folds 
serg197211: folds 
*** FLOP *** [6s 2s Qs]
bch_12345: checks 
Pepono101: checks 
*** TURN *** [6s 2s Qs] [Tc]
bch_12345: checks 
Pepono101: bets $0.18
bch_12345: folds 
Uncalled bet ($0.18) returned to Pepono101
Pepono101 collected $0.18 from pot
Pepono101: doesn't show hand 
*** SUMMARY ***
Total pot $0.19 | Rake $0.01 
Board [6s 2s Qs Tc]
Seat 1: Adam_W888 (button) folded before Flop (didn't bet)
Seat 2: poker.lip48 (small blind) folded before Flop
Seat 3: serg197211 (big blind) folded before Flop
Seat 4: DeMask88 folded before Flop (didn't bet)
Seat 5: MsBennet95 folded before Flop (didn't bet)
Seat 6: thor.g292 folded before Flop (didn't bet)
Seat 7: bch_12345 folded on the Turn
Seat 8: Dorex2007 folded before Flop (didn't bet)
Seat 9: Pepono101 collected ($0.18)



PokerStars Hand #231226441297:  Hold'em No Limit ($0.01/$0.02 USD) - 2021/11/07 15:14:08 PT [2021/11/07 18:14:08 ET]
Table 'Fides II' 9-max Seat #2 is the button
Seat 1: Adam_W888 ($2.31 in chips) 
Seat 2: poker.lip48 ($5.17 in chips) 
Seat 3: serg197211 ($3.79 in chips) 
Seat 4: DeMask88 ($2.08 in chips) 
Seat 5: MsBennet95 ($1.53 in chips) 
Seat 6: thor.g292 ($1.54 in chips) 
Seat 7: bch_12345 ($2.77 in chips) 
Seat 8: Dorex2007 ($2.12 in chips) 
Seat 9: Pepono101 ($1.92 in chips) 
serg197211: posts small blind $0.01
DeMask88: posts big blind $0.02
*** HOLE CARDS ***
Dealt to Dorex2007 [8d 8h]
MsBennet95 has timed out
MsBennet95: folds 
thor.g292: calls $0.02
bch_12345: folds 
Dorex2007: raises $0.04 to $0.06
Pepono101: folds 
Adam_W888: folds 
poker.lip48: folds 
serg197211: calls $0.05
DeMask88: calls $0.04
thor.g292: calls $0.04
*** FLOP *** [4d Kc Jd]
serg197211: checks 
DeMask88: checks 
thor.g292: bets $0.02
Dorex2007: calls $0.02
serg197211: folds 
DeMask88: calls $0.02
*** TURN *** [4d Kc Jd] [7d]
DeMask88: checks 
thor.g292: checks 
Dorex2007: bets $0.19
DeMask88: folds 
thor.g292: folds 
Uncalled bet ($0.19) returned to Dorex2007
Dorex2007 collected $0.29 from pot
Dorex2007: doesn't show hand 
*** SUMMARY ***
Total pot $0.30 | Rake $0.01 
Board [4d Kc Jd 7d]
Seat 1: Adam_W888 folded before Flop (didn't bet)
Seat 2: poker.lip48 (button) folded before Flop (didn't bet)
Seat 3: serg197211 (small blind) folded on the Flop
Seat 4: DeMask88 (big blind) folded on the Turn
Seat 5: MsBennet95 folded before Flop (didn't bet)
Seat 6: thor.g292 folded on the Turn
Seat 7: bch_12345 folded before Flop (didn't bet)
Seat 8: Dorex2007 collected ($0.29)
Seat 9: Pepono101 folded before Flop (didn't bet)



PokerStars Hand #231226472717:  Hold'em No Limit ($0.01/$0.02 USD) - 2021/11/07 15:15:28 PT [2021/11/07 18:15:28 ET]
Table 'Fides II' 9-max Seat #3 is the button
Seat 1: Adam_W888 ($2.31 in chips) 
Seat 2: poker.lip48 ($5.17 in chips) 
Seat 3: serg197211 ($3.73 in chips) 
Seat 4: DeMask88 ($2 in chips) 
Seat 5: MsBennet95 ($1.53 in chips) 
Seat 6: thor.g292 ($1.46 in chips) 
Seat 7: bch_12345 ($2.77 in chips) 
Seat 8: Dorex2007 ($2.33 in chips) 
Seat 9: Pepono101 ($1.92 in chips) 
DeMask88: posts small blind $0.01
MsBennet95: posts big blind $0.02
*** HOLE CARDS ***
Dealt to Dorex2007 [Ac 5c]
thor.g292: calls $0.02
bch_12345: folds 
Dorex2007: folds 
Pepono101: folds 
Adam_W888: folds 
poker.lip48: folds 
serg197211: folds 
DeMask88: raises $0.02 to $0.04
MsBennet95: calls $0.02
thor.g292: calls $0.02
*** FLOP *** [3c 9h 6s]
DeMask88: bets $0.04
MsBennet95: calls $0.04
thor.g292: folds 
*** TURN *** [3c 9h 6s] [9d]
thor.g292 leaves the table
DeMask88: bets $0.08
MsBennet95: folds 
Uncalled bet ($0.08) returned to DeMask88
DeMask88 collected $0.19 from pot
DeMask88: doesn't show hand 
*** SUMMARY ***
Total pot $0.20 | Rake $0.01 
Board [3c 9h 6s 9d]
Seat 1: Adam_W888 folded before Flop (didn't bet)
Seat 2: poker.lip48 folded before Flop (didn't bet)
Seat 3: serg197211 (button) folded before Flop (didn't bet)
Seat 4: DeMask88 (small blind) collected ($0.19)
Seat 5: MsBennet95 (big blind) folded on the Turn
Seat 6: thor.g292 folded on the Flop
Seat 7: bch_12345 folded before Flop (didn't bet)
Seat 8: Dorex2007 folded before Flop (didn't bet)
Seat 9: Pepono101 folded before Flop (didn't bet)



PokerStars Hand #231226494567:  Hold'em No Limit ($0.01/$0.02 USD) - 2021/11/07 15:16:23 PT [2021/11/07 18:16:23 ET]
Table 'Fides II' 9-max Seat #4 is the button
Seat 1: Adam_W888 ($2.31 in chips) 
Seat 2: poker.lip48 ($5.17 in chips) 
Seat 3: serg197211 ($3.73 in chips) 
Seat 4: DeMask88 ($2.11 in chips) 
Seat 5: MsBennet95 ($1.45 in chips) 
Seat 7: bch_12345 ($2.77 in chips) 
Seat 8: Dorex2007 ($2.33 in chips) 
Seat 9: Pepono101 ($1.92 in chips) 
MsBennet95: posts small blind $0.01
bch_12345: posts big blind $0.02
*** HOLE CARDS ***
Dealt to Dorex2007 [2d As]
NikolaiCeni joins the table at seat #6 
Dorex2007: folds 
Pepono101 has timed out
Pepono101: folds 
Adam_W888: folds 
poker.lip48: raises $0.04 to $0.06
serg197211: folds 
DeMask88: calls $0.06
MsBennet95: calls $0.05
bch_12345: folds 
*** FLOP *** [6d Ts 3s]
MsBennet95: bets $0.02
poker.lip48: folds 
DeMask88: raises $0.02 to $0.04
MsBennet95: calls $0.02
*** TURN *** [6d Ts 3s] [6c]
MsBennet95: checks 
DeMask88: bets $0.10
MsBennet95: calls $0.10
*** RIVER *** [6d Ts 3s 6c] [Tc]
MsBennet95: checks 
DeMask88: bets $0.40
MsBennet95: calls $0.40
*** SHOW DOWN ***
DeMask88: shows [Jc Ks] (two pair, Tens and Sixes)
MsBennet95: shows [6h Kh] (a full house, Sixes full of Tens)
MsBennet95 collected $1.24 from pot
*** SUMMARY ***
Total pot $1.28 | Rake $0.04 
Board [6d Ts 3s 6c Tc]
Seat 1: Adam_W888 folded before Flop (didn't bet)
Seat 2: poker.lip48 folded on the Flop
Seat 3: serg197211 folded before Flop (didn't bet)
Seat 4: DeMask88 (button) showed [Jc Ks] and lost with two pair, Tens and Sixes
Seat 5: MsBennet95 (small blind) showed [6h Kh] and won ($1.24) with a full house, Sixes full of Tens
Seat 7: bch_12345 (big blind) folded before Flop
Seat 8: Dorex2007 folded before Flop (didn't bet)
Seat 9: Pepono101 folded before Flop (didn't bet)



PokerStars Hand #231226588744:  Hold'em No Limit ($0.01/$0.02 USD) - 2021/11/07 15:20:25 PT [2021/11/07 18:20:25 ET]
Table 'Fides II' 9-max Seat #9 is the button
Seat 1: Adam_W888 ($2.29 in chips) 
Seat 2: poker.lip48 ($5.11 in chips) 
Seat 3: serg197211 ($3.73 in chips) 
Seat 4: DeMask88 ($1.31 in chips) 
Seat 5: MsBennet95 ($1.83 in chips) 
Seat 6: NikolaiCeni ($1.21 in chips) 
Seat 7: bch_12345 ($2.61 in chips) 
Seat 8: Dorex2007 ($2.33 in chips) 
Seat 9: Pepono101 ($2.10 in chips) 
Adam_W888: posts small blind $0.01
poker.lip48: posts big blind $0.02
Dorex2007: posts small & big blinds $0.03
*** HOLE CARDS ***
Dealt to Dorex2007 [4c 7d]
serg197211: folds 
DeMask88: folds 
MsBennet95: calls $0.02
NikolaiCeni: raises $0.04 to $0.06
bch_12345: calls $0.06
Dorex2007: folds 
Pepono101: folds 
Adam_W888: folds 
poker.lip48: folds 
MsBennet95: calls $0.04
*** FLOP *** [Qs Js 8d]
MsBennet95: checks 
NikolaiCeni: bets $0.04
bch_12345: raises $0.30 to $0.34
MsBennet95: folds 
NikolaiCeni: folds 
Uncalled bet ($0.30) returned to bch_12345
bch_12345 collected $0.31 from pot
bch_12345: doesn't show hand 
*** SUMMARY ***
Total pot $0.32 | Rake $0.01 
Board [Qs Js 8d]
Seat 1: Adam_W888 (small blind) folded before Flop
Seat 2: poker.lip48 (big blind) folded before Flop
Seat 3: serg197211 folded before Flop (didn't bet)
Seat 4: DeMask88 folded before Flop (didn't bet)
Seat 5: MsBennet95 folded on the Flop
Seat 6: NikolaiCeni folded on the Flop
Seat 7: bch_12345 collected ($0.31)
Seat 8: Dorex2007 folded before Flop (didn't bet)
Seat 9: Pepono101 (button) folded before Flop (didn't bet)



PokerStars Hand #231226611620:  Hold'em No Limit ($0.01/$0.02 USD) - 2021/11/07 15:21:24 PT [2021/11/07 18:21:24 ET]
Table 'Fides II' 9-max Seat #2 is the button
Seat 2: poker.lip48 ($5.09 in chips) 
Seat 3: serg197211 ($3.73 in chips) 
Seat 4: DeMask88 ($1.31 in chips) 
Seat 5: MsBennet95 ($1.77 in chips) 
Seat 6: NikolaiCeni ($1.11 in chips) 
Seat 7: bch_12345 ($2.82 in chips) 
Seat 8: Dorex2007 ($2.30 in chips) 
Seat 9: Pepono101 ($2.10 in chips) 
serg197211: posts small blind $0.01
DeMask88: posts big blind $0.02
*** HOLE CARDS ***
Dealt to Dorex2007 [6d 7s]
MsBennet95 has timed out
MsBennet95: folds 
NikolaiCeni has timed out
NikolaiCeni: folds 
bch_12345: folds 
Dorex2007: folds 
Pepono101: raises $0.02 to $0.04
poker.lip48: folds 
serg197211: folds 
DeMask88: raises $0.02 to $0.06
Pepono101: calls $0.02
*** FLOP *** [Kd 6s 4d]
DeMask88: bets $0.04
Pepono101: folds 
Uncalled bet ($0.04) returned to DeMask88
DeMask88 collected $0.13 from pot
DeMask88: doesn't show hand 
*** SUMMARY ***
Total pot $0.13 | Rake $0 
Board [Kd 6s 4d]
Seat 2: poker.lip48 (button) folded before Flop (didn't bet)
Seat 3: serg197211 (small blind) folded before Flop
Seat 4: DeMask88 (big blind) collected ($0.13)
Seat 5: MsBennet95 folded before Flop (didn't bet)
Seat 6: NikolaiCeni folded before Flop (didn't bet)
Seat 7: bch_12345 folded before Flop (didn't bet)
Seat 8: Dorex2007 folded before Flop (didn't bet)
Seat 9: Pepono101 folded on the Flop



PokerStars Hand #231226637702:  Hold'em No Limit ($0.01/$0.02 USD) - 2021/11/07 15:22:15 PT [2021/11/07 18:22:15 ET]
Table 'Fides II' 9-max Seat #3 is the button
Seat 2: poker.lip48 ($5.09 in chips) 
Seat 3: serg197211 ($3.72 in chips) 
Seat 4: DeMask88 ($1.38 in chips) 
Seat 5: MsBennet95 ($1.77 in chips) 
Seat 6: NikolaiCeni ($1.11 in chips) 
Seat 7: bch_12345 ($2.82 in chips) 
Seat 8: Dorex2007 ($2.30 in chips) 
Seat 9: Pepono101 ($2.04 in chips) 
DeMask88: posts small blind $0.01
MsBennet95: posts big blind $0.02
*** HOLE CARDS ***
Dealt to Dorex2007 [2h 6s]
NikolaiCeni: raises $0.02 to $0.04
bch_12345: folds 
Dorex2007: folds 
Pepono101: folds 
poker.lip48: folds 
serg197211: folds 
DeMask88: raises $0.02 to $0.06
MsBennet95: folds 
NikolaiCeni: calls $0.02
*** FLOP *** [Ac Jh 8h]
DeMask88: bets $0.06
NikolaiCeni: folds 
Uncalled bet ($0.06) returned to DeMask88
DeMask88 collected $0.14 from pot
DeMask88: doesn't show hand 
*** SUMMARY ***
Total pot $0.14 | Rake $0 
Board [Ac Jh 8h]
Seat 2: poker.lip48 folded before Flop (didn't bet)
Seat 3: serg197211 (button) folded before Flop (didn't bet)
Seat 4: DeMask88 (small blind) collected ($0.14)
Seat 5: MsBennet95 (big blind) folded before Flop
Seat 6: NikolaiCeni folded on the Flop
Seat 7: bch_12345 folded before Flop (didn't bet)
Seat 8: Dorex2007 folded before Flop (didn't bet)
Seat 9: Pepono101 folded before Flop (didn't bet)



PokerStars Hand #231226651531:  Hold'em No Limit ($0.01/$0.02 USD) - 2021/11/07 15:22:51 PT [2021/11/07 18:22:51 ET]
Table 'Fides II' 9-max Seat #4 is the button
Seat 2: poker.lip48 ($5.09 in chips) 
Seat 3: serg197211 ($3.72 in chips) 
Seat 4: DeMask88 ($1.46 in chips) 
Seat 5: MsBennet95 ($1.75 in chips) 
Seat 6: NikolaiCeni ($1.05 in chips) 
Seat 7: bch_12345 ($2.82 in chips) 
Seat 8: Dorex2007 ($2.30 in chips) 
Seat 9: Pepono101 ($2.04 in chips) 
MsBennet95: posts small blind $0.01
NikolaiCeni: posts big blind $0.02
*** HOLE CARDS ***
Dealt to Dorex2007 [7c 8s]
bch_12345: folds 
Dorex2007: folds 
Pepono101: folds 
poker.lip48: folds 
serg197211: folds 
DeMask88: folds 
DeMask88 leaves the table
MsBennet95: folds 
Uncalled bet ($0.01) returned to NikolaiCeni
NikolaiCeni collected $0.02 from pot
NikolaiCeni: doesn't show hand 
*** SUMMARY ***
Total pot $0.02 | Rake $0 
Seat 2: poker.lip48 folded before Flop (didn't bet)
Seat 3: serg197211 folded before Flop (didn't bet)
Seat 4: DeMask88 (button) folded before Flop (didn't bet)
Seat 5: MsBennet95 (small blind) folded before Flop
Seat 6: NikolaiCeni (big blind) collected ($0.02)
Seat 7: bch_12345 folded before Flop (didn't bet)
Seat 8: Dorex2007 folded before Flop (didn't bet)
Seat 9: Pepono101 folded before Flop (didn't bet)



PokerStars Hand #231226663469:  Hold'em No Limit ($0.01/$0.02 USD) - 2021/11/07 15:23:22 PT [2021/11/07 18:23:22 ET]
Table 'Fides II' 9-max Seat #5 is the button
Seat 2: poker.lip48 ($5.09 in chips) 
Seat 3: serg197211 ($3.72 in chips) 
Seat 5: MsBennet95 ($1.74 in chips) 
Seat 6: NikolaiCeni ($1.06 in chips) 
Seat 7: bch_12345 ($2.82 in chips) 
Seat 8: Dorex2007 ($2.30 in chips) 
Seat 9: Pepono101 ($2.04 in chips) 
NikolaiCeni: posts small blind $0.01
bch_12345: posts big blind $0.02
*** HOLE CARDS ***
Dealt to Dorex2007 [5h 7d]
Dorex2007: folds 
Pepono101: folds 
poker.lip48: folds 
serg197211: raises $0.04 to $0.06
MsBennet95: calls $0.06
NikolaiCeni: folds 
bch_12345: folds 
*** FLOP *** [9c 3d Js]
serg197211: bets $0.07
MsBennet95: calls $0.07
*** TURN *** [9c 3d Js] [Th]
serg197211: bets $0.14
MsBennet95: calls $0.14
*** RIVER *** [9c 3d Js Th] [7h]
serg197211: bets $0.18
MsBennet95: calls $0.18
*** SHOW DOWN ***
serg197211: shows [3h 3s] (three of a kind, Threes)
MsBennet95: mucks hand 
serg197211 collected $0.90 from pot
*** SUMMARY ***
Total pot $0.93 | Rake $0.03 
Board [9c 3d Js Th 7h]
Seat 2: poker.lip48 folded before Flop (didn't bet)
Seat 3: serg197211 showed [3h 3s] and won ($0.90) with three of a kind, Threes
Seat 5: MsBennet95 (button) mucked [Jh Kh]
Seat 6: NikolaiCeni (small blind) folded before Flop
Seat 7: bch_12345 (big blind) folded before Flop
Seat 8: Dorex2007 folded before Flop (didn't bet)
Seat 9: Pepono101 folded before Flop (didn't bet)



PokerStars Hand #231226685505:  Hold'em No Limit ($0.01/$0.02 USD) - 2021/11/07 15:24:20 PT [2021/11/07 18:24:20 ET]
Table 'Fides II' 9-max Seat #6 is the button
Seat 1: Adam_W888 ($2.28 in chips) 
Seat 2: poker.lip48 ($5.09 in chips) 
Seat 3: serg197211 ($4.17 in chips) 
Seat 5: MsBennet95 ($1.29 in chips) 
Seat 6: NikolaiCeni ($1.05 in chips) 
Seat 7: bch_12345 ($2.80 in chips) 
Seat 8: Dorex2007 ($2.30 in chips) 
Seat 9: Pepono101 ($2.04 in chips) 
bch_12345: posts small blind $0.01
Dorex2007: posts big blind $0.02
*** HOLE CARDS ***
Dealt to Dorex2007 [5d Ad]
Pepono101: folds 
Adam_W888: raises $0.04 to $0.06
poker.lip48: calls $0.06
serg197211: folds 
MsBennet95: folds 
NikolaiCeni: folds 
bch_12345: folds 
Dorex2007: calls $0.04
*** FLOP *** [9s 7h 4s]
Dorex2007: checks 
Adam_W888: checks 
poker.lip48: bets $0.18
Dorex2007: folds 
Adam_W888: folds 
Uncalled bet ($0.18) returned to poker.lip48
poker.lip48 collected $0.18 from pot
*** SUMMARY ***
Total pot $0.19 | Rake $0.01 
Board [9s 7h 4s]
Seat 1: Adam_W888 folded on the Flop
Seat 2: poker.lip48 collected ($0.18)
Seat 3: serg197211 folded before Flop (didn't bet)
Seat 5: MsBennet95 folded before Flop (didn't bet)
Seat 6: NikolaiCeni (button) folded before Flop (didn't bet)
Seat 7: bch_12345 (small blind) folded before Flop
Seat 8: Dorex2007 (big blind) folded on the Flop
Seat 9: Pepono101 folded before Flop (didn't bet)



PokerStars Hand #231226715157:  Hold'em No Limit ($0.01/$0.02 USD) - 2021/11/07 15:25:38 PT [2021/11/07 18:25:38 ET]
Table 'Fides II' 9-max Seat #7 is the button
Seat 1: Adam_W888 ($2.22 in chips) 
Seat 2: poker.lip48 ($5.21 in chips) 
Seat 3: serg197211 ($4.17 in chips) 
Seat 5: MsBennet95 ($1.29 in chips) 
Seat 6: NikolaiCeni ($1.05 in chips) 
Seat 7: bch_12345 ($2.79 in chips) 
Seat 8: Dorex2007 ($2.24 in chips) 
Seat 9: Pepono101 ($2.04 in chips) 
Dorex2007: posts small blind $0.01
Pepono101: posts big blind $0.02
*** HOLE CARDS ***
Dealt to Dorex2007 [2d 9c]
Adam_W888: folds 
poker.lip48: folds 
villa 7 G. joins the table at seat #4 
serg197211: folds 
MsBennet95: calls $0.02
NikolaiCeni: raises $0.06 to $0.08
bch_12345: folds 
Dorex2007: folds 
Pepono101: folds 
MsBennet95: calls $0.06
*** FLOP *** [4h 2c Th]
MsBennet95: checks 
NikolaiCeni: bets $0.06
MsBennet95: calls $0.06
*** TURN *** [4h 2c Th] [Js]
MsBennet95: checks 
NikolaiCeni: bets $0.06
MsBennet95: calls $0.06
*** RIVER *** [4h 2c Th Js] [Ah]
Pepono101 is disconnected 
MsBennet95: bets $0.20
NikolaiCeni: raises $0.65 to $0.85 and is all-in
MsBennet95: calls $0.65
*** SHOW DOWN ***
NikolaiCeni: shows [Qh 8h] (a flush, Ace high)
MsBennet95: shows [Kh Qs] (a straight, Ten to Ace)
NikolaiCeni collected $2.06 from pot
*** SUMMARY ***
Total pot $2.13 | Rake $0.07 
Board [4h 2c Th Js Ah]
Seat 1: Adam_W888 folded before Flop (didn't bet)
Seat 2: poker.lip48 folded before Flop (didn't bet)
Seat 3: serg197211 folded before Flop (didn't bet)
Seat 5: MsBennet95 showed [Kh Qs] and lost with a straight, Ten to Ace
Seat 6: NikolaiCeni showed [Qh 8h] and won ($2.06) with a flush, Ace high
Seat 7: bch_12345 (button) folded before Flop (didn't bet)
Seat 8: Dorex2007 (small blind) folded before Flop
Seat 9: Pepono101 (big blind) folded before Flop



PokerStars Hand #231226754569:  Hold'em No Limit ($0.01/$0.02 USD) - 2021/11/07 15:27:21 PT [2021/11/07 18:27:21 ET]
Table 'Fides II' 9-max Seat #8 is the button
Seat 1: Adam_W888 ($2.22 in chips) 
Seat 2: poker.lip48 ($5.21 in chips) 
Seat 3: serg197211 ($4.17 in chips) 
Seat 5: MsBennet95 ($0.24 in chips) 
Seat 6: NikolaiCeni ($2.06 in chips) 
Seat 7: bch_12345 ($2.79 in chips) 
Seat 8: Dorex2007 ($2.23 in chips) 
Seat 9: Pepono101 ($2.02 in chips) 
Pepono101 is connected 
Pepono101: posts small blind $0.01
Adam_W888: posts big blind $0.02
villa 7 G.: sits out 
*** HOLE CARDS ***
Dealt to Dorex2007 [Kc 9d]
poker.lip48: folds 
serg197211: folds 
MsBennet95: calls $0.02
NikolaiCeni: calls $0.02
bch_12345: folds 
Dorex2007: folds 
Pepono101: calls $0.01
Adam_W888: checks 
*** FLOP *** [Tc Jc 3h]
Pepono101: checks 
Adam_W888: bets $0.04
MsBennet95: calls $0.04
NikolaiCeni: folds 
Pepono101: folds 
*** TURN *** [Tc Jc 3h] [Qd]
Adam_W888: checks 
MsBennet95: bets $0.18 and is all-in
Adam_W888: folds 
Uncalled bet ($0.18) returned to MsBennet95
MsBennet95 collected $0.15 from pot
MsBennet95: doesn't show hand 
*** SUMMARY ***
Total pot $0.16 | Rake $0.01 
Board [Tc Jc 3h Qd]
Seat 1: Adam_W888 (big blind) folded on the Turn
Seat 2: poker.lip48 folded before Flop (didn't bet)
Seat 3: serg197211 folded before Flop (didn't bet)
Seat 5: MsBennet95 collected ($0.15)
Seat 6: NikolaiCeni folded on the Flop
Seat 7: bch_12345 folded before Flop (didn't bet)
Seat 8: Dorex2007 (button) folded before Flop (didn't bet)
Seat 9: Pepono101 (small blind) folded on the Flop



PokerStars Hand #231226778936:  Hold'em No Limit ($0.01/$0.02 USD) - 2021/11/07 15:28:26 PT [2021/11/07 18:28:26 ET]
Table 'Fides II' 9-max Seat #9 is the button
Seat 1: Adam_W888 ($2.16 in chips) 
Seat 2: poker.lip48 ($5.21 in chips) 
Seat 3: serg197211 ($4.17 in chips) 
Seat 5: MsBennet95 ($0.33 in chips) 
Seat 6: NikolaiCeni ($2.04 in chips) 
Seat 7: bch_12345 ($2.79 in chips) 
Seat 8: Dorex2007 ($2.23 in chips) 
Seat 9: Pepono101 ($2 in chips) 
Adam_W888: posts small blind $0.01
poker.lip48: posts big blind $0.02
villa 7 G.: sits out 
*** HOLE CARDS ***
Dealt to Dorex2007 [4c Td]
serg197211: folds 
MsBennet95: folds 
NikolaiCeni: folds 
bch_12345: folds 
Dorex2007: folds 
Pepono101: calls $0.02
Adam_W888: folds 
poker.lip48: raises $0.04 to $0.06
Pepono101: calls $0.04
*** FLOP *** [Js Kd Qs]
poker.lip48: bets $0.07
Pepono101: calls $0.07
*** TURN *** [Js Kd Qs] [6h]
poker.lip48: bets $0.13
Pepono101: folds 
Uncalled bet ($0.13) returned to poker.lip48
poker.lip48 collected $0.26 from pot
*** SUMMARY ***
Total pot $0.27 | Rake $0.01 
Board [Js Kd Qs 6h]
Seat 1: Adam_W888 (small blind) folded before Flop
Seat 2: poker.lip48 (big blind) collected ($0.26)
Seat 3: serg197211 folded before Flop (didn't bet)
Seat 5: MsBennet95 folded before Flop (didn't bet)
Seat 6: NikolaiCeni folded before Flop (didn't bet)
Seat 7: bch_12345 folded before Flop (didn't bet)
Seat 8: Dorex2007 folded before Flop (didn't bet)
Seat 9: Pepono101 (button) folded on the Turn



PokerStars Hand #231226791124:  Hold'em No Limit ($0.01/$0.02 USD) - 2021/11/07 15:28:59 PT [2021/11/07 18:28:59 ET]
Table 'Fides II' 9-max Seat #1 is the button
Seat 1: Adam_W888 ($2.15 in chips) 
Seat 2: poker.lip48 ($5.34 in chips) 
Seat 3: serg197211 ($4.17 in chips) 
Seat 5: MsBennet95 ($0.33 in chips) 
Seat 6: NikolaiCeni ($2.04 in chips) 
Seat 7: bch_12345 ($2.79 in chips) 
Seat 8: Dorex2007 ($2.23 in chips) 
Seat 9: Pepono101 ($1.87 in chips) 
poker.lip48: posts small blind $0.01
serg197211: posts big blind $0.02
villa 7 G.: sits out 
*** HOLE CARDS ***
Dealt to Dorex2007 [8d Jc]
MsBennet95: folds 
NikolaiCeni has timed out
NikolaiCeni: folds 
bch_12345: folds 
Dorex2007: folds 
Pepono101: folds 
Adam_W888 has timed out
Adam_W888: folds 
poker.lip48: folds 
Uncalled bet ($0.01) returned to serg197211
serg197211 collected $0.02 from pot
serg197211: doesn't show hand 
*** SUMMARY ***
Total pot $0.02 | Rake $0 
Seat 1: Adam_W888 (button) folded before Flop (didn't bet)
Seat 2: poker.lip48 (small blind) folded before Flop
Seat 3: serg197211 (big blind) collected ($0.02)
Seat 5: MsBennet95 folded before Flop (didn't bet)
Seat 6: NikolaiCeni folded before Flop (didn't bet)
Seat 7: bch_12345 folded before Flop (didn't bet)
Seat 8: Dorex2007 folded before Flop (didn't bet)
Seat 9: Pepono101 folded before Flop (didn't bet)



PokerStars Hand #231226803990:  Hold'em No Limit ($0.01/$0.02 USD) - 2021/11/07 15:29:34 PT [2021/11/07 18:29:34 ET]
Table 'Fides II' 9-max Seat #2 is the button
Seat 2: poker.lip48 ($5.33 in chips) 
Seat 3: serg197211 ($4.18 in chips) 
Seat 4: villa 7 G. ($2 in chips) 
Seat 5: MsBennet95 ($0.33 in chips) 
Seat 6: NikolaiCeni ($2.04 in chips) 
Seat 7: bch_12345 ($2.79 in chips) 
Seat 8: Dorex2007 ($2.23 in chips) 
Seat 9: Pepono101 ($1.87 in chips) 
serg197211: posts small blind $0.01
villa 7 G.: posts big blind $0.02
*** HOLE CARDS ***
Dealt to Dorex2007 [2s Ks]
MsBennet95 has timed out
MsBennet95: folds 
NikolaiCeni: raises $0.04 to $0.06
bch_12345: folds 
MsBennet95 leaves the table
Dorex2007: folds 
Pepono101: folds 
poker.lip48: folds 
serg197211: folds 
villa 7 G.: folds 
Uncalled bet ($0.04) returned to NikolaiCeni
NikolaiCeni collected $0.05 from pot
NikolaiCeni: doesn't show hand 
*** SUMMARY ***
Total pot $0.05 | Rake $0 
Seat 2: poker.lip48 (button) folded before Flop (didn't bet)
Seat 3: serg197211 (small blind) folded before Flop
Seat 4: villa 7 G. (big blind) folded before Flop
Seat 5: MsBennet95 folded before Flop (didn't bet)
Seat 6: NikolaiCeni collected ($0.05)
Seat 7: bch_12345 folded before Flop (didn't bet)
Seat 8: Dorex2007 folded before Flop (didn't bet)
Seat 9: Pepono101 folded before Flop (didn't bet)



PokerStars Hand #231226815418:  Hold'em No Limit ($0.01/$0.02 USD) - 2021/11/07 15:30:05 PT [2021/11/07 18:30:05 ET]
Table 'Fides II' 9-max Seat #3 is the button
Seat 2: poker.lip48 ($5.33 in chips) 
Seat 3: serg197211 ($4.17 in chips) 
Seat 4: villa 7 G. ($1.98 in chips) 
Seat 6: NikolaiCeni ($2.07 in chips) 
Seat 7: bch_12345 ($2.79 in chips) 
Seat 8: Dorex2007 ($2.23 in chips) 
Seat 9: Pepono101 ($1.87 in chips) 
villa 7 G.: posts small blind $0.01
NikolaiCeni: posts big blind $0.02
*** HOLE CARDS ***
Dealt to Dorex2007 [Tc Ah]
bch_12345: folds 
Dorex2007: raises $0.04 to $0.06
Pepono101: folds 
poker.lip48: folds 
serg197211: folds 
villa 7 G.: folds 
NikolaiCeni: folds 
Uncalled bet ($0.04) returned to Dorex2007
Mersito1 joins the table at seat #5 
Dorex2007 collected $0.05 from pot
Dorex2007: doesn't show hand 
*** SUMMARY ***
Total pot $0.05 | Rake $0 
Seat 2: poker.lip48 folded before Flop (didn't bet)
Seat 3: serg197211 (button) folded before Flop (didn't bet)
Seat 4: villa 7 G. (small blind) folded before Flop
Seat 6: NikolaiCeni (big blind) folded before Flop
Seat 7: bch_12345 folded before Flop (didn't bet)
Seat 8: Dorex2007 collected ($0.05)
Seat 9: Pepono101 folded before Flop (didn't bet)



PokerStars Hand #231226821818:  Hold'em No Limit ($0.01/$0.02 USD) - 2021/11/07 15:30:22 PT [2021/11/07 18:30:22 ET]
Table 'Fides II' 9-max Seat #4 is the button
Seat 2: poker.lip48 ($5.33 in chips) 
Seat 3: serg197211 ($4.17 in chips) 
Seat 4: villa 7 G. ($1.97 in chips) 
Seat 7: bch_12345 ($2.79 in chips) 
Seat 8: Dorex2007 ($2.26 in chips) 
Seat 9: Pepono101 ($1.87 in chips) 
bch_12345: posts small blind $0.01
Dorex2007: posts big blind $0.02
*** HOLE CARDS ***
Dealt to Dorex2007 [Ac 2c]
Pepono101: raises $0.04 to $0.06
poker.lip48: calls $0.06
serg197211: calls $0.06
villa 7 G.: calls $0.06
bch_12345: folds 
Dorex2007: folds 
*** FLOP *** [Ad Qs 6d]
Pepono101: checks 
poker.lip48: bets $0.13
serg197211: folds 
villa 7 G.: folds 
Pepono101: folds 
Uncalled bet ($0.13) returned to poker.lip48
poker.lip48 collected $0.26 from pot
*** SUMMARY ***
Total pot $0.27 | Rake $0.01 
Board [Ad Qs 6d]
Seat 2: poker.lip48 collected ($0.26)
Seat 3: serg197211 folded on the Flop
Seat 4: villa 7 G. (button) folded on the Flop
Seat 7: bch_12345 (small blind) folded before Flop
Seat 8: Dorex2007 (big blind) folded before Flop
Seat 9: Pepono101 folded on the Flop



PokerStars Hand #231226835749:  Hold'em No Limit ($0.01/$0.02 USD) - 2021/11/07 15:30:59 PT [2021/11/07 18:30:59 ET]
Table 'Fides II' 9-max Seat #7 is the button
Seat 2: poker.lip48 ($5.53 in chips) 
Seat 3: serg197211 ($4.11 in chips) 
Seat 4: villa 7 G. ($1.91 in chips) 
Seat 7: bch_12345 ($2.78 in chips) 
Seat 8: Dorex2007 ($2.24 in chips) 
Seat 9: Pepono101 ($1.81 in chips) 
Dorex2007: posts small blind $0.01
Pepono101: posts big blind $0.02
Mersito1: sits out 
*** HOLE CARDS ***
Dealt to Dorex2007 [2s 3s]
poker.lip48: folds 
serg197211: folds 
villa 7 G.: raises $0.04 to $0.06
bch_12345: folds 
Dorex2007: folds 
Pepono101: folds 
Uncalled bet ($0.04) returned to villa 7 G.
villa 7 G. collected $0.05 from pot
villa 7 G.: doesn't show hand 
NikolaiCeni leaves the table
*** SUMMARY ***
Total pot $0.05 | Rake $0 
Seat 2: poker.lip48 folded before Flop (didn't bet)
Seat 3: serg197211 folded before Flop (didn't bet)
Seat 4: villa 7 G. collected ($0.05)
Seat 7: bch_12345 (button) folded before Flop (didn't bet)
Seat 8: Dorex2007 (small blind) folded before Flop
Seat 9: Pepono101 (big blind) folded before Flop



PokerStars Hand #231226843533:  Hold'em No Limit ($0.01/$0.02 USD) - 2021/11/07 15:31:19 PT [2021/11/07 18:31:19 ET]
Table 'Fides II' 9-max Seat #8 is the button
Seat 2: poker.lip48 ($5.53 in chips) 
Seat 3: serg197211 ($4.11 in chips) 
Seat 4: villa 7 G. ($1.94 in chips) 
Seat 7: bch_12345 ($2.78 in chips) 
Seat 8: Dorex2007 ($2.23 in chips) 
Seat 9: Pepono101 ($1.79 in chips) 
Pepono101: posts small blind $0.01
poker.lip48: posts big blind $0.02
Mersito1: sits out 
*** HOLE CARDS ***
Dealt to Dorex2007 [8s Js]
serg197211: folds 
villa 7 G.: folds 
bch_12345: raises $0.04 to $0.06
Dorex2007: folds 
Pepono101: calls $0.05
poker.lip48: folds 
*** FLOP *** [Jd Kd 5c]
Pepono101: checks 
bch_12345: bets $0.10
Pepono101: folds 
Uncalled bet ($0.10) returned to bch_12345
bch_12345 collected $0.14 from pot
bch_12345: doesn't show hand 
*** SUMMARY ***
Total pot $0.14 | Rake $0 
Board [Jd Kd 5c]
Seat 2: poker.lip48 (big blind) folded before Flop
Seat 3: serg197211 folded before Flop (didn't bet)
Seat 4: villa 7 G. folded before Flop (didn't bet)
Seat 7: bch_12345 collected ($0.14)
Seat 8: Dorex2007 (button) folded before Flop (didn't bet)
Seat 9: Pepono101 (small blind) folded on the Flop



PokerStars Hand #231226854083:  Hold'em No Limit ($0.01/$0.02 USD) - 2021/11/07 15:31:47 PT [2021/11/07 18:31:47 ET]
Table 'Fides II' 9-max Seat #9 is the button
Seat 2: poker.lip48 ($5.51 in chips) 
Seat 3: serg197211 ($4.11 in chips) 
Seat 4: villa 7 G. ($1.94 in chips) 
Seat 7: bch_12345 ($2.86 in chips) 
Seat 8: Dorex2007 ($2.23 in chips) 
Seat 9: Pepono101 ($1.73 in chips) 
poker.lip48: posts small blind $0.01
serg197211: posts big blind $0.02
Mersito1: sits out 
*** HOLE CARDS ***
Dealt to Dorex2007 [Tc 8c]
villa 7 G.: folds 
bch_12345: folds 
Dorex2007: folds 
Pepono101: folds 
poker.lip48: folds 
Uncalled bet ($0.01) returned to serg197211
serg197211 collected $0.02 from pot
serg197211: doesn't show hand 
*** SUMMARY ***
Total pot $0.02 | Rake $0 
Seat 2: poker.lip48 (small blind) folded before Flop
Seat 3: serg197211 (big blind) collected ($0.02)
Seat 4: villa 7 G. folded before Flop (didn't bet)
Seat 7: bch_12345 folded before Flop (didn't bet)
Seat 8: Dorex2007 folded before Flop (didn't bet)
Seat 9: Pepono101 (button) folded before Flop (didn't bet)



PokerStars Hand #231226858736:  Hold'em No Limit ($0.01/$0.02 USD) - 2021/11/07 15:31:59 PT [2021/11/07 18:31:59 ET]
Table 'Fides II' 9-max Seat #2 is the button
Seat 2: poker.lip48 ($5.50 in chips) 
Seat 3: serg197211 ($4.12 in chips) 
Seat 4: villa 7 G. ($1.94 in chips) 
Seat 7: bch_12345 ($2.86 in chips) 
Seat 8: Dorex2007 ($2.23 in chips) 
Seat 9: Pepono101 ($1.73 in chips) 
serg197211: posts small blind $0.01
villa 7 G.: posts big blind $0.02
Mersito1: sits out 
*** HOLE CARDS ***
Dealt to Dorex2007 [3d 6d]
bch_12345: folds 
Dorex2007: folds 
Pepono101: raises $0.05 to $0.07
poker.lip48: folds 
serg197211: folds 
villa 7 G.: calls $0.05
*** FLOP *** [Kd 5h 8s]
villa 7 G.: checks 
Pepono101: checks 
*** TURN *** [Kd 5h 8s] [Jc]
villa 7 G.: bets $0.07
Pepono101: calls $0.07
*** RIVER *** [Kd 5h 8s Jc] [3c]
villa 7 G.: bets $0.22
Jacon2905 joins the table at seat #6 
Pepono101: raises $0.36 to $0.58
villa 7 G.: folds 
Uncalled bet ($0.36) returned to Pepono101
Pepono101 collected $0.70 from pot
Pepono101: doesn't show hand 
*** SUMMARY ***
Total pot $0.73 | Rake $0.03 
Board [Kd 5h 8s Jc 3c]
Seat 2: poker.lip48 (button) folded before Flop (didn't bet)
Seat 3: serg197211 (small blind) folded before Flop
Seat 4: villa 7 G. (big blind) folded on the River
Seat 7: bch_12345 folded before Flop (didn't bet)
Seat 8: Dorex2007 folded before Flop (didn't bet)
Seat 9: Pepono101 collected ($0.70)



PokerStars Hand #231226883736:  Hold'em No Limit ($0.01/$0.02 USD) - 2021/11/07 15:33:05 PT [2021/11/07 18:33:05 ET]
Table 'Fides II' 9-max Seat #3 is the button
Seat 2: poker.lip48 ($5.50 in chips) 
Seat 3: serg197211 ($4.11 in chips) 
Seat 4: villa 7 G. ($1.58 in chips) 
Seat 5: Mersito1 ($2 in chips) 
Seat 7: bch_12345 ($2.86 in chips) 
Seat 8: Dorex2007 ($2.23 in chips) 
Seat 9: Pepono101 ($2.07 in chips) 
villa 7 G.: posts small blind $0.01
Mersito1: posts big blind $0.02
Jacon2905: sits out 
*** HOLE CARDS ***
Dealt to Dorex2007 [2c Qh]
bch_12345: folds 
Dorex2007: folds 
Pepono101: folds 
poker.lip48: folds 
serg197211: folds 
villa 7 G.: raises $0.04 to $0.06
Mersito1 has timed out
Mersito1: folds 
Uncalled bet ($0.04) returned to villa 7 G.
villa 7 G. collected $0.04 from pot
villa 7 G.: doesn't show hand 
*** SUMMARY ***
Total pot $0.04 | Rake $0 
Seat 2: poker.lip48 folded before Flop (didn't bet)
Seat 3: serg197211 (button) folded before Flop (didn't bet)
Seat 4: villa 7 G. (small blind) collected ($0.04)
Seat 5: Mersito1 (big blind) folded before Flop
Seat 7: bch_12345 folded before Flop (didn't bet)
Seat 8: Dorex2007 folded before Flop (didn't bet)
Seat 9: Pepono101 folded before Flop (didn't bet)



PokerStars Hand #231226904128:  Hold'em No Limit ($0.01/$0.02 USD) - 2021/11/07 15:33:59 PT [2021/11/07 18:33:59 ET]
Table 'Fides II' 9-max Seat #4 is the button
Seat 2: poker.lip48 ($5.50 in chips) 
Seat 3: serg197211 ($4.11 in chips) 
Seat 4: villa 7 G. ($1.60 in chips) 
Seat 5: Mersito1 ($2 in chips) 
Seat 6: Jacon2905 ($1 in chips) 
Seat 7: bch_12345 ($2.86 in chips) 
Seat 8: Dorex2007 ($2.23 in chips) 
Seat 9: Pepono101 ($2.07 in chips) 
Mersito1: posts small blind $0.01
Jacon2905: posts big blind $0.02
*** HOLE CARDS ***
Dealt to Dorex2007 [Ah Jd]
bch_12345: folds 
Dorex2007: raises $0.02 to $0.04
Pepono101: calls $0.04
poker.lip48: folds 
serg197211: folds 
villa 7 G.: calls $0.04
Mersito1 has timed out
Mersito1: folds 
Jacon2905: calls $0.02
*** FLOP *** [6s Ts Kc]
Jacon2905: checks 
Dorex2007: bets $0.08
Pepono101: raises $0.32 to $0.40
villa 7 G.: raises $1.16 to $1.56 and is all-in
Jacon2905: folds 
Dorex2007: folds 
Pepono101: calls $1.16
*** TURN *** [6s Ts Kc] [As]
*** RIVER *** [6s Ts Kc As] [Ac]
*** SHOW DOWN ***
Pepono101: shows [Td Kd] (two pair, Aces and Kings)
villa 7 G.: shows [Tc Kh] (two pair, Aces and Kings)
Pepono101 collected $1.63 from pot
villa 7 G. collected $1.62 from pot
*** SUMMARY ***
Total pot $3.37 | Rake $0.12 
Board [6s Ts Kc As Ac]
Seat 2: poker.lip48 folded before Flop (didn't bet)
Seat 3: serg197211 folded before Flop (didn't bet)
Seat 4: villa 7 G. (button) showed [Tc Kh] and won ($1.62) with two pair, Aces and Kings
Seat 5: Mersito1 (small blind) folded before Flop
Seat 6: Jacon2905 (big blind) folded on the Flop
Seat 7: bch_12345 folded before Flop (didn't bet)
Seat 8: Dorex2007 folded on the Flop
Seat 9: Pepono101 showed [Td Kd] and won ($1.63) with two pair, Aces and Kings



PokerStars Hand #231226929863:  Hold'em No Limit ($0.01/$0.02 USD) - 2021/11/07 15:35:07 PT [2021/11/07 18:35:07 ET]
Table 'Fides II' 9-max Seat #5 is the button
Seat 2: poker.lip48 ($5.50 in chips) 
Seat 3: serg197211 ($4.11 in chips) 
Seat 4: villa 7 G. ($1.62 in chips) 
Seat 5: Mersito1 ($2 in chips) 
Seat 6: Jacon2905 ($0.96 in chips) 
Seat 7: bch_12345 ($2.86 in chips) 
Seat 8: Dorex2007 ($2.11 in chips) 
Seat 9: Pepono101 ($2.10 in chips) 
Jacon2905: posts small blind $0.01
bch_12345: posts big blind $0.02
*** HOLE CARDS ***
Dealt to Dorex2007 [Jc 2d]
Dorex2007: folds 
Pepono101: folds 
poker.lip48: raises $0.04 to $0.06
serg197211: calls $0.06
villa 7 G.: folds 
Mersito1 has timed out
Mersito1: folds 
Jacon2905: folds 
bch_12345: folds 
*** FLOP *** [Js Kd Th]
poker.lip48: bets $0.07
serg197211: calls $0.07
*** TURN *** [Js Kd Th] [5h]
poker.lip48: checks 
serg197211: bets $0.23
poker.lip48: calls $0.23
*** RIVER *** [Js Kd Th 5h] [9s]
poker.lip48: bets $0.36
serg197211: raises $1.49 to $1.85
poker.lip48: folds 
Uncalled bet ($1.49) returned to serg197211
serg197211 collected $1.42 from pot
serg197211: doesn't show hand 
*** SUMMARY ***
Total pot $1.47 | Rake $0.05 
Board [Js Kd Th 5h 9s]
Seat 2: poker.lip48 folded on the River
Seat 3: serg197211 collected ($1.42)
Seat 4: villa 7 G. folded before Flop (didn't bet)
Seat 5: Mersito1 (button) folded before Flop (didn't bet)
Seat 6: Jacon2905 (small blind) folded before Flop
Seat 7: bch_12345 (big blind) folded before Flop
Seat 8: Dorex2007 folded before Flop (didn't bet)
Seat 9: Pepono101 folded before Flop (didn't bet)



PokerStars Hand #231226966146:  Hold'em No Limit ($0.01/$0.02 USD) - 2021/11/07 15:36:30 PT [2021/11/07 18:36:30 ET]
Table 'Fides II' 9-max Seat #6 is the button
Seat 1: Adam_W888 ($2.15 in chips) 
Seat 2: poker.lip48 ($4.78 in chips) 
Seat 3: serg197211 ($4.81 in chips) 
Seat 4: villa 7 G. ($1.62 in chips) 
Seat 5: Mersito1 ($2 in chips) 
Seat 6: Jacon2905 ($0.95 in chips) 
Seat 7: bch_12345 ($2.84 in chips) 
Seat 8: Dorex2007 ($2.11 in chips) 
Seat 9: Pepono101 ($2.10 in chips) 
bch_12345: posts small blind $0.01
Dorex2007: posts big blind $0.02
Adam_W888: posts small & big blinds $0.03
*** HOLE CARDS ***
Dealt to Dorex2007 [3c Jd]
Pepono101: folds 
Adam_W888: raises $0.04 to $0.06
poker.lip48: calls $0.06
serg197211: folds 
villa 7 G.: folds 
Mersito1: folds 
Jacon2905: folds 
bch_12345: folds 
Dorex2007: folds 
*** FLOP *** [Kh Ah 7s]
Adam_W888: checks 
poker.lip48: bets $0.15
Adam_W888: folds 
Uncalled bet ($0.15) returned to poker.lip48
poker.lip48 collected $0.15 from pot
*** SUMMARY ***
Total pot $0.16 | Rake $0.01 
Board [Kh Ah 7s]
Seat 1: Adam_W888 folded on the Flop
Seat 2: poker.lip48 collected ($0.15)
Seat 3: serg197211 folded before Flop (didn't bet)
Seat 4: villa 7 G. folded before Flop (didn't bet)
Seat 5: Mersito1 folded before Flop (didn't bet)
Seat 6: Jacon2905 (button) folded before Flop (didn't bet)
Seat 7: bch_12345 (small blind) folded before Flop
Seat 8: Dorex2007 (big blind) folded before Flop
Seat 9: Pepono101 folded before Flop (didn't bet)



PokerStars Hand #231226986191:  Hold'em No Limit ($0.01/$0.02 USD) - 2021/11/07 15:37:24 PT [2021/11/07 18:37:24 ET]
Table 'Fides II' 9-max Seat #7 is the button
Seat 1: Adam_W888 ($2.08 in chips) 
Seat 2: poker.lip48 ($4.87 in chips) 
Seat 3: serg197211 ($4.81 in chips) 
Seat 4: villa 7 G. ($1.62 in chips) 
Seat 5: Mersito1 ($2 in chips) 
Seat 6: Jacon2905 ($0.95 in chips) 
Seat 7: bch_12345 ($2.83 in chips) 
Seat 8: Dorex2007 ($2.09 in chips) 
Seat 9: Pepono101 ($2.10 in chips) 
Dorex2007: posts small blind $0.01
Pepono101: posts big blind $0.02
*** HOLE CARDS ***
Dealt to Dorex2007 [Qc Kc]
Adam_W888: folds 
poker.lip48: folds 
serg197211: folds 
villa 7 G.: folds 
Mersito1: folds 
Jacon2905: folds 
bch_12345: raises $0.04 to $0.06
Dorex2007: calls $0.05
Pepono101: folds 
*** FLOP *** [9c 3c 5s]
Dorex2007: bets $0.14
bch_12345: calls $0.14
*** TURN *** [9c 3c 5s] [3h]
Dorex2007: bets $1.89 and is all-in
bch_12345: folds 
Uncalled bet ($1.89) returned to Dorex2007
Dorex2007 collected $0.41 from pot
Dorex2007: doesn't show hand 
*** SUMMARY ***
Total pot $0.42 | Rake $0.01 
Board [9c 3c 5s 3h]
Seat 1: Adam_W888 folded before Flop (didn't bet)
Seat 2: poker.lip48 folded before Flop (didn't bet)
Seat 3: serg197211 folded before Flop (didn't bet)
Seat 4: villa 7 G. folded before Flop (didn't bet)
Seat 5: Mersito1 folded before Flop (didn't bet)
Seat 6: Jacon2905 folded before Flop (didn't bet)
Seat 7: bch_12345 (button) folded on the Turn
Seat 8: Dorex2007 (small blind) collected ($0.41)
Seat 9: Pepono101 (big blind) folded before Flop



PokerStars Hand #231227013664:  Hold'em No Limit ($0.01/$0.02 USD) - 2021/11/07 15:38:38 PT [2021/11/07 18:38:38 ET]
Table 'Fides II' 9-max Seat #8 is the button
Seat 1: Adam_W888 ($2.08 in chips) 
Seat 2: poker.lip48 ($4.87 in chips) 
Seat 3: serg197211 ($4.81 in chips) 
Seat 4: villa 7 G. ($1.62 in chips) 
Seat 5: Mersito1 ($2 in chips) 
Seat 6: Jacon2905 ($0.95 in chips) 
Seat 7: bch_12345 ($2.63 in chips) 
Seat 8: Dorex2007 ($2.30 in chips) 
Seat 9: Pepono101 ($2.08 in chips) 
Pepono101: posts small blind $0.01
Adam_W888: posts big blind $0.02
*** HOLE CARDS ***
Dealt to Dorex2007 [3d Ad]
poker.lip48: raises $0.04 to $0.06
serg197211: folds 
villa 7 G.: folds 
Mersito1: folds 
Jacon2905: folds 
bch_12345: folds 
Dorex2007: folds 
Pepono101: calls $0.05
Adam_W888: folds 
*** FLOP *** [6d 4d 8h]
Pepono101: checks 
poker.lip48: bets $0.07
Pepono101: folds 
Uncalled bet ($0.07) returned to poker.lip48
poker.lip48 collected $0.14 from pot
*** SUMMARY ***
Total pot $0.14 | Rake $0 
Board [6d 4d 8h]
Seat 1: Adam_W888 (big blind) folded before Flop
Seat 2: poker.lip48 collected ($0.14)
Seat 3: serg197211 folded before Flop (didn't bet)
Seat 4: villa 7 G. folded before Flop (didn't bet)
Seat 5: Mersito1 folded before Flop (didn't bet)
Seat 6: Jacon2905 folded before Flop (didn't bet)
Seat 7: bch_12345 folded before Flop (didn't bet)
Seat 8: Dorex2007 (button) folded before Flop (didn't bet)
Seat 9: Pepono101 (small blind) folded on the Flop



PokerStars Hand #231227037718:  Hold'em No Limit ($0.01/$0.02 USD) - 2021/11/07 15:39:44 PT [2021/11/07 18:39:44 ET]
Table 'Fides II' 9-max Seat #9 is the button
Seat 1: Adam_W888 ($2.06 in chips) 
Seat 2: poker.lip48 ($4.95 in chips) 
Seat 3: serg197211 ($4.81 in chips) 
Seat 4: villa 7 G. ($1.62 in chips) 
Seat 5: Mersito1 ($2 in chips) 
Seat 6: Jacon2905 ($0.95 in chips) 
Seat 7: bch_12345 ($2.63 in chips) 
Seat 8: Dorex2007 ($2.30 in chips) 
Seat 9: Pepono101 ($2.02 in chips) 
Adam_W888: posts small blind $0.01
poker.lip48: posts big blind $0.02
*** HOLE CARDS ***
Dealt to Dorex2007 [9c 6h]
serg197211: folds 
villa 7 G.: folds 
Mersito1: raises $0.05 to $0.07
Jacon2905: folds 
bch_12345: folds 
Dorex2007: folds 
Pepono101: folds 
Adam_W888: folds 
poker.lip48: folds 
Uncalled bet ($0.05) returned to Mersito1
Mersito1 collected $0.05 from pot
Mersito1: doesn't show hand 
*** SUMMARY ***
Total pot $0.05 | Rake $0 
Seat 1: Adam_W888 (small blind) folded before Flop
Seat 2: poker.lip48 (big blind) folded before Flop
Seat 3: serg197211 folded before Flop (didn't bet)
Seat 4: villa 7 G. folded before Flop (didn't bet)
Seat 5: Mersito1 collected ($0.05)
Seat 6: Jacon2905 folded before Flop (didn't bet)
Seat 7: bch_12345 folded before Flop (didn't bet)
Seat 8: Dorex2007 folded before Flop (didn't bet)
Seat 9: Pepono101 (button) folded before Flop (didn't bet)



PokerStars Hand #231227051813:  Hold'em No Limit ($0.01/$0.02 USD) - 2021/11/07 15:40:09 PT [2021/11/07 18:40:09 ET]
Table 'Fides II' 9-max Seat #1 is the button
Seat 1: Adam_W888 ($2.05 in chips) 
Seat 2: poker.lip48 ($4.93 in chips) 
Seat 3: serg197211 ($4.81 in chips) 
Seat 4: villa 7 G. ($1.62 in chips) 
Seat 5: Mersito1 ($2.03 in chips) 
Seat 6: Jacon2905 ($0.95 in chips) 
Seat 7: bch_12345 ($2.63 in chips) 
Seat 8: Dorex2007 ($2.30 in chips) 
Seat 9: Pepono101 ($2.02 in chips) 
poker.lip48: posts small blind $0.01
serg197211: posts big blind $0.02
*** HOLE CARDS ***
Dealt to Dorex2007 [9d 3d]
villa 7 G.: calls $0.02
Mersito1: folds 
Jacon2905: folds 
bch_12345: folds 
Dorex2007: folds 
Pepono101: folds 
Adam_W888: folds 
poker.lip48: folds 
serg197211: checks 
*** FLOP *** [Js 7c 7d]
serg197211: checks 
villa 7 G.: checks 
*** TURN *** [Js 7c 7d] [8s]
serg197211: checks 
villa 7 G.: bets $0.06
serg197211: folds 
Uncalled bet ($0.06) returned to villa 7 G.
villa 7 G. collected $0.05 from pot
villa 7 G.: doesn't show hand 
*** SUMMARY ***
Total pot $0.05 | Rake $0 
Board [Js 7c 7d 8s]
Seat 1: Adam_W888 (button) folded before Flop (didn't bet)
Seat 2: poker.lip48 (small blind) folded before Flop
Seat 3: serg197211 (big blind) folded on the Turn
Seat 4: villa 7 G. collected ($0.05)
Seat 5: Mersito1 folded before Flop (didn't bet)
Seat 6: Jacon2905 folded before Flop (didn't bet)
Seat 7: bch_12345 folded before Flop (didn't bet)
Seat 8: Dorex2007 folded before Flop (didn't bet)
Seat 9: Pepono101 folded before Flop (didn't bet)



PokerStars Hand #231227077221:  Hold'em No Limit ($0.01/$0.02 USD) - 2021/11/07 15:41:19 PT [2021/11/07 18:41:19 ET]
Table 'Fides II' 9-max Seat #2 is the button
Seat 1: Adam_W888 ($2.05 in chips) 
Seat 2: poker.lip48 ($4.92 in chips) 
Seat 3: serg197211 ($4.79 in chips) 
Seat 4: villa 7 G. ($1.65 in chips) 
Seat 5: Mersito1 ($2.03 in chips) 
Seat 6: Jacon2905 ($0.95 in chips) 
Seat 7: bch_12345 ($2.63 in chips) 
Seat 8: Dorex2007 ($2.30 in chips) 
Seat 9: Pepono101 ($2.02 in chips) 
serg197211: posts small blind $0.01
villa 7 G.: posts big blind $0.02
*** HOLE CARDS ***
Dealt to Dorex2007 [Kc Jc]
Mersito1: folds 
Jacon2905: folds 
bch_12345: folds 
Dorex2007: raises $0.02 to $0.04
Pepono101: folds 
Adam_W888: folds 
poker.lip48: folds 
serg197211: folds 
villa 7 G.: folds 
Uncalled bet ($0.02) returned to Dorex2007
Dorex2007 collected $0.05 from pot
Dorex2007: doesn't show hand 
*** SUMMARY ***
Total pot $0.05 | Rake $0 
Seat 1: Adam_W888 folded before Flop (didn't bet)
Seat 2: poker.lip48 (button) folded before Flop (didn't bet)
Seat 3: serg197211 (small blind) folded before Flop
Seat 4: villa 7 G. (big blind) folded before Flop
Seat 5: Mersito1 folded before Flop (didn't bet)
Seat 6: Jacon2905 folded before Flop (didn't bet)
Seat 7: bch_12345 folded before Flop (didn't bet)
Seat 8: Dorex2007 collected ($0.05)
Seat 9: Pepono101 folded before Flop (didn't bet)



PokerStars Hand #231227083003:  Hold'em No Limit ($0.01/$0.02 USD) - 2021/11/07 15:41:35 PT [2021/11/07 18:41:35 ET]
Table 'Fides II' 9-max Seat #3 is the button
Seat 1: Adam_W888 ($2.05 in chips) 
Seat 2: poker.lip48 ($4.92 in chips) 
Seat 3: serg197211 ($4.78 in chips) 
Seat 4: villa 7 G. ($1.63 in chips) 
Seat 5: Mersito1 ($2.03 in chips) 
Seat 6: Jacon2905 ($0.95 in chips) 
Seat 7: bch_12345 ($2.63 in chips) 
Seat 8: Dorex2007 ($2.33 in chips) 
Seat 9: Pepono101 ($2.02 in chips) 
villa 7 G.: posts small blind $0.01
Mersito1: posts big blind $0.02
*** HOLE CARDS ***
Dealt to Dorex2007 [4s Ac]
Jacon2905: folds 
bch_12345: folds 
Dorex2007: folds 
Pepono101: folds 
Adam_W888: folds 
poker.lip48: folds 
serg197211: folds 
villa 7 G.: raises $0.04 to $0.06
Mersito1: folds 
Uncalled bet ($0.04) returned to villa 7 G.
villa 7 G. collected $0.04 from pot
villa 7 G.: doesn't show hand 
*** SUMMARY ***
Total pot $0.04 | Rake $0 
Seat 1: Adam_W888 folded before Flop (didn't bet)
Seat 2: poker.lip48 folded before Flop (didn't bet)
Seat 3: serg197211 (button) folded before Flop (didn't bet)
Seat 4: villa 7 G. (small blind) collected ($0.04)
Seat 5: Mersito1 (big blind) folded before Flop
Seat 6: Jacon2905 folded before Flop (didn't bet)
Seat 7: bch_12345 folded before Flop (didn't bet)
Seat 8: Dorex2007 folded before Flop (didn't bet)
Seat 9: Pepono101 folded before Flop (didn't bet)



PokerStars Hand #231227091300:  Hold'em No Limit ($0.01/$0.02 USD) - 2021/11/07 15:41:58 PT [2021/11/07 18:41:58 ET]
Table 'Fides II' 9-max Seat #4 is the button
Seat 1: Adam_W888 ($2.05 in chips) 
Seat 2: poker.lip48 ($4.92 in chips) 
Seat 3: serg197211 ($4.78 in chips) 
Seat 4: villa 7 G. ($1.65 in chips) 
Seat 5: Mersito1 ($2.01 in chips) 
Seat 6: Jacon2905 ($0.95 in chips) 
Seat 7: bch_12345 ($2.63 in chips) 
Seat 8: Dorex2007 ($2.33 in chips) 
Seat 9: Pepono101 ($2.02 in chips) 
Mersito1: posts small blind $0.01
Jacon2905: posts big blind $0.02
*** HOLE CARDS ***
Dealt to Dorex2007 [2h 5c]
bch_12345: folds 
Dorex2007: folds 
Pepono101: folds 
Adam_W888: raises $0.04 to $0.06
poker.lip48: folds 
serg197211: folds 
villa 7 G.: folds 
Mersito1: folds 
Jacon2905: folds 
Uncalled bet ($0.04) returned to Adam_W888
Adam_W888 collected $0.05 from pot
Adam_W888: doesn't show hand 
*** SUMMARY ***
Total pot $0.05 | Rake $0 
Seat 1: Adam_W888 collected ($0.05)
Seat 2: poker.lip48 folded before Flop (didn't bet)
Seat 3: serg197211 folded before Flop (didn't bet)
Seat 4: villa 7 G. (button) folded before Flop (didn't bet)
Seat 5: Mersito1 (small blind) folded before Flop
Seat 6: Jacon2905 (big blind) folded before Flop
Seat 7: bch_12345 folded before Flop (didn't bet)
Seat 8: Dorex2007 folded before Flop (didn't bet)
Seat 9: Pepono101 folded before Flop (didn't bet)



PokerStars Hand #231227099024:  Hold'em No Limit ($0.01/$0.02 USD) - 2021/11/07 15:42:20 PT [2021/11/07 18:42:20 ET]
Table 'Fides II' 9-max Seat #5 is the button
Seat 1: Adam_W888 ($2.08 in chips) 
Seat 2: poker.lip48 ($4.92 in chips) 
Seat 3: serg197211 ($4.78 in chips) 
Seat 4: villa 7 G. ($1.65 in chips) 
Seat 5: Mersito1 ($2 in chips) 
Seat 6: Jacon2905 ($0.93 in chips) 
Seat 7: bch_12345 ($2.63 in chips) 
Seat 8: Dorex2007 ($2.33 in chips) 
Seat 9: Pepono101 ($2.02 in chips) 
Jacon2905: posts small blind $0.01
bch_12345: posts big blind $0.02
*** HOLE CARDS ***
Dealt to Dorex2007 [5d 3s]
Dorex2007: folds 
Pepono101: folds 
Adam_W888: calls $0.02
poker.lip48: folds 
serg197211: folds 
villa 7 G.: folds 
Mersito1: folds 
Jacon2905: calls $0.01
bch_12345: checks 
*** FLOP *** [6c Tc Ks]
Jacon2905: checks 
bch_12345: checks 
Adam_W888: checks 
*** TURN *** [6c Tc Ks] [Qs]
Jacon2905: checks 
bch_12345: checks 
Adam_W888: checks 
*** RIVER *** [6c Tc Ks Qs] [8s]
Jacon2905: checks 
bch_12345: checks 
Adam_W888: checks 
*** SHOW DOWN ***
Jacon2905: shows [Kd 7s] (a pair of Kings)
bch_12345: mucks hand 
Adam_W888: mucks hand 
Jacon2905 collected $0.06 from pot
*** SUMMARY ***
Total pot $0.06 | Rake $0 
Board [6c Tc Ks Qs 8s]
Seat 1: Adam_W888 mucked [Td 5s]
Seat 2: poker.lip48 folded before Flop (didn't bet)
Seat 3: serg197211 folded before Flop (didn't bet)
Seat 4: villa 7 G. folded before Flop (didn't bet)
Seat 5: Mersito1 (button) folded before Flop (didn't bet)
Seat 6: Jacon2905 (small blind) showed [Kd 7s] and won ($0.06) with a pair of Kings
Seat 7: bch_12345 (big blind) mucked [6d Ac]
Seat 8: Dorex2007 folded before Flop (didn't bet)
Seat 9: Pepono101 folded before Flop (didn't bet)



PokerStars Hand #231227117233:  Hold'em No Limit ($0.01/$0.02 USD) - 2021/11/07 15:43:11 PT [2021/11/07 18:43:11 ET]
Table 'Fides II' 9-max Seat #6 is the button
Seat 1: Adam_W888 ($2.06 in chips) 
Seat 2: poker.lip48 ($4.92 in chips) 
Seat 3: serg197211 ($4.78 in chips) 
Seat 4: villa 7 G. ($1.65 in chips) 
Seat 5: Mersito1 ($2 in chips) 
Seat 6: Jacon2905 ($0.97 in chips) 
Seat 7: bch_12345 ($2.61 in chips) 
Seat 8: Dorex2007 ($2.33 in chips) 
Seat 9: Pepono101 ($2.02 in chips) 
bch_12345: posts small blind $0.01
Dorex2007: posts big blind $0.02
*** HOLE CARDS ***
Dealt to Dorex2007 [4c Jc]
Pepono101: folds 
Adam_W888: folds 
poker.lip48: folds 
serg197211: folds 
villa 7 G.: raises $0.04 to $0.06
Mersito1: folds 
Jacon2905: folds 
bch_12345: folds 
Dorex2007: folds 
Uncalled bet ($0.04) returned to villa 7 G.
villa 7 G. collected $0.05 from pot
villa 7 G.: doesn't show hand 
*** SUMMARY ***
Total pot $0.05 | Rake $0 
Seat 1: Adam_W888 folded before Flop (didn't bet)
Seat 2: poker.lip48 folded before Flop (didn't bet)
Seat 3: serg197211 folded before Flop (didn't bet)
Seat 4: villa 7 G. collected ($0.05)
Seat 5: Mersito1 folded before Flop (didn't bet)
Seat 6: Jacon2905 (button) folded before Flop (didn't bet)
Seat 7: bch_12345 (small blind) folded before Flop
Seat 8: Dorex2007 (big blind) folded before Flop
Seat 9: Pepono101 folded before Flop (didn't bet)



PokerStars Hand #231227126382:  Hold'em No Limit ($0.01/$0.02 USD) - 2021/11/07 15:43:36 PT [2021/11/07 18:43:36 ET]
Table 'Fides II' 9-max Seat #7 is the button
Seat 1: Adam_W888 ($2.06 in chips) 
Seat 2: poker.lip48 ($4.92 in chips) 
Seat 3: serg197211 ($4.78 in chips) 
Seat 4: villa 7 G. ($1.68 in chips) 
Seat 5: Mersito1 ($2 in chips) 
Seat 6: Jacon2905 ($0.97 in chips) 
Seat 7: bch_12345 ($2.60 in chips) 
Seat 8: Dorex2007 ($2.31 in chips) 
Seat 9: Pepono101 ($2.02 in chips) 
Dorex2007: posts small blind $0.01
Pepono101: posts big blind $0.02
*** HOLE CARDS ***
Dealt to Dorex2007 [6c 4s]
Adam_W888: folds 
poker.lip48: folds 
serg197211: folds 
villa 7 G.: folds 
Mersito1: raises $0.05 to $0.07
Jacon2905: folds 
bch_12345: calls $0.07
Dorex2007: folds 
Pepono101: folds 
*** FLOP *** [Jh Tc Ts]
Mersito1: checks 
bch_12345: checks 
*** TURN *** [Jh Tc Ts] [7c]
Mersito1: bets $0.12
bch_12345: folds 
Uncalled bet ($0.12) returned to Mersito1
Mersito1 collected $0.16 from pot
Mersito1: doesn't show hand 
*** SUMMARY ***
Total pot $0.17 | Rake $0.01 
Board [Jh Tc Ts 7c]
Seat 1: Adam_W888 folded before Flop (didn't bet)
Seat 2: poker.lip48 folded before Flop (didn't bet)
Seat 3: serg197211 folded before Flop (didn't bet)
Seat 4: villa 7 G. folded before Flop (didn't bet)
Seat 5: Mersito1 collected ($0.16)
Seat 6: Jacon2905 folded before Flop (didn't bet)
Seat 7: bch_12345 (button) folded on the Turn
Seat 8: Dorex2007 (small blind) folded before Flop
Seat 9: Pepono101 (big blind) folded before Flop



PokerStars Hand #231227140682:  Hold'em No Limit ($0.01/$0.02 USD) - 2021/11/07 15:44:17 PT [2021/11/07 18:44:17 ET]
Table 'Fides II' 9-max Seat #8 is the button
Seat 1: Adam_W888 ($2.06 in chips) 
Seat 2: poker.lip48 ($4.92 in chips) 
Seat 3: serg197211 ($4.78 in chips) 
Seat 4: villa 7 G. ($1.68 in chips) 
Seat 5: Mersito1 ($2.09 in chips) 
Seat 6: Jacon2905 ($0.97 in chips) 
Seat 7: bch_12345 ($2.53 in chips) 
Seat 8: Dorex2007 ($2.30 in chips) 
Seat 9: Pepono101 ($2 in chips) 
Pepono101: posts small blind $0.01
Adam_W888: posts big blind $0.02
*** HOLE CARDS ***
Dealt to Dorex2007 [2s 4d]
poker.lip48: folds 
serg197211: folds 
villa 7 G.: folds 
Mersito1: raises $0.05 to $0.07
Jacon2905: raises $0.13 to $0.20
bch_12345: folds 
Dorex2007: folds 
Pepono101: folds 
Adam_W888: folds 
Mersito1: folds 
Uncalled bet ($0.13) returned to Jacon2905
Jacon2905 collected $0.17 from pot
Jacon2905: doesn't show hand 
*** SUMMARY ***
Total pot $0.17 | Rake $0 
Seat 1: Adam_W888 (big blind) folded before Flop
Seat 2: poker.lip48 folded before Flop (didn't bet)
Seat 3: serg197211 folded before Flop (didn't bet)
Seat 4: villa 7 G. folded before Flop (didn't bet)
Seat 5: Mersito1 folded before Flop
Seat 6: Jacon2905 collected ($0.17)
Seat 7: bch_12345 folded before Flop (didn't bet)
Seat 8: Dorex2007 (button) folded before Flop (didn't bet)
Seat 9: Pepono101 (small blind) folded before Flop



PokerStars Hand #231227151500:  Hold'em No Limit ($0.01/$0.02 USD) - 2021/11/07 15:44:48 PT [2021/11/07 18:44:48 ET]
Table 'Fides II' 9-max Seat #9 is the button
Seat 1: Adam_W888 ($2.04 in chips) 
Seat 2: poker.lip48 ($4.92 in chips) 
Seat 3: serg197211 ($4.78 in chips) 
Seat 4: villa 7 G. ($1.68 in chips) 
Seat 5: Mersito1 ($2.02 in chips) 
Seat 6: Jacon2905 ($1.07 in chips) 
Seat 7: bch_12345 ($2.53 in chips) 
Seat 8: Dorex2007 ($2.30 in chips) 
Seat 9: Pepono101 ($1.99 in chips) 
Adam_W888: posts small blind $0.01
poker.lip48: posts big blind $0.02
*** HOLE CARDS ***
Dealt to Dorex2007 [Ah 6h]
serg197211: folds 
villa 7 G.: raises $0.04 to $0.06
Mersito1: folds 
Jacon2905: folds 
bch_12345: folds 
Dorex2007: raises $0.12 to $0.18
Pepono101: folds 
Adam_W888: folds 
poker.lip48: folds 
villa 7 G.: raises $0.68 to $0.86
Dorex2007: raises $1.44 to $2.30 and is all-in
villa 7 G.: calls $0.82 and is all-in
Uncalled bet ($0.62) returned to Dorex2007
Adam_W888 leaves the table
*** FLOP *** [8d Jh 9c]
*** TURN *** [8d Jh 9c] [2d]
*** RIVER *** [8d Jh 9c 2d] [Jc]
*** SHOW DOWN ***
villa 7 G.: shows [Ad As] (two pair, Aces and Jacks)
Dorex2007: shows [Ah 6h] (a pair of Jacks)
villa 7 G. cashed out the hand for $2.86 | Cash Out Fee $0.03
*** SUMMARY ***
Total pot $3.39 | Rake $0.12 
Board [8d Jh 9c 2d Jc]
Seat 1: Adam_W888 (small blind) folded before Flop
Seat 2: poker.lip48 (big blind) folded before Flop
Seat 3: serg197211 folded before Flop (didn't bet)
Seat 4: villa 7 G. showed [Ad As] and won ($3.27) with two pair, Aces and Jacks (pot not awarded as player cashed out)
Seat 5: Mersito1 folded before Flop (didn't bet)
Seat 6: Jacon2905 folded before Flop (didn't bet)
Seat 7: bch_12345 folded before Flop (didn't bet)
Seat 8: Dorex2007 showed [Ah 6h] and lost with a pair of Jacks
Seat 9: Pepono101 (button) folded before Flop (didn't bet)



PokerStars Hand #231227179447:  Hold'em No Limit ($0.01/$0.02 USD) - 2021/11/07 15:46:07 PT [2021/11/07 18:46:07 ET]
Table 'Fides II' 9-max Seat #2 is the button
Seat 2: poker.lip48 ($4.90 in chips) 
Seat 3: serg197211 ($4.78 in chips) 
Seat 4: villa 7 G. ($2.86 in chips) 
Seat 5: Mersito1 ($2.02 in chips) 
Seat 6: Jacon2905 ($1.07 in chips) 
Seat 7: bch_12345 ($2.53 in chips) 
Seat 8: Dorex2007 ($2 in chips) 
Seat 9: Pepono101 ($1.99 in chips) 
serg197211: posts small blind $0.01
villa 7 G.: posts big blind $0.02
*** HOLE CARDS ***
Dealt to Dorex2007 [Jh 2s]
Mersito1: folds 
Jacon2905: folds 
MGLIMA99 joins the table at seat #1 
bch_12345: folds 
Dorex2007: folds 
Pepono101: folds 
poker.lip48: raises $0.04 to $0.06
serg197211: folds 
villa 7 G.: calls $0.04
*** FLOP *** [Ks 8s 7d]
villa 7 G.: checks 
poker.lip48: bets $0.07
villa 7 G.: calls $0.07
*** TURN *** [Ks 8s 7d] [Tc]
villa 7 G.: checks 
poker.lip48: bets $0.13
villa 7 G.: calls $0.13
*** RIVER *** [Ks 8s 7d Tc] [7h]
villa 7 G.: checks 
poker.lip48: bets $0.26
villa 7 G.: calls $0.26
*** SHOW DOWN ***
poker.lip48: shows [Kh Th] (two pair, Kings and Tens)
villa 7 G.: mucks hand 
poker.lip48 collected $1.01 from pot
*** SUMMARY ***
Total pot $1.05 | Rake $0.04 
Board [Ks 8s 7d Tc 7h]
Seat 2: poker.lip48 (button) showed [Kh Th] and won ($1.01) with two pair, Kings and Tens
Seat 3: serg197211 (small blind) folded before Flop
Seat 4: villa 7 G. (big blind) mucked [Kc 6s]
Seat 5: Mersito1 folded before Flop (didn't bet)
Seat 6: Jacon2905 folded before Flop (didn't bet)
Seat 7: bch_12345 folded before Flop (didn't bet)
Seat 8: Dorex2007 folded before Flop (didn't bet)
Seat 9: Pepono101 folded before Flop (didn't bet)



PokerStars Hand #231227196507:  Hold'em No Limit ($0.01/$0.02 USD) - 2021/11/07 15:46:56 PT [2021/11/07 18:46:56 ET]
Table 'Fides II' 9-max Seat #3 is the button
Seat 2: poker.lip48 ($5.39 in chips) 
Seat 3: serg197211 ($4.77 in chips) 
Seat 4: villa 7 G. ($2.34 in chips) 
Seat 5: Mersito1 ($2.02 in chips) 
Seat 6: Jacon2905 ($1.07 in chips) 
Seat 7: bch_12345 ($2.53 in chips) 
Seat 8: Dorex2007 ($2 in chips) 
Seat 9: Pepono101 ($1.99 in chips) 
villa 7 G.: posts small blind $0.01
Mersito1: posts big blind $0.02
MGLIMA99: sits out 
*** HOLE CARDS ***
Dealt to Dorex2007 [4h 2d]
Jacon2905: folds 
bch_12345: folds 
Dorex2007: folds 
Pepono101: folds 
poker.lip48: folds 
serg197211: raises $0.02 to $0.04
villa 7 G.: folds 
Mersito1: folds 
Uncalled bet ($0.02) returned to serg197211
serg197211 collected $0.05 from pot
serg197211: doesn't show hand 
*** SUMMARY ***
Total pot $0.05 | Rake $0 
Seat 2: poker.lip48 folded before Flop (didn't bet)
Seat 3: serg197211 (button) collected ($0.05)
Seat 4: villa 7 G. (small blind) folded before Flop
Seat 5: Mersito1 (big blind) folded before Flop
Seat 6: Jacon2905 folded before Flop (didn't bet)
Seat 7: bch_12345 folded before Flop (didn't bet)
Seat 8: Dorex2007 folded before Flop (didn't bet)
Seat 9: Pepono101 folded before Flop (didn't bet)



PokerStars Hand #231227206558:  Hold'em No Limit ($0.01/$0.02 USD) - 2021/11/07 15:47:24 PT [2021/11/07 18:47:24 ET]
Table 'Fides II' 9-max Seat #4 is the button
Seat 2: poker.lip48 ($5.39 in chips) 
Seat 3: serg197211 ($4.80 in chips) 
Seat 4: villa 7 G. ($2.33 in chips) 
Seat 5: Mersito1 ($2 in chips) 
Seat 6: Jacon2905 ($1.07 in chips) 
Seat 7: bch_12345 ($2.53 in chips) 
Seat 8: Dorex2007 ($2 in chips) 
Seat 9: Pepono101 ($1.99 in chips) 
Mersito1: posts small blind $0.01
Jacon2905: posts big blind $0.02
MGLIMA99: sits out 
*** HOLE CARDS ***
Dealt to Dorex2007 [8h 4s]
bch_12345: folds 
Dorex2007: folds 
Pepono101: raises $0.05 to $0.07
poker.lip48: folds 
serg197211: folds 
villa 7 G.: calls $0.07
Mersito1: raises $0.21 to $0.28
Jacon2905: folds 
Pepono101: calls $0.21
villa 7 G.: folds 
*** FLOP *** [8d 5h 4c]
Mersito1: bets $0.14
Pepono101: calls $0.14
*** TURN *** [8d 5h 4c] [7d]
Mersito1: checks 
Pepono101: bets $0.45
Mersito1: folds 
Uncalled bet ($0.45) returned to Pepono101
Pepono101 collected $0.90 from pot
Pepono101: doesn't show hand 
*** SUMMARY ***
Total pot $0.93 | Rake $0.03 
Board [8d 5h 4c 7d]
Seat 2: poker.lip48 folded before Flop (didn't bet)
Seat 3: serg197211 folded before Flop (didn't bet)
Seat 4: villa 7 G. (button) folded before Flop
Seat 5: Mersito1 (small blind) folded on the Turn
Seat 6: Jacon2905 (big blind) folded before Flop
Seat 7: bch_12345 folded before Flop (didn't bet)
Seat 8: Dorex2007 folded before Flop (didn't bet)
Seat 9: Pepono101 collected ($0.90)



PokerStars Hand #231227227827:  Hold'em No Limit ($0.01/$0.02 USD) - 2021/11/07 15:48:26 PT [2021/11/07 18:48:26 ET]
Table 'Fides II' 9-max Seat #5 is the button
Seat 2: poker.lip48 ($5.39 in chips) 
Seat 3: serg197211 ($4.80 in chips) 
Seat 4: villa 7 G. ($2.26 in chips) 
Seat 5: Mersito1 ($2 in chips) 
Seat 6: Jacon2905 ($1.05 in chips) 
Seat 7: bch_12345 ($2.53 in chips) 
Seat 8: Dorex2007 ($2 in chips) 
Seat 9: Pepono101 ($2.47 in chips) 
Jacon2905: posts small blind $0.01
bch_12345: posts big blind $0.02
MGLIMA99: sits out 
*** HOLE CARDS ***
Dealt to Dorex2007 [Ad Qd]
Dorex2007: raises $0.02 to $0.04
Pepono101: calls $0.04
poker.lip48: folds 
serg197211: folds 
villa 7 G.: calls $0.04
Mersito1: calls $0.04
Jacon2905: calls $0.03
bch_12345: folds 
*** FLOP *** [3s Jd 2c]
Jacon2905: checks 
Dorex2007: bets $0.11
Pepono101: folds 
villa 7 G.: calls $0.11
Mersito1: folds 
Jacon2905: raises $0.19 to $0.30
Dorex2007: calls $0.19
villa 7 G.: calls $0.19
*** TURN *** [3s Jd 2c] [5d]
Jacon2905: bets $0.71 and is all-in
Dorex2007: calls $0.71
villa 7 G.: calls $0.71
*** RIVER *** [3s Jd 2c 5d] [4d]
Dorex2007: bets $0.95 and is all-in
villa 7 G.: folds 
Uncalled bet ($0.95) returned to Dorex2007
*** SHOW DOWN ***
Dorex2007: shows [Ad Qd] (a flush, Ace high)
Jacon2905: shows [3d 3h] (three of a kind, Threes)
Dorex2007 collected $3.14 from pot
*** SUMMARY ***
Total pot $3.25 | Rake $0.11 
Board [3s Jd 2c 5d 4d]
Seat 2: poker.lip48 folded before Flop (didn't bet)
Seat 3: serg197211 folded before Flop (didn't bet)
Seat 4: villa 7 G. folded on the River
Seat 5: Mersito1 (button) folded on the Flop
Seat 6: Jacon2905 (small blind) showed [3d 3h] and lost with three of a kind, Threes
Seat 7: bch_12345 (big blind) folded before Flop
Seat 8: Dorex2007 showed [Ad Qd] and won ($3.14) with a flush, Ace high
Seat 9: Pepono101 folded on the Flop



PokerStars Hand #231227265250:  Hold'em No Limit ($0.01/$0.02 USD) - 2021/11/07 15:49:55 PT [2021/11/07 18:49:55 ET]
Table 'Fides II' 9-max Seat #7 is the button
Seat 2: poker.lip48 ($5.39 in chips) 
Seat 3: serg197211 ($4.80 in chips) 
Seat 4: villa 7 G. ($1.21 in chips) 
Seat 5: Mersito1 ($2 in chips) 
Seat 7: bch_12345 ($2.51 in chips) 
Seat 8: Dorex2007 ($4.09 in chips) 
Seat 9: Pepono101 ($2.43 in chips) 
Dorex2007: posts small blind $0.01
Pepono101: posts big blind $0.02
MGLIMA99: sits out 
*** HOLE CARDS ***
Dealt to Dorex2007 [5s 3h]
poker.lip48: folds 
serg197211: folds 
villa 7 G.: raises $0.04 to $0.06
Mersito1: folds 
bch_12345: folds 
Dorex2007: folds 
Pepono101: calls $0.04
*** FLOP *** [Ks 3c Kc]
Pepono101: checks 
villa 7 G.: bets $0.06
Pepono101: folds 
Uncalled bet ($0.06) returned to villa 7 G.
villa 7 G. collected $0.13 from pot
villa 7 G.: doesn't show hand 
*** SUMMARY ***
Total pot $0.13 | Rake $0 
Board [Ks 3c Kc]
Seat 2: poker.lip48 folded before Flop (didn't bet)
Seat 3: serg197211 folded before Flop (didn't bet)
Seat 4: villa 7 G. collected ($0.13)
Seat 5: Mersito1 folded before Flop (didn't bet)
Seat 7: bch_12345 (button) folded before Flop (didn't bet)
Seat 8: Dorex2007 (small blind) folded before Flop
Seat 9: Pepono101 (big blind) folded on the Flop



PokerStars Hand #231227276269:  Hold'em No Limit ($0.01/$0.02 USD) - 2021/11/07 15:50:27 PT [2021/11/07 18:50:27 ET]
Table 'Fides II' 9-max Seat #8 is the button
Seat 1: MGLIMA99 ($2 in chips) 
Seat 2: poker.lip48 ($5.39 in chips) 
Seat 3: serg197211 ($4.80 in chips) 
Seat 4: villa 7 G. ($1.28 in chips) 
Seat 5: Mersito1 ($2 in chips) 
Seat 7: bch_12345 ($2.51 in chips) 
Seat 8: Dorex2007 ($4.08 in chips) 
Seat 9: Pepono101 ($2.37 in chips) 
Pepono101: posts small blind $0.01
MGLIMA99: posts big blind $0.02
*** HOLE CARDS ***
Dealt to Dorex2007 [3c Js]
Jacon2905 leaves the table
poker.lip48: folds 
serg197211: folds 
villa 7 G.: folds 
Mersito1: folds 
bch_12345: folds 
Dorex2007: folds 
Pepono101: calls $0.01
MGLIMA99: checks 
*** FLOP *** [5d Td 3s]
Pepono101: checks 
MGLIMA99: checks 
*** TURN *** [5d Td 3s] [Ah]
Castor1 joins the table at seat #6 
Pepono101: bets $0.02
MGLIMA99: calls $0.02
*** RIVER *** [5d Td 3s Ah] [6c]
Pepono101: checks 
MGLIMA99: checks 
*** SHOW DOWN ***
Pepono101: shows [2s 6h] (a pair of Sixes)
MGLIMA99: shows [Tc 9s] (a pair of Tens)
MGLIMA99 collected $0.08 from pot
*** SUMMARY ***
Total pot $0.08 | Rake $0 
Board [5d Td 3s Ah 6c]
Seat 1: MGLIMA99 (big blind) showed [Tc 9s] and won ($0.08) with a pair of Tens
Seat 2: poker.lip48 folded before Flop (didn't bet)
Seat 3: serg197211 folded before Flop (didn't bet)
Seat 4: villa 7 G. folded before Flop (didn't bet)
Seat 5: Mersito1 folded before Flop (didn't bet)
Seat 7: bch_12345 folded before Flop (didn't bet)
Seat 8: Dorex2007 (button) folded before Flop (didn't bet)
Seat 9: Pepono101 (small blind) showed [2s 6h] and lost with a pair of Sixes



PokerStars Hand #231227291161:  Hold'em No Limit ($0.01/$0.02 USD) - 2021/11/07 15:51:11 PT [2021/11/07 18:51:11 ET]
Table 'Fides II' 9-max Seat #9 is the button
Seat 1: MGLIMA99 ($2.04 in chips) 
Seat 2: poker.lip48 ($5.39 in chips) 
Seat 3: serg197211 ($4.80 in chips) 
Seat 4: villa 7 G. ($1.28 in chips) 
Seat 5: Mersito1 ($2 in chips) 
Seat 7: bch_12345 ($2.51 in chips) 
Seat 8: Dorex2007 ($4.08 in chips) 
Seat 9: Pepono101 ($2.33 in chips) 
MGLIMA99: posts small blind $0.01
poker.lip48: posts big blind $0.02
Castor1: sits out 
*** HOLE CARDS ***
Dealt to Dorex2007 [Ks Kd]
serg197211: folds 
villa 7 G.: raises $0.04 to $0.06
Mersito1: folds 
bch_12345: raises $0.16 to $0.22
Dorex2007: raises $3.86 to $4.08 and is all-in
Pepono101: folds 
MGLIMA99: folds 
poker.lip48: folds 
villa 7 G.: folds 
bch_12345: folds 
Uncalled bet ($3.86) returned to Dorex2007
Dorex2007 collected $0.53 from pot
Dorex2007: doesn't show hand 
*** SUMMARY ***
Total pot $0.53 | Rake $0 
Seat 1: MGLIMA99 (small blind) folded before Flop
Seat 2: poker.lip48 (big blind) folded before Flop
Seat 3: serg197211 folded before Flop (didn't bet)
Seat 4: villa 7 G. folded before Flop
Seat 5: Mersito1 folded before Flop (didn't bet)
Seat 7: bch_12345 folded before Flop
Seat 8: Dorex2007 collected ($0.53)
Seat 9: Pepono101 (button) folded before Flop (didn't bet)



PokerStars Hand #231227305579:  Hold'em No Limit ($0.01/$0.02 USD) - 2021/11/07 15:51:53 PT [2021/11/07 18:51:53 ET]
Table 'Fides II' 9-max Seat #1 is the button
Seat 1: MGLIMA99 ($2.03 in chips) 
Seat 2: poker.lip48 ($5.37 in chips) 
Seat 4: villa 7 G. ($1.22 in chips) 
Seat 5: Mersito1 ($2 in chips) 
Seat 7: bch_12345 ($2.29 in chips) 
Seat 8: Dorex2007 ($4.39 in chips) 
Seat 9: Pepono101 ($2.33 in chips) 
poker.lip48: posts small blind $0.01
serg197211: is sitting out 
serg197211 leaves the table
villa 7 G.: posts big blind $0.02
Castor1: sits out 
*** HOLE CARDS ***
Dealt to Dorex2007 [5h 7c]
Mersito1: folds 
bch_12345: folds 
Dorex2007: folds 
Pepono101: folds 
Dorex2007 said, "good fold  KK"
MGLIMA99: raises $0.02 to $0.04
poker.lip48: folds 
villa 7 G.: calls $0.02
*** FLOP *** [2s Th Jc]
villa 7 G.: checks 
MGLIMA99: checks 
*** TURN *** [2s Th Jc] [5c]
villa 7 G.: checks 
MGLIMA99: checks 
*** RIVER *** [2s Th Jc 5c] [3s]
villa 7 G.: bets $0.09
MGLIMA99: calls $0.09
*** SHOW DOWN ***
villa 7 G.: shows [As 3d] (a pair of Threes)
MGLIMA99: shows [Ts Kc] (a pair of Tens)
MGLIMA99 collected $0.26 from pot
*** SUMMARY ***
Total pot $0.27 | Rake $0.01 
Board [2s Th Jc 5c 3s]
Seat 1: MGLIMA99 (button) showed [Ts Kc] and won ($0.26) with a pair of Tens
Seat 2: poker.lip48 (small blind) folded before Flop
Seat 4: villa 7 G. (big blind) showed [As 3d] and lost with a pair of Threes
Seat 5: Mersito1 folded before Flop (didn't bet)
Seat 7: bch_12345 folded before Flop (didn't bet)
Seat 8: Dorex2007 folded before Flop (didn't bet)
Seat 9: Pepono101 folded before Flop (didn't bet)



PokerStars Hand #231227325573:  Hold'em No Limit ($0.01/$0.02 USD) - 2021/11/07 15:52:52 PT [2021/11/07 18:52:52 ET]
Table 'Fides II' 9-max Seat #2 is the button
Seat 1: MGLIMA99 ($2.16 in chips) 
Seat 2: poker.lip48 ($5.36 in chips) 
Seat 4: villa 7 G. ($1.09 in chips) 
Seat 5: Mersito1 ($2 in chips) 
Seat 7: bch_12345 ($2.29 in chips) 
Seat 8: Dorex2007 ($4.39 in chips) 
Seat 9: Pepono101 ($2.33 in chips) 
villa 7 G.: posts small blind $0.01
Mersito1: posts big blind $0.02
Castor1: sits out 
*** HOLE CARDS ***
Dealt to Dorex2007 [9d 7c]
bch_12345: folds 
Dorex2007: folds 
Pepono101: folds 
MGLIMA99: folds 
poker.lip48: folds 
villa 7 G.: folds 
Uncalled bet ($0.01) returned to Mersito1
Mersito1 collected $0.02 from pot
Mersito1: doesn't show hand 
*** SUMMARY ***
Total pot $0.02 | Rake $0 
Seat 1: MGLIMA99 folded before Flop (didn't bet)
Seat 2: poker.lip48 (button) folded before Flop (didn't bet)
Seat 4: villa 7 G. (small blind) folded before Flop
Seat 5: Mersito1 (big blind) collected ($0.02)
Seat 7: bch_12345 folded before Flop (didn't bet)
Seat 8: Dorex2007 folded before Flop (didn't bet)
Seat 9: Pepono101 folded before Flop (didn't bet)



PokerStars Hand #231227332304:  Hold'em No Limit ($0.01/$0.02 USD) - 2021/11/07 15:53:12 PT [2021/11/07 18:53:12 ET]
Table 'Fides II' 9-max Seat #4 is the button
Seat 1: MGLIMA99 ($2.16 in chips) 
Seat 2: poker.lip48 ($5.36 in chips) 
Seat 4: villa 7 G. ($1.08 in chips) 
Seat 5: Mersito1 ($2.01 in chips) 
Seat 6: Castor1 ($0.80 in chips) 
Seat 7: bch_12345 ($2.29 in chips) 
Seat 8: Dorex2007 ($4.39 in chips) 
Seat 9: Pepono101 ($2.33 in chips) 
Mersito1: posts small blind $0.01
Castor1: posts big blind $0.02
*** HOLE CARDS ***
Dealt to Dorex2007 [8s 3s]
bch_12345: folds 
Dorex2007: folds 
Pepono101: calls $0.02
MGLIMA99: folds 
poker.lip48: raises $0.04 to $0.06
villa 7 G.: folds 
Mersito1: folds 
Castor1: folds 
Pepono101: calls $0.04
*** FLOP *** [9c 2c Kh]
Pepono101: checks 
poker.lip48: bets $0.07
Pepono101: folds 
Uncalled bet ($0.07) returned to poker.lip48
poker.lip48 collected $0.14 from pot
*** SUMMARY ***
Total pot $0.15 | Rake $0.01 
Board [9c 2c Kh]
Seat 1: MGLIMA99 folded before Flop (didn't bet)
Seat 2: poker.lip48 collected ($0.14)
Seat 4: villa 7 G. (button) folded before Flop (didn't bet)
Seat 5: Mersito1 (small blind) folded before Flop
Seat 6: Castor1 (big blind) folded before Flop
Seat 7: bch_12345 folded before Flop (didn't bet)
Seat 8: Dorex2007 folded before Flop (didn't bet)
Seat 9: Pepono101 folded on the Flop



PokerStars Hand #231227354609:  Hold'em No Limit ($0.01/$0.02 USD) - 2021/11/07 15:53:55 PT [2021/11/07 18:53:55 ET]
Table 'Fides II' 9-max Seat #5 is the button
Seat 1: MGLIMA99 ($2.16 in chips) 
Seat 2: poker.lip48 ($5.44 in chips) 
Seat 4: villa 7 G. ($1.08 in chips) 
Seat 5: Mersito1 ($2 in chips) 
Seat 6: Castor1 ($0.78 in chips) 
Seat 7: bch_12345 ($2.29 in chips) 
Seat 8: Dorex2007 ($4.39 in chips) 
Seat 9: Pepono101 ($2.27 in chips) 
Castor1: posts small blind $0.01
bch_12345: posts big blind $0.02
*** HOLE CARDS ***
Dealt to Dorex2007 [4c 5s]
fjmuller joins the table at seat #3 
Dorex2007: folds 
Pepono101: raises $0.02 to $0.04
MGLIMA99: folds 
poker.lip48: raises $0.02 to $0.06
villa 7 G.: folds 
Mersito1: raises $0.15 to $0.21
Castor1: folds 
bch_12345: calls $0.19
Pepono101: folds 
poker.lip48: folds 
*** FLOP *** [Js 8d 8h]
bch_12345: checks 
Mersito1: bets $0.16
bch_12345: calls $0.16
*** TURN *** [Js 8d 8h] [Ah]
bch_12345: checks 
Mersito1: checks 
*** RIVER *** [Js 8d 8h Ah] [2d]
bch_12345: bets $1.92 and is all-in
Mersito1: folds 
Uncalled bet ($1.92) returned to bch_12345
bch_12345 collected $0.82 from pot
bch_12345: doesn't show hand 
*** SUMMARY ***
Total pot $0.85 | Rake $0.03 
Board [Js 8d 8h Ah 2d]
Seat 1: MGLIMA99 folded before Flop (didn't bet)
Seat 2: poker.lip48 folded before Flop
Seat 4: villa 7 G. folded before Flop (didn't bet)
Seat 5: Mersito1 (button) folded on the River
Seat 6: Castor1 (small blind) folded before Flop
Seat 7: bch_12345 (big blind) collected ($0.82)
Seat 8: Dorex2007 folded before Flop (didn't bet)
Seat 9: Pepono101 folded before Flop



PokerStars Hand #231227378551:  Hold'em No Limit ($0.01/$0.02 USD) - 2021/11/07 15:54:55 PT [2021/11/07 18:54:55 ET]
Table 'Fides II' 9-max Seat #6 is the button
Seat 1: MGLIMA99 ($2.16 in chips) 
Seat 2: poker.lip48 ($5.38 in chips) 
Seat 4: villa 7 G. ($1.08 in chips) 
Seat 5: Mersito1 ($2 in chips) 
Seat 6: Castor1 ($0.77 in chips) 
Seat 7: bch_12345 ($2.74 in chips) 
Seat 8: Dorex2007 ($4.39 in chips) 
Seat 9: Pepono101 ($2.23 in chips) 
bch_12345: posts small blind $0.01
Dorex2007: posts big blind $0.02
*** HOLE CARDS ***
Dealt to Dorex2007 [8h Qh]
Pepono101: folds 
MGLIMA99: folds 
poker.lip48: folds 
villa 7 G.: raises $0.04 to $0.06
Mersito1: raises $0.15 to $0.21
Castor1: folds 
bch_12345: folds 
Dorex2007: folds 
villa 7 G.: folds 
Uncalled bet ($0.15) returned to Mersito1
Mersito1 collected $0.15 from pot
Mersito1: doesn't show hand 
*** SUMMARY ***
Total pot $0.15 | Rake $0 
Seat 1: MGLIMA99 folded before Flop (didn't bet)
Seat 2: poker.lip48 folded before Flop (didn't bet)
Seat 4: villa 7 G. folded before Flop
Seat 5: Mersito1 collected ($0.15)
Seat 6: Castor1 (button) folded before Flop (didn't bet)
Seat 7: bch_12345 (small blind) folded before Flop
Seat 8: Dorex2007 (big blind) folded before Flop
Seat 9: Pepono101 folded before Flop (didn't bet)



PokerStars Hand #231227385667:  Hold'em No Limit ($0.01/$0.02 USD) - 2021/11/07 15:55:22 PT [2021/11/07 18:55:22 ET]
Table 'Fides II' 9-max Seat #7 is the button
Seat 1: MGLIMA99 ($2.16 in chips) 
Seat 2: poker.lip48 ($5.38 in chips) 
Seat 3: fjmuller ($1.60 in chips) 
Seat 4: villa 7 G. ($1.02 in chips) 
Seat 5: Mersito1 ($2.09 in chips) 
Seat 6: Castor1 ($0.77 in chips) 
Seat 7: bch_12345 ($2.73 in chips) 
Seat 8: Dorex2007 ($4.37 in chips) 
Seat 9: Pepono101 ($2.23 in chips) 
Dorex2007: posts small blind $0.01
Pepono101: posts big blind $0.02
fjmuller: posts big blind $0.02
*** HOLE CARDS ***
Dealt to Dorex2007 [6c 8s]
MGLIMA99: folds 
poker.lip48: folds 
fjmuller: checks 
villa 7 G.: folds 
Mersito1: folds 
Castor1: folds 
bch_12345: folds 
Dorex2007: calls $0.01
Pepono101 is disconnected 
Pepono101 is connected 
Pepono101: checks 
*** FLOP *** [Ad 6d 2h]
Dorex2007: bets $0.04
Pepono101: folds 
fjmuller: folds 
Uncalled bet ($0.04) returned to Dorex2007
Dorex2007 collected $0.06 from pot
Dorex2007: doesn't show hand 
*** SUMMARY ***
Total pot $0.06 | Rake $0 
Board [Ad 6d 2h]
Seat 1: MGLIMA99 folded before Flop (didn't bet)
Seat 2: poker.lip48 folded before Flop (didn't bet)
Seat 3: fjmuller folded on the Flop (didn't bet)
Seat 4: villa 7 G. folded before Flop (didn't bet)
Seat 5: Mersito1 folded before Flop (didn't bet)
Seat 6: Castor1 folded before Flop (didn't bet)
Seat 7: bch_12345 (button) folded before Flop (didn't bet)
Seat 8: Dorex2007 (small blind) collected ($0.06)
Seat 9: Pepono101 (big blind) folded on the Flop



PokerStars Hand #231227400449:  Hold'em No Limit ($0.01/$0.02 USD) - 2021/11/07 15:56:22 PT [2021/11/07 18:56:22 ET]
Table 'Fides II' 9-max Seat #8 is the button
Seat 1: MGLIMA99 ($2.16 in chips) 
Seat 2: poker.lip48 ($5.38 in chips) 
Seat 3: fjmuller ($1.58 in chips) 
Seat 4: villa 7 G. ($1.02 in chips) 
Seat 5: Mersito1 ($2.09 in chips) 
Seat 6: Castor1 ($0.77 in chips) 
Seat 7: bch_12345 ($2.73 in chips) 
Seat 8: Dorex2007 ($4.41 in chips) 
Seat 9: Pepono101 ($2.21 in chips) 
Pepono101: posts small blind $0.01
MGLIMA99: posts big blind $0.02
*** HOLE CARDS ***
Dealt to Dorex2007 [Jh Js]
poker.lip48: folds 
fjmuller: folds 
villa 7 G.: folds 
Mersito1: raises $0.05 to $0.07
Castor1: folds 
bch_12345: folds 
Dorex2007: raises $4.34 to $4.41 and is all-in
Pepono101: folds 
MGLIMA99: folds 
Mersito1: folds 
Uncalled bet ($4.34) returned to Dorex2007
Dorex2007 collected $0.17 from pot
Dorex2007: doesn't show hand 
*** SUMMARY ***
Total pot $0.17 | Rake $0 
Seat 1: MGLIMA99 (big blind) folded before Flop
Seat 2: poker.lip48 folded before Flop (didn't bet)
Seat 3: fjmuller folded before Flop (didn't bet)
Seat 4: villa 7 G. folded before Flop (didn't bet)
Seat 5: Mersito1 folded before Flop
Seat 6: Castor1 folded before Flop (didn't bet)
Seat 7: bch_12345 folded before Flop (didn't bet)
Seat 8: Dorex2007 (button) collected ($0.17)
Seat 9: Pepono101 (small blind) folded before Flop



PokerStars Hand #231227406476:  Hold'em No Limit ($0.01/$0.02 USD) - 2021/11/07 15:56:46 PT [2021/11/07 18:56:46 ET]
Table 'Fides II' 9-max Seat #9 is the button
Seat 1: MGLIMA99 ($2.14 in chips) 
Seat 2: poker.lip48 ($5.38 in chips) 
Seat 3: fjmuller ($1.58 in chips) 
Seat 4: villa 7 G. ($1.02 in chips) 
Seat 5: Mersito1 ($2.02 in chips) 
Seat 6: Castor1 ($0.77 in chips) 
Seat 7: bch_12345 ($2.73 in chips) 
Seat 8: Dorex2007 ($4.51 in chips) 
Seat 9: Pepono101 ($2.20 in chips) 
MGLIMA99: posts small blind $0.01
poker.lip48: posts big blind $0.02
*** HOLE CARDS ***
Dealt to Dorex2007 [4c Jc]
fjmuller: folds 
villa 7 G.: folds 
Mersito1: folds 
Castor1: folds 
bch_12345: raises $0.04 to $0.06
Dorex2007: folds 
Pepono101: folds 
MGLIMA99: calls $0.05
poker.lip48: folds 
*** FLOP *** [8s 6h Kd]
MGLIMA99: checks 
bch_12345: bets $0.10
MGLIMA99: calls $0.10
*** TURN *** [8s 6h Kd] [2s]
MGLIMA99: checks 
bch_12345: checks 
*** RIVER *** [8s 6h Kd 2s] [6c]
MGLIMA99: bets $0.15
bch_12345: folds 
Uncalled bet ($0.15) returned to MGLIMA99
MGLIMA99 collected $0.33 from pot
MGLIMA99: doesn't show hand 
*** SUMMARY ***
Total pot $0.34 | Rake $0.01 
Board [8s 6h Kd 2s 6c]
Seat 1: MGLIMA99 (small blind) collected ($0.33)
Seat 2: poker.lip48 (big blind) folded before Flop
Seat 3: fjmuller folded before Flop (didn't bet)
Seat 4: villa 7 G. folded before Flop (didn't bet)
Seat 5: Mersito1 folded before Flop (didn't bet)
Seat 6: Castor1 folded before Flop (didn't bet)
Seat 7: bch_12345 folded on the River
Seat 8: Dorex2007 folded before Flop (didn't bet)
Seat 9: Pepono101 (button) folded before Flop (didn't bet)



PokerStars Hand #231227422579:  Hold'em No Limit ($0.01/$0.02 USD) - 2021/11/07 15:57:50 PT [2021/11/07 18:57:50 ET]
Table 'Fides II' 9-max Seat #1 is the button
Seat 1: MGLIMA99 ($2.31 in chips) 
Seat 2: poker.lip48 ($5.36 in chips) 
Seat 3: fjmuller ($1.58 in chips) 
Seat 4: villa 7 G. ($1.02 in chips) 
Seat 5: Mersito1 ($2.02 in chips) 
Seat 6: Castor1 ($0.77 in chips) 
Seat 7: bch_12345 ($2.57 in chips) 
Seat 8: Dorex2007 ($4.51 in chips) 
Seat 9: Pepono101 ($2.20 in chips) 
poker.lip48: posts small blind $0.01
fjmuller: posts big blind $0.02
*** HOLE CARDS ***
Dealt to Dorex2007 [Jc Kh]
villa 7 G.: raises $0.04 to $0.06
Mersito1: folds 
Castor1: folds 
bch_12345: folds 
Dorex2007: folds 
Pepono101: calls $0.06
MGLIMA99: calls $0.06
poker.lip48: folds 
fjmuller: folds 
*** FLOP *** [3h 2h 8c]
villa 7 G.: bets $0.12
Pepono101: calls $0.12
MGLIMA99: folds 
*** TURN *** [3h 2h 8c] [7h]
villa 7 G.: checks 
Pepono101: bets $0.21
villa 7 G.: folds 
Uncalled bet ($0.21) returned to Pepono101
Pepono101 collected $0.43 from pot
Pepono101: doesn't show hand 
*** SUMMARY ***
Total pot $0.45 | Rake $0.02 
Board [3h 2h 8c 7h]
Seat 1: MGLIMA99 (button) folded on the Flop
Seat 2: poker.lip48 (small blind) folded before Flop
Seat 3: fjmuller (big blind) folded before Flop
Seat 4: villa 7 G. folded on the Turn
Seat 5: Mersito1 folded before Flop (didn't bet)
Seat 6: Castor1 folded before Flop (didn't bet)
Seat 7: bch_12345 folded before Flop (didn't bet)
Seat 8: Dorex2007 folded before Flop (didn't bet)
Seat 9: Pepono101 collected ($0.43)



PokerStars Hand #231227437334:  Hold'em No Limit ($0.01/$0.02 USD) - 2021/11/07 15:58:49 PT [2021/11/07 18:58:49 ET]
Table 'Fides II' 9-max Seat #2 is the button
Seat 1: MGLIMA99 ($2.25 in chips) 
Seat 2: poker.lip48 ($5.35 in chips) 
Seat 3: fjmuller ($1.56 in chips) 
Seat 4: villa 7 G. ($0.84 in chips) 
Seat 5: Mersito1 ($2.02 in chips) 
Seat 6: Castor1 ($0.77 in chips) 
Seat 7: bch_12345 ($2.57 in chips) 
Seat 8: Dorex2007 ($4.51 in chips) 
Seat 9: Pepono101 ($2.45 in chips) 
fjmuller: posts small blind $0.01
villa 7 G.: posts big blind $0.02
*** HOLE CARDS ***
Dealt to Dorex2007 [4d 4h]
Mersito1: folds 
Castor1: folds 
bch_12345: folds 
Dorex2007: raises $0.02 to $0.04
Pepono101: folds 
MGLIMA99: folds 
poker.lip48: folds 
fjmuller: folds 
villa 7 G.: calls $0.02
*** FLOP *** [Ks Kd 6d]
villa 7 G.: checks 
Dorex2007: bets $0.05
villa 7 G.: folds 
Uncalled bet ($0.05) returned to Dorex2007
Dorex2007 collected $0.09 from pot
Dorex2007: doesn't show hand 
*** SUMMARY ***
Total pot $0.09 | Rake $0 
Board [Ks Kd 6d]
Seat 1: MGLIMA99 folded before Flop (didn't bet)
Seat 2: poker.lip48 (button) folded before Flop (didn't bet)
Seat 3: fjmuller (small blind) folded before Flop
Seat 4: villa 7 G. (big blind) folded on the Flop
Seat 5: Mersito1 folded before Flop (didn't bet)
Seat 6: Castor1 folded before Flop (didn't bet)
Seat 7: bch_12345 folded before Flop (didn't bet)
Seat 8: Dorex2007 collected ($0.09)
Seat 9: Pepono101 folded before Flop (didn't bet)



PokerStars Hand #231227445674:  Hold'em No Limit ($0.01/$0.02 USD) - 2021/11/07 15:59:22 PT [2021/11/07 18:59:22 ET]
Table 'Fides II' 9-max Seat #3 is the button
Seat 1: MGLIMA99 ($2.25 in chips) 
Seat 2: poker.lip48 ($5.35 in chips) 
Seat 3: fjmuller ($1.55 in chips) 
Seat 4: villa 7 G. ($0.80 in chips) 
Seat 5: Mersito1 ($2.02 in chips) 
Seat 6: Castor1 ($0.77 in chips) 
Seat 7: bch_12345 ($2.57 in chips) 
Seat 8: Dorex2007 ($4.56 in chips) 
Seat 9: Pepono101 ($2.45 in chips) 
villa 7 G.: posts small blind $0.01
Mersito1: posts big blind $0.02
*** HOLE CARDS ***
Dealt to Dorex2007 [Qs 7d]
Castor1: folds 
bch_12345: folds 
Dorex2007: folds 
Pepono101: folds 
MGLIMA99: folds 
poker.lip48: folds 
fjmuller: calls $0.02
villa 7 G.: calls $0.01
Mersito1: checks 
*** FLOP *** [8h Qh 2c]
villa 7 G.: checks 
Mersito1: checks 
fjmuller: checks 
*** TURN *** [8h Qh 2c] [6d]
villa 7 G.: bets $0.04
Mersito1: folds 
fjmuller: folds 
Uncalled bet ($0.04) returned to villa 7 G.
villa 7 G. collected $0.06 from pot
villa 7 G.: doesn't show hand 
*** SUMMARY ***
Total pot $0.06 | Rake $0 
Board [8h Qh 2c 6d]
Seat 1: MGLIMA99 folded before Flop (didn't bet)
Seat 2: poker.lip48 folded before Flop (didn't bet)
Seat 3: fjmuller (button) folded on the Turn
Seat 4: villa 7 G. (small blind) collected ($0.06)
Seat 5: Mersito1 (big blind) folded on the Turn
Seat 6: Castor1 folded before Flop (didn't bet)
Seat 7: bch_12345 folded before Flop (didn't bet)
Seat 8: Dorex2007 folded before Flop (didn't bet)
Seat 9: Pepono101 folded before Flop (didn't bet)



PokerStars Hand #231227455014:  Hold'em No Limit ($0.01/$0.02 USD) - 2021/11/07 16:00:00 PT [2021/11/07 19:00:00 ET]
Table 'Fides II' 9-max Seat #4 is the button
Seat 1: MGLIMA99 ($2.25 in chips) 
Seat 2: poker.lip48 ($5.35 in chips) 
Seat 3: fjmuller ($1.53 in chips) 
Seat 4: villa 7 G. ($0.84 in chips) 
Seat 5: Mersito1 ($2 in chips) 
Seat 6: Castor1 ($0.77 in chips) 
Seat 7: bch_12345 ($2.57 in chips) 
Seat 8: Dorex2007 ($4.56 in chips) 
Seat 9: Pepono101 ($2.45 in chips) 
Mersito1: posts small blind $0.01
Castor1: posts big blind $0.02
*** HOLE CARDS ***
Dealt to Dorex2007 [8h 3s]
bch_12345: folds 
Dorex2007: folds 
Pepono101: folds 
MGLIMA99: raises $0.03 to $0.05
poker.lip48: folds 
fjmuller: folds 
villa 7 G.: folds 
Mersito1: folds 
Castor1: folds 
Uncalled bet ($0.03) returned to MGLIMA99
MGLIMA99 collected $0.05 from pot
MGLIMA99: doesn't show hand 
*** SUMMARY ***
Total pot $0.05 | Rake $0 
Seat 1: MGLIMA99 collected ($0.05)
Seat 2: poker.lip48 folded before Flop (didn't bet)
Seat 3: fjmuller folded before Flop (didn't bet)
Seat 4: villa 7 G. (button) folded before Flop (didn't bet)
Seat 5: Mersito1 (small blind) folded before Flop
Seat 6: Castor1 (big blind) folded before Flop
Seat 7: bch_12345 folded before Flop (didn't bet)
Seat 8: Dorex2007 folded before Flop (didn't bet)
Seat 9: Pepono101 folded before Flop (didn't bet)



PokerStars Hand #231227463197:  Hold'em No Limit ($0.01/$0.02 USD) - 2021/11/07 16:00:31 PT [2021/11/07 19:00:31 ET]
Table 'Fides II' 9-max Seat #5 is the button
Seat 1: MGLIMA99 ($2.28 in chips) 
Seat 2: poker.lip48 ($5.35 in chips) 
Seat 3: fjmuller ($1.53 in chips) 
Seat 4: villa 7 G. ($0.84 in chips) 
Seat 5: Mersito1 ($2 in chips) 
Seat 6: Castor1 ($0.75 in chips) 
Seat 8: Dorex2007 ($4.56 in chips) 
Seat 9: Pepono101 ($2.45 in chips) 
Castor1: posts small blind $0.01
bch_12345: is sitting out 
Dorex2007: posts big blind $0.02
*** HOLE CARDS ***
Dealt to Dorex2007 [Jc Kc]
Pepono101: folds 
MGLIMA99: folds 
poker.lip48: folds 
fjmuller: raises $0.02 to $0.04
villa 7 G.: folds 
Mersito1: folds 
Castor1: folds 
Dorex2007: calls $0.02
*** FLOP *** [7h Qs 4h]
Dorex2007: checks 
fjmuller: checks 
*** TURN *** [7h Qs 4h] [8h]
Dorex2007: checks 
fjmuller: checks 
*** RIVER *** [7h Qs 4h 8h] [Ad]
Dorex2007: bets $0.05
fjmuller: calls $0.05
*** SHOW DOWN ***
Dorex2007: shows [Jc Kc] (high card Ace)
fjmuller: shows [As Ah] (three of a kind, Aces)
fjmuller collected $0.18 from pot
*** SUMMARY ***
Total pot $0.19 | Rake $0.01 
Board [7h Qs 4h 8h Ad]
Seat 1: MGLIMA99 folded before Flop (didn't bet)
Seat 2: poker.lip48 folded before Flop (didn't bet)
Seat 3: fjmuller showed [As Ah] and won ($0.18) with three of a kind, Aces
Seat 4: villa 7 G. folded before Flop (didn't bet)
Seat 5: Mersito1 (button) folded before Flop (didn't bet)
Seat 6: Castor1 (small blind) folded before Flop
Seat 8: Dorex2007 (big blind) showed [Jc Kc] and lost with high card Ace
Seat 9: Pepono101 folded before Flop (didn't bet)



PokerStars Hand #231227474521:  Hold'em No Limit ($0.01/$0.02 USD) - 2021/11/07 16:01:09 PT [2021/11/07 19:01:09 ET]
Table 'Fides II' 9-max Seat #6 is the button
Seat 1: MGLIMA99 ($2.28 in chips) 
Seat 2: poker.lip48 ($5.35 in chips) 
Seat 3: fjmuller ($1.62 in chips) 
Seat 4: villa 7 G. ($0.84 in chips) 
Seat 5: Mersito1 ($2 in chips) 
Seat 6: Castor1 ($0.74 in chips) 
Seat 8: Dorex2007 ($4.47 in chips) 
Seat 9: Pepono101 ($2.45 in chips) 
Dorex2007: posts small blind $0.01
Pepono101: posts big blind $0.02
*** HOLE CARDS ***
Dealt to Dorex2007 [2s 3d]
MGLIMA99: folds 
poker.lip48: folds 
fjmuller: folds 
villa 7 G.: raises $0.02 to $0.04
Mersito1: folds 
Castor1: calls $0.04
Dorex2007: folds 
Pepono101: calls $0.02
*** FLOP *** [4s 6c 7c]
Pepono101: checks 
villa 7 G.: bets $0.08
Castor1: folds 
Pepono101: folds 
Uncalled bet ($0.08) returned to villa 7 G.
villa 7 G. collected $0.13 from pot
villa 7 G.: doesn't show hand 
*** SUMMARY ***
Total pot $0.13 | Rake $0 
Board [4s 6c 7c]
Seat 1: MGLIMA99 folded before Flop (didn't bet)
Seat 2: poker.lip48 folded before Flop (didn't bet)
Seat 3: fjmuller folded before Flop (didn't bet)
Seat 4: villa 7 G. collected ($0.13)
Seat 5: Mersito1 folded before Flop (didn't bet)
Seat 6: Castor1 (button) folded on the Flop
Seat 8: Dorex2007 (small blind) folded before Flop
Seat 9: Pepono101 (big blind) folded on the Flop



PokerStars Hand #231227485381:  Hold'em No Limit ($0.01/$0.02 USD) - 2021/11/07 16:01:44 PT [2021/11/07 19:01:44 ET]
Table 'Fides II' 9-max Seat #8 is the button
Seat 1: MGLIMA99 ($2.28 in chips) 
Seat 2: poker.lip48 ($5.35 in chips) 
Seat 3: fjmuller ($1.62 in chips) 
Seat 4: villa 7 G. ($0.93 in chips) 
Seat 5: Mersito1 ($2 in chips) 
Seat 6: Castor1 ($0.70 in chips) 
Seat 8: Dorex2007 ($4.46 in chips) 
Seat 9: Pepono101 ($2.41 in chips) 
Pepono101: posts small blind $0.01
MGLIMA99: posts big blind $0.02
*** HOLE CARDS ***
Dealt to Dorex2007 [Kc Qs]
poker.lip48: folds 
fjmuller: folds 
villa 7 G.: folds 
Mersito1: folds 
Castor1: folds 
Dorex2007: raises $0.04 to $0.06
Pepono101: folds 
MGLIMA99: calls $0.04
*** FLOP *** [3d Qd As]
MGLIMA99: checks 
Dorex2007: bets $0.09
MGLIMA99: folds 
Uncalled bet ($0.09) returned to Dorex2007
Dorex2007 collected $0.13 from pot
Dorex2007: doesn't show hand 
*** SUMMARY ***
Total pot $0.13 | Rake $0 
Board [3d Qd As]
Seat 1: MGLIMA99 (big blind) folded on the Flop
Seat 2: poker.lip48 folded before Flop (didn't bet)
Seat 3: fjmuller folded before Flop (didn't bet)
Seat 4: villa 7 G. folded before Flop (didn't bet)
Seat 5: Mersito1 folded before Flop (didn't bet)
Seat 6: Castor1 folded before Flop (didn't bet)
Seat 8: Dorex2007 (button) collected ($0.13)
Seat 9: Pepono101 (small blind) folded before Flop



PokerStars Hand #231227496751:  Hold'em No Limit ($0.01/$0.02 USD) - 2021/11/07 16:02:20 PT [2021/11/07 19:02:20 ET]
Table 'Fides II' 9-max Seat #9 is the button
Seat 1: MGLIMA99 ($2.22 in chips) 
Seat 2: poker.lip48 ($5.35 in chips) 
Seat 3: fjmuller ($1.62 in chips) 
Seat 4: villa 7 G. ($0.93 in chips) 
Seat 5: Mersito1 ($2 in chips) 
Seat 6: Castor1 ($0.70 in chips) 
Seat 8: Dorex2007 ($4.53 in chips) 
Seat 9: Pepono101 ($2.40 in chips) 
MGLIMA99: posts small blind $0.01
poker.lip48: posts big blind $0.02
*** HOLE CARDS ***
Dealt to Dorex2007 [7c 8d]
fjmuller: folds 
villa 7 G.: folds 
Mersito1: folds 
Castor1: folds 
Dorex2007: folds 
Pepono101: folds 
MGLIMA99: folds 
Uncalled bet ($0.01) returned to poker.lip48
poker.lip48 collected $0.02 from pot
*** SUMMARY ***
Total pot $0.02 | Rake $0 
Seat 1: MGLIMA99 (small blind) folded before Flop
Seat 2: poker.lip48 (big blind) collected ($0.02)
Seat 3: fjmuller folded before Flop (didn't bet)
Seat 4: villa 7 G. folded before Flop (didn't bet)
Seat 5: Mersito1 folded before Flop (didn't bet)
Seat 6: Castor1 folded before Flop (didn't bet)
Seat 8: Dorex2007 folded before Flop (didn't bet)
Seat 9: Pepono101 (button) folded before Flop (didn't bet)



PokerStars Hand #231227504912:  Hold'em No Limit ($0.01/$0.02 USD) - 2021/11/07 16:02:45 PT [2021/11/07 19:02:45 ET]
Table 'Fides II' 9-max Seat #1 is the button
Seat 1: MGLIMA99 ($2.21 in chips) 
Seat 2: poker.lip48 ($5.36 in chips) 
Seat 3: fjmuller ($1.62 in chips) 
Seat 4: villa 7 G. ($0.93 in chips) 
Seat 5: Mersito1 ($2 in chips) 
Seat 6: Castor1 ($0.70 in chips) 
Seat 8: Dorex2007 ($4.53 in chips) 
Seat 9: Pepono101 ($2.40 in chips) 
poker.lip48: posts small blind $0.01
fjmuller: posts big blind $0.02
*** HOLE CARDS ***
Dealt to Dorex2007 [3c Jd]
villa 7 G.: folds 
Mersito1: folds 
Castor1: folds 
Dorex2007: folds 
Pepono101: folds 
MGLIMA99: raises $0.03 to $0.05
poker.lip48: folds 
fjmuller: folds 
Uncalled bet ($0.03) returned to MGLIMA99
MGLIMA99 collected $0.05 from pot
MGLIMA99: doesn't show hand 
*** SUMMARY ***
Total pot $0.05 | Rake $0 
Seat 1: MGLIMA99 (button) collected ($0.05)
Seat 2: poker.lip48 (small blind) folded before Flop
Seat 3: fjmuller (big blind) folded before Flop
Seat 4: villa 7 G. folded before Flop (didn't bet)
Seat 5: Mersito1 folded before Flop (didn't bet)
Seat 6: Castor1 folded before Flop (didn't bet)
Seat 8: Dorex2007 folded before Flop (didn't bet)
Seat 9: Pepono101 folded before Flop (didn't bet)



PokerStars Hand #231227512145:  Hold'em No Limit ($0.01/$0.02 USD) - 2021/11/07 16:03:08 PT [2021/11/07 19:03:08 ET]
Table 'Fides II' 9-max Seat #2 is the button
Seat 1: MGLIMA99 ($2.24 in chips) 
Seat 2: poker.lip48 ($5.35 in chips) 
Seat 3: fjmuller ($1.60 in chips) 
Seat 4: villa 7 G. ($0.93 in chips) 
Seat 5: Mersito1 ($2 in chips) 
Seat 6: Castor1 ($0.70 in chips) 
Seat 8: Dorex2007 ($4.53 in chips) 
Seat 9: Pepono101 ($2.40 in chips) 
fjmuller: posts small blind $0.01
villa 7 G.: posts big blind $0.02
*** HOLE CARDS ***
Dealt to Dorex2007 [5d 9d]
Mersito1: folds 
Castor1: calls $0.02
Dorex2007: folds 
Pepono101: folds 
MGLIMA99: folds 
poker.lip48: folds 
fjmuller: calls $0.01
villa 7 G.: checks 
*** FLOP *** [Ks Ac 3c]
fjmuller: checks 
villa 7 G.: checks 
Castor1: bets $0.06
fjmuller: folds 
villa 7 G.: folds 
Uncalled bet ($0.06) returned to Castor1
Castor1 collected $0.06 from pot
Castor1: doesn't show hand 
*** SUMMARY ***
Total pot $0.06 | Rake $0 
Board [Ks Ac 3c]
Seat 1: MGLIMA99 folded before Flop (didn't bet)
Seat 2: poker.lip48 (button) folded before Flop (didn't bet)
Seat 3: fjmuller (small blind) folded on the Flop
Seat 4: villa 7 G. (big blind) folded on the Flop
Seat 5: Mersito1 folded before Flop (didn't bet)
Seat 6: Castor1 collected ($0.06)
Seat 8: Dorex2007 folded before Flop (didn't bet)
Seat 9: Pepono101 folded before Flop (didn't bet)



PokerStars Hand #231227528322:  Hold'em No Limit ($0.01/$0.02 USD) - 2021/11/07 16:03:58 PT [2021/11/07 19:03:58 ET]
Table 'Fides II' 9-max Seat #3 is the button
Seat 1: MGLIMA99 ($2.24 in chips) 
Seat 2: poker.lip48 ($5.35 in chips) 
Seat 3: fjmuller ($1.58 in chips) 
Seat 4: villa 7 G. ($0.91 in chips) 
Seat 5: Mersito1 ($2 in chips) 
Seat 6: Castor1 ($0.74 in chips) 
Seat 8: Dorex2007 ($4.53 in chips) 
Seat 9: Pepono101 ($2.40 in chips) 
villa 7 G.: posts small blind $0.01
Mersito1: posts big blind $0.02
*** HOLE CARDS ***
Dealt to Dorex2007 [8h Js]
Castor1: calls $0.02
Dorex2007: folds 
Pepono101: folds 
MGLIMA99: folds 
poker.lip48: folds 
fjmuller: folds 
villa 7 G.: calls $0.01
Mersito1: checks 
*** FLOP *** [Ts As 7h]
villa 7 G.: checks 
Mersito1: checks 
Castor1: bets $0.08
villa 7 G.: calls $0.08
Mersito1: folds 
*** TURN *** [Ts As 7h] [2c]
villa 7 G.: checks 
Castor1: bets $0.64 and is all-in
villa 7 G.: folds 
Uncalled bet ($0.64) returned to Castor1
Castor1 collected $0.21 from pot
Castor1: doesn't show hand 
*** SUMMARY ***
Total pot $0.22 | Rake $0.01 
Board [Ts As 7h 2c]
Seat 1: MGLIMA99 folded before Flop (didn't bet)
Seat 2: poker.lip48 folded before Flop (didn't bet)
Seat 3: fjmuller (button) folded before Flop (didn't bet)
Seat 4: villa 7 G. (small blind) folded on the Turn
Seat 5: Mersito1 (big blind) folded on the Flop
Seat 6: Castor1 collected ($0.21)
Seat 8: Dorex2007 folded before Flop (didn't bet)
Seat 9: Pepono101 folded before Flop (didn't bet)



PokerStars Hand #231227550096:  Hold'em No Limit ($0.01/$0.02 USD) - 2021/11/07 16:05:05 PT [2021/11/07 19:05:05 ET]
Table 'Fides II' 9-max Seat #4 is the button
Seat 1: MGLIMA99 ($2.24 in chips) 
Seat 2: poker.lip48 ($5.35 in chips) 
Seat 3: fjmuller ($1.58 in chips) 
Seat 4: villa 7 G. ($0.81 in chips) 
Seat 5: Mersito1 ($2 in chips) 
Seat 6: Castor1 ($0.85 in chips) 
Seat 8: Dorex2007 ($4.53 in chips) 
Seat 9: Pepono101 ($2.40 in chips) 
Mersito1: posts small blind $0.01
Castor1: posts big blind $0.02
*** HOLE CARDS ***
Dealt to Dorex2007 [Qh 9h]
Dorex2007: folds 
Pepono101: raises $0.02 to $0.04
MGLIMA99: folds 
poker.lip48: calls $0.04
fjmuller: folds 
villa 7 G.: folds 
Mersito1: folds 
Castor1: calls $0.02
*** FLOP *** [2c Jh 5d]
Castor1: bets $0.06
Pepono101: folds 
poker.lip48: calls $0.06
*** TURN *** [2c Jh 5d] [6c]
Castor1: bets $0.75 and is all-in
poker.lip48: folds 
Uncalled bet ($0.75) returned to Castor1
Castor1 collected $0.24 from pot
Castor1: doesn't show hand 
*** SUMMARY ***
Total pot $0.25 | Rake $0.01 
Board [2c Jh 5d 6c]
Seat 1: MGLIMA99 folded before Flop (didn't bet)
Seat 2: poker.lip48 folded on the Turn
Seat 3: fjmuller folded before Flop (didn't bet)
Seat 4: villa 7 G. (button) folded before Flop (didn't bet)
Seat 5: Mersito1 (small blind) folded before Flop
Seat 6: Castor1 (big blind) collected ($0.24)
Seat 8: Dorex2007 folded before Flop (didn't bet)
Seat 9: Pepono101 folded on the Flop



PokerStars Hand #231227569897:  Hold'em No Limit ($0.01/$0.02 USD) - 2021/11/07 16:05:55 PT [2021/11/07 19:05:55 ET]
Table 'Fides II' 9-max Seat #5 is the button
Seat 1: MGLIMA99 ($2.24 in chips) 
Seat 2: poker.lip48 ($5.25 in chips) 
Seat 3: fjmuller ($1.58 in chips) 
Seat 4: villa 7 G. ($0.81 in chips) 
Seat 5: Mersito1 ($2 in chips) 
Seat 6: Castor1 ($0.99 in chips) 
Seat 7: bch_12345 ($2.57 in chips) 
Seat 8: Dorex2007 ($4.53 in chips) 
Seat 9: Pepono101 ($2.36 in chips) 
Castor1: posts small blind $0.01
bch_12345: posts big blind $0.02
*** HOLE CARDS ***
Dealt to Dorex2007 [8c Kc]
Dorex2007: folds 
Pepono101: folds 
MGLIMA99: folds 
poker.lip48: raises $0.04 to $0.06
fjmuller: folds 
villa 7 G.: calls $0.06
Mersito1: folds 
Castor1: folds 
bch_12345: folds 
*** FLOP *** [5s 4d Td]
poker.lip48: bets $0.07
villa 7 G.: raises $0.09 to $0.16
poker.lip48: calls $0.09
*** TURN *** [5s 4d Td] [3c]
poker.lip48: checks 
villa 7 G.: bets $0.59 and is all-in
poker.lip48: folds 
Uncalled bet ($0.59) returned to villa 7 G.
villa 7 G. collected $0.45 from pot
villa 7 G.: doesn't show hand 
*** SUMMARY ***
Total pot $0.47 | Rake $0.02 
Board [5s 4d Td 3c]
Seat 1: MGLIMA99 folded before Flop (didn't bet)
Seat 2: poker.lip48 folded on the Turn
Seat 3: fjmuller folded before Flop (didn't bet)
Seat 4: villa 7 G. collected ($0.45)
Seat 5: Mersito1 (button) folded before Flop (didn't bet)
Seat 6: Castor1 (small blind) folded before Flop
Seat 7: bch_12345 (big blind) folded before Flop
Seat 8: Dorex2007 folded before Flop (didn't bet)
Seat 9: Pepono101 folded before Flop (didn't bet)



PokerStars Hand #231227585193:  Hold'em No Limit ($0.01/$0.02 USD) - 2021/11/07 16:06:43 PT [2021/11/07 19:06:43 ET]
Table 'Fides II' 9-max Seat #6 is the button
Seat 1: MGLIMA99 ($2.24 in chips) 
Seat 2: poker.lip48 ($5.03 in chips) 
Seat 3: fjmuller ($1.58 in chips) 
Seat 4: villa 7 G. ($1.04 in chips) 
Seat 5: Mersito1 ($2 in chips) 
Seat 6: Castor1 ($0.98 in chips) 
Seat 7: bch_12345 ($2.55 in chips) 
Seat 8: Dorex2007 ($4.53 in chips) 
Seat 9: Pepono101 ($2.36 in chips) 
bch_12345: posts small blind $0.01
Dorex2007: posts big blind $0.02
*** HOLE CARDS ***
Dealt to Dorex2007 [Th Qc]
Pepono101: folds 
MGLIMA99: folds 
poker.lip48: folds 
fjmuller: calls $0.02
villa 7 G.: folds 
Mersito1: raises $0.06 to $0.08
Castor1: folds 
bch_12345: raises $0.24 to $0.32
Dorex2007: folds 
fjmuller: folds 
Mersito1: folds 
Uncalled bet ($0.24) returned to bch_12345
bch_12345 collected $0.20 from pot
bch_12345: doesn't show hand 
*** SUMMARY ***
Total pot $0.20 | Rake $0 
Seat 1: MGLIMA99 folded before Flop (didn't bet)
Seat 2: poker.lip48 folded before Flop (didn't bet)
Seat 3: fjmuller folded before Flop
Seat 4: villa 7 G. folded before Flop (didn't bet)
Seat 5: Mersito1 folded before Flop
Seat 6: Castor1 (button) folded before Flop (didn't bet)
Seat 7: bch_12345 (small blind) collected ($0.20)
Seat 8: Dorex2007 (big blind) folded before Flop
Seat 9: Pepono101 folded before Flop (didn't bet)



PokerStars Hand #231227597374:  Hold'em No Limit ($0.01/$0.02 USD) - 2021/11/07 16:07:20 PT [2021/11/07 19:07:20 ET]
Table 'Fides II' 9-max Seat #7 is the button
Seat 1: MGLIMA99 ($2.24 in chips) 
Seat 2: poker.lip48 ($5.03 in chips) 
Seat 3: fjmuller ($1.56 in chips) 
Seat 4: villa 7 G. ($1.04 in chips) 
Seat 5: Mersito1 ($2 in chips) 
Seat 6: Castor1 ($0.98 in chips) 
Seat 7: bch_12345 ($2.67 in chips) 
Seat 8: Dorex2007 ($4.51 in chips) 
Seat 9: Pepono101 ($2.36 in chips) 
Dorex2007: posts small blind $0.01
Pepono101: posts big blind $0.02
*** HOLE CARDS ***
Dealt to Dorex2007 [Ad Jc]
MGLIMA99: folds 
poker.lip48: folds 
fjmuller: folds 
villa 7 G.: folds 
Mersito1: folds 
Castor1: folds 
bch_12345: folds 
Dorex2007: raises $0.02 to $0.04
Pepono101: calls $0.02
*** FLOP *** [2s 9c 3s]
Dorex2007: checks 
Pepono101: checks 
*** TURN *** [2s 9c 3s] [Td]
Dorex2007: bets $0.04
Pepono101: folds 
Uncalled bet ($0.04) returned to Dorex2007
Dorex2007 collected $0.08 from pot
Dorex2007: doesn't show hand 
*** SUMMARY ***
Total pot $0.08 | Rake $0 
Board [2s 9c 3s Td]
Seat 1: MGLIMA99 folded before Flop (didn't bet)
Seat 2: poker.lip48 folded before Flop (didn't bet)
Seat 3: fjmuller folded before Flop (didn't bet)
Seat 4: villa 7 G. folded before Flop (didn't bet)
Seat 5: Mersito1 folded before Flop (didn't bet)
Seat 6: Castor1 folded before Flop (didn't bet)
Seat 7: bch_12345 (button) folded before Flop (didn't bet)
Seat 8: Dorex2007 (small blind) collected ($0.08)
Seat 9: Pepono101 (big blind) folded on the Turn



PokerStars Hand #231227613062:  Hold'em No Limit ($0.01/$0.02 USD) - 2021/11/07 16:08:02 PT [2021/11/07 19:08:02 ET]
Table 'Fides II' 9-max Seat #8 is the button
Seat 1: MGLIMA99 ($2.24 in chips) 
Seat 2: poker.lip48 ($5.03 in chips) 
Seat 3: fjmuller ($1.56 in chips) 
Seat 4: villa 7 G. ($1.04 in chips) 
Seat 5: Mersito1 ($2 in chips) 
Seat 6: Castor1 ($0.98 in chips) 
Seat 7: bch_12345 ($2.67 in chips) 
Seat 8: Dorex2007 ($4.55 in chips) 
Seat 9: Pepono101 ($2.32 in chips) 
Pepono101: posts small blind $0.01
MGLIMA99: posts big blind $0.02
*** HOLE CARDS ***
Dealt to Dorex2007 [Qd Js]
poker.lip48: folds 
fjmuller: folds 
villa 7 G.: raises $0.04 to $0.06
Mersito1: folds 
Castor1: folds 
bch_12345: folds 
Dorex2007: folds 
Pepono101: calls $0.05
MGLIMA99: folds 
*** FLOP *** [Jd 8d 2s]
Pepono101: checks 
villa 7 G.: bets $0.08
Pepono101: calls $0.08
*** TURN *** [Jd 8d 2s] [9d]
Pepono101: checks 
villa 7 G.: checks 
*** RIVER *** [Jd 8d 2s 9d] [3c]
Pepono101: checks 
villa 7 G.: bets $0.14
Pepono101: folds 
Uncalled bet ($0.14) returned to villa 7 G.
villa 7 G. collected $0.29 from pot
villa 7 G.: doesn't show hand 
*** SUMMARY ***
Total pot $0.30 | Rake $0.01 
Board [Jd 8d 2s 9d 3c]
Seat 1: MGLIMA99 (big blind) folded before Flop
Seat 2: poker.lip48 folded before Flop (didn't bet)
Seat 3: fjmuller folded before Flop (didn't bet)
Seat 4: villa 7 G. collected ($0.29)
Seat 5: Mersito1 folded before Flop (didn't bet)
Seat 6: Castor1 folded before Flop (didn't bet)
Seat 7: bch_12345 folded before Flop (didn't bet)
Seat 8: Dorex2007 (button) folded before Flop (didn't bet)
Seat 9: Pepono101 (small blind) folded on the River



PokerStars Hand #231227630267:  Hold'em No Limit ($0.01/$0.02 USD) - 2021/11/07 16:08:56 PT [2021/11/07 19:08:56 ET]
Table 'Fides II' 9-max Seat #9 is the button
Seat 1: MGLIMA99 ($2.22 in chips) 
Seat 2: poker.lip48 ($5.03 in chips) 
Seat 3: fjmuller ($1.56 in chips) 
Seat 4: villa 7 G. ($1.19 in chips) 
Seat 5: Mersito1 ($2 in chips) 
Seat 6: Castor1 ($0.98 in chips) 
Seat 7: bch_12345 ($2.67 in chips) 
Seat 8: Dorex2007 ($4.55 in chips) 
Seat 9: Pepono101 ($2.18 in chips) 
MGLIMA99: posts small blind $0.01
poker.lip48: posts big blind $0.02
*** HOLE CARDS ***
Dealt to Dorex2007 [Th Jd]
fjmuller: folds 
villa 7 G.: folds 
Mersito1: raises $0.05 to $0.07
Castor1: folds 
bch_12345: folds 
Dorex2007: folds 
Pepono101: folds 
MGLIMA99: folds 
poker.lip48: calls $0.05
*** FLOP *** [9d 4d 5h]
poker.lip48: bets $0.07
Mersito1: calls $0.07
*** TURN *** [9d 4d 5h] [Kh]
poker.lip48: bets $0.14
Mersito1: calls $0.14
*** RIVER *** [9d 4d 5h Kh] [8h]
poker.lip48: checks 
Mersito1: checks 
*** SHOW DOWN ***
poker.lip48: shows [5d Ad] (a pair of Fives)
Mersito1: shows [Td 8d] (a pair of Eights)
Mersito1 collected $0.55 from pot
*** SUMMARY ***
Total pot $0.57 | Rake $0.02 
Board [9d 4d 5h Kh 8h]
Seat 1: MGLIMA99 (small blind) folded before Flop
Seat 2: poker.lip48 (big blind) showed [5d Ad] and lost with a pair of Fives
Seat 3: fjmuller folded before Flop (didn't bet)
Seat 4: villa 7 G. folded before Flop (didn't bet)
Seat 5: Mersito1 showed [Td 8d] and won ($0.55) with a pair of Eights
Seat 6: Castor1 folded before Flop (didn't bet)
Seat 7: bch_12345 folded before Flop (didn't bet)
Seat 8: Dorex2007 folded before Flop (didn't bet)
Seat 9: Pepono101 (button) folded before Flop (didn't bet)



PokerStars Hand #231227645136:  Hold'em No Limit ($0.01/$0.02 USD) - 2021/11/07 16:09:43 PT [2021/11/07 19:09:43 ET]
Table 'Fides II' 9-max Seat #1 is the button
Seat 1: MGLIMA99 ($2.21 in chips) 
Seat 2: poker.lip48 ($4.75 in chips) 
Seat 3: fjmuller ($1.56 in chips) 
Seat 4: villa 7 G. ($1.19 in chips) 
Seat 5: Mersito1 ($2.27 in chips) 
Seat 6: Castor1 ($0.98 in chips) 
Seat 7: bch_12345 ($2.67 in chips) 
Seat 8: Dorex2007 ($4.55 in chips) 
Seat 9: Pepono101 ($2.18 in chips) 
poker.lip48: posts small blind $0.01
fjmuller: posts big blind $0.02
*** HOLE CARDS ***
Dealt to Dorex2007 [3s 3h]
villa 7 G.: raises $0.04 to $0.06
Mersito1: folds 
Castor1: folds 
bch_12345: folds 
Dorex2007: folds 
Pepono101: folds 
MGLIMA99: calls $0.06
poker.lip48: folds 
fjmuller: calls $0.04
*** FLOP *** [Ah 7s Jc]
fjmuller: checks 
villa 7 G.: checks 
MGLIMA99: checks 
*** TURN *** [Ah 7s Jc] [7c]
fjmuller: bets $0.02
villa 7 G.: calls $0.02
MGLIMA99: folds 
*** RIVER *** [Ah 7s Jc 7c] [6s]
fjmuller: bets $0.02
villa 7 G.: calls $0.02
*** SHOW DOWN ***
fjmuller: shows [7d Ad] (a full house, Sevens full of Aces)
villa 7 G.: mucks hand 
fjmuller collected $0.26 from pot
*** SUMMARY ***
Total pot $0.27 | Rake $0.01 
Board [Ah 7s Jc 7c 6s]
Seat 1: MGLIMA99 (button) folded on the Turn
Seat 2: poker.lip48 (small blind) folded before Flop
Seat 3: fjmuller (big blind) showed [7d Ad] and won ($0.26) with a full house, Sevens full of Aces
Seat 4: villa 7 G. mucked [Jd Qc]
Seat 5: Mersito1 folded before Flop (didn't bet)
Seat 6: Castor1 folded before Flop (didn't bet)
Seat 7: bch_12345 folded before Flop (didn't bet)
Seat 8: Dorex2007 folded before Flop (didn't bet)
Seat 9: Pepono101 folded before Flop (didn't bet)



PokerStars Hand #231227662460:  Hold'em No Limit ($0.01/$0.02 USD) - 2021/11/07 16:10:37 PT [2021/11/07 19:10:37 ET]
Table 'Fides II' 9-max Seat #2 is the button
Seat 1: MGLIMA99 ($2.15 in chips) 
Seat 2: poker.lip48 ($4.74 in chips) 
Seat 3: fjmuller ($1.72 in chips) 
Seat 4: villa 7 G. ($1.09 in chips) 
Seat 5: Mersito1 ($2.27 in chips) 
Seat 6: Castor1 ($0.98 in chips) 
Seat 7: bch_12345 ($2.67 in chips) 
Seat 8: Dorex2007 ($4.55 in chips) 
Seat 9: Pepono101 ($2.18 in chips) 
fjmuller: posts small blind $0.01
villa 7 G.: posts big blind $0.02
*** HOLE CARDS ***
Dealt to Dorex2007 [3d 8s]
Mersito1: folds 
Castor1: calls $0.02
bch_12345: folds 
Dorex2007: folds 
Pepono101: raises $0.02 to $0.04
MGLIMA99: folds 
poker.lip48: folds 
fjmuller: folds 
villa 7 G.: folds 
Castor1: calls $0.02
*** FLOP *** [7d 8h Kd]
Castor1: checks 
Pepono101: bets $0.11
Castor1: folds 
Uncalled bet ($0.11) returned to Pepono101
Pepono101 collected $0.11 from pot
Pepono101: doesn't show hand 
*** SUMMARY ***
Total pot $0.11 | Rake $0 
Board [7d 8h Kd]
Seat 1: MGLIMA99 folded before Flop (didn't bet)
Seat 2: poker.lip48 (button) folded before Flop (didn't bet)
Seat 3: fjmuller (small blind) folded before Flop
Seat 4: villa 7 G. (big blind) folded before Flop
Seat 5: Mersito1 folded before Flop (didn't bet)
Seat 6: Castor1 folded on the Flop
Seat 7: bch_12345 folded before Flop (didn't bet)
Seat 8: Dorex2007 folded before Flop (didn't bet)
Seat 9: Pepono101 collected ($0.11)



PokerStars Hand #231227673536:  Hold'em No Limit ($0.01/$0.02 USD) - 2021/11/07 16:11:12 PT [2021/11/07 19:11:12 ET]
Table 'Fides II' 9-max Seat #4 is the button
Seat 1: MGLIMA99 ($2.15 in chips) 
Seat 2: poker.lip48 ($4.74 in chips) 
Seat 4: villa 7 G. ($1.07 in chips) 
Seat 5: Mersito1 ($2.27 in chips) 
Seat 6: Castor1 ($0.94 in chips) 
Seat 7: bch_12345 ($2.67 in chips) 
Seat 8: Dorex2007 ($4.55 in chips) 
Seat 9: Pepono101 ($2.25 in chips) 
Mersito1: posts small blind $0.01
Castor1: posts big blind $0.02
*** HOLE CARDS ***
Dealt to Dorex2007 [6s 6h]
bch_12345: folds 
Dorex2007: calls $0.02
Pepono101: folds 
MGLIMA99: folds 
poker.lip48: folds 
villa 7 G.: folds 
Mersito1: folds 
Castor1: checks 
*** FLOP *** [Kd Jc 9c]
Castor1: checks 
Dorex2007: checks 
*** TURN *** [Kd Jc 9c] [4s]
Castor1: bets $0.08
Dorex2007: folds 
Uncalled bet ($0.08) returned to Castor1
Castor1 collected $0.05 from pot
Castor1: doesn't show hand 
*** SUMMARY ***
Total pot $0.05 | Rake $0 
Board [Kd Jc 9c 4s]
Seat 1: MGLIMA99 folded before Flop (didn't bet)
Seat 2: poker.lip48 folded before Flop (didn't bet)
Seat 4: villa 7 G. (button) folded before Flop (didn't bet)
Seat 5: Mersito1 (small blind) folded before Flop
Seat 6: Castor1 (big blind) collected ($0.05)
Seat 7: bch_12345 folded before Flop (didn't bet)
Seat 8: Dorex2007 folded on the Turn
Seat 9: Pepono101 folded before Flop (didn't bet)



PokerStars Hand #231227687781:  Hold'em No Limit ($0.01/$0.02 USD) - 2021/11/07 16:11:58 PT [2021/11/07 19:11:58 ET]
Table 'Fides II' 9-max Seat #5 is the button
Seat 1: MGLIMA99 ($2.15 in chips) 
Seat 2: poker.lip48 ($4.74 in chips) 
Seat 4: villa 7 G. ($1.07 in chips) 
Seat 5: Mersito1 ($2.26 in chips) 
Seat 6: Castor1 ($0.97 in chips) 
Seat 7: bch_12345 ($2.67 in chips) 
Seat 8: Dorex2007 ($4.53 in chips) 
Seat 9: Pepono101 ($2.25 in chips) 
Castor1: posts small blind $0.01
bch_12345: posts big blind $0.02
*** HOLE CARDS ***
Dealt to Dorex2007 [Ah Kh]
Dorex2007: calls $0.02
Pepono101: calls $0.02
MGLIMA99: folds 
poker.lip48: folds 
villa 7 G.: calls $0.02
Mersito1: folds 
Castor1: calls $0.01
bch_12345: raises $0.14 to $0.16
Dorex2007: calls $0.14
Pepono101: folds 
villa 7 G.: calls $0.14
Castor1: folds 
*** FLOP *** [9c 5h 7h]
bch_12345: checks 
Dorex2007: bets $0.50
villa 7 G.: raises $0.41 to $0.91 and is all-in
bch_12345: folds 
Dorex2007: calls $0.41
*** TURN *** [9c 5h 7h] [Qd]
*** RIVER *** [9c 5h 7h Qd] [Jh]
*** SHOW DOWN ***
Dorex2007: shows [Ah Kh] (a flush, Ace high)
villa 7 G.: shows [Jc Tc] (a pair of Jacks)
Dorex2007 cashed out the hand for $1.69 | Cash Out Fee $0.02
*** SUMMARY ***
Total pot $2.34 | Rake $0.08 
Board [9c 5h 7h Qd Jh]
Seat 1: MGLIMA99 folded before Flop (didn't bet)
Seat 2: poker.lip48 folded before Flop (didn't bet)
Seat 4: villa 7 G. showed [Jc Tc] and lost with a pair of Jacks
Seat 5: Mersito1 (button) folded before Flop (didn't bet)
Seat 6: Castor1 (small blind) folded before Flop
Seat 7: bch_12345 (big blind) folded on the Flop
Seat 8: Dorex2007 showed [Ah Kh] and won ($2.26) with a flush, Ace high (pot not awarded as player cashed out)
Seat 9: Pepono101 folded before Flop



PokerStars Hand #231227724803:  Hold'em No Limit ($0.01/$0.02 USD) - 2021/11/07 16:13:32 PT [2021/11/07 19:13:32 ET]
Table 'Fides II' 9-max Seat #6 is the button
Seat 1: MGLIMA99 ($2.15 in chips) 
Seat 2: poker.lip48 ($4.74 in chips) 
Seat 5: Mersito1 ($2.26 in chips) 
Seat 6: Castor1 ($0.95 in chips) 
Seat 7: bch_12345 ($2.51 in chips) 
Seat 8: Dorex2007 ($5.15 in chips) 
Seat 9: Pepono101 ($2.23 in chips) 
bch_12345: posts small blind $0.01
Dorex2007: posts big blind $0.02
*** HOLE CARDS ***
Dealt to Dorex2007 [7c Th]
Pepono101: folds 
MGLIMA99: folds 
poker.lip48: folds 
Mersito1: folds 
Castor1: folds 
bch_12345: raises $0.02 to $0.04
Dorex2007: folds 
Uncalled bet ($0.02) returned to bch_12345
bch_12345 collected $0.04 from pot
bch_12345: doesn't show hand 
*** SUMMARY ***
Total pot $0.04 | Rake $0 
Seat 1: MGLIMA99 folded before Flop (didn't bet)
Seat 2: poker.lip48 folded before Flop (didn't bet)
Seat 5: Mersito1 folded before Flop (didn't bet)
Seat 6: Castor1 (button) folded before Flop (didn't bet)
Seat 7: bch_12345 (small blind) collected ($0.04)
Seat 8: Dorex2007 (big blind) folded before Flop
Seat 9: Pepono101 folded before Flop (didn't bet)



PokerStars Hand #231227734562:  Hold'em No Limit ($0.01/$0.02 USD) - 2021/11/07 16:14:03 PT [2021/11/07 19:14:03 ET]
Table 'Fides II' 9-max Seat #7 is the button
Seat 1: MGLIMA99 ($2.15 in chips) 
Seat 2: poker.lip48 ($4.74 in chips) 
Seat 5: Mersito1 ($2.26 in chips) 
Seat 6: Castor1 ($0.95 in chips) 
Seat 7: bch_12345 ($2.53 in chips) 
Seat 8: Dorex2007 ($5.13 in chips) 
Seat 9: Pepono101 ($2.23 in chips) 
Dorex2007: posts small blind $0.01
Pepono101: posts big blind $0.02
*** HOLE CARDS ***
Dealt to Dorex2007 [8d Kd]
MGLIMA99: folds 
poker.lip48: folds 
Mersito1: raises $0.05 to $0.07
Castor1: folds 
bch_12345: folds 
Dorex2007: folds 
villa 7 G. is disconnected 
Pepono101: calls $0.05
*** FLOP *** [Qc Th Jc]
Pepono101: checks 
Mersito1: checks 
*** TURN *** [Qc Th Jc] [Kc]
Pepono101: checks 
Mersito1: bets $0.11
Pepono101: folds 
Uncalled bet ($0.11) returned to Mersito1
Mersito1 collected $0.14 from pot
Mersito1: doesn't show hand 
*** SUMMARY ***
Total pot $0.15 | Rake $0.01 
Board [Qc Th Jc Kc]
Seat 1: MGLIMA99 folded before Flop (didn't bet)
Seat 2: poker.lip48 folded before Flop (didn't bet)
Seat 5: Mersito1 collected ($0.14)
Seat 6: Castor1 folded before Flop (didn't bet)
Seat 7: bch_12345 (button) folded before Flop (didn't bet)
Seat 8: Dorex2007 (small blind) folded before Flop
Seat 9: Pepono101 (big blind) folded on the Turn



PokerStars Hand #231227747396:  Hold'em No Limit ($0.01/$0.02 USD) - 2021/11/07 16:14:45 PT [2021/11/07 19:14:45 ET]
Table 'Fides II' 9-max Seat #8 is the button
Seat 1: MGLIMA99 ($2.15 in chips) 
Seat 2: poker.lip48 ($4.74 in chips) 
Seat 5: Mersito1 ($2.33 in chips) 
Seat 6: Castor1 ($0.95 in chips) 
Seat 7: bch_12345 ($2.53 in chips) 
Seat 8: Dorex2007 ($5.12 in chips) 
Seat 9: Pepono101 ($2.16 in chips) 
Pepono101: posts small blind $0.01
MGLIMA99: posts big blind $0.02
*** HOLE CARDS ***
Dealt to Dorex2007 [8d Qc]
poker.lip48: folds 
Mersito1: raises $0.05 to $0.07
Castor1: folds 
bch_12345: folds 
Dorex2007: folds 
Pepono101: calls $0.06
MGLIMA99: folds 
*** FLOP *** [8c 6d Qh]
Pepono101: checks 
Mersito1: checks 
*** TURN *** [8c 6d Qh] [7h]
Pepono101: bets $0.15
Mersito1: folds 
Uncalled bet ($0.15) returned to Pepono101
Pepono101 collected $0.15 from pot
Pepono101: doesn't show hand 
*** SUMMARY ***
Total pot $0.16 | Rake $0.01 
Board [8c 6d Qh 7h]
Seat 1: MGLIMA99 (big blind) folded before Flop
Seat 2: poker.lip48 folded before Flop (didn't bet)
Seat 5: Mersito1 folded on the Turn
Seat 6: Castor1 folded before Flop (didn't bet)
Seat 7: bch_12345 folded before Flop (didn't bet)
Seat 8: Dorex2007 (button) folded before Flop (didn't bet)
Seat 9: Pepono101 (small blind) collected ($0.15)



PokerStars Hand #231227770279:  Hold'em No Limit ($0.01/$0.02 USD) - 2021/11/07 16:15:33 PT [2021/11/07 19:15:33 ET]
Table 'Fides II' 9-max Seat #9 is the button
Seat 1: MGLIMA99 ($2.13 in chips) 
Seat 2: poker.lip48 ($4.74 in chips) 
Seat 5: Mersito1 ($2.26 in chips) 
Seat 6: Castor1 ($0.95 in chips) 
Seat 7: bch_12345 ($2.53 in chips) 
Seat 8: Dorex2007 ($5.12 in chips) 
Seat 9: Pepono101 ($2.24 in chips) 
MGLIMA99: posts small blind $0.01
poker.lip48: posts big blind $0.02
*** HOLE CARDS ***
Dealt to Dorex2007 [As 2h]
Mersito1: folds 
Castor1: calls $0.02
bch_12345: folds 
Dorex2007: folds 
Pepono101: raises $0.02 to $0.04
MGLIMA99: calls $0.03
poker.lip48: raises $0.02 to $0.06
Castor1: folds 
Pepono101: calls $0.02
MGLIMA99: calls $0.02
*** FLOP *** [Qd 2s 5s]
MGLIMA99: checks 
poker.lip48: bets $0.10
Pepono101: folds 
MGLIMA99: folds 
Uncalled bet ($0.10) returned to poker.lip48
poker.lip48 collected $0.19 from pot
*** SUMMARY ***
Total pot $0.20 | Rake $0.01 
Board [Qd 2s 5s]
Seat 1: MGLIMA99 (small blind) folded on the Flop
Seat 2: poker.lip48 (big blind) collected ($0.19)
Seat 5: Mersito1 folded before Flop (didn't bet)
Seat 6: Castor1 folded before Flop
Seat 7: bch_12345 folded before Flop (didn't bet)
Seat 8: Dorex2007 folded before Flop (didn't bet)
Seat 9: Pepono101 (button) folded on the Flop



PokerStars Hand #231227785048:  Hold'em No Limit ($0.01/$0.02 USD) - 2021/11/07 16:16:21 PT [2021/11/07 19:16:21 ET]
Table 'Fides II' 9-max Seat #1 is the button
Seat 1: MGLIMA99 ($2.07 in chips) 
Seat 2: poker.lip48 ($4.87 in chips) 
Seat 5: Mersito1 ($2.26 in chips) 
Seat 6: Castor1 ($0.93 in chips) 
Seat 7: bch_12345 ($2.53 in chips) 
Seat 8: Dorex2007 ($5.12 in chips) 
Seat 9: Pepono101 ($2.18 in chips) 
poker.lip48: posts small blind $0.01
Mersito1: posts big blind $0.02
*** HOLE CARDS ***
Dealt to Dorex2007 [8d 3h]
Castor1: folds 
bch_12345: folds 
Dorex2007: folds 
Pepono101: folds 
MGLIMA99: folds 
poker.lip48: raises $0.04 to $0.06
Mersito1: folds 
Uncalled bet ($0.04) returned to poker.lip48
poker.lip48 collected $0.04 from pot
*** SUMMARY ***
Total pot $0.04 | Rake $0 
Seat 1: MGLIMA99 (button) folded before Flop (didn't bet)
Seat 2: poker.lip48 (small blind) collected ($0.04)
Seat 5: Mersito1 (big blind) folded before Flop
Seat 6: Castor1 folded before Flop (didn't bet)
Seat 7: bch_12345 folded before Flop (didn't bet)
Seat 8: Dorex2007 folded before Flop (didn't bet)
Seat 9: Pepono101 folded before Flop (didn't bet)



PokerStars Hand #231227790059:  Hold'em No Limit ($0.01/$0.02 USD) - 2021/11/07 16:16:37 PT [2021/11/07 19:16:37 ET]
Table 'Fides II' 9-max Seat #2 is the button
Seat 1: MGLIMA99 ($2.07 in chips) 
Seat 2: poker.lip48 ($4.89 in chips) 
Seat 5: Mersito1 ($2.24 in chips) 
Seat 6: Castor1 ($0.93 in chips) 
Seat 7: bch_12345 ($2.53 in chips) 
Seat 8: Dorex2007 ($5.12 in chips) 
Seat 9: Pepono101 ($2.18 in chips) 
Mersito1: posts small blind $0.01
Castor1: posts big blind $0.02
*** HOLE CARDS ***
Dealt to Dorex2007 [7s 2d]
bch_12345: raises $0.04 to $0.06
Dorex2007: folds 
Pepono101: folds 
MGLIMA99: calls $0.06
poker.lip48: raises $0.21 to $0.27
Mersito1: folds 
Castor1: folds 
bch_12345: raises $2.26 to $2.53 and is all-in
MGLIMA99: folds 
poker.lip48: calls $2.26
*** FLOP *** [7h Jd 5s]
*** TURN *** [7h Jd 5s] [2h]
*** RIVER *** [7h Jd 5s 2h] [3h]
*** SHOW DOWN ***
bch_12345: shows [Ks Kh] (a pair of Kings)
poker.lip48: shows [Ad As] (a pair of Aces)
poker.lip48 collected $4.97 from pot
*** SUMMARY ***
Total pot $5.15 | Rake $0.18 
Board [7h Jd 5s 2h 3h]
Seat 1: MGLIMA99 folded before Flop
Seat 2: poker.lip48 (button) showed [Ad As] and won ($4.97) with a pair of Aces
Seat 5: Mersito1 (small blind) folded before Flop
Seat 6: Castor1 (big blind) folded before Flop
Seat 7: bch_12345 showed [Ks Kh] and lost with a pair of Kings
Seat 8: Dorex2007 folded before Flop (didn't bet)
Seat 9: Pepono101 folded before Flop (didn't bet)



PokerStars Hand #231227802153:  Hold'em No Limit ($0.01/$0.02 USD) - 2021/11/07 16:17:16 PT [2021/11/07 19:17:16 ET]
Table 'Fides II' 9-max Seat #5 is the button
Seat 1: MGLIMA99 ($2.01 in chips) 
Seat 2: poker.lip48 ($7.33 in chips) 
Seat 5: Mersito1 ($2.23 in chips) 
Seat 6: Castor1 ($0.91 in chips) 
Seat 8: Dorex2007 ($5.12 in chips) 
Seat 9: Pepono101 ($2.18 in chips) 
Castor1: posts small blind $0.01
Dorex2007: posts big blind $0.02
*** HOLE CARDS ***
Dealt to Dorex2007 [3h Jh]
Pepono101: folds 
MGLIMA99: folds 
poker.lip48: folds 
Mersito1: folds 
Castor1: calls $0.01
Dorex2007: checks 
*** FLOP *** [Kd 5h 2s]
Castor1: checks 
Dorex2007: checks 
*** TURN *** [Kd 5h 2s] [4s]
Castor1: checks 
Dorex2007: bets $0.03
Castor1: folds 
Uncalled bet ($0.03) returned to Dorex2007
Dorex2007 collected $0.04 from pot
Dorex2007: doesn't show hand 
*** SUMMARY ***
Total pot $0.04 | Rake $0 
Board [Kd 5h 2s 4s]
Seat 1: MGLIMA99 folded before Flop (didn't bet)
Seat 2: poker.lip48 folded before Flop (didn't bet)
Seat 5: Mersito1 (button) folded before Flop (didn't bet)
Seat 6: Castor1 (small blind) folded on the Turn
Seat 8: Dorex2007 (big blind) collected ($0.04)
Seat 9: Pepono101 folded before Flop (didn't bet)



PokerStars Hand #231227813163:  Hold'em No Limit ($0.01/$0.02 USD) - 2021/11/07 16:17:52 PT [2021/11/07 19:17:52 ET]
Table 'Fides II' 9-max Seat #6 is the button
Seat 1: MGLIMA99 ($2.01 in chips) 
Seat 2: poker.lip48 ($7.33 in chips) 
Seat 5: Mersito1 ($2.23 in chips) 
Seat 6: Castor1 ($0.89 in chips) 
Seat 8: Dorex2007 ($5.14 in chips) 
Seat 9: Pepono101 ($2.18 in chips) 
Dorex2007: posts small blind $0.01
Pepono101: posts big blind $0.02
*** HOLE CARDS ***
Dealt to Dorex2007 [2d 8c]
MGLIMA99: folds 
poker.lip48: folds 
Mersito1: raises $0.05 to $0.07
Castor1: folds 
Dorex2007: folds 
Pepono101: calls $0.05
*** FLOP *** [6c 2h 8d]
Pepono101: checks 
Mersito1: bets $0.05
Pepono101: calls $0.05
*** TURN *** [6c 2h 8d] [Tc]
Pepono101: checks 
Mersito1: bets $0.18
Pepono101: calls $0.18
*** RIVER *** [6c 2h 8d Tc] [3d]
Pepono101: checks 
Mersito1: bets $0.87
Pepono101: folds 
Uncalled bet ($0.87) returned to Mersito1
Mersito1 collected $0.59 from pot
Mersito1: doesn't show hand 
bch_12345 leaves the table
*** SUMMARY ***
Total pot $0.61 | Rake $0.02 
Board [6c 2h 8d Tc 3d]
Seat 1: MGLIMA99 folded before Flop (didn't bet)
Seat 2: poker.lip48 folded before Flop (didn't bet)
Seat 5: Mersito1 collected ($0.59)
Seat 6: Castor1 (button) folded before Flop (didn't bet)
Seat 8: Dorex2007 (small blind) folded before Flop
Seat 9: Pepono101 (big blind) folded on the River



PokerStars Hand #231227830710:  Hold'em No Limit ($0.01/$0.02 USD) - 2021/11/07 16:18:50 PT [2021/11/07 19:18:50 ET]
Table 'Fides II' 9-max Seat #8 is the button
Seat 1: MGLIMA99 ($2.01 in chips) 
Seat 2: poker.lip48 ($7.33 in chips) 
Seat 5: Mersito1 ($2.52 in chips) 
Seat 6: Castor1 ($0.89 in chips) 
Seat 8: Dorex2007 ($5.13 in chips) 
Seat 9: Pepono101 ($1.88 in chips) 
Pepono101: posts small blind $0.01
MGLIMA99: posts big blind $0.02
*** HOLE CARDS ***
Dealt to Dorex2007 [3c 8d]
poker.lip48: folds 
Mersito1: folds 
Castor1: folds 
Dorex2007: folds 
Pepono101: raises $0.02 to $0.04
MGLIMA99: folds 
Uncalled bet ($0.02) returned to Pepono101
Pepono101 collected $0.04 from pot
Pepono101: doesn't show hand 
*** SUMMARY ***
Total pot $0.04 | Rake $0 
Seat 1: MGLIMA99 (big blind) folded before Flop
Seat 2: poker.lip48 folded before Flop (didn't bet)
Seat 5: Mersito1 folded before Flop (didn't bet)
Seat 6: Castor1 folded before Flop (didn't bet)
Seat 8: Dorex2007 (button) folded before Flop (didn't bet)
Seat 9: Pepono101 (small blind) collected ($0.04)



PokerStars Hand #231227838435:  Hold'em No Limit ($0.01/$0.02 USD) - 2021/11/07 16:19:15 PT [2021/11/07 19:19:15 ET]
Table 'Fides II' 9-max Seat #9 is the button
Seat 1: MGLIMA99 ($1.99 in chips) 
Seat 2: poker.lip48 ($7.33 in chips) 
Seat 3: fjmuller ($1.71 in chips) 
Seat 5: Mersito1 ($2.52 in chips) 
Seat 6: Castor1 ($0.89 in chips) 
Seat 8: Dorex2007 ($5.13 in chips) 
Seat 9: Pepono101 ($1.90 in chips) 
MGLIMA99: posts small blind $0.01
poker.lip48: posts big blind $0.02
fjmuller: posts small & big blinds $0.03
*** HOLE CARDS ***
Dealt to Dorex2007 [5d As]
fjmuller: checks 
Mersito1: folds 
Castor1: folds 
Dorex2007: folds 
Pepono101: calls $0.02
MGLIMA99: calls $0.01
poker.lip48: checks 
*** FLOP *** [Jh Kh Qh]
MGLIMA99: checks 
poker.lip48: checks 
fjmuller: checks 
Pepono101: checks 
*** TURN *** [Jh Kh Qh] [5s]
MGLIMA99: bets $0.05
poker.lip48: folds 
fjmuller: calls $0.05
Pepono101: folds 
*** RIVER *** [Jh Kh Qh 5s] [3c]
MGLIMA99: bets $0.09
fjmuller: folds 
Uncalled bet ($0.09) returned to MGLIMA99
MGLIMA99 collected $0.18 from pot
MGLIMA99: doesn't show hand 
*** SUMMARY ***
Total pot $0.19 | Rake $0.01 
Board [Jh Kh Qh 5s 3c]
Seat 1: MGLIMA99 (small blind) collected ($0.18)
Seat 2: poker.lip48 (big blind) folded on the Turn
Seat 3: fjmuller folded on the River
Seat 5: Mersito1 folded before Flop (didn't bet)
Seat 6: Castor1 folded before Flop (didn't bet)
Seat 8: Dorex2007 folded before Flop (didn't bet)
Seat 9: Pepono101 (button) folded on the Turn



PokerStars Hand #231227854273:  Hold'em No Limit ($0.01/$0.02 USD) - 2021/11/07 16:20:07 PT [2021/11/07 19:20:07 ET]
Table 'Fides II' 9-max Seat #1 is the button
Seat 1: MGLIMA99 ($2.10 in chips) 
Seat 2: poker.lip48 ($7.31 in chips) 
Seat 5: Mersito1 ($2.52 in chips) 
Seat 6: Castor1 ($0.89 in chips) 
Seat 8: Dorex2007 ($5.13 in chips) 
Seat 9: Pepono101 ($1.88 in chips) 
poker.lip48: posts small blind $0.01
Mersito1: posts big blind $0.02
*** HOLE CARDS ***
Dealt to Dorex2007 [Jd Tc]
Castor1: folds 
Dorex2007: folds 
Pepono101: folds 
MGLIMA99: folds 
poker.lip48: raises $0.04 to $0.06
Mersito1: folds 
Uncalled bet ($0.04) returned to poker.lip48
poker.lip48 collected $0.04 from pot
*** SUMMARY ***
Total pot $0.04 | Rake $0 
Seat 1: MGLIMA99 (button) folded before Flop (didn't bet)
Seat 2: poker.lip48 (small blind) collected ($0.04)
Seat 5: Mersito1 (big blind) folded before Flop
Seat 6: Castor1 folded before Flop (didn't bet)
Seat 8: Dorex2007 folded before Flop (didn't bet)
Seat 9: Pepono101 folded before Flop (didn't bet)



PokerStars Hand #231227858079:  Hold'em No Limit ($0.01/$0.02 USD) - 2021/11/07 16:20:20 PT [2021/11/07 19:20:20 ET]
Table 'Fides II' 9-max Seat #2 is the button
Seat 1: MGLIMA99 ($2.10 in chips) 
Seat 2: poker.lip48 ($7.33 in chips) 
Seat 5: Mersito1 ($2.50 in chips) 
Seat 6: Castor1 ($0.89 in chips) 
Seat 8: Dorex2007 ($5.13 in chips) 
Seat 9: Pepono101 ($1.88 in chips) 
Mersito1: posts small blind $0.01
Castor1: posts big blind $0.02
*** HOLE CARDS ***
Dealt to Dorex2007 [Qh 5s]
Dorex2007: folds 
Pepono101: folds 
MGLIMA99: folds 
poker.lip48: folds 
Mersito1: raises $0.04 to $0.06
Castor1: folds 
Uncalled bet ($0.04) returned to Mersito1
Mersito1 collected $0.04 from pot
Mersito1: doesn't show hand 
*** SUMMARY ***
Total pot $0.04 | Rake $0 
Seat 1: MGLIMA99 folded before Flop (didn't bet)
Seat 2: poker.lip48 (button) folded before Flop (didn't bet)
Seat 5: Mersito1 (small blind) collected ($0.04)
Seat 6: Castor1 (big blind) folded before Flop
Seat 8: Dorex2007 folded before Flop (didn't bet)
Seat 9: Pepono101 folded before Flop (didn't bet)



PokerStars Hand #231227861983:  Hold'em No Limit ($0.01/$0.02 USD) - 2021/11/07 16:20:32 PT [2021/11/07 19:20:32 ET]
Table 'Fides II' 9-max Seat #5 is the button
Seat 1: MGLIMA99 ($2.10 in chips) 
Seat 2: poker.lip48 ($7.33 in chips) 
Seat 5: Mersito1 ($2.52 in chips) 
Seat 6: Castor1 ($0.87 in chips) 
Seat 8: Dorex2007 ($5.13 in chips) 
Seat 9: Pepono101 ($1.88 in chips) 
Castor1: posts small blind $0.01
Dorex2007: posts big blind $0.02
*** HOLE CARDS ***
Dealt to Dorex2007 [Jh 5c]
Pepono101: folds 
MGLIMA99: folds 
poker.lip48: raises $0.04 to $0.06
Mersito1: folds 
Castor1: folds 
Dorex2007: folds 
Uncalled bet ($0.04) returned to poker.lip48
poker.lip48 collected $0.05 from pot
*** SUMMARY ***
Total pot $0.05 | Rake $0 
Seat 1: MGLIMA99 folded before Flop (didn't bet)
Seat 2: poker.lip48 collected ($0.05)
Seat 5: Mersito1 (button) folded before Flop (didn't bet)
Seat 6: Castor1 (small blind) folded before Flop
Seat 8: Dorex2007 (big blind) folded before Flop
Seat 9: Pepono101 folded before Flop (didn't bet)



PokerStars Hand #231227866242:  Hold'em No Limit ($0.01/$0.02 USD) - 2021/11/07 16:20:46 PT [2021/11/07 19:20:46 ET]
Table 'Fides II' 9-max Seat #6 is the button
Seat 1: MGLIMA99 ($2.10 in chips) 
Seat 2: poker.lip48 ($7.36 in chips) 
Seat 5: Mersito1 ($2.52 in chips) 
Seat 6: Castor1 ($0.86 in chips) 
Seat 8: Dorex2007 ($5.11 in chips) 
Seat 9: Pepono101 ($1.88 in chips) 
Dorex2007: posts small blind $0.01
Pepono101: posts big blind $0.02
*** HOLE CARDS ***
Dealt to Dorex2007 [Ac 5s]
MGLIMA99: folds 
poker.lip48: raises $0.04 to $0.06
Mersito1: folds 
Castor1: folds 
Dorex2007: folds 
Pepono101: folds 
Uncalled bet ($0.04) returned to poker.lip48
poker.lip48 collected $0.05 from pot
*** SUMMARY ***
Total pot $0.05 | Rake $0 
Seat 1: MGLIMA99 folded before Flop (didn't bet)
Seat 2: poker.lip48 collected ($0.05)
Seat 5: Mersito1 folded before Flop (didn't bet)
Seat 6: Castor1 (button) folded before Flop (didn't bet)
Seat 8: Dorex2007 (small blind) folded before Flop
Seat 9: Pepono101 (big blind) folded before Flop



PokerStars Hand #231227872032:  Hold'em No Limit ($0.01/$0.02 USD) - 2021/11/07 16:21:06 PT [2021/11/07 19:21:06 ET]
Table 'Fides II' 9-max Seat #8 is the button
Seat 1: MGLIMA99 ($2.10 in chips) 
Seat 2: poker.lip48 ($7.39 in chips) 
Seat 5: Mersito1 ($2.52 in chips) 
Seat 6: Castor1 ($0.86 in chips) 
Seat 8: Dorex2007 ($5.10 in chips) 
Seat 9: Pepono101 ($1.86 in chips) 
Pepono101: posts small blind $0.01
MGLIMA99: posts big blind $0.02
*** HOLE CARDS ***
Dealt to Dorex2007 [Ah 4c]
poker.lip48: folds 
Mersito1: folds 
Castor1: calls $0.02
Dorex2007: calls $0.02
Pepono101: folds 
MGLIMA99: checks 
*** FLOP *** [As 5d Js]
MGLIMA99: checks 
Castor1: checks 
Dorex2007: bets $0.04
MGLIMA99: calls $0.04
Castor1: folds 
*** TURN *** [As 5d Js] [8h]
najarpoker2106 joins the table at seat #7 
MGLIMA99: checks 
Dorex2007: bets $0.07
MGLIMA99: calls $0.07
*** RIVER *** [As 5d Js 8h] [2h]
MGLIMA99: checks 
Dorex2007: bets $0.14
Castor1 leaves the table
MGLIMA99: raises $0.14 to $0.28
Dorex2007: calls $0.14
*** SHOW DOWN ***
MGLIMA99: shows [Jc Ac] (two pair, Aces and Jacks)
Dorex2007: mucks hand 
MGLIMA99 collected $0.82 from pot
*** SUMMARY ***
Total pot $0.85 | Rake $0.03 
Board [As 5d Js 8h 2h]
Seat 1: MGLIMA99 (big blind) showed [Jc Ac] and won ($0.82) with two pair, Aces and Jacks
Seat 2: poker.lip48 folded before Flop (didn't bet)
Seat 5: Mersito1 folded before Flop (didn't bet)
Seat 6: Castor1 folded on the Flop
Seat 8: Dorex2007 (button) mucked [Ah 4c]
Seat 9: Pepono101 (small blind) folded before Flop



PokerStars Hand #231227892673:  Hold'em No Limit ($0.01/$0.02 USD) - 2021/11/07 16:22:14 PT [2021/11/07 19:22:14 ET]
Table 'Fides II' 9-max Seat #9 is the button
Seat 1: MGLIMA99 ($2.51 in chips) 
Seat 2: poker.lip48 ($7.39 in chips) 
Seat 5: Mersito1 ($2.52 in chips) 
Seat 8: Dorex2007 ($4.69 in chips) 
Seat 9: Pepono101 ($1.85 in chips) 
MGLIMA99: posts small blind $0.01
poker.lip48: posts big blind $0.02
najarpoker2106: sits out 
*** HOLE CARDS ***
Dealt to Dorex2007 [9s 2s]
Mersito1: folds 
Dorex2007: folds 
Pepono101: calls $0.02
MGLIMA99: folds 
poker.lip48: checks 
*** FLOP *** [8c 9c 4c]
poker.lip48: bets $0.03
Pepono101: calls $0.03
*** TURN *** [8c 9c 4c] [As]
poker.lip48: checks 
Pepono101: checks 
*** RIVER *** [8c 9c 4c As] [2c]
poker.lip48: checks 
Pepono101: checks 
*** SHOW DOWN ***
poker.lip48: shows [Ks 8d] (a pair of Eights)
Pepono101: shows [9h 8h] (two pair, Nines and Eights)
Pepono101 collected $0.11 from pot
*** SUMMARY ***
Total pot $0.11 | Rake $0 
Board [8c 9c 4c As 2c]
Seat 1: MGLIMA99 (small blind) folded before Flop
Seat 2: poker.lip48 (big blind) showed [Ks 8d] and lost with a pair of Eights
Seat 5: Mersito1 folded before Flop (didn't bet)
Seat 8: Dorex2007 folded before Flop (didn't bet)
Seat 9: Pepono101 (button) showed [9h 8h] and won ($0.11) with two pair, Nines and Eights



PokerStars Hand #231227902531:  Hold'em No Limit ($0.01/$0.02 USD) - 2021/11/07 16:22:48 PT [2021/11/07 19:22:48 ET]
Table 'Fides II' 9-max Seat #1 is the button
Seat 1: MGLIMA99 ($2.50 in chips) 
Seat 2: poker.lip48 ($7.34 in chips) 
Seat 5: Mersito1 ($2.52 in chips) 
Seat 8: Dorex2007 ($4.69 in chips) 
Seat 9: Pepono101 ($1.91 in chips) 
poker.lip48: posts small blind $0.01
Mersito1: posts big blind $0.02
najarpoker2106: sits out 
*** HOLE CARDS ***
Dealt to Dorex2007 [Kd Ac]
Dorex2007: folds 
Pepono101: folds 
MGLIMA99: folds 
poker.lip48: folds 
Uncalled bet ($0.01) returned to Mersito1
poker.lip48 leaves the table
Mersito1 collected $0.02 from pot
Mersito1: doesn't show hand 
*** SUMMARY ***
Total pot $0.02 | Rake $0 
Seat 1: MGLIMA99 (button) folded before Flop (didn't bet)
Seat 2: poker.lip48 (small blind) folded before Flop
Seat 5: Mersito1 (big blind) collected ($0.02)
Seat 8: Dorex2007 folded before Flop (didn't bet)
Seat 9: Pepono101 folded before Flop (didn't bet)



PokerStars Hand #231227905430:  Hold'em No Limit ($0.01/$0.02 USD) - 2021/11/07 16:22:58 PT [2021/11/07 19:22:58 ET]
Table 'Fides II' 9-max Seat #5 is the button
Seat 1: MGLIMA99 ($2.50 in chips) 
Seat 5: Mersito1 ($2.53 in chips) 
Seat 8: Dorex2007 ($4.69 in chips) 
Seat 9: Pepono101 ($1.91 in chips) 
Dorex2007: posts small blind $0.01
Pepono101: posts big blind $0.02
*** HOLE CARDS ***
Dealt to Dorex2007 [9h 7d]
MGLIMA99: folds 
Mersito1: folds 
Dorex2007: calls $0.01
Pepono101: checks 
*** FLOP *** [Ac Ks Kc]
Dorex2007: checks 
Pepono101: bets $0.04
Dorex2007: folds 
Uncalled bet ($0.04) returned to Pepono101
Pepono101 collected $0.04 from pot
Pepono101: doesn't show hand 
*** SUMMARY ***
Total pot $0.04 | Rake $0 
Board [Ac Ks Kc]
Seat 1: MGLIMA99 folded before Flop (didn't bet)
Seat 5: Mersito1 (button) folded before Flop (didn't bet)
Seat 8: Dorex2007 (small blind) folded on the Flop
Seat 9: Pepono101 (big blind) collected ($0.04)



PokerStars Hand #231227912030:  Hold'em No Limit ($0.01/$0.02 USD) - 2021/11/07 16:23:20 PT [2021/11/07 19:23:20 ET]
Table 'Fides II' 9-max Seat #8 is the button
Seat 1: MGLIMA99 ($2.50 in chips) 
Seat 5: Mersito1 ($2.53 in chips) 
Seat 8: Dorex2007 ($4.67 in chips) 
Seat 9: Pepono101 ($1.93 in chips) 
Pepono101: posts small blind $0.01
MGLIMA99: posts big blind $0.02
najarpoker2106: sits out 
*** HOLE CARDS ***
Dealt to Dorex2007 [Jc Qd]
Mersito1: folds 
Dorex2007: raises $0.04 to $0.06
Pepono101: folds 
MGLIMA99: calls $0.04
*** FLOP *** [4h 9h Tc]
MGLIMA99: checks 
Dorex2007: bets $0.07
Pacheco503 joins the table at seat #2 
MGLIMA99: folds 
Uncalled bet ($0.07) returned to Dorex2007
Dorex2007 collected $0.13 from pot
Dorex2007: doesn't show hand 
*** SUMMARY ***
Total pot $0.13 | Rake $0 
Board [4h 9h Tc]
Seat 1: MGLIMA99 (big blind) folded on the Flop
Seat 5: Mersito1 folded before Flop (didn't bet)
Seat 8: Dorex2007 (button) collected ($0.13)
Seat 9: Pepono101 (small blind) folded before Flop



