PokerStars Hand #232416010229:  Hold'em No Limit ($0.01/$0.02 USD) - 2021/12/21 16:43:24 PT [2021/12/21 19:43:24 ET]
Table 'Rosselia II' 9-max Seat #3 is the button
Seat 1: kanatakk ($2.73 in chips) 
Seat 2: Dorex2007 ($2 in chips) 
Seat 3: Tenorio422 ($2.05 in chips) 
Seat 4: Michael@1647 ($1.93 in chips) 
Seat 5: Stormy_88888 ($1.89 in chips) 
Seat 6: barrat33 ($0.61 in chips) 
Seat 7: Thierry Lagac ($1.22 in chips) 
Seat 8: pachazinho ($0.77 in chips) 
Seat 9: inglenook194 ($2.21 in chips) 
Michael@1647: posts small blind $0.01
Stormy_88888: posts big blind $0.02
Dorex2007: posts big blind $0.02
*** HOLE CARDS ***
Dealt to Dorex2007 [8d Kh]
barrat33: folds 
Thierry Lagac: calls $0.02
pachazinho: folds 
inglenook194: calls $0.02
kanatakk: folds 
Dorex2007: checks 
Tenorio422: folds 
Michael@1647: calls $0.01
Stormy_88888: checks 
*** FLOP *** [7c 7h Jd]
Michael@1647: checks 
Stormy_88888: checks 
Thierry Lagac: bets $0.02
inglenook194: calls $0.02
Dorex2007: folds 
Michael@1647: folds 
Stormy_88888: folds 
*** TURN *** [7c 7h Jd] [7s]
Thierry Lagac: bets $0.06
inglenook194: calls $0.06
*** RIVER *** [7c 7h Jd 7s] [Td]
Tenorio422 is disconnected 
Thierry Lagac: bets $0.10
inglenook194: folds 
Uncalled bet ($0.10) returned to Thierry Lagac
Thierry Lagac collected $0.25 from pot
Thierry Lagac: doesn't show hand 
*** SUMMARY ***
Total pot $0.26 | Rake $0.01 
Board [7c 7h Jd 7s Td]
Seat 1: kanatakk folded before Flop (didn't bet)
Seat 2: Dorex2007 folded on the Flop (didn't bet)
Seat 3: Tenorio422 (button) folded before Flop (didn't bet)
Seat 4: Michael@1647 (small blind) folded on the Flop
Seat 5: Stormy_88888 (big blind) folded on the Flop
Seat 6: barrat33 folded before Flop (didn't bet)
Seat 7: Thierry Lagac collected ($0.25)
Seat 8: pachazinho folded before Flop (didn't bet)
Seat 9: inglenook194 folded on the River



PokerStars Hand #232416037821:  Hold'em No Limit ($0.01/$0.02 USD) - 2021/12/21 16:44:25 PT [2021/12/21 19:44:25 ET]
Table 'Rosselia II' 9-max Seat #4 is the button
Seat 1: kanatakk ($2.73 in chips) 
Seat 2: Dorex2007 ($2 in chips) 
Seat 3: Tenorio422 ($2.05 in chips) 
Seat 4: Michael@1647 ($1.91 in chips) 
Seat 5: Stormy_88888 ($1.87 in chips) 
Seat 6: barrat33 ($0.61 in chips) 
Seat 7: Thierry Lagac ($1.37 in chips) 
Seat 8: pachazinho ($0.77 in chips) 
Seat 9: inglenook194 ($2.11 in chips) 
Stormy_88888: posts small blind $0.01
barrat33: posts big blind $0.02
*** HOLE CARDS ***
Dealt to Dorex2007 [5s 7c]
Thierry Lagac: calls $0.02
pachazinho: folds 
inglenook194: raises $0.02 to $0.04
kanatakk: folds 
Dorex2007: folds 
Tenorio422: folds 
Michael@1647: calls $0.04
Stormy_88888: calls $0.03
barrat33: calls $0.02
Thierry Lagac: raises $0.02 to $0.06
inglenook194 has timed out
inglenook194: folds 
Michael@1647: calls $0.02
Stormy_88888: calls $0.02
barrat33: calls $0.02
*** FLOP *** [9h Ac Jh]
Stormy_88888: bets $0.10
barrat33: calls $0.10
Thierry Lagac: calls $0.10
Michael@1647: calls $0.10
*** TURN *** [9h Ac Jh] [2d]
Stormy_88888: bets $0.10
barrat33: calls $0.10
Thierry Lagac: calls $0.10
Michael@1647: folds 
*** RIVER *** [9h Ac Jh 2d] [Kd]
Stormy_88888: bets $0.10
barrat33: folds 
Thierry Lagac: calls $0.10
*** SHOW DOWN ***
Stormy_88888: shows [As Th] (a pair of Aces)
Thierry Lagac: shows [Ad Ts] (a pair of Aces)
Stormy_88888 collected $0.57 from pot
Thierry Lagac collected $0.57 from pot
*** SUMMARY ***
Total pot $1.18 | Rake $0.04 
Board [9h Ac Jh 2d Kd]
Seat 1: kanatakk folded before Flop (didn't bet)
Seat 2: Dorex2007 folded before Flop (didn't bet)
Seat 3: Tenorio422 folded before Flop (didn't bet)
Seat 4: Michael@1647 (button) folded on the Turn
Seat 5: Stormy_88888 (small blind) showed [As Th] and won ($0.57) with a pair of Aces
Seat 6: barrat33 (big blind) folded on the River
Seat 7: Thierry Lagac showed [Ad Ts] and won ($0.57) with a pair of Aces
Seat 8: pachazinho folded before Flop (didn't bet)
Seat 9: inglenook194 folded before Flop



PokerStars Hand #232416082150:  Hold'em No Limit ($0.01/$0.02 USD) - 2021/12/21 16:46:41 PT [2021/12/21 19:46:41 ET]
Table 'Rosselia II' 9-max Seat #5 is the button
Seat 1: kanatakk ($2.73 in chips) 
Seat 2: Dorex2007 ($2 in chips) 
Seat 3: Tenorio422 ($2.05 in chips) 
Seat 4: Michael@1647 ($1.75 in chips) 
Seat 5: Stormy_88888 ($2.08 in chips) 
Seat 6: barrat33 ($0.35 in chips) 
Seat 7: Thierry Lagac ($1.58 in chips) 
Seat 8: pachazinho ($0.77 in chips) 
barrat33: posts small blind $0.01
Thierry Lagac: posts big blind $0.02
*** HOLE CARDS ***
Dealt to Dorex2007 [Ac Jd]
pachazinho: calls $0.02
kanatakk: folds 
Dorex2007: raises $0.02 to $0.04
Tenorio422: folds 
Michael@1647: folds 
Stormy_88888: raises $0.10 to $0.14
barrat33: folds 
Thierry Lagac: folds 
pachazinho: calls $0.12
Dorex2007: folds 
*** FLOP *** [2s Jc Jh]
pachazinho: checks 
Stormy_88888: bets $0.18
pachazinho: folds 
Uncalled bet ($0.18) returned to Stormy_88888
Stormy_88888 collected $0.34 from pot
Stormy_88888: doesn't show hand 
*** SUMMARY ***
Total pot $0.35 | Rake $0.01 
Board [2s Jc Jh]
Seat 1: kanatakk folded before Flop (didn't bet)
Seat 2: Dorex2007 folded before Flop
Seat 3: Tenorio422 folded before Flop (didn't bet)
Seat 4: Michael@1647 folded before Flop (didn't bet)
Seat 5: Stormy_88888 (button) collected ($0.34)
Seat 6: barrat33 (small blind) folded before Flop
Seat 7: Thierry Lagac (big blind) folded before Flop
Seat 8: pachazinho folded on the Flop



PokerStars Hand #232416093675:  Hold'em No Limit ($0.01/$0.02 USD) - 2021/12/21 16:47:19 PT [2021/12/21 19:47:19 ET]
Table 'Rosselia II' 9-max Seat #6 is the button
Seat 1: kanatakk ($2.73 in chips) 
Seat 2: Dorex2007 ($2 in chips) 
Seat 3: Tenorio422 ($2.05 in chips) 
Seat 4: Michael@1647 ($1.75 in chips) 
Seat 5: Stormy_88888 ($2.28 in chips) 
Seat 6: barrat33 ($0.34 in chips) 
Seat 7: Thierry Lagac ($1.56 in chips) 
Seat 8: pachazinho ($0.63 in chips) 
Thierry Lagac: posts small blind $0.01
pachazinho: posts big blind $0.02
*** HOLE CARDS ***
Dealt to Dorex2007 [Jh Tc]
kanatakk: folds 
Dorex2007: folds 
Tenorio422: folds 
Michael@1647: raises $0.04 to $0.06
Stormy_88888: folds 
barrat33: folds 
Thierry Lagac: calls $0.05
pachazinho: calls $0.04
*** FLOP *** [Kd Td 8s]
Thierry Lagac: checks 
pachazinho: checks 
Michael@1647: checks 
*** TURN *** [Kd Td 8s] [6s]
Thierry Lagac: checks 
pachazinho: checks 
Michael@1647: bets $0.06
Thierry Lagac: folds 
pachazinho: calls $0.06
*** RIVER *** [Kd Td 8s 6s] [Ts]
pachazinho: checks 
Michael@1647: checks 
*** SHOW DOWN ***
pachazinho: shows [9h 4h] (a pair of Tens)
Michael@1647: shows [Th Ac] (three of a kind, Tens)
Michael@1647 collected $0.29 from pot
*** SUMMARY ***
Total pot $0.30 | Rake $0.01 
Board [Kd Td 8s 6s Ts]
Seat 1: kanatakk folded before Flop (didn't bet)
Seat 2: Dorex2007 folded before Flop (didn't bet)
Seat 3: Tenorio422 folded before Flop (didn't bet)
Seat 4: Michael@1647 showed [Th Ac] and won ($0.29) with three of a kind, Tens
Seat 5: Stormy_88888 folded before Flop (didn't bet)
Seat 6: barrat33 (button) folded before Flop (didn't bet)
Seat 7: Thierry Lagac (small blind) folded on the Turn
Seat 8: pachazinho (big blind) showed [9h 4h] and lost with a pair of Tens



PokerStars Hand #232416110498:  Hold'em No Limit ($0.01/$0.02 USD) - 2021/12/21 16:48:15 PT [2021/12/21 19:48:15 ET]
Table 'Rosselia II' 9-max Seat #7 is the button
Seat 1: kanatakk ($2.73 in chips) 
Seat 2: Dorex2007 ($2 in chips) 
Seat 3: Tenorio422 ($2.05 in chips) 
Seat 4: Michael@1647 ($1.92 in chips) 
Seat 5: Stormy_88888 ($2.28 in chips) 
Seat 6: barrat33 ($1.34 in chips) 
Seat 7: Thierry Lagac ($1.50 in chips) 
Seat 8: pachazinho ($0.51 in chips) 
pachazinho: posts small blind $0.01
kanatakk: posts big blind $0.02
*** HOLE CARDS ***
Dealt to Dorex2007 [Tc 9h]
Dorex2007: folds 
Tenorio422: folds 
Michael@1647: raises $0.04 to $0.06
Stormy_88888: calls $0.06
barrat33: calls $0.06
Thierry Lagac: folds 
pachazinho: folds 
kanatakk: folds 
*** FLOP *** [Ad 3h 6d]
Michael@1647: checks 
Stormy_88888: checks 
barrat33: checks 
*** TURN *** [Ad 3h 6d] [Qc]
Michael@1647: checks 
Stormy_88888: checks 
barrat33: checks 
*** RIVER *** [Ad 3h 6d Qc] [8s]
Michael@1647: checks 
Stormy_88888: checks 
barrat33: bets $0.04
Michael@1647: folds 
Stormy_88888: calls $0.04
*** SHOW DOWN ***
barrat33: shows [Kc Qd] (a pair of Queens)
Stormy_88888: mucks hand 
barrat33 collected $0.28 from pot
*** SUMMARY ***
Total pot $0.29 | Rake $0.01 
Board [Ad 3h 6d Qc 8s]
Seat 1: kanatakk (big blind) folded before Flop
Seat 2: Dorex2007 folded before Flop (didn't bet)
Seat 3: Tenorio422 folded before Flop (didn't bet)
Seat 4: Michael@1647 folded on the River
Seat 5: Stormy_88888 mucked [Td Ts]
Seat 6: barrat33 showed [Kc Qd] and won ($0.28) with a pair of Queens
Seat 7: Thierry Lagac (button) folded before Flop (didn't bet)
Seat 8: pachazinho (small blind) folded before Flop



PokerStars Hand #232416135769:  Hold'em No Limit ($0.01/$0.02 USD) - 2021/12/21 16:49:20 PT [2021/12/21 19:49:20 ET]
Table 'Rosselia II' 9-max Seat #8 is the button
Seat 1: kanatakk ($2.71 in chips) 
Seat 2: Dorex2007 ($2 in chips) 
Seat 4: Michael@1647 ($1.86 in chips) 
Seat 5: Stormy_88888 ($2.18 in chips) 
Seat 6: barrat33 ($1.52 in chips) 
Seat 7: Thierry Lagac ($1.50 in chips) 
Seat 8: pachazinho ($0.50 in chips) 
kanatakk: posts small blind $0.01
Dorex2007: posts big blind $0.02
*** HOLE CARDS ***
Dealt to Dorex2007 [7h Js]
Michael@1647: folds 
Stormy_88888: folds 
barrat33: folds 
Thierry Lagac: folds 
pachazinho: calls $0.02
kanatakk: folds 
Dorex2007: checks 
*** FLOP *** [2h 5c 9d]
Dorex2007: checks 
pachazinho: checks 
*** TURN *** [2h 5c 9d] [Kc]
Dorex2007: checks 
pachazinho: bets $0.05
Dorex2007: folds 
Uncalled bet ($0.05) returned to pachazinho
pachazinho collected $0.05 from pot
*** SUMMARY ***
Total pot $0.05 | Rake $0 
Board [2h 5c 9d Kc]
Seat 1: kanatakk (small blind) folded before Flop
Seat 2: Dorex2007 (big blind) folded on the Turn
Seat 4: Michael@1647 folded before Flop (didn't bet)
Seat 5: Stormy_88888 folded before Flop (didn't bet)
Seat 6: barrat33 folded before Flop (didn't bet)
Seat 7: Thierry Lagac folded before Flop (didn't bet)
Seat 8: pachazinho (button) collected ($0.05)



PokerStars Hand #232416153896:  Hold'em No Limit ($0.01/$0.02 USD) - 2021/12/21 16:50:21 PT [2021/12/21 19:50:21 ET]
Table 'Rosselia II' 9-max Seat #1 is the button
Seat 1: kanatakk ($2.70 in chips) 
Seat 2: Dorex2007 ($2 in chips) 
Seat 3: Tenorio422 ($2.05 in chips) 
Seat 4: Michael@1647 ($1.86 in chips) 
Seat 5: Stormy_88888 ($2.18 in chips) 
Seat 6: barrat33 ($1.52 in chips) 
Seat 7: Thierry Lagac ($1.50 in chips) 
Seat 8: pachazinho ($0.53 in chips) 
Seat 9: inglenook194 ($2.07 in chips) 
Dorex2007: posts small blind $0.01
Tenorio422: posts big blind $0.02
inglenook194: posts small & big blinds $0.03
*** HOLE CARDS ***
Dealt to Dorex2007 [4h 6d]
Michael@1647: folds 
Stormy_88888: folds 
barrat33: folds 
Thierry Lagac: calls $0.02
pachazinho: folds 
inglenook194: checks 
kanatakk: folds 
Dorex2007: folds 
Tenorio422: raises $0.16 to $0.18
Thierry Lagac: folds 
inglenook194: folds 
Uncalled bet ($0.16) returned to Tenorio422
Tenorio422 collected $0.08 from pot
*** SUMMARY ***
Total pot $0.08 | Rake $0 
Seat 1: kanatakk (button) folded before Flop (didn't bet)
Seat 2: Dorex2007 (small blind) folded before Flop
Seat 3: Tenorio422 (big blind) collected ($0.08)
Seat 4: Michael@1647 folded before Flop (didn't bet)
Seat 5: Stormy_88888 folded before Flop (didn't bet)
Seat 6: barrat33 folded before Flop (didn't bet)
Seat 7: Thierry Lagac folded before Flop
Seat 8: pachazinho folded before Flop (didn't bet)
Seat 9: inglenook194 folded before Flop (didn't bet)



PokerStars Hand #232416164153:  Hold'em No Limit ($0.01/$0.02 USD) - 2021/12/21 16:50:55 PT [2021/12/21 19:50:55 ET]
Table 'Rosselia II' 9-max Seat #2 is the button
Seat 1: kanatakk ($2.70 in chips) 
Seat 2: Dorex2007 ($2 in chips) 
Seat 3: Tenorio422 ($2.11 in chips) 
Seat 4: Michael@1647 ($1.86 in chips) 
Seat 5: Stormy_88888 ($2.18 in chips) 
Seat 6: barrat33 ($1.52 in chips) 
Seat 7: Thierry Lagac ($1.48 in chips) 
Seat 8: pachazinho ($0.53 in chips) 
Seat 9: inglenook194 ($2.04 in chips) 
Tenorio422: posts small blind $0.01
Michael@1647: posts big blind $0.02
*** HOLE CARDS ***
Dealt to Dorex2007 [Qs Jc]
Stormy_88888: folds 
barrat33: folds 
Thierry Lagac: calls $0.02
pachazinho: folds 
inglenook194: raises $0.02 to $0.04
kanatakk: folds 
Dorex2007: folds 
Tenorio422: folds 
Michael@1647: folds 
Thierry Lagac: raises $0.02 to $0.06
inglenook194: raises $0.02 to $0.08
Thierry Lagac: raises $0.06 to $0.14
inglenook194: calls $0.06
*** FLOP *** [6c 9s 7d]
Thierry Lagac: bets $0.14
inglenook194: calls $0.14
*** TURN *** [6c 9s 7d] [Kh]
Thierry Lagac: bets $0.20
inglenook194: raises $1.56 to $1.76 and is all-in
Thierry Lagac: calls $1 and is all-in
Uncalled bet ($0.56) returned to inglenook194
*** RIVER *** [6c 9s 7d Kh] [Qh]
*** SHOW DOWN ***
Thierry Lagac: shows [Ac As] (a pair of Aces)
inglenook194: shows [2d 2h] (a pair of Deuces)
Thierry Lagac collected $2.89 from pot
*** SUMMARY ***
Total pot $2.99 | Rake $0.10 
Board [6c 9s 7d Kh Qh]
Seat 1: kanatakk folded before Flop (didn't bet)
Seat 2: Dorex2007 (button) folded before Flop (didn't bet)
Seat 3: Tenorio422 (small blind) folded before Flop
Seat 4: Michael@1647 (big blind) folded before Flop
Seat 5: Stormy_88888 folded before Flop (didn't bet)
Seat 6: barrat33 folded before Flop (didn't bet)
Seat 7: Thierry Lagac showed [Ac As] and won ($2.89) with a pair of Aces
Seat 8: pachazinho folded before Flop (didn't bet)
Seat 9: inglenook194 showed [2d 2h] and lost with a pair of Deuces



PokerStars Hand #232416182283:  Hold'em No Limit ($0.01/$0.02 USD) - 2021/12/21 16:51:56 PT [2021/12/21 19:51:56 ET]
Table 'Rosselia II' 9-max Seat #3 is the button
Seat 1: kanatakk ($2.70 in chips) 
Seat 2: Dorex2007 ($2 in chips) 
Seat 3: Tenorio422 ($2.10 in chips) 
Seat 4: Michael@1647 ($1.84 in chips) 
Seat 5: Stormy_88888 ($2.18 in chips) 
Seat 6: barrat33 ($1.52 in chips) 
Seat 7: Thierry Lagac ($2.89 in chips) 
Seat 8: pachazinho ($0.53 in chips) 
Seat 9: inglenook194 ($0.56 in chips) 
Michael@1647: posts small blind $0.01
Stormy_88888: posts big blind $0.02
*** HOLE CARDS ***
Dealt to Dorex2007 [Th 8c]
barrat33 is disconnected 
barrat33 has timed out while disconnected
barrat33: folds 
Thierry Lagac: folds 
pachazinho: calls $0.02
inglenook194: folds 
kanatakk: raises $0.08 to $0.10
Dorex2007: folds 
Tenorio422: calls $0.10
Michael@1647: folds 
Stormy_88888: folds 
pachazinho: calls $0.08
*** FLOP *** [7h 3d 6s]
pachazinho: checks 
kanatakk: checks 
Tenorio422: checks 
*** TURN *** [7h 3d 6s] [Qs]
pachazinho: checks 
kanatakk: checks 
Tenorio422: checks 
*** RIVER *** [7h 3d 6s Qs] [3h]
pachazinho: checks 
kanatakk: checks 
Tenorio422: checks 
*** SHOW DOWN ***
pachazinho: shows [Jc 9c] (a pair of Threes)
kanatakk: shows [2h 2d] (two pair, Threes and Deuces)
Tenorio422: mucks hand 
kanatakk collected $0.32 from pot
*** SUMMARY ***
Total pot $0.33 | Rake $0.01 
Board [7h 3d 6s Qs 3h]
Seat 1: kanatakk showed [2h 2d] and won ($0.32) with two pair, Threes and Deuces
Seat 2: Dorex2007 folded before Flop (didn't bet)
Seat 3: Tenorio422 (button) mucked [8d Kd]
Seat 4: Michael@1647 (small blind) folded before Flop
Seat 5: Stormy_88888 (big blind) folded before Flop
Seat 6: barrat33 folded before Flop (didn't bet)
Seat 7: Thierry Lagac folded before Flop (didn't bet)
Seat 8: pachazinho showed [Jc 9c] and lost with a pair of Threes
Seat 9: inglenook194 folded before Flop (didn't bet)



PokerStars Hand #232416203746:  Hold'em No Limit ($0.01/$0.02 USD) - 2021/12/21 16:53:05 PT [2021/12/21 19:53:05 ET]
Table 'Rosselia II' 9-max Seat #4 is the button
Seat 1: kanatakk ($2.92 in chips) 
Seat 2: Dorex2007 ($2 in chips) 
Seat 3: Tenorio422 ($2 in chips) 
Seat 4: Michael@1647 ($1.83 in chips) 
Seat 5: Stormy_88888 ($2.16 in chips) 
Seat 6: barrat33 ($1.52 in chips) 
Seat 7: Thierry Lagac ($2.89 in chips) 
Seat 8: pachazinho ($0.43 in chips) 
Seat 9: inglenook194 ($0.56 in chips) 
Stormy_88888: posts small blind $0.01
barrat33: posts big blind $0.02
*** HOLE CARDS ***
Dealt to Dorex2007 [Ts 5h]
Thierry Lagac: calls $0.02
pachazinho: calls $0.02
inglenook194: folds 
kanatakk: folds 
Dorex2007: folds 
Tenorio422: folds 
Michael@1647: raises $0.06 to $0.08
Stormy_88888: folds 
barrat33: folds 
Thierry Lagac: folds 
pachazinho: calls $0.06
*** FLOP *** [8s 9c 4s]
pachazinho: checks 
Michael@1647: checks 
*** TURN *** [8s 9c 4s] [9h]
pachazinho: checks 
Michael@1647: checks 
*** RIVER *** [8s 9c 4s 9h] [3h]
pachazinho: checks 
Michael@1647: checks 
*** SHOW DOWN ***
pachazinho: shows [Qc 6c] (a pair of Nines)
Michael@1647: shows [Ad Js] (a pair of Nines - Ace kicker)
Michael@1647 collected $0.20 from pot
*** SUMMARY ***
Total pot $0.21 | Rake $0.01 
Board [8s 9c 4s 9h 3h]
Seat 1: kanatakk folded before Flop (didn't bet)
Seat 2: Dorex2007 folded before Flop (didn't bet)
Seat 3: Tenorio422 folded before Flop (didn't bet)
Seat 4: Michael@1647 (button) showed [Ad Js] and won ($0.20) with a pair of Nines
Seat 5: Stormy_88888 (small blind) folded before Flop
Seat 6: barrat33 (big blind) folded before Flop
Seat 7: Thierry Lagac folded before Flop
Seat 8: pachazinho showed [Qc 6c] and lost with a pair of Nines
Seat 9: inglenook194 folded before Flop (didn't bet)



PokerStars Hand #232416217678:  Hold'em No Limit ($0.01/$0.02 USD) - 2021/12/21 16:53:51 PT [2021/12/21 19:53:51 ET]
Table 'Rosselia II' 9-max Seat #5 is the button
Seat 1: kanatakk ($2.92 in chips) 
Seat 2: Dorex2007 ($2 in chips) 
Seat 3: Tenorio422 ($2 in chips) 
Seat 4: Michael@1647 ($1.95 in chips) 
Seat 5: Stormy_88888 ($2.15 in chips) 
Seat 6: barrat33 ($1.50 in chips) 
Seat 7: Thierry Lagac ($2.87 in chips) 
Seat 8: pachazinho ($0.35 in chips) 
Seat 9: inglenook194 ($0.56 in chips) 
barrat33: posts small blind $0.01
Thierry Lagac: posts big blind $0.02
*** HOLE CARDS ***
Dealt to Dorex2007 [6s 9s]
pachazinho: calls $0.02
inglenook194: raises $0.02 to $0.04
kanatakk: raises $0.10 to $0.14
Dorex2007: folds 
Tenorio422: folds 
Michael@1647: folds 
Stormy_88888: folds 
barrat33: folds 
Thierry Lagac: calls $0.12
pachazinho: folds 
inglenook194: calls $0.10
*** FLOP *** [Jd Td 2h]
pachazinho leaves the table
Thierry Lagac: checks 
inglenook194: bets $0.42 and is all-in
kanatakk: folds 
Thierry Lagac: calls $0.42
*** TURN *** [Jd Td 2h] [3d]
*** RIVER *** [Jd Td 2h 3d] [Jc]
*** SHOW DOWN ***
Thierry Lagac: shows [Kh Kd] (two pair, Kings and Jacks)
inglenook194: shows [Ac Js] (three of a kind, Jacks)
inglenook194 collected $1.24 from pot
*** SUMMARY ***
Total pot $1.29 | Rake $0.05 
Board [Jd Td 2h 3d Jc]
Seat 1: kanatakk folded on the Flop
Seat 2: Dorex2007 folded before Flop (didn't bet)
Seat 3: Tenorio422 folded before Flop (didn't bet)
Seat 4: Michael@1647 folded before Flop (didn't bet)
Seat 5: Stormy_88888 (button) folded before Flop (didn't bet)
Seat 6: barrat33 (small blind) folded before Flop
Seat 7: Thierry Lagac (big blind) showed [Kh Kd] and lost with two pair, Kings and Jacks
Seat 8: pachazinho folded before Flop
Seat 9: inglenook194 showed [Ac Js] and won ($1.24) with three of a kind, Jacks



PokerStars Hand #232416235315:  Hold'em No Limit ($0.01/$0.02 USD) - 2021/12/21 16:54:50 PT [2021/12/21 19:54:50 ET]
Table 'Rosselia II' 9-max Seat #6 is the button
Seat 1: kanatakk ($2.78 in chips) 
Seat 2: Dorex2007 ($2 in chips) 
Seat 3: Tenorio422 ($2 in chips) 
Seat 4: Michael@1647 ($1.95 in chips) 
Seat 5: Stormy_88888 ($2.15 in chips) 
Seat 6: barrat33 ($1.49 in chips) 
Seat 7: Thierry Lagac ($2.31 in chips) 
Seat 9: inglenook194 ($1.24 in chips) 
Thierry Lagac: posts small blind $0.01
inglenook194: posts big blind $0.02
*** HOLE CARDS ***
Dealt to Dorex2007 [6d Qc]
kanatakk has timed out
kanatakk: folds 
Dorex2007: folds 
Tenorio422: raises $0.04 to $0.06
Michael@1647: raises $0.14 to $0.20
Stormy_88888: folds 
barrat33: folds 
Thierry Lagac: folds 
inglenook194: folds 
Tenorio422: calls $0.14
*** FLOP *** [5c 2d Th]
Tenorio422: checks 
Michael@1647: bets $0.10
Tenorio422: raises $0.31 to $0.41
mkgkdqn joins the table at seat #8 
Michael@1647: calls $0.31
*** TURN *** [5c 2d Th] [Jc]
Tenorio422: bets $1.39 and is all-in
Michael@1647: calls $1.34 and is all-in
Uncalled bet ($0.05) returned to Tenorio422
*** RIVER *** [5c 2d Th Jc] [8s]
*** SHOW DOWN ***
Tenorio422: shows [Ah Ad] (a pair of Aces)
Michael@1647: shows [Ks Kc] (a pair of Kings)
Tenorio422 collected $3.79 from pot
*** SUMMARY ***
Total pot $3.93 | Rake $0.14 
Board [5c 2d Th Jc 8s]
Seat 1: kanatakk folded before Flop (didn't bet)
Seat 2: Dorex2007 folded before Flop (didn't bet)
Seat 3: Tenorio422 showed [Ah Ad] and won ($3.79) with a pair of Aces
Seat 4: Michael@1647 showed [Ks Kc] and lost with a pair of Kings
Seat 5: Stormy_88888 folded before Flop (didn't bet)
Seat 6: barrat33 (button) folded before Flop (didn't bet)
Seat 7: Thierry Lagac (small blind) folded before Flop
Seat 9: inglenook194 (big blind) folded before Flop



PokerStars Hand #232416254345:  Hold'em No Limit ($0.01/$0.02 USD) - 2021/12/21 16:55:35 PT [2021/12/21 19:55:35 ET]
Table 'Rosselia II' 9-max Seat #7 is the button
Seat 1: kanatakk ($2.78 in chips) 
Seat 2: Dorex2007 ($2 in chips) 
Seat 3: Tenorio422 ($3.84 in chips) 
Seat 4: Michael@1647 ($0.80 in chips) 
Seat 5: Stormy_88888 ($2.15 in chips) 
Seat 6: barrat33 ($1.49 in chips) 
Seat 7: Thierry Lagac ($2.30 in chips) 
Seat 9: inglenook194 ($1.22 in chips) 
inglenook194: posts small blind $0.01
kanatakk: posts big blind $0.02
*** HOLE CARDS ***
Dealt to Dorex2007 [Td Ts]
Dorex2007: raises $0.04 to $0.06
Tenorio422: folds 
Michael@1647: folds 
Stormy_88888: folds 
barrat33: folds 
Thierry Lagac: folds 
inglenook194: calls $0.05
kanatakk: folds 
*** FLOP *** [As 3s Ac]
inglenook194: checks 
Dorex2007: checks 
*** TURN *** [As 3s Ac] [Js]
inglenook194: checks 
Dorex2007: bets $0.09
inglenook194: folds 
Uncalled bet ($0.09) returned to Dorex2007
Dorex2007 collected $0.14 from pot
Dorex2007: doesn't show hand 
*** SUMMARY ***
Total pot $0.14 | Rake $0 
Board [As 3s Ac Js]
Seat 1: kanatakk (big blind) folded before Flop
Seat 2: Dorex2007 collected ($0.14)
Seat 3: Tenorio422 folded before Flop (didn't bet)
Seat 4: Michael@1647 folded before Flop (didn't bet)
Seat 5: Stormy_88888 folded before Flop (didn't bet)
Seat 6: barrat33 folded before Flop (didn't bet)
Seat 7: Thierry Lagac (button) folded before Flop (didn't bet)
Seat 9: inglenook194 (small blind) folded on the Turn



PokerStars Hand #232416262136:  Hold'em No Limit ($0.01/$0.02 USD) - 2021/12/21 16:56:06 PT [2021/12/21 19:56:06 ET]
Table 'Rosselia II' 9-max Seat #9 is the button
Seat 1: kanatakk ($2.76 in chips) 
Seat 2: Dorex2007 ($2.08 in chips) 
Seat 3: Tenorio422 ($3.84 in chips) 
Seat 4: Michael@1647 ($2 in chips) 
Seat 5: Stormy_88888 ($2.15 in chips) 
Seat 6: barrat33 ($1.49 in chips) 
Seat 7: Thierry Lagac ($2.30 in chips) 
Seat 9: inglenook194 ($1.16 in chips) 
kanatakk: posts small blind $0.01
Dorex2007: posts big blind $0.02
mkgkdqn: sits out 
*** HOLE CARDS ***
Dealt to Dorex2007 [5c 4h]
Tenorio422: raises $0.04 to $0.06
Michael@1647: folds 
Stormy_88888: folds 
barrat33: folds 
Thierry Lagac: folds 
inglenook194: folds 
kanatakk: folds 
Dorex2007: folds 
Uncalled bet ($0.04) returned to Tenorio422
Tenorio422 collected $0.05 from pot
*** SUMMARY ***
Total pot $0.05 | Rake $0 
Seat 1: kanatakk (small blind) folded before Flop
Seat 2: Dorex2007 (big blind) folded before Flop
Seat 3: Tenorio422 collected ($0.05)
Seat 4: Michael@1647 folded before Flop (didn't bet)
Seat 5: Stormy_88888 folded before Flop (didn't bet)
Seat 6: barrat33 folded before Flop (didn't bet)
Seat 7: Thierry Lagac folded before Flop (didn't bet)
Seat 9: inglenook194 (button) folded before Flop (didn't bet)



PokerStars Hand #232416267579:  Hold'em No Limit ($0.01/$0.02 USD) - 2021/12/21 16:56:28 PT [2021/12/21 19:56:28 ET]
Table 'Rosselia II' 9-max Seat #1 is the button
Seat 1: kanatakk ($2.75 in chips) 
Seat 2: Dorex2007 ($2.06 in chips) 
Seat 3: Tenorio422 ($3.87 in chips) 
Seat 4: Michael@1647 ($2 in chips) 
Seat 5: Stormy_88888 ($2.15 in chips) 
Seat 6: barrat33 ($1.49 in chips) 
Seat 7: Thierry Lagac ($2.30 in chips) 
Seat 9: inglenook194 ($1.16 in chips) 
Dorex2007: posts small blind $0.01
Tenorio422: posts big blind $0.02
mkgkdqn: sits out 
*** HOLE CARDS ***
Dealt to Dorex2007 [Qc Ks]
Michael@1647: folds 
Stormy_88888: folds 
barrat33: folds 
Thierry Lagac: calls $0.02
inglenook194: folds 
kanatakk: folds 
Dorex2007: calls $0.01
Tenorio422: checks 
*** FLOP *** [4c Ad Th]
Dorex2007: checks 
Tenorio422: checks 
Thierry Lagac: bets $0.04
Dorex2007: folds 
Tenorio422: folds 
Uncalled bet ($0.04) returned to Thierry Lagac
Thierry Lagac collected $0.06 from pot
Thierry Lagac: doesn't show hand 
*** SUMMARY ***
Total pot $0.06 | Rake $0 
Board [4c Ad Th]
Seat 1: kanatakk (button) folded before Flop (didn't bet)
Seat 2: Dorex2007 (small blind) folded on the Flop
Seat 3: Tenorio422 (big blind) folded on the Flop
Seat 4: Michael@1647 folded before Flop (didn't bet)
Seat 5: Stormy_88888 folded before Flop (didn't bet)
Seat 6: barrat33 folded before Flop (didn't bet)
Seat 7: Thierry Lagac collected ($0.06)
Seat 9: inglenook194 folded before Flop (didn't bet)



PokerStars Hand #232416274909:  Hold'em No Limit ($0.01/$0.02 USD) - 2021/12/21 16:56:57 PT [2021/12/21 19:56:57 ET]
Table 'Rosselia II' 9-max Seat #2 is the button
Seat 1: kanatakk ($2.75 in chips) 
Seat 2: Dorex2007 ($2.04 in chips) 
Seat 3: Tenorio422 ($3.85 in chips) 
Seat 4: Michael@1647 ($2 in chips) 
Seat 5: Stormy_88888 ($2.15 in chips) 
Seat 6: barrat33 ($1.49 in chips) 
Seat 7: Thierry Lagac ($2.34 in chips) 
Seat 9: inglenook194 ($1.16 in chips) 
Tenorio422: posts small blind $0.01
Michael@1647: posts big blind $0.02
mkgkdqn: sits out 
*** HOLE CARDS ***
Dealt to Dorex2007 [6s Kc]
Stormy_88888: folds 
barrat33 has timed out
barrat33: folds 
Thierry Lagac: folds 
inglenook194: calls $0.02
kanatakk: folds 
Dorex2007: folds 
Tenorio422: folds 
Michael@1647: checks 
*** FLOP *** [4c Kd 9d]
Michael@1647: checks 
inglenook194: bets $0.05
Michael@1647: folds 
Uncalled bet ($0.05) returned to inglenook194
inglenook194 collected $0.05 from pot
inglenook194: doesn't show hand 
*** SUMMARY ***
Total pot $0.05 | Rake $0 
Board [4c Kd 9d]
Seat 1: kanatakk folded before Flop (didn't bet)
Seat 2: Dorex2007 (button) folded before Flop (didn't bet)
Seat 3: Tenorio422 (small blind) folded before Flop
Seat 4: Michael@1647 (big blind) folded on the Flop
Seat 5: Stormy_88888 folded before Flop (didn't bet)
Seat 6: barrat33 folded before Flop (didn't bet)
Seat 7: Thierry Lagac folded before Flop (didn't bet)
Seat 9: inglenook194 collected ($0.05)



PokerStars Hand #232416284173:  Hold'em No Limit ($0.01/$0.02 USD) - 2021/12/21 16:57:34 PT [2021/12/21 19:57:34 ET]
Table 'Rosselia II' 9-max Seat #3 is the button
Seat 1: kanatakk ($2.75 in chips) 
Seat 2: Dorex2007 ($2.04 in chips) 
Seat 3: Tenorio422 ($3.84 in chips) 
Seat 4: Michael@1647 ($1.98 in chips) 
Seat 5: Stormy_88888 ($2.15 in chips) 
Seat 6: barrat33 ($1.49 in chips) 
Seat 7: Thierry Lagac ($2.34 in chips) 
Seat 9: inglenook194 ($1.19 in chips) 
Michael@1647: posts small blind $0.01
Stormy_88888: posts big blind $0.02
mkgkdqn: sits out 
*** HOLE CARDS ***
Dealt to Dorex2007 [As 7s]
barrat33: folds 
Thierry Lagac: folds 
inglenook194: calls $0.02
kanatakk: folds 
Dorex2007: calls $0.02
Tenorio422: raises $0.08 to $0.10
Michael@1647: calls $0.09
Stormy_88888: folds 
inglenook194: calls $0.08
Dorex2007: folds 
*** FLOP *** [6s Tc 3s]
Michael@1647: checks 
inglenook194: bets $0.33
Tenorio422: folds 
Michael@1647: folds 
Uncalled bet ($0.33) returned to inglenook194
inglenook194 collected $0.33 from pot
inglenook194: doesn't show hand 
*** SUMMARY ***
Total pot $0.34 | Rake $0.01 
Board [6s Tc 3s]
Seat 1: kanatakk folded before Flop (didn't bet)
Seat 2: Dorex2007 folded before Flop
Seat 3: Tenorio422 (button) folded on the Flop
Seat 4: Michael@1647 (small blind) folded on the Flop
Seat 5: Stormy_88888 (big blind) folded before Flop
Seat 6: barrat33 folded before Flop (didn't bet)
Seat 7: Thierry Lagac folded before Flop (didn't bet)
Seat 9: inglenook194 collected ($0.33)



PokerStars Hand #232416294377:  Hold'em No Limit ($0.01/$0.02 USD) - 2021/12/21 16:58:15 PT [2021/12/21 19:58:15 ET]
Table 'Rosselia II' 9-max Seat #4 is the button
Seat 1: kanatakk ($2.75 in chips) 
Seat 2: Dorex2007 ($2.02 in chips) 
Seat 3: Tenorio422 ($3.74 in chips) 
Seat 4: Michael@1647 ($1.88 in chips) 
Seat 5: Stormy_88888 ($2.13 in chips) 
Seat 6: barrat33 ($1.49 in chips) 
Seat 7: Thierry Lagac ($2.34 in chips) 
Seat 9: inglenook194 ($1.42 in chips) 
Stormy_88888: posts small blind $0.01
barrat33: posts big blind $0.02
mkgkdqn: sits out 
*** HOLE CARDS ***
Dealt to Dorex2007 [Qd Th]
Thierry Lagac: calls $0.02
inglenook194: folds 
kanatakk: folds 
Dorex2007: folds 
Tenorio422: folds 
Michael@1647: raises $0.06 to $0.08
Stormy_88888: folds 
barrat33: folds 
Thierry Lagac: calls $0.06
*** FLOP *** [Tc Ts 4c]
Thierry Lagac: checks 
Michael@1647: checks 
*** TURN *** [Tc Ts 4c] [4h]
Thierry Lagac: bets $0.02
Michael@1647: folds 
Uncalled bet ($0.02) returned to Thierry Lagac
Thierry Lagac collected $0.18 from pot
Thierry Lagac: doesn't show hand 
*** SUMMARY ***
Total pot $0.19 | Rake $0.01 
Board [Tc Ts 4c 4h]
Seat 1: kanatakk folded before Flop (didn't bet)
Seat 2: Dorex2007 folded before Flop (didn't bet)
Seat 3: Tenorio422 folded before Flop (didn't bet)
Seat 4: Michael@1647 (button) folded on the Turn
Seat 5: Stormy_88888 (small blind) folded before Flop
Seat 6: barrat33 (big blind) folded before Flop
Seat 7: Thierry Lagac collected ($0.18)
Seat 9: inglenook194 folded before Flop (didn't bet)



PokerStars Hand #232416307098:  Hold'em No Limit ($0.01/$0.02 USD) - 2021/12/21 16:59:06 PT [2021/12/21 19:59:06 ET]
Table 'Rosselia II' 9-max Seat #5 is the button
Seat 1: kanatakk ($2.75 in chips) 
Seat 2: Dorex2007 ($2.02 in chips) 
Seat 3: Tenorio422 ($3.74 in chips) 
Seat 4: Michael@1647 ($1.80 in chips) 
Seat 5: Stormy_88888 ($2.12 in chips) 
Seat 6: barrat33 ($1.47 in chips) 
Seat 7: Thierry Lagac ($2.44 in chips) 
Seat 9: inglenook194 ($1.42 in chips) 
barrat33: posts small blind $0.01
Thierry Lagac: posts big blind $0.02
mkgkdqn: sits out 
*** HOLE CARDS ***
Dealt to Dorex2007 [2d Jh]
inglenook194: raises $0.02 to $0.04
kanatakk: folds 
Dorex2007: folds 
Tenorio422: folds 
Michael@1647: folds 
Stormy_88888: folds 
barrat33: folds 
Thierry Lagac: calls $0.02
*** FLOP *** [Qs 5d Tc]
Thierry Lagac: checks 
inglenook194: bets $0.02
Thierry Lagac: calls $0.02
*** TURN *** [Qs 5d Tc] [3s]
Thierry Lagac: bets $0.06
inglenook194: calls $0.06
*** RIVER *** [Qs 5d Tc 3s] [Ah]
Thierry Lagac: checks 
inglenook194: bets $1.30 and is all-in
Thierry Lagac: folds 
Uncalled bet ($1.30) returned to inglenook194
inglenook194 collected $0.24 from pot
inglenook194: doesn't show hand 
*** SUMMARY ***
Total pot $0.25 | Rake $0.01 
Board [Qs 5d Tc 3s Ah]
Seat 1: kanatakk folded before Flop (didn't bet)
Seat 2: Dorex2007 folded before Flop (didn't bet)
Seat 3: Tenorio422 folded before Flop (didn't bet)
Seat 4: Michael@1647 folded before Flop (didn't bet)
Seat 5: Stormy_88888 (button) folded before Flop (didn't bet)
Seat 6: barrat33 (small blind) folded before Flop
Seat 7: Thierry Lagac (big blind) folded on the River
Seat 9: inglenook194 collected ($0.24)



PokerStars Hand #232416320777:  Hold'em No Limit ($0.01/$0.02 USD) - 2021/12/21 17:00:01 PT [2021/12/21 20:00:01 ET]
Table 'Rosselia II' 9-max Seat #6 is the button
Seat 1: kanatakk ($2.75 in chips) 
Seat 2: Dorex2007 ($2.02 in chips) 
Seat 3: Tenorio422 ($3.74 in chips) 
Seat 4: Michael@1647 ($1.80 in chips) 
Seat 5: Stormy_88888 ($2.12 in chips) 
Seat 6: barrat33 ($1.46 in chips) 
Seat 7: Thierry Lagac ($2.32 in chips) 
Seat 8: mkgkdqn ($1.60 in chips) 
Seat 9: inglenook194 ($1.54 in chips) 
Thierry Lagac: posts small blind $0.01
mkgkdqn: posts big blind $0.02
*** HOLE CARDS ***
Dealt to Dorex2007 [6c 9c]
inglenook194: calls $0.02
kanatakk: raises $0.06 to $0.08
Dorex2007: folds 
Tenorio422: calls $0.08
Michael@1647: folds 
Stormy_88888: folds 
barrat33: folds 
Thierry Lagac: calls $0.07
mkgkdqn: folds 
inglenook194: calls $0.06
*** FLOP *** [5d 2d 8h]
Thierry Lagac: bets $0.02
inglenook194: calls $0.02
kanatakk: calls $0.02
Tenorio422: calls $0.02
*** TURN *** [5d 2d 8h] [Ts]
Thierry Lagac: bets $0.08
inglenook194: calls $0.08
kanatakk: folds 
Tenorio422: calls $0.08
*** RIVER *** [5d 2d 8h Ts] [5c]
Thierry Lagac: bets $0.10
inglenook194: folds 
Tenorio422: calls $0.10
*** SHOW DOWN ***
Thierry Lagac: shows [Qs Qc] (two pair, Queens and Fives)
Tenorio422: mucks hand 
Thierry Lagac collected $0.83 from pot
*** SUMMARY ***
Total pot $0.86 | Rake $0.03 
Board [5d 2d 8h Ts 5c]
Seat 1: kanatakk folded on the Turn
Seat 2: Dorex2007 folded before Flop (didn't bet)
Seat 3: Tenorio422 mucked [Qh Th]
Seat 4: Michael@1647 folded before Flop (didn't bet)
Seat 5: Stormy_88888 folded before Flop (didn't bet)
Seat 6: barrat33 (button) folded before Flop (didn't bet)
Seat 7: Thierry Lagac (small blind) showed [Qs Qc] and won ($0.83) with two pair, Queens and Fives
Seat 8: mkgkdqn (big blind) folded before Flop
Seat 9: inglenook194 folded on the River



PokerStars Hand #232416339735:  Hold'em No Limit ($0.01/$0.02 USD) - 2021/12/21 17:01:11 PT [2021/12/21 20:01:11 ET]
Table 'Rosselia II' 9-max Seat #7 is the button
Seat 1: kanatakk ($2.65 in chips) 
Seat 2: Dorex2007 ($2.02 in chips) 
Seat 3: Tenorio422 ($3.46 in chips) 
Seat 4: Michael@1647 ($1.80 in chips) 
Seat 5: Stormy_88888 ($2.12 in chips) 
Seat 6: barrat33 ($1.46 in chips) 
Seat 7: Thierry Lagac ($2.87 in chips) 
Seat 8: mkgkdqn ($1.58 in chips) 
Seat 9: inglenook194 ($1.36 in chips) 
mkgkdqn: posts small blind $0.01
inglenook194: posts big blind $0.02
*** HOLE CARDS ***
Dealt to Dorex2007 [2h Kd]
kanatakk: raises $0.04 to $0.06
Dorex2007: folds 
Tenorio422: folds 
Michael@1647: folds 
Stormy_88888: folds 
barrat33: folds 
Thierry Lagac: folds 
mkgkdqn: folds 
inglenook194: raises $0.04 to $0.10
kanatakk: calls $0.04
*** FLOP *** [8s Ks 6h]
inglenook194: bets $0.02
kanatakk: folds 
Uncalled bet ($0.02) returned to inglenook194
inglenook194 collected $0.20 from pot
inglenook194: doesn't show hand 
*** SUMMARY ***
Total pot $0.21 | Rake $0.01 
Board [8s Ks 6h]
Seat 1: kanatakk folded on the Flop
Seat 2: Dorex2007 folded before Flop (didn't bet)
Seat 3: Tenorio422 folded before Flop (didn't bet)
Seat 4: Michael@1647 folded before Flop (didn't bet)
Seat 5: Stormy_88888 folded before Flop (didn't bet)
Seat 6: barrat33 folded before Flop (didn't bet)
Seat 7: Thierry Lagac (button) folded before Flop (didn't bet)
Seat 8: mkgkdqn (small blind) folded before Flop
Seat 9: inglenook194 (big blind) collected ($0.20)



PokerStars Hand #232416349687:  Hold'em No Limit ($0.01/$0.02 USD) - 2021/12/21 17:01:46 PT [2021/12/21 20:01:46 ET]
Table 'Rosselia II' 9-max Seat #8 is the button
Seat 1: kanatakk ($2.55 in chips) 
Seat 2: Dorex2007 ($2.02 in chips) 
Seat 3: Tenorio422 ($3.46 in chips) 
Seat 4: Michael@1647 ($1.80 in chips) 
Seat 5: Stormy_88888 ($2.12 in chips) 
Seat 6: barrat33 ($1.46 in chips) 
Seat 7: Thierry Lagac ($2.87 in chips) 
Seat 8: mkgkdqn ($1.57 in chips) 
Seat 9: inglenook194 ($1.46 in chips) 
inglenook194: posts small blind $0.01
kanatakk: posts big blind $0.02
*** HOLE CARDS ***
Dealt to Dorex2007 [4c 5h]
Dorex2007: folds 
Tenorio422: folds 
Michael@1647: folds 
Stormy_88888: folds 
barrat33: raises $0.02 to $0.04
Thierry Lagac: folds 
mkgkdqn: folds 
inglenook194: calls $0.03
kanatakk: folds 
*** FLOP *** [Qh 9c Ts]
inglenook194: bets $0.10
barrat33: calls $0.10
*** TURN *** [Qh 9c Ts] [Tc]
inglenook194: bets $1.32 and is all-in
barrat33: calls $1.32 and is all-in
*** RIVER *** [Qh 9c Ts Tc] [Ad]
*** SHOW DOWN ***
inglenook194: shows [6d Kc] (a pair of Tens)
barrat33: shows [Th Kh] (three of a kind, Tens)
barrat33 collected $2.84 from pot
*** SUMMARY ***
Total pot $2.94 | Rake $0.10 
Board [Qh 9c Ts Tc Ad]
Seat 1: kanatakk (big blind) folded before Flop
Seat 2: Dorex2007 folded before Flop (didn't bet)
Seat 3: Tenorio422 folded before Flop (didn't bet)
Seat 4: Michael@1647 folded before Flop (didn't bet)
Seat 5: Stormy_88888 folded before Flop (didn't bet)
Seat 6: barrat33 showed [Th Kh] and won ($2.84) with three of a kind, Tens
Seat 7: Thierry Lagac folded before Flop (didn't bet)
Seat 8: mkgkdqn (button) folded before Flop (didn't bet)
Seat 9: inglenook194 (small blind) showed [6d Kc] and lost with a pair of Tens



PokerStars Hand #232416364463:  Hold'em No Limit ($0.01/$0.02 USD) - 2021/12/21 17:02:37 PT [2021/12/21 20:02:37 ET]
Table 'Rosselia II' 9-max Seat #1 is the button
Seat 1: kanatakk ($2.53 in chips) 
Seat 2: Dorex2007 ($2.02 in chips) 
Seat 3: Tenorio422 ($3.46 in chips) 
Seat 4: Michael@1647 ($1.80 in chips) 
Seat 5: Stormy_88888 ($2.12 in chips) 
Seat 6: barrat33 ($2.84 in chips) 
Seat 7: Thierry Lagac ($2.87 in chips) 
Seat 8: mkgkdqn ($1.57 in chips) 
Dorex2007: posts small blind $0.01
Tenorio422: posts big blind $0.02
*** HOLE CARDS ***
Dealt to Dorex2007 [Tc As]
Michael@1647: folds 
Stormy_88888: folds 
inglenook194 leaves the table
barrat33 has timed out
barrat33: folds 
Thierry Lagac: raises $0.02 to $0.04
mkgkdqn: folds 
kanatakk: folds 
Dorex2007: calls $0.03
Tenorio422: calls $0.02
*** FLOP *** [4h Jh 6h]
mvscdrqcdl joins the table at seat #9 
Dorex2007: checks 
Tenorio422: bets $0.08
Thierry Lagac: folds 
Dorex2007: folds 
Uncalled bet ($0.08) returned to Tenorio422
Tenorio422 collected $0.12 from pot
*** SUMMARY ***
Total pot $0.12 | Rake $0 
Board [4h Jh 6h]
Seat 1: kanatakk (button) folded before Flop (didn't bet)
Seat 2: Dorex2007 (small blind) folded on the Flop
Seat 3: Tenorio422 (big blind) collected ($0.12)
Seat 4: Michael@1647 folded before Flop (didn't bet)
Seat 5: Stormy_88888 folded before Flop (didn't bet)
Seat 6: barrat33 folded before Flop (didn't bet)
Seat 7: Thierry Lagac folded on the Flop
Seat 8: mkgkdqn folded before Flop (didn't bet)



PokerStars Hand #232416376910:  Hold'em No Limit ($0.01/$0.02 USD) - 2021/12/21 17:03:19 PT [2021/12/21 20:03:19 ET]
Table 'Rosselia II' 9-max Seat #2 is the button
Seat 1: kanatakk ($2.53 in chips) 
Seat 2: Dorex2007 ($2 in chips) 
Seat 3: Tenorio422 ($3.54 in chips) 
Seat 4: Michael@1647 ($1.80 in chips) 
Seat 5: Stormy_88888 ($2.12 in chips) 
Seat 7: Thierry Lagac ($2.83 in chips) 
Seat 8: mkgkdqn ($1.57 in chips) 
Seat 9: mvscdrqcdl ($2 in chips) 
Tenorio422: posts small blind $0.01
Michael@1647: posts big blind $0.02
mvscdrqcdl: posts big blind $0.02
*** HOLE CARDS ***
Dealt to Dorex2007 [Tc 7h]
Stormy_88888: folds 
Thierry Lagac: folds 
mkgkdqn: raises $0.06 to $0.08
mvscdrqcdl: folds 
kanatakk: folds 
Dorex2007: folds 
Tenorio422: folds 
Michael@1647: folds 
Uncalled bet ($0.06) returned to mkgkdqn
mkgkdqn collected $0.07 from pot
mkgkdqn: doesn't show hand 
*** SUMMARY ***
Total pot $0.07 | Rake $0 
Seat 1: kanatakk folded before Flop (didn't bet)
Seat 2: Dorex2007 (button) folded before Flop (didn't bet)
Seat 3: Tenorio422 (small blind) folded before Flop
Seat 4: Michael@1647 (big blind) folded before Flop
Seat 5: Stormy_88888 folded before Flop (didn't bet)
Seat 7: Thierry Lagac folded before Flop (didn't bet)
Seat 8: mkgkdqn collected ($0.07)
Seat 9: mvscdrqcdl folded before Flop (didn't bet)



PokerStars Hand #232416383778:  Hold'em No Limit ($0.01/$0.02 USD) - 2021/12/21 17:03:42 PT [2021/12/21 20:03:42 ET]
Table 'Rosselia II' 9-max Seat #3 is the button
Seat 1: kanatakk ($2.53 in chips) 
Seat 2: Dorex2007 ($2 in chips) 
Seat 3: Tenorio422 ($3.53 in chips) 
Seat 4: Michael@1647 ($1.78 in chips) 
Seat 5: Stormy_88888 ($2.12 in chips) 
Seat 7: Thierry Lagac ($2.83 in chips) 
Seat 8: mkgkdqn ($1.62 in chips) 
Seat 9: mvscdrqcdl ($1.98 in chips) 
Michael@1647: posts small blind $0.01
Stormy_88888: posts big blind $0.02
*** HOLE CARDS ***
Dealt to Dorex2007 [4c 4s]
Thierry Lagac: folds 
mkgkdqn: folds 
mvscdrqcdl: folds 
kanatakk: raises $0.04 to $0.06
Dorex2007: calls $0.06
Tenorio422: folds 
Michael@1647: folds 
Stormy_88888: folds 
*** FLOP *** [Kd Th 8h]
kanatakk: bets $0.04
Dorex2007: folds 
Uncalled bet ($0.04) returned to kanatakk
kanatakk collected $0.14 from pot
kanatakk: doesn't show hand 
*** SUMMARY ***
Total pot $0.15 | Rake $0.01 
Board [Kd Th 8h]
Seat 1: kanatakk collected ($0.14)
Seat 2: Dorex2007 folded on the Flop
Seat 3: Tenorio422 (button) folded before Flop (didn't bet)
Seat 4: Michael@1647 (small blind) folded before Flop
Seat 5: Stormy_88888 (big blind) folded before Flop
Seat 7: Thierry Lagac folded before Flop (didn't bet)
Seat 8: mkgkdqn folded before Flop (didn't bet)
Seat 9: mvscdrqcdl folded before Flop (didn't bet)



PokerStars Hand #232416397607:  Hold'em No Limit ($0.01/$0.02 USD) - 2021/12/21 17:04:12 PT [2021/12/21 20:04:12 ET]
Table 'Rosselia II' 9-max Seat #4 is the button
Seat 1: kanatakk ($2.61 in chips) 
Seat 2: Dorex2007 ($2 in chips) 
Seat 3: Tenorio422 ($3.53 in chips) 
Seat 4: Michael@1647 ($1.77 in chips) 
Seat 5: Stormy_88888 ($2.10 in chips) 
Seat 6: barrat33 ($2.84 in chips) 
Seat 7: Thierry Lagac ($2.83 in chips) 
Seat 8: mkgkdqn ($1.62 in chips) 
Seat 9: mvscdrqcdl ($1.98 in chips) 
Stormy_88888: posts small blind $0.01
barrat33: posts big blind $0.02
*** HOLE CARDS ***
Dealt to Dorex2007 [Ah Jh]
Thierry Lagac: calls $0.02
mkgkdqn: folds 
mvscdrqcdl: folds 
kanatakk: folds 
Dorex2007: calls $0.02
Tenorio422: folds 
Michael@1647: calls $0.02
Stormy_88888: calls $0.01
barrat33: checks 
*** FLOP *** [6s Qc Kd]
Stormy_88888: checks 
barrat33: checks 
Thierry Lagac: bets $0.02
Dorex2007: calls $0.02
Michael@1647: folds 
Stormy_88888: folds 
barrat33: folds 
*** TURN *** [6s Qc Kd] [Ac]
Thierry Lagac: bets $0.02
Dorex2007: calls $0.02
*** RIVER *** [6s Qc Kd Ac] [Kh]
Thierry Lagac: checks 
Dorex2007: checks 
*** SHOW DOWN ***
Thierry Lagac: shows [9s Jd] (a pair of Kings)
Dorex2007: shows [Ah Jh] (two pair, Aces and Kings)
Dorex2007 collected $0.17 from pot
*** SUMMARY ***
Total pot $0.18 | Rake $0.01 
Board [6s Qc Kd Ac Kh]
Seat 1: kanatakk folded before Flop (didn't bet)
Seat 2: Dorex2007 showed [Ah Jh] and won ($0.17) with two pair, Aces and Kings
Seat 3: Tenorio422 folded before Flop (didn't bet)
Seat 4: Michael@1647 (button) folded on the Flop
Seat 5: Stormy_88888 (small blind) folded on the Flop
Seat 6: barrat33 (big blind) folded on the Flop
Seat 7: Thierry Lagac showed [9s Jd] and lost with a pair of Kings
Seat 8: mkgkdqn folded before Flop (didn't bet)
Seat 9: mvscdrqcdl folded before Flop (didn't bet)



PokerStars Hand #232416413976:  Hold'em No Limit ($0.01/$0.02 USD) - 2021/12/21 17:05:08 PT [2021/12/21 20:05:08 ET]
Table 'Rosselia II' 9-max Seat #5 is the button
Seat 1: kanatakk ($2.61 in chips) 
Seat 2: Dorex2007 ($2.11 in chips) 
Seat 3: Tenorio422 ($3.53 in chips) 
Seat 4: Michael@1647 ($1.75 in chips) 
Seat 5: Stormy_88888 ($2.08 in chips) 
Seat 6: barrat33 ($2.82 in chips) 
Seat 7: Thierry Lagac ($2.77 in chips) 
Seat 8: mkgkdqn ($1.62 in chips) 
Seat 9: mvscdrqcdl ($1.98 in chips) 
barrat33: posts small blind $0.01
Thierry Lagac: posts big blind $0.02
*** HOLE CARDS ***
Dealt to Dorex2007 [Kc 8c]
mkgkdqn: folds 
mvscdrqcdl: folds 
kanatakk: raises $0.04 to $0.06
Dorex2007: folds 
Tenorio422: folds 
Michael@1647: folds 
Stormy_88888: folds 
barrat33: folds 
Thierry Lagac: folds 
Uncalled bet ($0.04) returned to kanatakk
kanatakk collected $0.05 from pot
kanatakk: doesn't show hand 
*** SUMMARY ***
Total pot $0.05 | Rake $0 
Seat 1: kanatakk collected ($0.05)
Seat 2: Dorex2007 folded before Flop (didn't bet)
Seat 3: Tenorio422 folded before Flop (didn't bet)
Seat 4: Michael@1647 folded before Flop (didn't bet)
Seat 5: Stormy_88888 (button) folded before Flop (didn't bet)
Seat 6: barrat33 (small blind) folded before Flop
Seat 7: Thierry Lagac (big blind) folded before Flop
Seat 8: mkgkdqn folded before Flop (didn't bet)
Seat 9: mvscdrqcdl folded before Flop (didn't bet)



PokerStars Hand #232416420598:  Hold'em No Limit ($0.01/$0.02 USD) - 2021/12/21 17:05:30 PT [2021/12/21 20:05:30 ET]
Table 'Rosselia II' 9-max Seat #6 is the button
Seat 1: kanatakk ($2.64 in chips) 
Seat 2: Dorex2007 ($2.11 in chips) 
Seat 3: Tenorio422 ($3.53 in chips) 
Seat 4: Michael@1647 ($1.75 in chips) 
Seat 5: Stormy_88888 ($2.08 in chips) 
Seat 6: barrat33 ($2.81 in chips) 
Seat 7: Thierry Lagac ($2.75 in chips) 
Seat 8: mkgkdqn ($1.62 in chips) 
Seat 9: mvscdrqcdl ($1.98 in chips) 
Thierry Lagac: posts small blind $0.01
mkgkdqn: posts big blind $0.02
*** HOLE CARDS ***
Dealt to Dorex2007 [2d 2h]
mvscdrqcdl: folds 
kanatakk: folds 
Dorex2007: calls $0.02
Tenorio422: raises $0.08 to $0.10
Michael@1647: folds 
Stormy_88888: calls $0.10
barrat33: folds 
Thierry Lagac: folds 
mkgkdqn: folds 
Dorex2007: folds 
*** FLOP *** [4s Ad 8d]
Thierry Lagac leaves the table
Tenorio422: checks 
Stormy_88888: bets $0.12
Tenorio422: folds 
Uncalled bet ($0.12) returned to Stormy_88888
Stormy_88888 collected $0.24 from pot
Stormy_88888: doesn't show hand 
*** SUMMARY ***
Total pot $0.25 | Rake $0.01 
Board [4s Ad 8d]
Seat 1: kanatakk folded before Flop (didn't bet)
Seat 2: Dorex2007 folded before Flop
Seat 3: Tenorio422 folded on the Flop
Seat 4: Michael@1647 folded before Flop (didn't bet)
Seat 5: Stormy_88888 collected ($0.24)
Seat 6: barrat33 (button) folded before Flop (didn't bet)
Seat 7: Thierry Lagac (small blind) folded before Flop
Seat 8: mkgkdqn (big blind) folded before Flop
Seat 9: mvscdrqcdl folded before Flop (didn't bet)



PokerStars Hand #232416431060:  Hold'em No Limit ($0.01/$0.02 USD) - 2021/12/21 17:06:07 PT [2021/12/21 20:06:07 ET]
Table 'Rosselia II' 9-max Seat #8 is the button
Seat 1: kanatakk ($2.64 in chips) 
Seat 2: Dorex2007 ($2.09 in chips) 
Seat 3: Tenorio422 ($3.43 in chips) 
Seat 4: Michael@1647 ($1.75 in chips) 
Seat 5: Stormy_88888 ($2.22 in chips) 
Seat 6: barrat33 ($2.81 in chips) 
Seat 8: mkgkdqn ($1.60 in chips) 
Seat 9: mvscdrqcdl ($1.98 in chips) 
mvscdrqcdl: posts small blind $0.01
kanatakk: posts big blind $0.02
*** HOLE CARDS ***
Dealt to Dorex2007 [9s Qs]
Dorex2007: folds 
Tenorio422: folds 
Michael@1647: calls $0.02
Stormy_88888: calls $0.02
barrat33: raises $0.04 to $0.06
mkgkdqn: folds 
mvscdrqcdl: folds 
kanatakk: folds 
Michael@1647: raises $0.14 to $0.20
Stormy_88888: folds 
barrat33: calls $0.14
*** FLOP *** [4h 6h 6d]
Thiagovisk_DF joins the table at seat #7 
Michael@1647: checks 
Thiagovisk_DF leaves the table
barrat33: bets $0.08
Michael@1647: calls $0.08
*** TURN *** [4h 6h 6d] [Kd]
Michael@1647: bets $0.22
Dillster65 joins the table at seat #7 
barrat33: folds 
Uncalled bet ($0.22) returned to Michael@1647
Michael@1647 collected $0.59 from pot
Michael@1647: doesn't show hand 
*** SUMMARY ***
Total pot $0.61 | Rake $0.02 
Board [4h 6h 6d Kd]
Seat 1: kanatakk (big blind) folded before Flop
Seat 2: Dorex2007 folded before Flop (didn't bet)
Seat 3: Tenorio422 folded before Flop (didn't bet)
Seat 4: Michael@1647 collected ($0.59)
Seat 5: Stormy_88888 folded before Flop
Seat 6: barrat33 folded on the Turn
Seat 8: mkgkdqn (button) folded before Flop (didn't bet)
Seat 9: mvscdrqcdl (small blind) folded before Flop



PokerStars Hand #232416448799:  Hold'em No Limit ($0.01/$0.02 USD) - 2021/12/21 17:07:08 PT [2021/12/21 20:07:08 ET]
Table 'Rosselia II' 9-max Seat #9 is the button
Seat 1: kanatakk ($2.62 in chips) 
Seat 2: Dorex2007 ($2.09 in chips) 
Seat 3: Tenorio422 ($3.43 in chips) 
Seat 4: Michael@1647 ($2.06 in chips) 
Seat 5: Stormy_88888 ($2.20 in chips) 
Seat 6: barrat33 ($2.53 in chips) 
Seat 8: mkgkdqn ($1.60 in chips) 
Seat 9: mvscdrqcdl ($1.97 in chips) 
kanatakk: posts small blind $0.01
Dorex2007: posts big blind $0.02
Dillster65: sits out 
*** HOLE CARDS ***
Dealt to Dorex2007 [8s 7h]
Tenorio422: raises $0.04 to $0.06
Michael@1647: folds 
Stormy_88888: folds 
barrat33: folds 
mkgkdqn: folds 
mvscdrqcdl: folds 
kanatakk: folds 
Dorex2007: folds 
Uncalled bet ($0.04) returned to Tenorio422
Tenorio422 collected $0.05 from pot
*** SUMMARY ***
Total pot $0.05 | Rake $0 
Seat 1: kanatakk (small blind) folded before Flop
Seat 2: Dorex2007 (big blind) folded before Flop
Seat 3: Tenorio422 collected ($0.05)
Seat 4: Michael@1647 folded before Flop (didn't bet)
Seat 5: Stormy_88888 folded before Flop (didn't bet)
Seat 6: barrat33 folded before Flop (didn't bet)
Seat 8: mkgkdqn folded before Flop (didn't bet)
Seat 9: mvscdrqcdl (button) folded before Flop (didn't bet)



PokerStars Hand #232416455741:  Hold'em No Limit ($0.01/$0.02 USD) - 2021/12/21 17:07:32 PT [2021/12/21 20:07:32 ET]
Table 'Rosselia II' 9-max Seat #1 is the button
Seat 1: kanatakk ($2.61 in chips) 
Seat 2: Dorex2007 ($2.07 in chips) 
Seat 3: Tenorio422 ($3.46 in chips) 
Seat 4: Michael@1647 ($2.06 in chips) 
Seat 5: Stormy_88888 ($2.20 in chips) 
Seat 6: barrat33 ($2.53 in chips) 
Seat 7: Dillster65 ($2 in chips) 
Seat 8: mkgkdqn ($1.60 in chips) 
Seat 9: mvscdrqcdl ($1.97 in chips) 
Dorex2007: posts small blind $0.01
Tenorio422: posts big blind $0.02
Dillster65: posts big blind $0.02
*** HOLE CARDS ***
Dealt to Dorex2007 [9d 8h]
Michael@1647: calls $0.02
Stormy_88888: calls $0.02
barrat33: folds 
Dillster65: checks 
mkgkdqn: raises $0.04 to $0.06
mvscdrqcdl: folds 
kanatakk: folds 
Dorex2007: folds 
Tenorio422: folds 
Michael@1647: calls $0.04
Stormy_88888: calls $0.04
Dillster65: folds 
*** FLOP *** [3d Ad Kh]
Michael@1647: checks 
Stormy_88888: checks 
mkgkdqn: bets $0.13
Michael@1647: folds 
Stormy_88888: folds 
Uncalled bet ($0.13) returned to mkgkdqn
mkgkdqn collected $0.22 from pot
mkgkdqn: doesn't show hand 
*** SUMMARY ***
Total pot $0.23 | Rake $0.01 
Board [3d Ad Kh]
Seat 1: kanatakk (button) folded before Flop (didn't bet)
Seat 2: Dorex2007 (small blind) folded before Flop
Seat 3: Tenorio422 (big blind) folded before Flop
Seat 4: Michael@1647 folded on the Flop
Seat 5: Stormy_88888 folded on the Flop
Seat 6: barrat33 folded before Flop (didn't bet)
Seat 7: Dillster65 folded before Flop (didn't bet)
Seat 8: mkgkdqn collected ($0.22)
Seat 9: mvscdrqcdl folded before Flop (didn't bet)



PokerStars Hand #232416471166:  Hold'em No Limit ($0.01/$0.02 USD) - 2021/12/21 17:08:25 PT [2021/12/21 20:08:25 ET]
Table 'Rosselia II' 9-max Seat #2 is the button
Seat 1: kanatakk ($2.61 in chips) 
Seat 2: Dorex2007 ($2.06 in chips) 
Seat 3: Tenorio422 ($3.44 in chips) 
Seat 4: Michael@1647 ($2 in chips) 
Seat 5: Stormy_88888 ($2.14 in chips) 
Seat 6: barrat33 ($2.53 in chips) 
Seat 7: Dillster65 ($1.98 in chips) 
Seat 8: mkgkdqn ($1.76 in chips) 
Seat 9: mvscdrqcdl ($1.97 in chips) 
Tenorio422: posts small blind $0.01
Michael@1647: posts big blind $0.02
*** HOLE CARDS ***
Dealt to Dorex2007 [5h As]
Stormy_88888: folds 
barrat33 has timed out
barrat33: folds 
Dillster65: calls $0.02
mkgkdqn: folds 
mvscdrqcdl: folds 
kanatakk: raises $0.08 to $0.10
Dorex2007: folds 
Tenorio422: folds 
Michael@1647: folds 
Dillster65: calls $0.08
*** FLOP *** [3c 2h 6d]
Dillster65: checks 
kanatakk: bets $0.07
Dillster65: folds 
Uncalled bet ($0.07) returned to kanatakk
kanatakk collected $0.22 from pot
kanatakk: doesn't show hand 
*** SUMMARY ***
Total pot $0.23 | Rake $0.01 
Board [3c 2h 6d]
Seat 1: kanatakk collected ($0.22)
Seat 2: Dorex2007 (button) folded before Flop (didn't bet)
Seat 3: Tenorio422 (small blind) folded before Flop
Seat 4: Michael@1647 (big blind) folded before Flop
Seat 5: Stormy_88888 folded before Flop (didn't bet)
Seat 6: barrat33 folded before Flop (didn't bet)
Seat 7: Dillster65 folded on the Flop
Seat 8: mkgkdqn folded before Flop (didn't bet)
Seat 9: mvscdrqcdl folded before Flop (didn't bet)



PokerStars Hand #232416486909:  Hold'em No Limit ($0.01/$0.02 USD) - 2021/12/21 17:09:18 PT [2021/12/21 20:09:18 ET]
Table 'Rosselia II' 9-max Seat #3 is the button
Seat 1: kanatakk ($2.73 in chips) 
Seat 2: Dorex2007 ($2.06 in chips) 
Seat 3: Tenorio422 ($3.43 in chips) 
Seat 4: Michael@1647 ($1.98 in chips) 
Seat 5: Stormy_88888 ($2.14 in chips) 
Seat 6: barrat33 ($2.53 in chips) 
Seat 7: Dillster65 ($1.88 in chips) 
Seat 8: mkgkdqn ($1.76 in chips) 
Seat 9: mvscdrqcdl ($1.97 in chips) 
Michael@1647: posts small blind $0.01
Stormy_88888: posts big blind $0.02
*** HOLE CARDS ***
Dealt to Dorex2007 [5h Js]
barrat33 has timed out
barrat33: folds 
Dillster65: folds 
mkgkdqn: folds 
mvscdrqcdl: folds 
kanatakk: folds 
Dorex2007: folds 
Tenorio422: folds 
Michael@1647: raises $0.04 to $0.06
Stormy_88888: folds 
Uncalled bet ($0.04) returned to Michael@1647
Michael@1647 collected $0.04 from pot
Michael@1647: doesn't show hand 
*** SUMMARY ***
Total pot $0.04 | Rake $0 
Seat 1: kanatakk folded before Flop (didn't bet)
Seat 2: Dorex2007 folded before Flop (didn't bet)
Seat 3: Tenorio422 (button) folded before Flop (didn't bet)
Seat 4: Michael@1647 (small blind) collected ($0.04)
Seat 5: Stormy_88888 (big blind) folded before Flop
Seat 6: barrat33 folded before Flop (didn't bet)
Seat 7: Dillster65 folded before Flop (didn't bet)
Seat 8: mkgkdqn folded before Flop (didn't bet)
Seat 9: mvscdrqcdl folded before Flop (didn't bet)



PokerStars Hand #232416495046:  Hold'em No Limit ($0.01/$0.02 USD) - 2021/12/21 17:09:47 PT [2021/12/21 20:09:47 ET]
Table 'Rosselia II' 9-max Seat #4 is the button
Seat 1: kanatakk ($2.73 in chips) 
Seat 2: Dorex2007 ($2.06 in chips) 
Seat 3: Tenorio422 ($3.43 in chips) 
Seat 4: Michael@1647 ($2 in chips) 
Seat 5: Stormy_88888 ($2.12 in chips) 
Seat 6: barrat33 ($2.53 in chips) 
Seat 7: Dillster65 ($1.88 in chips) 
Seat 8: mkgkdqn ($1.76 in chips) 
Seat 9: mvscdrqcdl ($1.97 in chips) 
Stormy_88888: posts small blind $0.01
barrat33: posts big blind $0.02
*** HOLE CARDS ***
Dealt to Dorex2007 [3h 5c]
Dillster65: folds 
mkgkdqn: raises $0.04 to $0.06
mvscdrqcdl: calls $0.06
kanatakk: folds 
Dorex2007: folds 
Tenorio422: folds 
Michael@1647: folds 
Stormy_88888: calls $0.05
barrat33: calls $0.04
*** FLOP *** [9s 4s 2h]
Stormy_88888: checks 
barrat33: checks 
mkgkdqn: checks 
mvscdrqcdl: bets $0.15
Stormy_88888: folds 
barrat33: folds 
mkgkdqn: calls $0.15
*** TURN *** [9s 4s 2h] [8h]
mkgkdqn: checks 
mvscdrqcdl: bets $0.34
mkgkdqn: calls $0.34
*** RIVER *** [9s 4s 2h 8h] [As]
mkgkdqn: checks 
mvscdrqcdl: bets $1.42 and is all-in
mkgkdqn: calls $1.21 and is all-in
Uncalled bet ($0.21) returned to mvscdrqcdl
*** SHOW DOWN ***
mvscdrqcdl: shows [3s 2s] (a flush, Ace high)
mkgkdqn: shows [Ts 8s] (a flush, Ace high - Ten higher)
mkgkdqn collected $3.51 from pot
*** SUMMARY ***
Total pot $3.64 | Rake $0.13 
Board [9s 4s 2h 8h As]
Seat 1: kanatakk folded before Flop (didn't bet)
Seat 2: Dorex2007 folded before Flop (didn't bet)
Seat 3: Tenorio422 folded before Flop (didn't bet)
Seat 4: Michael@1647 (button) folded before Flop (didn't bet)
Seat 5: Stormy_88888 (small blind) folded on the Flop
Seat 6: barrat33 (big blind) folded on the Flop
Seat 7: Dillster65 folded before Flop (didn't bet)
Seat 8: mkgkdqn showed [Ts 8s] and won ($3.51) with a flush, Ace high
Seat 9: mvscdrqcdl showed [3s 2s] and lost with a flush, Ace high



PokerStars Hand #232416518603:  Hold'em No Limit ($0.01/$0.02 USD) - 2021/12/21 17:11:09 PT [2021/12/21 20:11:09 ET]
Table 'Rosselia II' 9-max Seat #5 is the button
Seat 1: kanatakk ($2.73 in chips) 
Seat 2: Dorex2007 ($2.06 in chips) 
Seat 3: Tenorio422 ($3.43 in chips) 
Seat 4: Michael@1647 ($2 in chips) 
Seat 5: Stormy_88888 ($2.06 in chips) 
Seat 6: barrat33 ($2.47 in chips) 
Seat 7: Dillster65 ($1.88 in chips) 
Seat 8: mkgkdqn ($3.51 in chips) 
Seat 9: mvscdrqcdl ($0.21 in chips) 
barrat33: posts small blind $0.01
Dillster65: posts big blind $0.02
*** HOLE CARDS ***
Dealt to Dorex2007 [3c 5d]
mkgkdqn: folds 
mvscdrqcdl: raises $0.19 to $0.21 and is all-in
kanatakk: folds 
Dorex2007: folds 
Tenorio422: folds 
Michael@1647: folds 
Stormy_88888: folds 
barrat33: folds 
Dillster65: calls $0.19
*** FLOP *** [7h 2c Jc]
*** TURN *** [7h 2c Jc] [2s]
*** RIVER *** [7h 2c Jc 2s] [3s]
*** SHOW DOWN ***
Dillster65: shows [Ad 8c] (a pair of Deuces)
mvscdrqcdl: shows [7s 8s] (two pair, Sevens and Deuces)
mvscdrqcdl collected $0.41 from pot
*** SUMMARY ***
Total pot $0.43 | Rake $0.02 
Board [7h 2c Jc 2s 3s]
Seat 1: kanatakk folded before Flop (didn't bet)
Seat 2: Dorex2007 folded before Flop (didn't bet)
Seat 3: Tenorio422 folded before Flop (didn't bet)
Seat 4: Michael@1647 folded before Flop (didn't bet)
Seat 5: Stormy_88888 (button) folded before Flop (didn't bet)
Seat 6: barrat33 (small blind) folded before Flop
Seat 7: Dillster65 (big blind) showed [Ad 8c] and lost with a pair of Deuces
Seat 8: mkgkdqn folded before Flop (didn't bet)
Seat 9: mvscdrqcdl showed [7s 8s] and won ($0.41) with two pair, Sevens and Deuces



PokerStars Hand #232416527489:  Hold'em No Limit ($0.01/$0.02 USD) - 2021/12/21 17:11:40 PT [2021/12/21 20:11:40 ET]
Table 'Rosselia II' 9-max Seat #6 is the button
Seat 1: kanatakk ($2.73 in chips) 
Seat 2: Dorex2007 ($2.06 in chips) 
Seat 3: Tenorio422 ($3.43 in chips) 
Seat 4: Michael@1647 ($2 in chips) 
Seat 5: Stormy_88888 ($2.06 in chips) 
Seat 6: barrat33 ($2.46 in chips) 
Seat 7: Dillster65 ($1.67 in chips) 
Seat 8: mkgkdqn ($3.51 in chips) 
Seat 9: mvscdrqcdl ($0.41 in chips) 
Dillster65: posts small blind $0.01
mkgkdqn: posts big blind $0.02
*** HOLE CARDS ***
Dealt to Dorex2007 [5h 2d]
mvscdrqcdl: raises $0.04 to $0.06
kanatakk: calls $0.06
Dorex2007: folds 
Tenorio422: folds 
Michael@1647: folds 
Stormy_88888: calls $0.06
barrat33: folds 
Dillster65: folds 
mkgkdqn: folds 
*** FLOP *** [Jd 2h As]
mvscdrqcdl: bets $0.06
kanatakk: calls $0.06
Stormy_88888: calls $0.06
*** TURN *** [Jd 2h As] [Qh]
mvscdrqcdl: checks 
kanatakk: checks 
Stormy_88888: bets $0.12
mvscdrqcdl: folds 
kanatakk: folds 
Uncalled bet ($0.12) returned to Stormy_88888
Stormy_88888 collected $0.38 from pot
Stormy_88888: doesn't show hand 
*** SUMMARY ***
Total pot $0.39 | Rake $0.01 
Board [Jd 2h As Qh]
Seat 1: kanatakk folded on the Turn
Seat 2: Dorex2007 folded before Flop (didn't bet)
Seat 3: Tenorio422 folded before Flop (didn't bet)
Seat 4: Michael@1647 folded before Flop (didn't bet)
Seat 5: Stormy_88888 collected ($0.38)
Seat 6: barrat33 (button) folded before Flop (didn't bet)
Seat 7: Dillster65 (small blind) folded before Flop
Seat 8: mkgkdqn (big blind) folded before Flop
Seat 9: mvscdrqcdl folded on the Turn



PokerStars Hand #232416539996:  Hold'em No Limit ($0.01/$0.02 USD) - 2021/12/21 17:12:23 PT [2021/12/21 20:12:23 ET]
Table 'Rosselia II' 9-max Seat #7 is the button
Seat 1: kanatakk ($2.61 in chips) 
Seat 2: Dorex2007 ($2.06 in chips) 
Seat 3: Tenorio422 ($3.43 in chips) 
Seat 4: Michael@1647 ($2 in chips) 
Seat 5: Stormy_88888 ($2.32 in chips) 
Seat 6: barrat33 ($2.46 in chips) 
Seat 7: Dillster65 ($1.66 in chips) 
Seat 8: mkgkdqn ($3.49 in chips) 
Seat 9: mvscdrqcdl ($1.88 in chips) 
mkgkdqn: posts small blind $0.01
mvscdrqcdl: posts big blind $0.02
*** HOLE CARDS ***
Dealt to Dorex2007 [8d 5c]
kanatakk: folds 
Dorex2007: folds 
Tenorio422: folds 
Michael@1647: folds 
Stormy_88888: raises $0.02 to $0.04
barrat33 is disconnected 
barrat33 has timed out while being disconnected
barrat33: folds 
Dillster65: folds 
mkgkdqn: folds 
mvscdrqcdl: folds 
Uncalled bet ($0.02) returned to Stormy_88888
Stormy_88888 collected $0.05 from pot
Stormy_88888: doesn't show hand 
*** SUMMARY ***
Total pot $0.05 | Rake $0 
Seat 1: kanatakk folded before Flop (didn't bet)
Seat 2: Dorex2007 folded before Flop (didn't bet)
Seat 3: Tenorio422 folded before Flop (didn't bet)
Seat 4: Michael@1647 folded before Flop (didn't bet)
Seat 5: Stormy_88888 collected ($0.05)
Seat 6: barrat33 folded before Flop (didn't bet)
Seat 7: Dillster65 (button) folded before Flop (didn't bet)
Seat 8: mkgkdqn (small blind) folded before Flop
Seat 9: mvscdrqcdl (big blind) folded before Flop



PokerStars Hand #232416552046:  Hold'em No Limit ($0.01/$0.02 USD) - 2021/12/21 17:13:05 PT [2021/12/21 20:13:05 ET]
Table 'Rosselia II' 9-max Seat #8 is the button
Seat 1: kanatakk ($2.61 in chips) 
Seat 2: Dorex2007 ($2.06 in chips) 
Seat 3: Tenorio422 ($3.43 in chips) 
Seat 4: Michael@1647 ($2 in chips) 
Seat 5: Stormy_88888 ($2.35 in chips) 
Seat 7: Dillster65 ($1.66 in chips) 
Seat 8: mkgkdqn ($3.48 in chips) 
Seat 9: mvscdrqcdl ($1.86 in chips) 
mvscdrqcdl: posts small blind $0.01
kanatakk: posts big blind $0.02
*** HOLE CARDS ***
Dealt to Dorex2007 [Jh 8c]
Dorex2007: folds 
Tenorio422: raises $0.04 to $0.06
Michael@1647: folds 
Stormy_88888: folds 
Dillster65: folds 
mkgkdqn: calls $0.06
mvscdrqcdl: folds 
kanatakk: calls $0.04
*** FLOP *** [Js 4c 3c]
mvscdrqcdl leaves the table
kanatakk: checks 
Tenorio422: checks 
mkgkdqn: checks 
*** TURN *** [Js 4c 3c] [Ad]
kanatakk: checks 
Tenorio422: checks 
mkgkdqn: bets $0.09
kanatakk: folds 
Tenorio422: folds 
Uncalled bet ($0.09) returned to mkgkdqn
mkgkdqn collected $0.18 from pot
mkgkdqn: doesn't show hand 
*** SUMMARY ***
Total pot $0.19 | Rake $0.01 
Board [Js 4c 3c Ad]
Seat 1: kanatakk (big blind) folded on the Turn
Seat 2: Dorex2007 folded before Flop (didn't bet)
Seat 3: Tenorio422 folded on the Turn
Seat 4: Michael@1647 folded before Flop (didn't bet)
Seat 5: Stormy_88888 folded before Flop (didn't bet)
Seat 7: Dillster65 folded before Flop (didn't bet)
Seat 8: mkgkdqn (button) collected ($0.18)
Seat 9: mvscdrqcdl (small blind) folded before Flop



PokerStars Hand #232416575423:  Hold'em No Limit ($0.01/$0.02 USD) - 2021/12/21 17:13:47 PT [2021/12/21 20:13:47 ET]
Table 'Rosselia II' 9-max Seat #1 is the button
Seat 1: kanatakk ($2.55 in chips) 
Seat 2: Dorex2007 ($2.06 in chips) 
Seat 3: Tenorio422 ($3.37 in chips) 
Seat 4: Michael@1647 ($2 in chips) 
Seat 5: Stormy_88888 ($2.35 in chips) 
Seat 6: barrat33 ($2.46 in chips) 
Seat 7: Dillster65 ($1.66 in chips) 
Seat 8: mkgkdqn ($3.60 in chips) 
Dorex2007: posts small blind $0.01
Tenorio422: posts big blind $0.02
*** HOLE CARDS ***
Dealt to Dorex2007 [6d 4s]
Michael@1647: folds 
Stormy_88888: calls $0.02
barrat33: folds 
Dillster65: calls $0.02
mkgkdqn: folds 
kanatakk: raises $0.04 to $0.06
Dorex2007: folds 
Tenorio422: folds 
Stormy_88888: calls $0.04
Dillster65: calls $0.04
*** FLOP *** [2h As Kd]
Stormy_88888: checks 
Dillster65: checks 
kanatakk: bets $0.06
Stormy_88888: folds 
Dillster65: folds 
Uncalled bet ($0.06) returned to kanatakk
kanatakk collected $0.20 from pot
kanatakk: doesn't show hand 
*** SUMMARY ***
Total pot $0.21 | Rake $0.01 
Board [2h As Kd]
Seat 1: kanatakk (button) collected ($0.20)
Seat 2: Dorex2007 (small blind) folded before Flop
Seat 3: Tenorio422 (big blind) folded before Flop
Seat 4: Michael@1647 folded before Flop (didn't bet)
Seat 5: Stormy_88888 folded on the Flop
Seat 6: barrat33 folded before Flop (didn't bet)
Seat 7: Dillster65 folded on the Flop
Seat 8: mkgkdqn folded before Flop (didn't bet)



PokerStars Hand #232416595434:  Hold'em No Limit ($0.01/$0.02 USD) - 2021/12/21 17:14:26 PT [2021/12/21 20:14:26 ET]
Table 'Rosselia II' 9-max Seat #2 is the button
Seat 1: kanatakk ($2.69 in chips) 
Seat 2: Dorex2007 ($2.05 in chips) 
Seat 3: Tenorio422 ($3.35 in chips) 
Seat 4: Michael@1647 ($2 in chips) 
Seat 5: Stormy_88888 ($2.29 in chips) 
Seat 6: barrat33 ($2.46 in chips) 
Seat 7: Dillster65 ($1.60 in chips) 
Seat 8: mkgkdqn ($3.60 in chips) 
Tenorio422: posts small blind $0.01
Michael@1647: posts big blind $0.02
*** HOLE CARDS ***
Dealt to Dorex2007 [Jc 4h]
Stormy_88888: folds 
barrat33: raises $0.02 to $0.04
Dillster65: folds 
mkgkdqn: folds 
kanatakk: folds 
Dorex2007: folds 
Tenorio422: calls $0.03
Michael@1647: calls $0.02
*** FLOP *** [9c 2c 3s]
Tenorio422: checks 
Michael@1647: checks 
barrat33: bets $0.06
Tenorio422: folds 
Michael@1647: calls $0.06
*** TURN *** [9c 2c 3s] [Jd]
Michael@1647: checks 
barrat33: bets $0.08
Michael@1647: calls $0.08
*** RIVER *** [9c 2c 3s Jd] [6c]
MGLIMA99 joins the table at seat #9 
Michael@1647: checks 
barrat33: checks 
*** SHOW DOWN ***
Michael@1647: shows [Kc 7c] (a flush, King high)
barrat33: mucks hand 
Michael@1647 collected $0.39 from pot
*** SUMMARY ***
Total pot $0.40 | Rake $0.01 
Board [9c 2c 3s Jd 6c]
Seat 1: kanatakk folded before Flop (didn't bet)
Seat 2: Dorex2007 (button) folded before Flop (didn't bet)
Seat 3: Tenorio422 (small blind) folded on the Flop
Seat 4: Michael@1647 (big blind) showed [Kc 7c] and won ($0.39) with a flush, King high
Seat 5: Stormy_88888 folded before Flop (didn't bet)
Seat 6: barrat33 mucked [7h 7s]
Seat 7: Dillster65 folded before Flop (didn't bet)
Seat 8: mkgkdqn folded before Flop (didn't bet)



PokerStars Hand #232416608531:  Hold'em No Limit ($0.01/$0.02 USD) - 2021/12/21 17:15:11 PT [2021/12/21 20:15:11 ET]
Table 'Rosselia II' 9-max Seat #3 is the button
Seat 1: kanatakk ($2.69 in chips) 
Seat 2: Dorex2007 ($2.05 in chips) 
Seat 3: Tenorio422 ($3.31 in chips) 
Seat 4: Michael@1647 ($2.21 in chips) 
Seat 5: Stormy_88888 ($2.29 in chips) 
Seat 6: barrat33 ($2.28 in chips) 
Seat 7: Dillster65 ($1.60 in chips) 
Seat 8: mkgkdqn ($3.60 in chips) 
Michael@1647: posts small blind $0.01
Stormy_88888: posts big blind $0.02
MGLIMA99: sits out 
*** HOLE CARDS ***
Dealt to Dorex2007 [Td 9c]
barrat33: folds 
Dillster65: calls $0.02
mkgkdqn: raises $0.04 to $0.06
kanatakk: folds 
Dorex2007: folds 
Tenorio422: folds 
Michael@1647: folds 
Stormy_88888: folds 
Dillster65: calls $0.04
*** FLOP *** [5s 2s 8d]
Dillster65: checks 
mkgkdqn: checks 
*** TURN *** [5s 2s 8d] [4s]
Dillster65: checks 
mkgkdqn: checks 
*** RIVER *** [5s 2s 8d 4s] [Jc]
Dillster65: checks 
mkgkdqn: bets $0.07
Dillster65: calls $0.07
*** SHOW DOWN ***
mkgkdqn: shows [Ah Js] (a pair of Jacks)
Dillster65: mucks hand 
mkgkdqn collected $0.28 from pot
*** SUMMARY ***
Total pot $0.29 | Rake $0.01 
Board [5s 2s 8d 4s Jc]
Seat 1: kanatakk folded before Flop (didn't bet)
Seat 2: Dorex2007 folded before Flop (didn't bet)
Seat 3: Tenorio422 (button) folded before Flop (didn't bet)
Seat 4: Michael@1647 (small blind) folded before Flop
Seat 5: Stormy_88888 (big blind) folded before Flop
Seat 6: barrat33 folded before Flop (didn't bet)
Seat 7: Dillster65 mucked [Qs Jd]
Seat 8: mkgkdqn showed [Ah Js] and won ($0.28) with a pair of Jacks



PokerStars Hand #232416620294:  Hold'em No Limit ($0.01/$0.02 USD) - 2021/12/21 17:15:52 PT [2021/12/21 20:15:52 ET]
Table 'Rosselia II' 9-max Seat #4 is the button
Seat 1: kanatakk ($2.69 in chips) 
Seat 2: Dorex2007 ($2.05 in chips) 
Seat 3: Tenorio422 ($3.31 in chips) 
Seat 4: Michael@1647 ($2.20 in chips) 
Seat 5: Stormy_88888 ($2.27 in chips) 
Seat 6: barrat33 ($2.28 in chips) 
Seat 7: Dillster65 ($1.47 in chips) 
Seat 8: mkgkdqn ($3.75 in chips) 
Stormy_88888: posts small blind $0.01
barrat33: posts big blind $0.02
MGLIMA99: sits out 
*** HOLE CARDS ***
Dealt to Dorex2007 [7s Kh]
Dillster65: calls $0.02
mkgkdqn: folds 
kanatakk has timed out
kanatakk: folds 
Dorex2007: folds 
Tenorio422: raises $0.10 to $0.12
Michael@1647: calls $0.12
Stormy_88888: folds 
barrat33 has timed out
barrat33: folds 
Dillster65: calls $0.10
*** FLOP *** [9c 2h 3d]
Dillster65: checks 
Tenorio422: checks 
Michael@1647: checks 
*** TURN *** [9c 2h 3d] [4h]
Dillster65: checks 
Tenorio422: bets $0.24
Michael@1647: folds 
Dillster65: calls $0.24
*** RIVER *** [9c 2h 3d 4h] [3s]
Dillster65: bets $0.42
Tenorio422: folds 
Uncalled bet ($0.42) returned to Dillster65
Dillster65 collected $0.84 from pot
Dillster65: doesn't show hand 
*** SUMMARY ***
Total pot $0.87 | Rake $0.03 
Board [9c 2h 3d 4h 3s]
Seat 1: kanatakk folded before Flop (didn't bet)
Seat 2: Dorex2007 folded before Flop (didn't bet)
Seat 3: Tenorio422 folded on the River
Seat 4: Michael@1647 (button) folded on the Turn
Seat 5: Stormy_88888 (small blind) folded before Flop
Seat 6: barrat33 (big blind) folded before Flop
Seat 7: Dillster65 collected ($0.84)
Seat 8: mkgkdqn folded before Flop (didn't bet)



PokerStars Hand #232416655947:  Hold'em No Limit ($0.01/$0.02 USD) - 2021/12/21 17:17:38 PT [2021/12/21 20:17:38 ET]
Table 'Rosselia II' 9-max Seat #5 is the button
Seat 1: kanatakk ($2.69 in chips) 
Seat 2: Dorex2007 ($2.05 in chips) 
Seat 3: Tenorio422 ($2.95 in chips) 
Seat 4: Michael@1647 ($2.08 in chips) 
Seat 5: Stormy_88888 ($2.26 in chips) 
Seat 6: barrat33 ($2.26 in chips) 
Seat 7: Dillster65 ($1.95 in chips) 
Seat 8: mkgkdqn ($3.75 in chips) 
barrat33: posts small blind $0.01
Dillster65: posts big blind $0.02
MGLIMA99: sits out 
*** HOLE CARDS ***
Dealt to Dorex2007 [Qs Ac]
mkgkdqn: folds 
kanatakk: folds 
Dorex2007: raises $0.04 to $0.06
Tenorio422: folds 
Michael@1647: calls $0.06
Stormy_88888: folds 
barrat33: folds 
Dillster65: calls $0.04
*** FLOP *** [7h 4h Tc]
Dillster65: checks 
Dorex2007: checks 
Michael@1647: checks 
*** TURN *** [7h 4h Tc] [5s]
Dillster65: checks 
Dorex2007: checks 
Michael@1647: checks 
*** RIVER *** [7h 4h Tc 5s] [7d]
Dillster65: checks 
Dorex2007: bets $0.09
Michael@1647: folds 
Dillster65: folds 
Uncalled bet ($0.09) returned to Dorex2007
Dorex2007 collected $0.18 from pot
Dorex2007: doesn't show hand 
*** SUMMARY ***
Total pot $0.19 | Rake $0.01 
Board [7h 4h Tc 5s 7d]
Seat 1: kanatakk folded before Flop (didn't bet)
Seat 2: Dorex2007 collected ($0.18)
Seat 3: Tenorio422 folded before Flop (didn't bet)
Seat 4: Michael@1647 folded on the River
Seat 5: Stormy_88888 (button) folded before Flop (didn't bet)
Seat 6: barrat33 (small blind) folded before Flop
Seat 7: Dillster65 (big blind) folded on the River
Seat 8: mkgkdqn folded before Flop (didn't bet)



PokerStars Hand #232416670038:  Hold'em No Limit ($0.01/$0.02 USD) - 2021/12/21 17:18:27 PT [2021/12/21 20:18:27 ET]
Table 'Rosselia II' 9-max Seat #6 is the button
Seat 1: kanatakk ($2.69 in chips) 
Seat 2: Dorex2007 ($2.17 in chips) 
Seat 3: Tenorio422 ($2.95 in chips) 
Seat 4: Michael@1647 ($2.02 in chips) 
Seat 5: Stormy_88888 ($2.26 in chips) 
Seat 6: barrat33 ($2.25 in chips) 
Seat 7: Dillster65 ($1.89 in chips) 
Seat 8: mkgkdqn ($3.75 in chips) 
Dillster65: posts small blind $0.01
mkgkdqn: posts big blind $0.02
MGLIMA99: sits out 
*** HOLE CARDS ***
Dealt to Dorex2007 [2s 8s]
kanatakk: folds 
Dorex2007: folds 
Tenorio422: folds 
Michael@1647: folds 
Stormy_88888: folds 
barrat33 has timed out
barrat33: folds 
Dillster65: calls $0.01
mkgkdqn: checks 
*** FLOP *** [5s 3s Ks]
Dillster65: checks 
mkgkdqn: checks 
*** TURN *** [5s 3s Ks] [Kc]
Dillster65: checks 
mkgkdqn: checks 
*** RIVER *** [5s 3s Ks Kc] [Jc]
Dillster65: checks 
mkgkdqn: checks 
*** SHOW DOWN ***
Dillster65: shows [3c 4h] (two pair, Kings and Threes)
mkgkdqn: mucks hand 
Dillster65 collected $0.04 from pot
*** SUMMARY ***
Total pot $0.04 | Rake $0 
Board [5s 3s Ks Kc Jc]
Seat 1: kanatakk folded before Flop (didn't bet)
Seat 2: Dorex2007 folded before Flop (didn't bet)
Seat 3: Tenorio422 folded before Flop (didn't bet)
Seat 4: Michael@1647 folded before Flop (didn't bet)
Seat 5: Stormy_88888 folded before Flop (didn't bet)
Seat 6: barrat33 (button) folded before Flop (didn't bet)
Seat 7: Dillster65 (small blind) showed [3c 4h] and won ($0.04) with two pair, Kings and Threes
Seat 8: mkgkdqn (big blind) mucked [8h 4s]



PokerStars Hand #232416680815:  Hold'em No Limit ($0.01/$0.02 USD) - 2021/12/21 17:19:05 PT [2021/12/21 20:19:05 ET]
Table 'Rosselia II' 9-max Seat #7 is the button
Seat 1: kanatakk ($2.69 in chips) 
Seat 2: Dorex2007 ($2.17 in chips) 
Seat 3: Tenorio422 ($2.95 in chips) 
Seat 4: Michael@1647 ($2.02 in chips) 
Seat 5: Stormy_88888 ($2.26 in chips) 
Seat 6: barrat33 ($2.25 in chips) 
Seat 7: Dillster65 ($1.91 in chips) 
Seat 8: mkgkdqn ($3.73 in chips) 
Seat 9: MGLIMA99 ($2 in chips) 
mkgkdqn: posts small blind $0.01
MGLIMA99: posts big blind $0.02
*** HOLE CARDS ***
Dealt to Dorex2007 [Tc 9s]
kanatakk: folds 
Dorex2007: folds 
Tenorio422: folds 
Michael@1647: folds 
Stormy_88888: folds 
barrat33 has timed out
barrat33: folds 
Dillster65: calls $0.02
mkgkdqn: raises $0.04 to $0.06
MGLIMA99: folds 
Dillster65: calls $0.04
*** FLOP *** [3s Qc 2d]
mkgkdqn: checks 
Dillster65: checks 
*** TURN *** [3s Qc 2d] [Qs]
mkgkdqn: checks 
Dillster65: bets $0.07
mkgkdqn: folds 
Uncalled bet ($0.07) returned to Dillster65
Dillster65 collected $0.14 from pot
Dillster65: doesn't show hand 
*** SUMMARY ***
Total pot $0.14 | Rake $0 
Board [3s Qc 2d Qs]
Seat 1: kanatakk folded before Flop (didn't bet)
Seat 2: Dorex2007 folded before Flop (didn't bet)
Seat 3: Tenorio422 folded before Flop (didn't bet)
Seat 4: Michael@1647 folded before Flop (didn't bet)
Seat 5: Stormy_88888 folded before Flop (didn't bet)
Seat 6: barrat33 folded before Flop (didn't bet)
Seat 7: Dillster65 (button) collected ($0.14)
Seat 8: mkgkdqn (small blind) folded on the Turn
Seat 9: MGLIMA99 (big blind) folded before Flop



PokerStars Hand #232416695182:  Hold'em No Limit ($0.01/$0.02 USD) - 2021/12/21 17:19:55 PT [2021/12/21 20:19:55 ET]
Table 'Rosselia II' 9-max Seat #8 is the button
Seat 1: kanatakk ($2.69 in chips) 
Seat 2: Dorex2007 ($2.17 in chips) 
Seat 3: Tenorio422 ($2.95 in chips) 
Seat 4: Michael@1647 ($2.02 in chips) 
Seat 5: Stormy_88888 ($2.26 in chips) 
Seat 7: Dillster65 ($1.99 in chips) 
Seat 8: mkgkdqn ($3.67 in chips) 
Seat 9: MGLIMA99 ($1.98 in chips) 
MGLIMA99: posts small blind $0.01
kanatakk: posts big blind $0.02
*** HOLE CARDS ***
Dealt to Dorex2007 [Qd 9s]
Dorex2007: folds 
Tenorio422: folds 
Michael@1647: folds 
Stormy_88888: folds 
Dillster65: calls $0.02
mkgkdqn: folds 
MGLIMA99: calls $0.01
kanatakk: checks 
*** FLOP *** [7h 6c Ks]
MGLIMA99: checks 
kanatakk: bets $0.05
Dillster65: folds 
MGLIMA99: folds 
Uncalled bet ($0.05) returned to kanatakk
kanatakk collected $0.06 from pot
kanatakk: doesn't show hand 
*** SUMMARY ***
Total pot $0.06 | Rake $0 
Board [7h 6c Ks]
Seat 1: kanatakk (big blind) collected ($0.06)
Seat 2: Dorex2007 folded before Flop (didn't bet)
Seat 3: Tenorio422 folded before Flop (didn't bet)
Seat 4: Michael@1647 folded before Flop (didn't bet)
Seat 5: Stormy_88888 folded before Flop (didn't bet)
Seat 7: Dillster65 folded on the Flop
Seat 8: mkgkdqn (button) folded before Flop (didn't bet)
Seat 9: MGLIMA99 (small blind) folded on the Flop



PokerStars Hand #232416704339:  Hold'em No Limit ($0.01/$0.02 USD) - 2021/12/21 17:20:27 PT [2021/12/21 20:20:27 ET]
Table 'Rosselia II' 9-max Seat #9 is the button
Seat 1: kanatakk ($2.73 in chips) 
Seat 2: Dorex2007 ($2.17 in chips) 
Seat 3: Tenorio422 ($2.95 in chips) 
Seat 4: Michael@1647 ($2.02 in chips) 
Seat 5: Stormy_88888 ($2.26 in chips) 
Seat 7: Dillster65 ($1.97 in chips) 
Seat 8: mkgkdqn ($3.67 in chips) 
Seat 9: MGLIMA99 ($1.96 in chips) 
kanatakk: posts small blind $0.01
Dorex2007: posts big blind $0.02
*** HOLE CARDS ***
Dealt to Dorex2007 [2c 4d]
Tenorio422: folds 
Michael@1647: folds 
Stormy_88888: folds 
Dillster65: folds 
mkgkdqn: raises $0.04 to $0.06
MGLIMA99: folds 
kanatakk: calls $0.05
Dorex2007: folds 
*** FLOP *** [Jh 5s Ks]
kanatakk: bets $0.04
mkgkdqn: folds 
Uncalled bet ($0.04) returned to kanatakk
kanatakk collected $0.14 from pot
kanatakk: doesn't show hand 
*** SUMMARY ***
Total pot $0.14 | Rake $0 
Board [Jh 5s Ks]
Seat 1: kanatakk (small blind) collected ($0.14)
Seat 2: Dorex2007 (big blind) folded before Flop
Seat 3: Tenorio422 folded before Flop (didn't bet)
Seat 4: Michael@1647 folded before Flop (didn't bet)
Seat 5: Stormy_88888 folded before Flop (didn't bet)
Seat 7: Dillster65 folded before Flop (didn't bet)
Seat 8: mkgkdqn folded on the Flop
Seat 9: MGLIMA99 (button) folded before Flop (didn't bet)



PokerStars Hand #232416711902:  Hold'em No Limit ($0.01/$0.02 USD) - 2021/12/21 17:20:53 PT [2021/12/21 20:20:53 ET]
Table 'Rosselia II' 9-max Seat #1 is the button
Seat 1: kanatakk ($2.81 in chips) 
Seat 2: Dorex2007 ($2.15 in chips) 
Seat 3: Tenorio422 ($2.95 in chips) 
Seat 4: Michael@1647 ($2.02 in chips) 
Seat 5: Stormy_88888 ($2.26 in chips) 
Seat 7: Dillster65 ($1.97 in chips) 
Seat 8: mkgkdqn ($3.61 in chips) 
Seat 9: MGLIMA99 ($1.96 in chips) 
Dorex2007: posts small blind $0.01
Tenorio422: posts big blind $0.02
*** HOLE CARDS ***
Dealt to Dorex2007 [7c 5h]
Michael@1647: calls $0.02
Stormy_88888: raises $0.06 to $0.08
Dillster65: calls $0.08
mkgkdqn: calls $0.08
MGLIMA99: folds 
kanatakk: calls $0.08
Dorex2007: folds 
Tenorio422: folds 
Michael@1647: calls $0.06
*** FLOP *** [7h Qs 6s]
Michael@1647: checks 
Stormy_88888: checks 
Dillster65: checks 
mkgkdqn: bets $0.24
kanatakk: folds 
Michael@1647: folds 
Stormy_88888: folds 
Dillster65: folds 
Uncalled bet ($0.24) returned to mkgkdqn
mkgkdqn collected $0.41 from pot
mkgkdqn: doesn't show hand 
*** SUMMARY ***
Total pot $0.43 | Rake $0.02 
Board [7h Qs 6s]
Seat 1: kanatakk (button) folded on the Flop
Seat 2: Dorex2007 (small blind) folded before Flop
Seat 3: Tenorio422 (big blind) folded before Flop
Seat 4: Michael@1647 folded on the Flop
Seat 5: Stormy_88888 folded on the Flop
Seat 7: Dillster65 folded on the Flop
Seat 8: mkgkdqn collected ($0.41)
Seat 9: MGLIMA99 folded before Flop (didn't bet)



PokerStars Hand #232416725000:  Hold'em No Limit ($0.01/$0.02 USD) - 2021/12/21 17:21:39 PT [2021/12/21 20:21:39 ET]
Table 'Rosselia II' 9-max Seat #2 is the button
Seat 1: kanatakk ($2.73 in chips) 
Seat 2: Dorex2007 ($2.14 in chips) 
Seat 3: Tenorio422 ($2.93 in chips) 
Seat 4: Michael@1647 ($1.94 in chips) 
Seat 5: Stormy_88888 ($2.18 in chips) 
Seat 7: Dillster65 ($1.89 in chips) 
Seat 8: mkgkdqn ($3.94 in chips) 
Seat 9: MGLIMA99 ($1.96 in chips) 
Tenorio422: posts small blind $0.01
Michael@1647: posts big blind $0.02
*** HOLE CARDS ***
Dealt to Dorex2007 [3s Jc]
Stormy_88888: folds 
Dillster65: folds 
mkgkdqn: folds 
MGLIMA99: raises $0.03 to $0.05
kanatakk: folds 
Dorex2007: folds 
Tenorio422: folds 
Michael@1647: folds 
Uncalled bet ($0.03) returned to MGLIMA99
MGLIMA99 collected $0.05 from pot
MGLIMA99: doesn't show hand 
*** SUMMARY ***
Total pot $0.05 | Rake $0 
Seat 1: kanatakk folded before Flop (didn't bet)
Seat 2: Dorex2007 (button) folded before Flop (didn't bet)
Seat 3: Tenorio422 (small blind) folded before Flop
Seat 4: Michael@1647 (big blind) folded before Flop
Seat 5: Stormy_88888 folded before Flop (didn't bet)
Seat 7: Dillster65 folded before Flop (didn't bet)
Seat 8: mkgkdqn folded before Flop (didn't bet)
Seat 9: MGLIMA99 collected ($0.05)



PokerStars Hand #232416730454:  Hold'em No Limit ($0.01/$0.02 USD) - 2021/12/21 17:21:59 PT [2021/12/21 20:21:59 ET]
Table 'Rosselia II' 9-max Seat #3 is the button
Seat 1: kanatakk ($2.73 in chips) 
Seat 2: Dorex2007 ($2.14 in chips) 
Seat 3: Tenorio422 ($2.92 in chips) 
Seat 4: Michael@1647 ($1.92 in chips) 
Seat 7: Dillster65 ($1.89 in chips) 
Seat 8: mkgkdqn ($3.94 in chips) 
Seat 9: MGLIMA99 ($1.99 in chips) 
Michael@1647: posts small blind $0.01
Stormy_88888: is sitting out 
Dillster65: posts big blind $0.02
*** HOLE CARDS ***
Dealt to Dorex2007 [Ac 6s]
mkgkdqn: raises $0.04 to $0.06
MGLIMA99: folds 
kanatakk: folds 
Dorex2007: folds 
Tenorio422: raises $0.12 to $0.18
Michael@1647: folds 
Dillster65: folds 
Stormy_88888 leaves the table
mkgkdqn: calls $0.12
*** FLOP *** [Qd 8s 2c]
mkgkdqn: checks 
Tenorio422: checks 
*** TURN *** [Qd 8s 2c] [5h]
mkgkdqn: bets $0.21
Tenorio422: calls $0.21
*** RIVER *** [Qd 8s 2c 5h] [Ks]
mkgkdqn: checks 
edoschenko joins the table at seat #5 
Tenorio422: bets $0.78
mkgkdqn: folds 
Uncalled bet ($0.78) returned to Tenorio422
Tenorio422 collected $0.78 from pot
*** SUMMARY ***
Total pot $0.81 | Rake $0.03 
Board [Qd 8s 2c 5h Ks]
Seat 1: kanatakk folded before Flop (didn't bet)
Seat 2: Dorex2007 folded before Flop (didn't bet)
Seat 3: Tenorio422 (button) collected ($0.78)
Seat 4: Michael@1647 (small blind) folded before Flop
Seat 7: Dillster65 (big blind) folded before Flop
Seat 8: mkgkdqn folded on the River
Seat 9: MGLIMA99 folded before Flop (didn't bet)



PokerStars Hand #232416741590:  Hold'em No Limit ($0.01/$0.02 USD) - 2021/12/21 17:22:38 PT [2021/12/21 20:22:38 ET]
Table 'Rosselia II' 9-max Seat #4 is the button
Seat 1: kanatakk ($2.73 in chips) 
Seat 2: Dorex2007 ($2.14 in chips) 
Seat 3: Tenorio422 ($3.31 in chips) 
Seat 4: Michael@1647 ($1.91 in chips) 
Seat 7: Dillster65 ($1.87 in chips) 
Seat 8: mkgkdqn ($3.55 in chips) 
Seat 9: MGLIMA99 ($1.99 in chips) 
Dillster65: posts small blind $0.01
mkgkdqn: posts big blind $0.02
*** HOLE CARDS ***
Dealt to Dorex2007 [4s Jd]
MGLIMA99: raises $0.03 to $0.05
kanatakk: folds 
Dorex2007: folds 
Tenorio422: calls $0.05
Michael@1647: folds 
Dillster65: calls $0.04
mkgkdqn: folds 
*** FLOP *** [2s Qh 8c]
Dillster65: checks 
MGLIMA99: checks 
Tenorio422: bets $0.10
Dillster65: calls $0.10
MGLIMA99: calls $0.10
*** TURN *** [2s Qh 8c] [6s]
Dillster65: checks 
MGLIMA99: checks 
Tenorio422: bets $0.32
Dillster65: calls $0.32
MGLIMA99: folds 
*** RIVER *** [2s Qh 8c 6s] [As]
Dillster65: checks 
Tenorio422: bets $1.07
Dillster65: folds 
Uncalled bet ($1.07) returned to Tenorio422
Tenorio422 collected $1.07 from pot
*** SUMMARY ***
Total pot $1.11 | Rake $0.04 
Board [2s Qh 8c 6s As]
Seat 1: kanatakk folded before Flop (didn't bet)
Seat 2: Dorex2007 folded before Flop (didn't bet)
Seat 3: Tenorio422 collected ($1.07)
Seat 4: Michael@1647 (button) folded before Flop (didn't bet)
Seat 7: Dillster65 (small blind) folded on the River
Seat 8: mkgkdqn (big blind) folded before Flop
Seat 9: MGLIMA99 folded on the Turn



PokerStars Hand #232416764000:  Hold'em No Limit ($0.01/$0.02 USD) - 2021/12/21 17:23:58 PT [2021/12/21 20:23:58 ET]
Table 'Rosselia II' 9-max Seat #7 is the button
Seat 1: kanatakk ($2.73 in chips) 
Seat 2: Dorex2007 ($2.14 in chips) 
Seat 3: Tenorio422 ($3.91 in chips) 
Seat 4: Michael@1647 ($1.91 in chips) 
Seat 7: Dillster65 ($1.40 in chips) 
Seat 8: mkgkdqn ($3.53 in chips) 
Seat 9: MGLIMA99 ($1.84 in chips) 
mkgkdqn: posts small blind $0.01
MGLIMA99: posts big blind $0.02
edoschenko: sits out 
barrat33: sits out 
*** HOLE CARDS ***
Dealt to Dorex2007 [9d 6s]
kanatakk has timed out
kanatakk: folds 
Dorex2007: folds 
Tenorio422: folds 
Michael@1647: folds 
Dillster65: calls $0.02
mkgkdqn: folds 
MGLIMA99: checks 
*** FLOP *** [9h 5c 8d]
MGLIMA99: checks 
Dillster65: checks 
*** TURN *** [9h 5c 8d] [Ks]
MGLIMA99: checks 
Dillster65: checks 
*** RIVER *** [9h 5c 8d Ks] [Ad]
MGLIMA99: checks 
Dillster65: checks 
*** SHOW DOWN ***
MGLIMA99: shows [7s 3s] (high card Ace)
Dillster65: shows [Qs Ts] (high card Ace - King+Queen kicker)
Dillster65 collected $0.05 from pot
*** SUMMARY ***
Total pot $0.05 | Rake $0 
Board [9h 5c 8d Ks Ad]
Seat 1: kanatakk folded before Flop (didn't bet)
Seat 2: Dorex2007 folded before Flop (didn't bet)
Seat 3: Tenorio422 folded before Flop (didn't bet)
Seat 4: Michael@1647 folded before Flop (didn't bet)
Seat 7: Dillster65 (button) showed [Qs Ts] and won ($0.05) with high card Ace
Seat 8: mkgkdqn (small blind) folded before Flop
Seat 9: MGLIMA99 (big blind) showed [7s 3s] and lost with high card Ace



PokerStars Hand #232416773999:  Hold'em No Limit ($0.01/$0.02 USD) - 2021/12/21 17:24:34 PT [2021/12/21 20:24:34 ET]
Table 'Rosselia II' 9-max Seat #8 is the button
Seat 1: kanatakk ($2.73 in chips) 
Seat 2: Dorex2007 ($2.14 in chips) 
Seat 3: Tenorio422 ($3.91 in chips) 
Seat 4: Michael@1647 ($1.91 in chips) 
Seat 7: Dillster65 ($1.43 in chips) 
Seat 8: mkgkdqn ($3.52 in chips) 
Seat 9: MGLIMA99 ($1.82 in chips) 
MGLIMA99: posts small blind $0.01
kanatakk: posts big blind $0.02
edoschenko: sits out 
barrat33: sits out 
*** HOLE CARDS ***
Dealt to Dorex2007 [Tc 5s]
Dorex2007: folds 
Tenorio422: folds 
Michael@1647: folds 
Dillster65: calls $0.02
mkgkdqn: folds 
MGLIMA99: raises $0.06 to $0.08
kanatakk: folds 
Dillster65: calls $0.06
*** FLOP *** [3c Td 6s]
MGLIMA99: checks 
Dillster65: checks 
*** TURN *** [3c Td 6s] [Ac]
MGLIMA99: bets $0.09
Dillster65: calls $0.09
*** RIVER *** [3c Td 6s Ac] [Ks]
MGLIMA99: bets $0.18
Dillster65: calls $0.18
*** SHOW DOWN ***
MGLIMA99: shows [Ah Ad] (three of a kind, Aces)
Dillster65: mucks hand 
MGLIMA99 collected $0.69 from pot
*** SUMMARY ***
Total pot $0.72 | Rake $0.03 
Board [3c Td 6s Ac Ks]
Seat 1: kanatakk (big blind) folded before Flop
Seat 2: Dorex2007 folded before Flop (didn't bet)
Seat 3: Tenorio422 folded before Flop (didn't bet)
Seat 4: Michael@1647 folded before Flop (didn't bet)
Seat 7: Dillster65 mucked [Qc Qh]
Seat 8: mkgkdqn (button) folded before Flop (didn't bet)
Seat 9: MGLIMA99 (small blind) showed [Ah Ad] and won ($0.69) with three of a kind, Aces



PokerStars Hand #232416785488:  Hold'em No Limit ($0.01/$0.02 USD) - 2021/12/21 17:25:15 PT [2021/12/21 20:25:15 ET]
Table 'Rosselia II' 9-max Seat #9 is the button
Seat 1: kanatakk ($2.71 in chips) 
Seat 2: Dorex2007 ($2.14 in chips) 
Seat 3: Tenorio422 ($3.91 in chips) 
Seat 4: Michael@1647 ($1.91 in chips) 
Seat 7: Dillster65 ($1.08 in chips) 
Seat 8: mkgkdqn ($3.52 in chips) 
Seat 9: MGLIMA99 ($2.16 in chips) 
kanatakk: posts small blind $0.01
Dorex2007: posts big blind $0.02
edoschenko: sits out 
barrat33: sits out 
*** HOLE CARDS ***
Dealt to Dorex2007 [4c 8c]
Tenorio422: folds 
Michael@1647: folds 
Dillster65: calls $0.02
mkgkdqn: raises $0.04 to $0.06
MGLIMA99: calls $0.06
kanatakk: folds 
Dorex2007: folds 
Dillster65: folds 
*** FLOP *** [4h Qh 2h]
mkgkdqn: checks 
MGLIMA99: checks 
*** TURN *** [4h Qh 2h] [Qd]
mkgkdqn: checks 
MGLIMA99: bets $0.08
mkgkdqn: calls $0.08
*** RIVER *** [4h Qh 2h Qd] [Ad]
mkgkdqn: checks 
MGLIMA99: bets $0.32
mkgkdqn: folds 
Uncalled bet ($0.32) returned to MGLIMA99
MGLIMA99 collected $0.32 from pot
MGLIMA99: doesn't show hand 
*** SUMMARY ***
Total pot $0.33 | Rake $0.01 
Board [4h Qh 2h Qd Ad]
Seat 1: kanatakk (small blind) folded before Flop
Seat 2: Dorex2007 (big blind) folded before Flop
Seat 3: Tenorio422 folded before Flop (didn't bet)
Seat 4: Michael@1647 folded before Flop (didn't bet)
Seat 7: Dillster65 folded before Flop
Seat 8: mkgkdqn folded on the River
Seat 9: MGLIMA99 (button) collected ($0.32)



PokerStars Hand #232416797469:  Hold'em No Limit ($0.01/$0.02 USD) - 2021/12/21 17:25:58 PT [2021/12/21 20:25:58 ET]
Table 'Rosselia II' 9-max Seat #1 is the button
Seat 1: kanatakk ($2.70 in chips) 
Seat 2: Dorex2007 ($2.12 in chips) 
Seat 3: Tenorio422 ($3.91 in chips) 
Seat 4: Michael@1647 ($1.91 in chips) 
Seat 7: Dillster65 ($1.06 in chips) 
Seat 8: mkgkdqn ($3.38 in chips) 
Seat 9: MGLIMA99 ($2.34 in chips) 
Dorex2007: posts small blind $0.01
Tenorio422: posts big blind $0.02
edoschenko: sits out 
barrat33: sits out 
*** HOLE CARDS ***
Dealt to Dorex2007 [Jc 6h]
Michael@1647: folds 
Dillster65: calls $0.02
mkgkdqn: folds 
MGLIMA99: folds 
kanatakk: raises $0.08 to $0.10
Dorex2007: folds 
Tenorio422: folds 
Dillster65: folds 
Uncalled bet ($0.08) returned to kanatakk
kanatakk collected $0.07 from pot
kanatakk: doesn't show hand 
*** SUMMARY ***
Total pot $0.07 | Rake $0 
Seat 1: kanatakk (button) collected ($0.07)
Seat 2: Dorex2007 (small blind) folded before Flop
Seat 3: Tenorio422 (big blind) folded before Flop
Seat 4: Michael@1647 folded before Flop (didn't bet)
Seat 7: Dillster65 folded before Flop
Seat 8: mkgkdqn folded before Flop (didn't bet)
Seat 9: MGLIMA99 folded before Flop (didn't bet)



PokerStars Hand #232416802820:  Hold'em No Limit ($0.01/$0.02 USD) - 2021/12/21 17:26:17 PT [2021/12/21 20:26:17 ET]
Table 'Rosselia II' 9-max Seat #2 is the button
Seat 1: kanatakk ($2.75 in chips) 
Seat 2: Dorex2007 ($2.11 in chips) 
Seat 3: Tenorio422 ($3.89 in chips) 
Seat 4: Michael@1647 ($1.91 in chips) 
Seat 7: Dillster65 ($1.04 in chips) 
Seat 8: mkgkdqn ($3.38 in chips) 
Seat 9: MGLIMA99 ($2.34 in chips) 
Tenorio422: posts small blind $0.01
Michael@1647: posts big blind $0.02
edoschenko: sits out 
barrat33: sits out 
*** HOLE CARDS ***
Dealt to Dorex2007 [Jc 8s]
Dillster65: calls $0.02
mkgkdqn: folds 
MGLIMA99: folds 
kanatakk: folds 
Dorex2007: folds 
Tenorio422: folds 
Michael@1647: raises $0.04 to $0.06
Dillster65: calls $0.04
*** FLOP *** [Jh Qc 2s]
Michael@1647: checks 
Dillster65: checks 
*** TURN *** [Jh Qc 2s] [5c]
Michael@1647: checks 
Dillster65: checks 
*** RIVER *** [Jh Qc 2s 5c] [Td]
Michael@1647: checks 
Dillster65: checks 
*** SHOW DOWN ***
Michael@1647: shows [5h 8h] (a pair of Fives)
Dillster65: shows [7c Tc] (a pair of Tens)
Dillster65 collected $0.13 from pot
*** SUMMARY ***
Total pot $0.13 | Rake $0 
Board [Jh Qc 2s 5c Td]
Seat 1: kanatakk folded before Flop (didn't bet)
Seat 2: Dorex2007 (button) folded before Flop (didn't bet)
Seat 3: Tenorio422 (small blind) folded before Flop
Seat 4: Michael@1647 (big blind) showed [5h 8h] and lost with a pair of Fives
Seat 7: Dillster65 showed [7c Tc] and won ($0.13) with a pair of Tens
Seat 8: mkgkdqn folded before Flop (didn't bet)
Seat 9: MGLIMA99 folded before Flop (didn't bet)



PokerStars Hand #232416812650:  Hold'em No Limit ($0.01/$0.02 USD) - 2021/12/21 17:26:52 PT [2021/12/21 20:26:52 ET]
Table 'Rosselia II' 9-max Seat #3 is the button
Seat 1: kanatakk ($2.75 in chips) 
Seat 2: Dorex2007 ($2.11 in chips) 
Seat 3: Tenorio422 ($3.88 in chips) 
Seat 4: Michael@1647 ($1.85 in chips) 
Seat 5: edoschenko ($1.60 in chips) 
Seat 7: Dillster65 ($1.11 in chips) 
Seat 8: mkgkdqn ($3.38 in chips) 
Seat 9: MGLIMA99 ($2.34 in chips) 
Michael@1647: posts small blind $0.01
edoschenko: posts big blind $0.02
barrat33: sits out 
*** HOLE CARDS ***
Dealt to Dorex2007 [8c 8s]
Dillster65: calls $0.02
mkgkdqn: folds 
MGLIMA99: folds 
kanatakk: folds 
mkgkdqn leaves the table
Dorex2007: raises $0.02 to $0.04
Tenorio422: raises $0.16 to $0.20
Michael@1647: folds 
edoschenko: folds 
Dillster65: calls $0.18
Dorex2007: folds 
*** FLOP *** [7d Js 3c]
Dillster65: checks 
Tenorio422: bets $0.24
aczyku joins the table at seat #8 
Dillster65: folds 
Uncalled bet ($0.24) returned to Tenorio422
Tenorio422 collected $0.45 from pot
*** SUMMARY ***
Total pot $0.47 | Rake $0.02 
Board [7d Js 3c]
Seat 1: kanatakk folded before Flop (didn't bet)
Seat 2: Dorex2007 folded before Flop
Seat 3: Tenorio422 (button) collected ($0.45)
Seat 4: Michael@1647 (small blind) folded before Flop
Seat 5: edoschenko (big blind) folded before Flop
Seat 7: Dillster65 folded on the Flop
Seat 8: mkgkdqn folded before Flop (didn't bet)
Seat 9: MGLIMA99 folded before Flop (didn't bet)



PokerStars Hand #232416829256:  Hold'em No Limit ($0.01/$0.02 USD) - 2021/12/21 17:27:34 PT [2021/12/21 20:27:34 ET]
Table 'Rosselia II' 9-max Seat #4 is the button
Seat 1: kanatakk ($2.75 in chips) 
Seat 2: Dorex2007 ($2.07 in chips) 
Seat 3: Tenorio422 ($4.13 in chips) 
Seat 4: Michael@1647 ($1.84 in chips) 
Seat 5: edoschenko ($1.58 in chips) 
Seat 6: barrat33 ($2.25 in chips) 
Seat 7: Dillster65 ($0.91 in chips) 
Seat 8: aczyku ($1 in chips) 
Seat 9: MGLIMA99 ($2.34 in chips) 
edoschenko: posts small blind $0.01
barrat33: posts big blind $0.02
aczyku: posts big blind $0.02
*** HOLE CARDS ***
Dealt to Dorex2007 [Js Kc]
Dillster65: calls $0.02
aczyku: checks 
MGLIMA99: calls $0.02
kanatakk: folds 
Dorex2007: calls $0.02
Tenorio422: folds 
Michael@1647: folds 
edoschenko: folds 
barrat33 has timed out
barrat33: checks 
*** FLOP *** [7s 9h 2h]
barrat33 has timed out
barrat33: checks 
Dillster65: checks 
aczyku: checks 
MGLIMA99: checks 
Dorex2007: checks 
*** TURN *** [7s 9h 2h] [4s]
barrat33 has timed out
barrat33: checks 
Dillster65: checks 
aczyku: checks 
MGLIMA99: checks 
Dorex2007: bets $0.07
barrat33 has timed out
barrat33: folds 
Dillster65: folds 
aczyku: calls $0.07
MGLIMA99: folds 
*** RIVER *** [7s 9h 2h 4s] [6c]
aczyku: bets $0.24
Dorex2007: folds 
Uncalled bet ($0.24) returned to aczyku
aczyku collected $0.24 from pot
aczyku: doesn't show hand 
*** SUMMARY ***
Total pot $0.25 | Rake $0.01 
Board [7s 9h 2h 4s 6c]
Seat 1: kanatakk folded before Flop (didn't bet)
Seat 2: Dorex2007 folded on the River
Seat 3: Tenorio422 folded before Flop (didn't bet)
Seat 4: Michael@1647 (button) folded before Flop (didn't bet)
Seat 5: edoschenko (small blind) folded before Flop
Seat 6: barrat33 (big blind) folded on the Turn
Seat 7: Dillster65 folded on the Turn
Seat 8: aczyku collected ($0.24)
Seat 9: MGLIMA99 folded on the Turn



PokerStars Hand #232416880484:  Hold'em No Limit ($0.01/$0.02 USD) - 2021/12/21 17:30:39 PT [2021/12/21 20:30:39 ET]
Table 'Rosselia II' 9-max Seat #5 is the button
Seat 1: kanatakk ($2.75 in chips) 
Seat 2: Dorex2007 ($2 in chips) 
Seat 3: Tenorio422 ($4.13 in chips) 
Seat 4: Michael@1647 ($1.84 in chips) 
Seat 5: edoschenko ($1.57 in chips) 
Seat 7: Dillster65 ($0.89 in chips) 
Seat 8: aczyku ($1.15 in chips) 
Seat 9: MGLIMA99 ($2.32 in chips) 
Dillster65: posts small blind $0.01
aczyku: posts big blind $0.02
*** HOLE CARDS ***
Dealt to Dorex2007 [Qd As]
MGLIMA99: folds 
kanatakk: folds 
Dorex2007: raises $0.02 to $0.04
Tenorio422: folds 
Michael@1647: folds 
edoschenko: calls $0.04
Dillster65: calls $0.03
aczyku: calls $0.02
*** FLOP *** [8h 9c Jd]
Dillster65: checks 
aczyku: checks 
Dorex2007: checks 
edoschenko: bets $0.10
Dillster65: calls $0.10
aczyku: calls $0.10
Dorex2007: folds 
*** TURN *** [8h 9c Jd] [5s]
Dillster65: checks 
aczyku: checks 
edoschenko: bets $0.34
Dillster65: folds 
aczyku: folds 
Uncalled bet ($0.34) returned to edoschenko
edoschenko collected $0.44 from pot
*** SUMMARY ***
Total pot $0.46 | Rake $0.02 
Board [8h 9c Jd 5s]
Seat 1: kanatakk folded before Flop (didn't bet)
Seat 2: Dorex2007 folded on the Flop
Seat 3: Tenorio422 folded before Flop (didn't bet)
Seat 4: Michael@1647 folded before Flop (didn't bet)
Seat 5: edoschenko (button) collected ($0.44)
Seat 7: Dillster65 (small blind) folded on the Turn
Seat 8: aczyku (big blind) folded on the Turn
Seat 9: MGLIMA99 folded before Flop (didn't bet)



PokerStars Hand #232416898006:  Hold'em No Limit ($0.01/$0.02 USD) - 2021/12/21 17:31:42 PT [2021/12/21 20:31:42 ET]
Table 'Rosselia II' 9-max Seat #7 is the button
Seat 1: kanatakk ($2.75 in chips) 
Seat 2: Dorex2007 ($2 in chips) 
Seat 3: Tenorio422 ($4.13 in chips) 
Seat 4: Michael@1647 ($1.84 in chips) 
Seat 5: edoschenko ($1.87 in chips) 
Seat 7: Dillster65 ($0.75 in chips) 
Seat 8: aczyku ($1.01 in chips) 
Seat 9: MGLIMA99 ($2.32 in chips) 
aczyku: posts small blind $0.01
MGLIMA99: posts big blind $0.02
*** HOLE CARDS ***
Dealt to Dorex2007 [7s Kc]
kanatakk: folds 
Dorex2007: folds 
Tenorio422: folds 
Michael@1647: folds 
edoschenko: folds 
Dillster65: folds 
aczyku: folds 
Uncalled bet ($0.01) returned to MGLIMA99
MGLIMA99 collected $0.02 from pot
MGLIMA99: doesn't show hand 
*** SUMMARY ***
Total pot $0.02 | Rake $0 
Seat 1: kanatakk folded before Flop (didn't bet)
Seat 2: Dorex2007 folded before Flop (didn't bet)
Seat 3: Tenorio422 folded before Flop (didn't bet)
Seat 4: Michael@1647 folded before Flop (didn't bet)
Seat 5: edoschenko folded before Flop (didn't bet)
Seat 7: Dillster65 (button) folded before Flop (didn't bet)
Seat 8: aczyku (small blind) folded before Flop
Seat 9: MGLIMA99 (big blind) collected ($0.02)



PokerStars Hand #232416905246:  Hold'em No Limit ($0.01/$0.02 USD) - 2021/12/21 17:32:09 PT [2021/12/21 20:32:09 ET]
Table 'Rosselia II' 9-max Seat #8 is the button
Seat 1: kanatakk ($2.75 in chips) 
Seat 2: Dorex2007 ($2 in chips) 
Seat 3: Tenorio422 ($4.13 in chips) 
Seat 4: Michael@1647 ($1.84 in chips) 
Seat 5: edoschenko ($1.87 in chips) 
Seat 7: Dillster65 ($0.75 in chips) 
Seat 8: aczyku ($1 in chips) 
Seat 9: MGLIMA99 ($2.33 in chips) 
MGLIMA99: posts small blind $0.01
kanatakk: posts big blind $0.02
barrat33: sits out 
*** HOLE CARDS ***
Dealt to Dorex2007 [2d 3c]
Dorex2007: folds 
Tenorio422: folds 
Michael@1647: folds 
edoschenko: folds 
Dillster65: folds 
aczyku: calls $0.02
MGLIMA99: calls $0.01
kanatakk: checks 
*** FLOP *** [Tc 5h 7h]
MGLIMA99: checks 
kanatakk: checks 
aczyku: checks 
*** TURN *** [Tc 5h 7h] [7c]
MGLIMA99: checks 
kanatakk: checks 
aczyku: checks 
*** RIVER *** [Tc 5h 7h 7c] [9d]
MGLIMA99: checks 
kanatakk: checks 
aczyku: bets $0.06
MGLIMA99: folds 
kanatakk: folds 
Uncalled bet ($0.06) returned to aczyku
aczyku collected $0.06 from pot
aczyku: doesn't show hand 
*** SUMMARY ***
Total pot $0.06 | Rake $0 
Board [Tc 5h 7h 7c 9d]
Seat 1: kanatakk (big blind) folded on the River
Seat 2: Dorex2007 folded before Flop (didn't bet)
Seat 3: Tenorio422 folded before Flop (didn't bet)
Seat 4: Michael@1647 folded before Flop (didn't bet)
Seat 5: edoschenko folded before Flop (didn't bet)
Seat 7: Dillster65 folded before Flop (didn't bet)
Seat 8: aczyku (button) collected ($0.06)
Seat 9: MGLIMA99 (small blind) folded on the River



PokerStars Hand #232416927572:  Hold'em No Limit ($0.01/$0.02 USD) - 2021/12/21 17:33:30 PT [2021/12/21 20:33:30 ET]
Table 'Rosselia II' 9-max Seat #9 is the button
Seat 1: kanatakk ($2.73 in chips) 
Seat 2: Dorex2007 ($2 in chips) 
Seat 3: Tenorio422 ($4.13 in chips) 
Seat 4: Michael@1647 ($1.84 in chips) 
Seat 5: edoschenko ($1.87 in chips) 
Seat 8: aczyku ($1.04 in chips) 
Seat 9: MGLIMA99 ($2.31 in chips) 
kanatakk: posts small blind $0.01
Dorex2007: posts big blind $0.02
barrat33: sits out 
*** HOLE CARDS ***
Dealt to Dorex2007 [8s Jd]
Tenorio422: folds 
Michael@1647: folds 
edoschenko: folds 
aczyku: calls $0.02
MGLIMA99: calls $0.02
kanatakk: raises $0.08 to $0.10
Dorex2007: folds 
aczyku: calls $0.08
MGLIMA99: calls $0.08
*** FLOP *** [6d 9s 9h]
kanatakk: checks 
aczyku: checks 
MGLIMA99: checks 
*** TURN *** [6d 9s 9h] [Td]
kanatakk: checks 
aczyku: checks 
MGLIMA99: bets $0.09
kanatakk: folds 
aczyku: calls $0.09
*** RIVER *** [6d 9s 9h Td] [5d]
aczyku: checks 
MGLIMA99: checks 
*** SHOW DOWN ***
aczyku: shows [Kd Ah] (a pair of Nines)
MGLIMA99: shows [Th Ad] (two pair, Tens and Nines)
MGLIMA99 collected $0.48 from pot
*** SUMMARY ***
Total pot $0.50 | Rake $0.02 
Board [6d 9s 9h Td 5d]
Seat 1: kanatakk (small blind) folded on the Turn
Seat 2: Dorex2007 (big blind) folded before Flop
Seat 3: Tenorio422 folded before Flop (didn't bet)
Seat 4: Michael@1647 folded before Flop (didn't bet)
Seat 5: edoschenko folded before Flop (didn't bet)
Seat 8: aczyku showed [Kd Ah] and lost with a pair of Nines
Seat 9: MGLIMA99 (button) showed [Th Ad] and won ($0.48) with two pair, Tens and Nines



PokerStars Hand #232416950069:  Hold'em No Limit ($0.01/$0.02 USD) - 2021/12/21 17:34:51 PT [2021/12/21 20:34:51 ET]
Table 'Rosselia II' 9-max Seat #1 is the button
Seat 1: kanatakk ($2.63 in chips) 
Seat 2: Dorex2007 ($2 in chips) 
Seat 3: Tenorio422 ($4.13 in chips) 
Seat 4: Michael@1647 ($1.84 in chips) 
Seat 5: edoschenko ($1.87 in chips) 
Seat 8: aczyku ($0.85 in chips) 
Seat 9: MGLIMA99 ($2.60 in chips) 
Dorex2007: posts small blind $0.01
Tenorio422: posts big blind $0.02
barrat33: sits out 
*** HOLE CARDS ***
Dealt to Dorex2007 [Ac 8s]
Michael@1647: folds 
edoschenko: folds 
aczyku: calls $0.02
MGLIMA99: folds 
kanatakk: raises $0.08 to $0.10
Dorex2007: folds 
Tenorio422: folds 
aczyku: calls $0.08
*** FLOP *** [6d Qd Qh]
aczyku: checks 
kanatakk: bets $0.07
aczyku: calls $0.07
*** TURN *** [6d Qd Qh] [5s]
aczyku: checks 
kanatakk: checks 
*** RIVER *** [6d Qd Qh 5s] [7c]
aczyku: checks 
kanatakk: checks 
*** SHOW DOWN ***
aczyku: shows [As 8d] (a pair of Queens)
kanatakk: shows [3c 3h] (two pair, Queens and Threes)
kanatakk collected $0.36 from pot
*** SUMMARY ***
Total pot $0.37 | Rake $0.01 
Board [6d Qd Qh 5s 7c]
Seat 1: kanatakk (button) showed [3c 3h] and won ($0.36) with two pair, Queens and Threes
Seat 2: Dorex2007 (small blind) folded before Flop
Seat 3: Tenorio422 (big blind) folded before Flop
Seat 4: Michael@1647 folded before Flop (didn't bet)
Seat 5: edoschenko folded before Flop (didn't bet)
Seat 8: aczyku showed [As 8d] and lost with a pair of Queens
Seat 9: MGLIMA99 folded before Flop (didn't bet)



PokerStars Hand #232416986064:  Hold'em No Limit ($0.01/$0.02 USD) - 2021/12/21 17:35:53 PT [2021/12/21 20:35:53 ET]
Table 'Rosselia II' 9-max Seat #2 is the button
Seat 1: kanatakk ($2.82 in chips) 
Seat 2: Dorex2007 ($2 in chips) 
Seat 3: Tenorio422 ($4.11 in chips) 
Seat 4: Michael@1647 ($1.84 in chips) 
Seat 5: edoschenko ($1.87 in chips) 
Seat 8: aczyku ($0.68 in chips) 
Seat 9: MGLIMA99 ($2.60 in chips) 
Tenorio422: posts small blind $0.01
Michael@1647: posts big blind $0.02
barrat33: sits out 
*** HOLE CARDS ***
Dealt to Dorex2007 [9s 3h]
edoschenko: folds 
aczyku: calls $0.02
MGLIMA99: raises $0.03 to $0.05
kanatakk: folds 
Dorex2007: folds 
Tenorio422: folds 
Michael@1647: raises $0.15 to $0.20
aczyku: calls $0.18
MGLIMA99: raises $0.32 to $0.52
Michael@1647: calls $0.32
aczyku: calls $0.32
*** FLOP *** [5s 6s 9d]
Michael@1647: checks 
aczyku: checks 
MGLIMA99: bets $2.08 and is all-in
Michael@1647: calls $1.32 and is all-in
aczyku: calls $0.16 and is all-in
Uncalled bet ($0.76) returned to MGLIMA99
*** TURN *** [5s 6s 9d] [7d]
*** RIVER *** [5s 6s 9d 7d] [Qh]
*** SHOW DOWN ***
Michael@1647: shows [Js Jc] (a pair of Jacks)
MGLIMA99: shows [Ad Ah] (a pair of Aces)
MGLIMA99 collected $2.24 from side pot
aczyku: shows [8s 8d] (a straight, Five to Nine)
aczyku collected $1.98 from main pot
*** SUMMARY ***
Total pot $4.37 Main pot $1.98. Side pot $2.24. | Rake $0.15 
Board [5s 6s 9d 7d Qh]
Seat 1: kanatakk folded before Flop (didn't bet)
Seat 2: Dorex2007 (button) folded before Flop (didn't bet)
Seat 3: Tenorio422 (small blind) folded before Flop
Seat 4: Michael@1647 (big blind) showed [Js Jc] and lost with a pair of Jacks
Seat 5: edoschenko folded before Flop (didn't bet)
Seat 8: aczyku showed [8s 8d] and won ($1.98) with a straight, Five to Nine
Seat 9: MGLIMA99 showed [Ad Ah] and won ($2.24) with a pair of Aces



PokerStars Hand #232417009045:  Hold'em No Limit ($0.01/$0.02 USD) - 2021/12/21 17:37:17 PT [2021/12/21 20:37:17 ET]
Table 'Rosselia II' 9-max Seat #3 is the button
Seat 1: kanatakk ($2.82 in chips) 
Seat 2: Dorex2007 ($2 in chips) 
Seat 3: Tenorio422 ($4.10 in chips) 
Seat 4: Michael@1647 ($0.80 in chips) 
Seat 5: edoschenko ($1.87 in chips) 
Seat 8: aczyku ($1.98 in chips) 
Seat 9: MGLIMA99 ($3 in chips) 
Michael@1647: posts small blind $0.01
edoschenko: posts big blind $0.02
barrat33: sits out 
*** HOLE CARDS ***
Dealt to Dorex2007 [Jc 4s]
aczyku: folds 
MGLIMA99: folds 
kanatakk: folds 
Dorex2007: folds 
Tenorio422: folds 
Michael@1647: raises $0.04 to $0.06
edoschenko: folds 
Uncalled bet ($0.04) returned to Michael@1647
Michael@1647 collected $0.04 from pot
Michael@1647: doesn't show hand 
*** SUMMARY ***
Total pot $0.04 | Rake $0 
Seat 1: kanatakk folded before Flop (didn't bet)
Seat 2: Dorex2007 folded before Flop (didn't bet)
Seat 3: Tenorio422 (button) folded before Flop (didn't bet)
Seat 4: Michael@1647 (small blind) collected ($0.04)
Seat 5: edoschenko (big blind) folded before Flop
Seat 8: aczyku folded before Flop (didn't bet)
Seat 9: MGLIMA99 folded before Flop (didn't bet)



PokerStars Hand #232417014042:  Hold'em No Limit ($0.01/$0.02 USD) - 2021/12/21 17:37:34 PT [2021/12/21 20:37:34 ET]
Table 'Rosselia II' 9-max Seat #4 is the button
Seat 1: kanatakk ($2.82 in chips) 
Seat 2: Dorex2007 ($2 in chips) 
Seat 3: Tenorio422 ($4.10 in chips) 
Seat 4: Michael@1647 ($0.82 in chips) 
Seat 5: edoschenko ($1.85 in chips) 
Seat 6: barrat33 ($2.23 in chips) 
Seat 8: aczyku ($1.98 in chips) 
Seat 9: MGLIMA99 ($3 in chips) 
edoschenko: posts small blind $0.01
barrat33: posts big blind $0.02
*** HOLE CARDS ***
Dealt to Dorex2007 [Qc 5d]
aczyku: folds 
MGLIMA99: folds 
kanatakk: raises $0.04 to $0.06
Dorex2007: folds 
Tenorio422: folds 
Michael@1647: calls $0.06
edoschenko: folds 
barrat33: calls $0.04
*** FLOP *** [4c 6d Ah]
barrat33: checks 
kanatakk: checks 
Michael@1647: checks 
*** TURN *** [4c 6d Ah] [2s]
barrat33: bets $0.09
kanatakk: calls $0.09
Michael@1647: folds 
*** RIVER *** [4c 6d Ah 2s] [3c]
barrat33: bets $0.18
kanatakk: folds 
Uncalled bet ($0.18) returned to barrat33
barrat33 collected $0.36 from pot
barrat33: doesn't show hand 
*** SUMMARY ***
Total pot $0.37 | Rake $0.01 
Board [4c 6d Ah 2s 3c]
Seat 1: kanatakk folded on the River
Seat 2: Dorex2007 folded before Flop (didn't bet)
Seat 3: Tenorio422 folded before Flop (didn't bet)
Seat 4: Michael@1647 (button) folded on the Turn
Seat 5: edoschenko (small blind) folded before Flop
Seat 6: barrat33 (big blind) collected ($0.36)
Seat 8: aczyku folded before Flop (didn't bet)
Seat 9: MGLIMA99 folded before Flop (didn't bet)



PokerStars Hand #232417032614:  Hold'em No Limit ($0.01/$0.02 USD) - 2021/12/21 17:38:41 PT [2021/12/21 20:38:41 ET]
Table 'Rosselia II' 9-max Seat #5 is the button
Seat 1: kanatakk ($2.67 in chips) 
Seat 2: Dorex2007 ($2 in chips) 
Seat 3: Tenorio422 ($4.10 in chips) 
Seat 4: Michael@1647 ($0.80 in chips) 
Seat 5: edoschenko ($1.84 in chips) 
Seat 6: barrat33 ($2.44 in chips) 
Seat 8: aczyku ($1.98 in chips) 
Seat 9: MGLIMA99 ($3 in chips) 
barrat33: posts small blind $0.01
aczyku: posts big blind $0.02
*** HOLE CARDS ***
Dealt to Dorex2007 [3c 9h]
MGLIMA99: folds 
kanatakk: folds 
Dorex2007: folds 
Tenorio422: raises $0.04 to $0.06
Michael@1647: folds 
edoschenko: calls $0.06
barrat33: calls $0.05
aczyku: folds 
*** FLOP *** [6c 7c 8c]
barrat33: checks 
Tenorio422: bets $0.19
edoschenko: folds 
barrat33: folds 
Uncalled bet ($0.19) returned to Tenorio422
Tenorio422 collected $0.19 from pot
*** SUMMARY ***
Total pot $0.20 | Rake $0.01 
Board [6c 7c 8c]
Seat 1: kanatakk folded before Flop (didn't bet)
Seat 2: Dorex2007 folded before Flop (didn't bet)
Seat 3: Tenorio422 collected ($0.19)
Seat 4: Michael@1647 folded before Flop (didn't bet)
Seat 5: edoschenko (button) folded on the Flop
Seat 6: barrat33 (small blind) folded on the Flop
Seat 8: aczyku (big blind) folded before Flop
Seat 9: MGLIMA99 folded before Flop (didn't bet)



PokerStars Hand #232417040721:  Hold'em No Limit ($0.01/$0.02 USD) - 2021/12/21 17:39:11 PT [2021/12/21 20:39:11 ET]
Table 'Rosselia II' 9-max Seat #6 is the button
Seat 1: kanatakk ($2.67 in chips) 
Seat 2: Dorex2007 ($2 in chips) 
Seat 3: Tenorio422 ($4.23 in chips) 
Seat 4: Michael@1647 ($0.80 in chips) 
Seat 5: edoschenko ($1.78 in chips) 
Seat 6: barrat33 ($2.38 in chips) 
Seat 8: aczyku ($1.96 in chips) 
Seat 9: MGLIMA99 ($3 in chips) 
aczyku: posts small blind $0.01
MGLIMA99: posts big blind $0.02
*** HOLE CARDS ***
Dealt to Dorex2007 [9h 7s]
kanatakk: folds 
Dorex2007: folds 
Tenorio422: folds 
Michael@1647: folds 
edoschenko: folds 
barrat33: raises $0.02 to $0.04
aczyku: calls $0.03
MGLIMA99: calls $0.02
*** FLOP *** [Ad 7d Kh]
aczyku: bets $0.06
MGLIMA99: folds 
barrat33: folds 
Uncalled bet ($0.06) returned to aczyku
aczyku collected $0.12 from pot
aczyku: doesn't show hand 
*** SUMMARY ***
Total pot $0.12 | Rake $0 
Board [Ad 7d Kh]
Seat 1: kanatakk folded before Flop (didn't bet)
Seat 2: Dorex2007 folded before Flop (didn't bet)
Seat 3: Tenorio422 folded before Flop (didn't bet)
Seat 4: Michael@1647 folded before Flop (didn't bet)
Seat 5: edoschenko folded before Flop (didn't bet)
Seat 6: barrat33 (button) folded on the Flop
Seat 8: aczyku (small blind) collected ($0.12)
Seat 9: MGLIMA99 (big blind) folded on the Flop



