PokerStars Hand #233117742718:  Hold'em No Limit ($0.01/$0.02 USD) - 2022/01/14 1:56:20 PT [2022/01/14 4:56:20 ET]
Table 'Adhara' 9-max Seat #5 is the button
Seat 1: NKaktus ($3.27 in chips) 
Seat 2: cronnan ($2.46 in chips) 
Seat 3: Dorex2007 ($2 in chips) 
Seat 4: SlavikPuha ($2.86 in chips) 
Seat 5: SOLDAT12RUS ($2.27 in chips) 
Seat 6: RodStormm ($1.62 in chips) 
Seat 7: skgolem ($0.65 in chips) 
Seat 8: antibadbeat0 ($3.82 in chips) 
Seat 9: Gmaschington ($1.94 in chips) 
RodStormm: posts small blind $0.01
skgolem: posts big blind $0.02
Dorex2007: posts big blind $0.02
*** HOLE CARDS ***
Dealt to Dorex2007 [Td Ks]
antibadbeat0: folds 
Gmaschington: folds 
NKaktus: folds 
cronnan: raises $0.07 to $0.09
Dorex2007: folds 
SlavikPuha: folds 
SOLDAT12RUS: calls $0.09
RodStormm: folds 
skgolem: folds 
*** FLOP *** [Js Kd 3d]
cronnan: bets $0.11
SOLDAT12RUS: calls $0.11
*** TURN *** [Js Kd 3d] [Kh]
cronnan: checks 
SOLDAT12RUS: bets $0.13
cronnan: calls $0.13
*** RIVER *** [Js Kd 3d Kh] [7c]
cronnan: checks 
SOLDAT12RUS: bets $0.21
cronnan: folds 
Uncalled bet ($0.21) returned to SOLDAT12RUS
SOLDAT12RUS collected $0.69 from pot
SOLDAT12RUS: doesn't show hand 
*** SUMMARY ***
Total pot $0.71 | Rake $0.02 
Board [Js Kd 3d Kh 7c]
Seat 1: NKaktus folded before Flop (didn't bet)
Seat 2: cronnan folded on the River
Seat 3: Dorex2007 folded before Flop (didn't bet)
Seat 4: SlavikPuha folded before Flop (didn't bet)
Seat 5: SOLDAT12RUS (button) collected ($0.69)
Seat 6: RodStormm (small blind) folded before Flop
Seat 7: skgolem (big blind) folded before Flop
Seat 8: antibadbeat0 folded before Flop (didn't bet)
Seat 9: Gmaschington folded before Flop (didn't bet)



PokerStars Hand #233117751052:  Hold'em No Limit ($0.01/$0.02 USD) - 2022/01/14 1:57:03 PT [2022/01/14 4:57:03 ET]
Table 'Adhara' 9-max Seat #6 is the button
Seat 1: NKaktus ($3.27 in chips) 
Seat 2: cronnan ($2.13 in chips) 
Seat 3: Dorex2007 ($2 in chips) 
Seat 4: SlavikPuha ($2.86 in chips) 
Seat 5: SOLDAT12RUS ($2.63 in chips) 
Seat 6: RodStormm ($1.61 in chips) 
Seat 7: skgolem ($0.63 in chips) 
Seat 8: antibadbeat0 ($3.82 in chips) 
Seat 9: Gmaschington ($1.94 in chips) 
skgolem: posts small blind $0.01
antibadbeat0: posts big blind $0.02
*** HOLE CARDS ***
Dealt to Dorex2007 [6d Ts]
Gmaschington: folds 
NKaktus: folds 
cronnan: folds 
Dorex2007: folds 
SlavikPuha: raises $0.04 to $0.06
SOLDAT12RUS: folds 
RodStormm: folds 
skgolem: folds 
antibadbeat0: calls $0.04
*** FLOP *** [2s 3s 9d]
antibadbeat0: checks 
SlavikPuha: checks 
*** TURN *** [2s 3s 9d] [2d]
antibadbeat0: bets $0.06
SlavikPuha: folds 
Uncalled bet ($0.06) returned to antibadbeat0
antibadbeat0 collected $0.13 from pot
antibadbeat0: doesn't show hand 
*** SUMMARY ***
Total pot $0.13 | Rake $0 
Board [2s 3s 9d 2d]
Seat 1: NKaktus folded before Flop (didn't bet)
Seat 2: cronnan folded before Flop (didn't bet)
Seat 3: Dorex2007 folded before Flop (didn't bet)
Seat 4: SlavikPuha folded on the Turn
Seat 5: SOLDAT12RUS folded before Flop (didn't bet)
Seat 6: RodStormm (button) folded before Flop (didn't bet)
Seat 7: skgolem (small blind) folded before Flop
Seat 8: antibadbeat0 (big blind) collected ($0.13)
Seat 9: Gmaschington folded before Flop (didn't bet)



PokerStars Hand #233117756027:  Hold'em No Limit ($0.01/$0.02 USD) - 2022/01/14 1:57:29 PT [2022/01/14 4:57:29 ET]
Table 'Adhara' 9-max Seat #7 is the button
Seat 1: NKaktus ($3.27 in chips) 
Seat 2: cronnan ($2.13 in chips) 
Seat 3: Dorex2007 ($2 in chips) 
Seat 4: SlavikPuha ($2.80 in chips) 
Seat 5: SOLDAT12RUS ($2.63 in chips) 
Seat 6: RodStormm ($1.61 in chips) 
Seat 7: skgolem ($0.62 in chips) 
Seat 8: antibadbeat0 ($3.89 in chips) 
Seat 9: Gmaschington ($1.94 in chips) 
antibadbeat0: posts small blind $0.01
Gmaschington: posts big blind $0.02
*** HOLE CARDS ***
Dealt to Dorex2007 [5c 8c]
NKaktus: calls $0.02
cronnan: folds 
Dorex2007: folds 
SlavikPuha: folds 
SOLDAT12RUS: calls $0.02
RodStormm: folds 
skgolem: calls $0.02
antibadbeat0: folds 
Gmaschington: checks 
*** FLOP *** [4s Kh 8s]
Gmaschington: checks 
NKaktus: checks 
SOLDAT12RUS: checks 
skgolem: checks 
*** TURN *** [4s Kh 8s] [7d]
Gmaschington: checks 
NKaktus: checks 
SOLDAT12RUS: checks 
skgolem: checks 
*** RIVER *** [4s Kh 8s 7d] [Jc]
Gmaschington: checks 
NKaktus: checks 
SOLDAT12RUS: checks 
skgolem: checks 
*** SHOW DOWN ***
Gmaschington: shows [9c 7c] (a pair of Sevens)
NKaktus: mucks hand 
SOLDAT12RUS: mucks hand 
skgolem: shows [8h Ah] (a pair of Eights)
skgolem collected $0.09 from pot
*** SUMMARY ***
Total pot $0.09 | Rake $0 
Board [4s Kh 8s 7d Jc]
Seat 1: NKaktus mucked [2d Ad]
Seat 2: cronnan folded before Flop (didn't bet)
Seat 3: Dorex2007 folded before Flop (didn't bet)
Seat 4: SlavikPuha folded before Flop (didn't bet)
Seat 5: SOLDAT12RUS mucked [6s Ac]
Seat 6: RodStormm folded before Flop (didn't bet)
Seat 7: skgolem (button) showed [8h Ah] and won ($0.09) with a pair of Eights
Seat 8: antibadbeat0 (small blind) folded before Flop
Seat 9: Gmaschington (big blind) showed [9c 7c] and lost with a pair of Sevens



PokerStars Hand #233117764634:  Hold'em No Limit ($0.01/$0.02 USD) - 2022/01/14 1:58:14 PT [2022/01/14 4:58:14 ET]
Table 'Adhara' 9-max Seat #8 is the button
Seat 1: NKaktus ($3.25 in chips) 
Seat 2: cronnan ($2.13 in chips) 
Seat 3: Dorex2007 ($2 in chips) 
Seat 4: SlavikPuha ($2.80 in chips) 
Seat 5: SOLDAT12RUS ($2.61 in chips) 
Seat 6: RodStormm ($1.61 in chips) 
Seat 7: skgolem ($0.69 in chips) 
Seat 8: antibadbeat0 ($3.88 in chips) 
Seat 9: Gmaschington ($1.92 in chips) 
Gmaschington: posts small blind $0.01
NKaktus: posts big blind $0.02
*** HOLE CARDS ***
Dealt to Dorex2007 [Kh Js]
cronnan: folds 
Dorex2007: folds 
SlavikPuha: folds 
SOLDAT12RUS: folds 
RodStormm: folds 
skgolem: folds 
antibadbeat0: raises $0.04 to $0.06
Gmaschington: folds 
NKaktus: folds 
Uncalled bet ($0.04) returned to antibadbeat0
antibadbeat0 collected $0.05 from pot
antibadbeat0: doesn't show hand 
*** SUMMARY ***
Total pot $0.05 | Rake $0 
Seat 1: NKaktus (big blind) folded before Flop
Seat 2: cronnan folded before Flop (didn't bet)
Seat 3: Dorex2007 folded before Flop (didn't bet)
Seat 4: SlavikPuha folded before Flop (didn't bet)
Seat 5: SOLDAT12RUS folded before Flop (didn't bet)
Seat 6: RodStormm folded before Flop (didn't bet)
Seat 7: skgolem folded before Flop (didn't bet)
Seat 8: antibadbeat0 (button) collected ($0.05)
Seat 9: Gmaschington (small blind) folded before Flop



PokerStars Hand #233117768633:  Hold'em No Limit ($0.01/$0.02 USD) - 2022/01/14 1:58:35 PT [2022/01/14 4:58:35 ET]
Table 'Adhara' 9-max Seat #9 is the button
Seat 1: NKaktus ($3.23 in chips) 
Seat 2: cronnan ($2.13 in chips) 
Seat 3: Dorex2007 ($2 in chips) 
Seat 4: SlavikPuha ($2.80 in chips) 
Seat 5: SOLDAT12RUS ($2.61 in chips) 
Seat 6: RodStormm ($1.61 in chips) 
Seat 7: skgolem ($0.69 in chips) 
Seat 8: antibadbeat0 ($3.91 in chips) 
Seat 9: Gmaschington ($1.91 in chips) 
NKaktus: posts small blind $0.01
cronnan: posts big blind $0.02
*** HOLE CARDS ***
Dealt to Dorex2007 [7d Kc]
Dorex2007: folds 
SlavikPuha: folds 
SOLDAT12RUS: calls $0.02
RodStormm: folds 
skgolem: folds 
antibadbeat0: folds 
Gmaschington: folds 
NKaktus: calls $0.01
cronnan: checks 
*** FLOP *** [2h 5s 7s]
NKaktus: checks 
cronnan: bets $0.06
SOLDAT12RUS: folds 
NKaktus: folds 
Uncalled bet ($0.06) returned to cronnan
cronnan collected $0.06 from pot
cronnan: doesn't show hand 
*** SUMMARY ***
Total pot $0.06 | Rake $0 
Board [2h 5s 7s]
Seat 1: NKaktus (small blind) folded on the Flop
Seat 2: cronnan (big blind) collected ($0.06)
Seat 3: Dorex2007 folded before Flop (didn't bet)
Seat 4: SlavikPuha folded before Flop (didn't bet)
Seat 5: SOLDAT12RUS folded on the Flop
Seat 6: RodStormm folded before Flop (didn't bet)
Seat 7: skgolem folded before Flop (didn't bet)
Seat 8: antibadbeat0 folded before Flop (didn't bet)
Seat 9: Gmaschington (button) folded before Flop (didn't bet)



PokerStars Hand #233117772802:  Hold'em No Limit ($0.01/$0.02 USD) - 2022/01/14 1:58:56 PT [2022/01/14 4:58:56 ET]
Table 'Adhara' 9-max Seat #1 is the button
Seat 1: NKaktus ($3.21 in chips) 
Seat 2: cronnan ($2.17 in chips) 
Seat 3: Dorex2007 ($2 in chips) 
Seat 4: SlavikPuha ($2.80 in chips) 
Seat 5: SOLDAT12RUS ($2.59 in chips) 
Seat 6: RodStormm ($1.61 in chips) 
Seat 7: skgolem ($0.69 in chips) 
Seat 8: antibadbeat0 ($3.91 in chips) 
Seat 9: Gmaschington ($1.91 in chips) 
cronnan: posts small blind $0.01
Dorex2007: posts big blind $0.02
*** HOLE CARDS ***
Dealt to Dorex2007 [Jd 7d]
SlavikPuha: folds 
SOLDAT12RUS: folds 
RodStormm: folds 
skgolem: folds 
antibadbeat0: folds 
Gmaschington: folds 
NKaktus: calls $0.02
cronnan: folds 
Dorex2007: checks 
*** FLOP *** [4d 9s 6d]
Dorex2007: checks 
NKaktus: bets $0.04
Dorex2007: calls $0.04
*** TURN *** [4d 9s 6d] [3c]
Dorex2007: bets $0.07
NKaktus: calls $0.07
*** RIVER *** [4d 9s 6d 3c] [3d]
Dorex2007: bets $0.26
NKaktus: calls $0.26
*** SHOW DOWN ***
Dorex2007: shows [Jd 7d] (a flush, Jack high)
NKaktus: mucks hand 
Dorex2007 collected $0.76 from pot
*** SUMMARY ***
Total pot $0.79 | Rake $0.03 
Board [4d 9s 6d 3c 3d]
Seat 1: NKaktus (button) mucked [8d 9d]
Seat 2: cronnan (small blind) folded before Flop
Seat 3: Dorex2007 (big blind) showed [Jd 7d] and won ($0.76) with a flush, Jack high
Seat 4: SlavikPuha folded before Flop (didn't bet)
Seat 5: SOLDAT12RUS folded before Flop (didn't bet)
Seat 6: RodStormm folded before Flop (didn't bet)
Seat 7: skgolem folded before Flop (didn't bet)
Seat 8: antibadbeat0 folded before Flop (didn't bet)
Seat 9: Gmaschington folded before Flop (didn't bet)



PokerStars Hand #233117778504:  Hold'em No Limit ($0.01/$0.02 USD) - 2022/01/14 1:59:26 PT [2022/01/14 4:59:26 ET]
Table 'Adhara' 9-max Seat #2 is the button
Seat 1: NKaktus ($2.82 in chips) 
Seat 2: cronnan ($2.16 in chips) 
Seat 3: Dorex2007 ($2.37 in chips) 
Seat 4: SlavikPuha ($2.80 in chips) 
Seat 5: SOLDAT12RUS ($2.59 in chips) 
Seat 6: RodStormm ($1.61 in chips) 
Seat 7: skgolem ($0.69 in chips) 
Seat 8: antibadbeat0 ($3.91 in chips) 
Seat 9: Gmaschington ($1.91 in chips) 
Dorex2007: posts small blind $0.01
SlavikPuha: posts big blind $0.02
*** HOLE CARDS ***
Dealt to Dorex2007 [Kc 8s]
SOLDAT12RUS: folds 
RodStormm: folds 
skgolem: folds 
antibadbeat0: raises $0.04 to $0.06
Gmaschington: folds 
NKaktus: folds 
cronnan: calls $0.06
Dorex2007: folds 
SlavikPuha: folds 
*** FLOP *** [Qc 6h 6d]
antibadbeat0: bets $0.06
cronnan: raises $0.06 to $0.12
antibadbeat0: calls $0.06
*** TURN *** [Qc 6h 6d] [Qd]
antibadbeat0: checks 
cronnan: checks 
*** RIVER *** [Qc 6h 6d Qd] [3c]
antibadbeat0: bets $0.27
cronnan: calls $0.27
*** SHOW DOWN ***
antibadbeat0: shows [Js Qs] (a full house, Queens full of Sixes)
cronnan: mucks hand 
antibadbeat0 collected $0.90 from pot
*** SUMMARY ***
Total pot $0.93 | Rake $0.03 
Board [Qc 6h 6d Qd 3c]
Seat 1: NKaktus folded before Flop (didn't bet)
Seat 2: cronnan (button) mucked [6s Ts]
Seat 3: Dorex2007 (small blind) folded before Flop
Seat 4: SlavikPuha (big blind) folded before Flop
Seat 5: SOLDAT12RUS folded before Flop (didn't bet)
Seat 6: RodStormm folded before Flop (didn't bet)
Seat 7: skgolem folded before Flop (didn't bet)
Seat 8: antibadbeat0 showed [Js Qs] and won ($0.90) with a full house, Queens full of Sixes
Seat 9: Gmaschington folded before Flop (didn't bet)



PokerStars Hand #233117787253:  Hold'em No Limit ($0.01/$0.02 USD) - 2022/01/14 2:00:12 PT [2022/01/14 5:00:12 ET]
Table 'Adhara' 9-max Seat #3 is the button
Seat 1: NKaktus ($2.82 in chips) 
Seat 2: cronnan ($1.71 in chips) 
Seat 3: Dorex2007 ($2.36 in chips) 
Seat 4: SlavikPuha ($2.78 in chips) 
Seat 5: SOLDAT12RUS ($2.59 in chips) 
Seat 6: RodStormm ($1.61 in chips) 
Seat 7: skgolem ($0.69 in chips) 
Seat 8: antibadbeat0 ($4.36 in chips) 
Seat 9: Gmaschington ($1.91 in chips) 
SlavikPuha: posts small blind $0.01
SOLDAT12RUS: posts big blind $0.02
*** HOLE CARDS ***
Dealt to Dorex2007 [Kd Kh]
RodStormm: folds 
skgolem: folds 
antibadbeat0: folds 
Gmaschington: folds 
NKaktus: folds 
cronnan: folds 
Dorex2007: raises $0.04 to $0.06
SlavikPuha: folds 
SOLDAT12RUS: calls $0.04
*** FLOP *** [4s 9h 6h]
SOLDAT12RUS: bets $0.05
Dorex2007: raises $0.23 to $0.28
SOLDAT12RUS: raises $2.25 to $2.53 and is all-in
Dorex2007: calls $2.02 and is all-in
Uncalled bet ($0.23) returned to SOLDAT12RUS
*** TURN *** [4s 9h 6h] [7c]
*** RIVER *** [4s 9h 6h 7c] [8s]
*** SHOW DOWN ***
SOLDAT12RUS: shows [8h Th] (a straight, Six to Ten)
Dorex2007: shows [Kd Kh] (a pair of Kings)
SOLDAT12RUS collected $4.56 from pot
Dorex2007 cashed out the hand for $2.55 | Cash Out Fee $0.03
*** SUMMARY ***
Total pot $4.73 | Rake $0.17 
Board [4s 9h 6h 7c 8s]
Seat 1: NKaktus folded before Flop (didn't bet)
Seat 2: cronnan folded before Flop (didn't bet)
Seat 3: Dorex2007 (button) showed [Kd Kh] and lost with a pair of Kings (cashed out).
Seat 4: SlavikPuha (small blind) folded before Flop
Seat 5: SOLDAT12RUS (big blind) showed [8h Th] and won ($4.56) with a straight, Six to Ten
Seat 6: RodStormm folded before Flop (didn't bet)
Seat 7: skgolem folded before Flop (didn't bet)
Seat 8: antibadbeat0 folded before Flop (didn't bet)
Seat 9: Gmaschington folded before Flop (didn't bet)



PokerStars Hand #233117796355:  Hold'em No Limit ($0.01/$0.02 USD) - 2022/01/14 2:00:56 PT [2022/01/14 5:00:56 ET]
Table 'Adhara' 9-max Seat #4 is the button
Seat 1: NKaktus ($2.82 in chips) 
Seat 2: cronnan ($1.71 in chips) 
Seat 3: Dorex2007 ($2.55 in chips) 
Seat 4: SlavikPuha ($2.77 in chips) 
Seat 5: SOLDAT12RUS ($4.79 in chips) 
Seat 6: RodStormm ($1.61 in chips) 
Seat 7: skgolem ($0.69 in chips) 
Seat 8: antibadbeat0 ($4.36 in chips) 
Seat 9: Gmaschington ($1.91 in chips) 
SOLDAT12RUS: posts small blind $0.01
RodStormm: posts big blind $0.02
*** HOLE CARDS ***
Dealt to Dorex2007 [8c Ah]
skgolem: folds 
antibadbeat0: folds 
Gmaschington: raises $0.04 to $0.06
NKaktus: folds 
cronnan: folds 
Dorex2007: folds 
SlavikPuha: folds 
SOLDAT12RUS: calls $0.05
RodStormm: calls $0.04
*** FLOP *** [8d Kd As]
SOLDAT12RUS: bets $0.05
RodStormm: calls $0.05
Gmaschington: folds 
*** TURN *** [8d Kd As] [4s]
SOLDAT12RUS: bets $0.11
RodStormm: calls $0.11
*** RIVER *** [8d Kd As 4s] [Tc]
SOLDAT12RUS: checks 
RodStormm: checks 
*** SHOW DOWN ***
SOLDAT12RUS: shows [Jd Td] (a pair of Tens)
RodStormm: mucks hand 
SOLDAT12RUS collected $0.48 from pot
*** SUMMARY ***
Total pot $0.50 | Rake $0.02 
Board [8d Kd As 4s Tc]
Seat 1: NKaktus folded before Flop (didn't bet)
Seat 2: cronnan folded before Flop (didn't bet)
Seat 3: Dorex2007 folded before Flop (didn't bet)
Seat 4: SlavikPuha (button) folded before Flop (didn't bet)
Seat 5: SOLDAT12RUS (small blind) showed [Jd Td] and won ($0.48) with a pair of Tens
Seat 6: RodStormm (big blind) mucked [Qs 8s]
Seat 7: skgolem folded before Flop (didn't bet)
Seat 8: antibadbeat0 folded before Flop (didn't bet)
Seat 9: Gmaschington folded on the Flop



PokerStars Hand #233117805947:  Hold'em No Limit ($0.01/$0.02 USD) - 2022/01/14 2:01:38 PT [2022/01/14 5:01:38 ET]
Table 'Adhara' 9-max Seat #5 is the button
Seat 1: NKaktus ($2.82 in chips) 
Seat 2: cronnan ($1.71 in chips) 
Seat 3: Dorex2007 ($2.55 in chips) 
Seat 4: SlavikPuha ($2.77 in chips) 
Seat 5: SOLDAT12RUS ($5.05 in chips) 
Seat 6: RodStormm ($1.39 in chips) 
Seat 7: skgolem ($0.69 in chips) 
Seat 8: antibadbeat0 ($4.36 in chips) 
Seat 9: Gmaschington ($1.85 in chips) 
RodStormm: posts small blind $0.01
skgolem: posts big blind $0.02
*** HOLE CARDS ***
Dealt to Dorex2007 [Tc Td]
antibadbeat0: folds 
Gmaschington: calls $0.02
NKaktus: folds 
cronnan: folds 
Dorex2007: calls $0.02
SlavikPuha: raises $0.14 to $0.16
SOLDAT12RUS: folds 
RodStormm: folds 
skgolem: folds 
Gmaschington: folds 
Dorex2007: folds 
Uncalled bet ($0.14) returned to SlavikPuha
SlavikPuha collected $0.09 from pot
SlavikPuha: doesn't show hand 
*** SUMMARY ***
Total pot $0.09 | Rake $0 
Seat 1: NKaktus folded before Flop (didn't bet)
Seat 2: cronnan folded before Flop (didn't bet)
Seat 3: Dorex2007 folded before Flop
Seat 4: SlavikPuha collected ($0.09)
Seat 5: SOLDAT12RUS (button) folded before Flop (didn't bet)
Seat 6: RodStormm (small blind) folded before Flop
Seat 7: skgolem (big blind) folded before Flop
Seat 8: antibadbeat0 folded before Flop (didn't bet)
Seat 9: Gmaschington folded before Flop



PokerStars Hand #233117812861:  Hold'em No Limit ($0.01/$0.02 USD) - 2022/01/14 2:02:08 PT [2022/01/14 5:02:08 ET]
Table 'Adhara' 9-max Seat #6 is the button
Seat 1: NKaktus ($2.82 in chips) 
Seat 2: cronnan ($1.71 in chips) 
Seat 3: Dorex2007 ($2.53 in chips) 
Seat 4: SlavikPuha ($2.84 in chips) 
Seat 5: SOLDAT12RUS ($5.05 in chips) 
Seat 6: RodStormm ($1.38 in chips) 
Seat 7: skgolem ($0.67 in chips) 
Seat 8: antibadbeat0 ($4.36 in chips) 
Seat 9: Gmaschington ($1.83 in chips) 
skgolem: posts small blind $0.01
antibadbeat0: posts big blind $0.02
*** HOLE CARDS ***
Dealt to Dorex2007 [7s 3h]
Gmaschington: folds 
NKaktus: folds 
cronnan: folds 
Dorex2007: folds 
SlavikPuha: folds 
SOLDAT12RUS: folds 
SOLDAT12RUS leaves the table
RodStormm: raises $0.02 to $0.04
skgolem: folds 
dazza12373 joins the table at seat #5 
antibadbeat0: calls $0.02
*** FLOP *** [2h 4c Ah]
antibadbeat0: checks 
RodStormm: checks 
*** TURN *** [2h 4c Ah] [Kh]
antibadbeat0: checks 
RodStormm: checks 
*** RIVER *** [2h 4c Ah Kh] [2c]
antibadbeat0: checks 
RodStormm: checks 
*** SHOW DOWN ***
antibadbeat0: shows [Td 9s] (a pair of Deuces)
RodStormm: shows [Qd Jh] (a pair of Deuces - Ace+King+Queen kicker)
RodStormm collected $0.09 from pot
*** SUMMARY ***
Total pot $0.09 | Rake $0 
Board [2h 4c Ah Kh 2c]
Seat 1: NKaktus folded before Flop (didn't bet)
Seat 2: cronnan folded before Flop (didn't bet)
Seat 3: Dorex2007 folded before Flop (didn't bet)
Seat 4: SlavikPuha folded before Flop (didn't bet)
Seat 5: SOLDAT12RUS folded before Flop (didn't bet)
Seat 6: RodStormm (button) showed [Qd Jh] and won ($0.09) with a pair of Deuces
Seat 7: skgolem (small blind) folded before Flop
Seat 8: antibadbeat0 (big blind) showed [Td 9s] and lost with a pair of Deuces
Seat 9: Gmaschington folded before Flop (didn't bet)



PokerStars Hand #233117821743:  Hold'em No Limit ($0.01/$0.02 USD) - 2022/01/14 2:02:46 PT [2022/01/14 5:02:46 ET]
Table 'Adhara' 9-max Seat #7 is the button
Seat 1: NKaktus ($2.82 in chips) 
Seat 2: cronnan ($1.71 in chips) 
Seat 3: Dorex2007 ($2.53 in chips) 
Seat 4: SlavikPuha ($2.84 in chips) 
Seat 5: dazza12373 ($4.91 in chips) 
Seat 6: RodStormm ($1.43 in chips) 
Seat 7: skgolem ($0.66 in chips) 
Seat 8: antibadbeat0 ($4.32 in chips) 
Seat 9: Gmaschington ($1.83 in chips) 
antibadbeat0: posts small blind $0.01
Gmaschington: posts big blind $0.02
dazza12373: posts big blind $0.02
*** HOLE CARDS ***
Dealt to Dorex2007 [5c 5h]
NKaktus: folds 
cronnan: folds 
Dorex2007: calls $0.02
SlavikPuha: folds 
dazza12373: checks 
RodStormm: folds 
skgolem: folds 
antibadbeat0: calls $0.01
Gmaschington: checks 
*** FLOP *** [Ts Jh 9c]
antibadbeat0: checks 
Gmaschington: checks 
Dorex2007: checks 
dazza12373: checks 
*** TURN *** [Ts Jh 9c] [7d]
antibadbeat0: checks 
Gmaschington: checks 
Dorex2007: checks 
dazza12373: bets $0.04
antibadbeat0: calls $0.04
Gmaschington: folds 
Dorex2007: folds 
*** RIVER *** [Ts Jh 9c 7d] [Ah]
antibadbeat0: checks 
dazza12373: checks 
*** SHOW DOWN ***
antibadbeat0: shows [6d Js] (a pair of Jacks)
dazza12373: shows [2d 8c] (a straight, Seven to Jack)
dazza12373 collected $0.15 from pot
*** SUMMARY ***
Total pot $0.16 | Rake $0.01 
Board [Ts Jh 9c 7d Ah]
Seat 1: NKaktus folded before Flop (didn't bet)
Seat 2: cronnan folded before Flop (didn't bet)
Seat 3: Dorex2007 folded on the Turn
Seat 4: SlavikPuha folded before Flop (didn't bet)
Seat 5: dazza12373 showed [2d 8c] and won ($0.15) with a straight, Seven to Jack
Seat 6: RodStormm folded before Flop (didn't bet)
Seat 7: skgolem (button) folded before Flop (didn't bet)
Seat 8: antibadbeat0 (small blind) showed [6d Js] and lost with a pair of Jacks
Seat 9: Gmaschington (big blind) folded on the Turn



PokerStars Hand #233117839305:  Hold'em No Limit ($0.01/$0.02 USD) - 2022/01/14 2:04:02 PT [2022/01/14 5:04:02 ET]
Table 'Adhara' 9-max Seat #8 is the button
Seat 1: NKaktus ($2.82 in chips) 
Seat 2: cronnan ($1.71 in chips) 
Seat 3: Dorex2007 ($2.51 in chips) 
Seat 4: SlavikPuha ($2.84 in chips) 
Seat 5: dazza12373 ($5 in chips) 
Seat 6: RodStormm ($1.43 in chips) 
Seat 7: skgolem ($0.66 in chips) 
Seat 8: antibadbeat0 ($4.26 in chips) 
Seat 9: Gmaschington ($1.81 in chips) 
Gmaschington: posts small blind $0.01
NKaktus: posts big blind $0.02
*** HOLE CARDS ***
Dealt to Dorex2007 [Ah Qd]
cronnan: folds 
Dorex2007: raises $0.04 to $0.06
SlavikPuha: folds 
dazza12373: folds 
RodStormm: folds 
skgolem: folds 
antibadbeat0: folds 
Gmaschington: folds 
NKaktus: calls $0.04
*** FLOP *** [3s As 5c]
dazza12373 leaves the table
NKaktus: checks 
Dorex2007: bets $0.13
NKaktus: folds 
Uncalled bet ($0.13) returned to Dorex2007
Dorex2007 collected $0.13 from pot
Dorex2007: doesn't show hand 
*** SUMMARY ***
Total pot $0.13 | Rake $0 
Board [3s As 5c]
Seat 1: NKaktus (big blind) folded on the Flop
Seat 2: cronnan folded before Flop (didn't bet)
Seat 3: Dorex2007 collected ($0.13)
Seat 4: SlavikPuha folded before Flop (didn't bet)
Seat 5: dazza12373 folded before Flop (didn't bet)
Seat 6: RodStormm folded before Flop (didn't bet)
Seat 7: skgolem folded before Flop (didn't bet)
Seat 8: antibadbeat0 (button) folded before Flop (didn't bet)
Seat 9: Gmaschington (small blind) folded before Flop



PokerStars Hand #233117844515:  Hold'em No Limit ($0.01/$0.02 USD) - 2022/01/14 2:04:25 PT [2022/01/14 5:04:25 ET]
Table 'Adhara' 9-max Seat #9 is the button
Seat 1: NKaktus ($2.76 in chips) 
Seat 2: cronnan ($1.71 in chips) 
Seat 3: Dorex2007 ($2.58 in chips) 
Seat 4: SlavikPuha ($2.84 in chips) 
Seat 6: RodStormm ($1.43 in chips) 
Seat 7: skgolem ($0.66 in chips) 
Seat 8: antibadbeat0 ($4.26 in chips) 
Seat 9: Gmaschington ($1.80 in chips) 
NKaktus: posts small blind $0.01
cronnan: posts big blind $0.02
*** HOLE CARDS ***
Dealt to Dorex2007 [6d 9c]
7Aries777 joins the table at seat #5 
Dorex2007: folds 
SlavikPuha: folds 
RodStormm: raises $1.41 to $1.43 and is all-in
skgolem: folds 
antibadbeat0: folds 
Gmaschington: folds 
NKaktus: folds 
cronnan: folds 
Uncalled bet ($1.41) returned to RodStormm
RodStormm collected $0.05 from pot
RodStormm: doesn't show hand 
*** SUMMARY ***
Total pot $0.05 | Rake $0 
Seat 1: NKaktus (small blind) folded before Flop
Seat 2: cronnan (big blind) folded before Flop
Seat 3: Dorex2007 folded before Flop (didn't bet)
Seat 4: SlavikPuha folded before Flop (didn't bet)
Seat 6: RodStormm collected ($0.05)
Seat 7: skgolem folded before Flop (didn't bet)
Seat 8: antibadbeat0 folded before Flop (didn't bet)
Seat 9: Gmaschington (button) folded before Flop (didn't bet)



PokerStars Hand #233117851081:  Hold'em No Limit ($0.01/$0.02 USD) - 2022/01/14 2:04:39 PT [2022/01/14 5:04:39 ET]
Table 'Adhara' 9-max Seat #1 is the button
Seat 1: NKaktus ($2.75 in chips) 
Seat 2: cronnan ($1.69 in chips) 
Seat 3: Dorex2007 ($2.58 in chips) 
Seat 4: SlavikPuha ($2.84 in chips) 
Seat 6: RodStormm ($1.46 in chips) 
Seat 7: skgolem ($0.66 in chips) 
Seat 8: antibadbeat0 ($4.26 in chips) 
Seat 9: Gmaschington ($1.80 in chips) 
cronnan: posts small blind $0.01
Dorex2007: posts big blind $0.02
7Aries777: sits out 
*** HOLE CARDS ***
Dealt to Dorex2007 [6d 6h]
SlavikPuha: folds 
RodStormm: folds 
skgolem: folds 
antibadbeat0: folds 
Gmaschington: folds 
NKaktus: folds 
cronnan: raises $0.04 to $0.06
Dorex2007: calls $0.04
*** FLOP *** [5h 3s 6s]
cronnan: bets $0.06
Dorex2007: raises $0.10 to $0.16
cronnan: calls $0.10
*** TURN *** [5h 3s 6s] [8d]
cronnan: checks 
Dorex2007: bets $0.42
Gmaschington leaves the table
cronnan: folds 
Uncalled bet ($0.42) returned to Dorex2007
Dorex2007 collected $0.42 from pot
Dorex2007: doesn't show hand 
*** SUMMARY ***
Total pot $0.44 | Rake $0.02 
Board [5h 3s 6s 8d]
Seat 1: NKaktus (button) folded before Flop (didn't bet)
Seat 2: cronnan (small blind) folded on the Turn
Seat 3: Dorex2007 (big blind) collected ($0.42)
Seat 4: SlavikPuha folded before Flop (didn't bet)
Seat 6: RodStormm folded before Flop (didn't bet)
Seat 7: skgolem folded before Flop (didn't bet)
Seat 8: antibadbeat0 folded before Flop (didn't bet)
Seat 9: Gmaschington folded before Flop (didn't bet)



PokerStars Hand #233117863556:  Hold'em No Limit ($0.01/$0.02 USD) - 2022/01/14 2:05:33 PT [2022/01/14 5:05:33 ET]
Table 'Adhara' 9-max Seat #2 is the button
Seat 1: NKaktus ($2.75 in chips) 
Seat 2: cronnan ($1.47 in chips) 
Seat 3: Dorex2007 ($2.78 in chips) 
Seat 4: SlavikPuha ($2.84 in chips) 
Seat 6: RodStormm ($1.46 in chips) 
Seat 7: skgolem ($0.66 in chips) 
Seat 8: antibadbeat0 ($4.26 in chips) 
Dorex2007: posts small blind $0.01
SlavikPuha: posts big blind $0.02
7Aries777: sits out 
*** HOLE CARDS ***
Dealt to Dorex2007 [2h 8d]
RodStormm: raises $0.02 to $0.04
skgolem: folds 
antibadbeat0: folds 
NKaktus: folds 
cronnan: folds 
Dorex2007: folds 
SlavikPuha: calls $0.02
*** FLOP *** [5h 7s 6s]
SlavikPuha: bets $0.05
RodStormm: calls $0.05
*** TURN *** [5h 7s 6s] [6d]
SlavikPuha: bets $0.09
RodStormm: calls $0.09
*** RIVER *** [5h 7s 6s 6d] [4c]
SlavikPuha: bets $0.12
RodStormm: folds 
Uncalled bet ($0.12) returned to SlavikPuha
SlavikPuha collected $0.36 from pot
SlavikPuha: doesn't show hand 
*** SUMMARY ***
Total pot $0.37 | Rake $0.01 
Board [5h 7s 6s 6d 4c]
Seat 1: NKaktus folded before Flop (didn't bet)
Seat 2: cronnan (button) folded before Flop (didn't bet)
Seat 3: Dorex2007 (small blind) folded before Flop
Seat 4: SlavikPuha (big blind) collected ($0.36)
Seat 6: RodStormm folded on the River
Seat 7: skgolem folded before Flop (didn't bet)
Seat 8: antibadbeat0 folded before Flop (didn't bet)



PokerStars Hand #233117870629:  Hold'em No Limit ($0.01/$0.02 USD) - 2022/01/14 2:06:03 PT [2022/01/14 5:06:03 ET]
Table 'Adhara' 9-max Seat #3 is the button
Seat 1: NKaktus ($2.75 in chips) 
Seat 2: cronnan ($1.47 in chips) 
Seat 3: Dorex2007 ($2.77 in chips) 
Seat 4: SlavikPuha ($3.02 in chips) 
Seat 5: 7Aries777 ($1.60 in chips) 
Seat 6: RodStormm ($1.28 in chips) 
Seat 7: skgolem ($0.66 in chips) 
Seat 8: antibadbeat0 ($4.26 in chips) 
SlavikPuha: posts small blind $0.01
7Aries777: posts big blind $0.02
*** HOLE CARDS ***
Dealt to Dorex2007 [8s 3d]
banzai 757 joins the table at seat #9 
RodStormm: folds 
skgolem: folds 
antibadbeat0: folds 
NKaktus: folds 
cronnan: folds 
Dorex2007: folds 
SlavikPuha: folds 
Uncalled bet ($0.01) returned to 7Aries777
7Aries777 collected $0.02 from pot
*** SUMMARY ***
Total pot $0.02 | Rake $0 
Seat 1: NKaktus folded before Flop (didn't bet)
Seat 2: cronnan folded before Flop (didn't bet)
Seat 3: Dorex2007 (button) folded before Flop (didn't bet)
Seat 4: SlavikPuha (small blind) folded before Flop
Seat 5: 7Aries777 (big blind) collected ($0.02)
Seat 6: RodStormm folded before Flop (didn't bet)
Seat 7: skgolem folded before Flop (didn't bet)
Seat 8: antibadbeat0 folded before Flop (didn't bet)



PokerStars Hand #233117873151:  Hold'em No Limit ($0.01/$0.02 USD) - 2022/01/14 2:06:14 PT [2022/01/14 5:06:14 ET]
Table 'Adhara' 9-max Seat #4 is the button
Seat 1: NKaktus ($2.75 in chips) 
Seat 2: cronnan ($1.47 in chips) 
Seat 3: Dorex2007 ($2.77 in chips) 
Seat 4: SlavikPuha ($3.01 in chips) 
Seat 5: 7Aries777 ($1.61 in chips) 
Seat 6: RodStormm ($1.28 in chips) 
Seat 7: skgolem ($0.66 in chips) 
Seat 8: antibadbeat0 ($4.26 in chips) 
7Aries777: posts small blind $0.01
RodStormm: posts big blind $0.02
banzai 757: sits out 
*** HOLE CARDS ***
Dealt to Dorex2007 [Ac 2d]
skgolem: folds 
antibadbeat0: raises $0.04 to $0.06
NKaktus: folds 
cronnan has timed out
cronnan: folds 
Dorex2007: folds 
SlavikPuha: folds 
7Aries777: folds 
RodStormm: calls $0.04
*** FLOP *** [Jh 2h As]
RodStormm: checks 
antibadbeat0: checks 
*** TURN *** [Jh 2h As] [5h]
RodStormm: checks 
antibadbeat0: checks 
*** RIVER *** [Jh 2h As 5h] [3s]
RodStormm: checks 
antibadbeat0: checks 
*** SHOW DOWN ***
RodStormm: shows [9d 9h] (a pair of Nines)
antibadbeat0: shows [Kd Ks] (a pair of Kings)
antibadbeat0 collected $0.13 from pot
*** SUMMARY ***
Total pot $0.13 | Rake $0 
Board [Jh 2h As 5h 3s]
Seat 1: NKaktus folded before Flop (didn't bet)
Seat 2: cronnan folded before Flop (didn't bet)
Seat 3: Dorex2007 folded before Flop (didn't bet)
Seat 4: SlavikPuha (button) folded before Flop (didn't bet)
Seat 5: 7Aries777 (small blind) folded before Flop
Seat 6: RodStormm (big blind) showed [9d 9h] and lost with a pair of Nines
Seat 7: skgolem folded before Flop (didn't bet)
Seat 8: antibadbeat0 showed [Kd Ks] and won ($0.13) with a pair of Kings



PokerStars Hand #233117883477:  Hold'em No Limit ($0.01/$0.02 USD) - 2022/01/14 2:06:58 PT [2022/01/14 5:06:58 ET]
Table 'Adhara' 9-max Seat #5 is the button
Seat 1: NKaktus ($2.75 in chips) 
Seat 2: cronnan ($1.47 in chips) 
Seat 3: Dorex2007 ($2.77 in chips) 
Seat 4: SlavikPuha ($3.01 in chips) 
Seat 5: 7Aries777 ($1.60 in chips) 
Seat 6: RodStormm ($1.22 in chips) 
Seat 7: skgolem ($0.66 in chips) 
Seat 8: antibadbeat0 ($4.33 in chips) 
RodStormm: posts small blind $0.01
skgolem: posts big blind $0.02
banzai 757: sits out 
*** HOLE CARDS ***
Dealt to Dorex2007 [Ks 2d]
antibadbeat0: folds 
NKaktus: calls $0.02
cronnan: raises $0.04 to $0.06
Dorex2007: folds 
SlavikPuha: folds 
7Aries777: folds 
RodStormm: folds 
skgolem: folds 
NKaktus: calls $0.04
*** FLOP *** [Js Kc 7s]
NKaktus: checks 
cronnan: checks 
*** TURN *** [Js Kc 7s] [8s]
NKaktus: bets $0.04
cronnan: folds 
Uncalled bet ($0.04) returned to NKaktus
NKaktus collected $0.14 from pot
NKaktus: doesn't show hand 
*** SUMMARY ***
Total pot $0.15 | Rake $0.01 
Board [Js Kc 7s 8s]
Seat 1: NKaktus collected ($0.14)
Seat 2: cronnan folded on the Turn
Seat 3: Dorex2007 folded before Flop (didn't bet)
Seat 4: SlavikPuha folded before Flop (didn't bet)
Seat 5: 7Aries777 (button) folded before Flop (didn't bet)
Seat 6: RodStormm (small blind) folded before Flop
Seat 7: skgolem (big blind) folded before Flop
Seat 8: antibadbeat0 folded before Flop (didn't bet)



PokerStars Hand #233117894067:  Hold'em No Limit ($0.01/$0.02 USD) - 2022/01/14 2:07:43 PT [2022/01/14 5:07:43 ET]
Table 'Adhara' 9-max Seat #6 is the button
Seat 1: NKaktus ($2.83 in chips) 
Seat 2: cronnan ($1.41 in chips) 
Seat 3: Dorex2007 ($2.77 in chips) 
Seat 4: SlavikPuha ($3.01 in chips) 
Seat 5: 7Aries777 ($1.60 in chips) 
Seat 6: RodStormm ($1.21 in chips) 
Seat 7: skgolem ($0.64 in chips) 
Seat 8: antibadbeat0 ($4.33 in chips) 
Seat 9: banzai 757 ($1.60 in chips) 
skgolem: posts small blind $0.01
antibadbeat0: posts big blind $0.02
banzai 757: posts big blind $0.02
*** HOLE CARDS ***
Dealt to Dorex2007 [9s 7s]
banzai 757: checks 
NKaktus: folds 
cronnan: raises $0.07 to $0.09
Dorex2007: folds 
SlavikPuha: folds 
7Aries777: folds 
RodStormm: calls $0.09
skgolem: folds 
antibadbeat0: folds 
banzai 757: folds 
*** FLOP *** [4d 5c 8c]
antibadbeat0 leaves the table
cronnan: bets $0.11
RodStormm: folds 
Uncalled bet ($0.11) returned to cronnan
cronnan collected $0.22 from pot
cronnan: doesn't show hand 
*** SUMMARY ***
Total pot $0.23 | Rake $0.01 
Board [4d 5c 8c]
Seat 1: NKaktus folded before Flop (didn't bet)
Seat 2: cronnan collected ($0.22)
Seat 3: Dorex2007 folded before Flop (didn't bet)
Seat 4: SlavikPuha folded before Flop (didn't bet)
Seat 5: 7Aries777 folded before Flop (didn't bet)
Seat 6: RodStormm (button) folded on the Flop
Seat 7: skgolem (small blind) folded before Flop
Seat 8: antibadbeat0 (big blind) folded before Flop
Seat 9: banzai 757 folded before Flop (didn't bet)



PokerStars Hand #233117899781:  Hold'em No Limit ($0.01/$0.02 USD) - 2022/01/14 2:08:07 PT [2022/01/14 5:08:07 ET]
Table 'Adhara' 9-max Seat #7 is the button
Seat 1: NKaktus ($2.83 in chips) 
Seat 2: cronnan ($1.54 in chips) 
Seat 3: Dorex2007 ($2.77 in chips) 
Seat 4: SlavikPuha ($3.01 in chips) 
Seat 5: 7Aries777 ($1.60 in chips) 
Seat 6: RodStormm ($1.12 in chips) 
Seat 7: skgolem ($0.63 in chips) 
Seat 9: banzai 757 ($1.58 in chips) 
banzai 757: posts small blind $0.01
NKaktus: posts big blind $0.02
*** HOLE CARDS ***
Dealt to Dorex2007 [9c Tc]
cronnan: folds 
Dorex2007: folds 
SlavikPuha: folds 
7Aries777: raises $0.02 to $0.04
RodStormm: folds 
skgolem: folds 
banzai 757: calls $0.03
NKaktus: calls $0.02
*** FLOP *** [7c 6h 3h]
banzai 757: bets $0.02
NKaktus: folds 
7Aries777: calls $0.02
*** TURN *** [7c 6h 3h] [Js]
banzai 757 is disconnected 
banzai 757 is connected 
banzai 757: checks 
dendi913 joins the table at seat #8 
7Aries777: checks 
*** RIVER *** [7c 6h 3h Js] [Ah]
banzai 757: checks 
7Aries777: bets $0.08
banzai 757: folds 
Uncalled bet ($0.08) returned to 7Aries777
7Aries777 collected $0.15 from pot
*** SUMMARY ***
Total pot $0.16 | Rake $0.01 
Board [7c 6h 3h Js Ah]
Seat 1: NKaktus (big blind) folded on the Flop
Seat 2: cronnan folded before Flop (didn't bet)
Seat 3: Dorex2007 folded before Flop (didn't bet)
Seat 4: SlavikPuha folded before Flop (didn't bet)
Seat 5: 7Aries777 collected ($0.15)
Seat 6: RodStormm folded before Flop (didn't bet)
Seat 7: skgolem (button) folded before Flop (didn't bet)
Seat 9: banzai 757 (small blind) folded on the River



PokerStars Hand #233117916224:  Hold'em No Limit ($0.01/$0.02 USD) - 2022/01/14 2:09:18 PT [2022/01/14 5:09:18 ET]
Table 'Adhara' 9-max Seat #9 is the button
Seat 1: NKaktus ($2.79 in chips) 
Seat 2: cronnan ($1.54 in chips) 
Seat 3: Dorex2007 ($2.77 in chips) 
Seat 4: SlavikPuha ($3.01 in chips) 
Seat 5: 7Aries777 ($1.69 in chips) 
Seat 6: RodStormm ($1.12 in chips) 
Seat 7: skgolem ($0.63 in chips) 
Seat 8: dendi913 ($0.80 in chips) 
Seat 9: banzai 757 ($1.52 in chips) 
NKaktus: posts small blind $0.01
cronnan: posts big blind $0.02
dendi913: posts big blind $0.02
*** HOLE CARDS ***
Dealt to Dorex2007 [7d 4h]
Dorex2007: folds 
SlavikPuha: folds 
7Aries777: calls $0.02
RodStormm: folds 
skgolem: folds 
dendi913: raises $0.07 to $0.09
banzai 757: folds 
NKaktus: folds 
cronnan: folds 
7Aries777: folds 
Uncalled bet ($0.07) returned to dendi913
dendi913 collected $0.07 from pot
dendi913: doesn't show hand 
*** SUMMARY ***
Total pot $0.07 | Rake $0 
Seat 1: NKaktus (small blind) folded before Flop
Seat 2: cronnan (big blind) folded before Flop
Seat 3: Dorex2007 folded before Flop (didn't bet)
Seat 4: SlavikPuha folded before Flop (didn't bet)
Seat 5: 7Aries777 folded before Flop
Seat 6: RodStormm folded before Flop (didn't bet)
Seat 7: skgolem folded before Flop (didn't bet)
Seat 8: dendi913 collected ($0.07)
Seat 9: banzai 757 (button) folded before Flop (didn't bet)



PokerStars Hand #233117925809:  Hold'em No Limit ($0.01/$0.02 USD) - 2022/01/14 2:09:59 PT [2022/01/14 5:09:59 ET]
Table 'Adhara' 9-max Seat #1 is the button
Seat 1: NKaktus ($2.78 in chips) 
Seat 2: cronnan ($1.52 in chips) 
Seat 3: Dorex2007 ($2.77 in chips) 
Seat 4: SlavikPuha ($3.01 in chips) 
Seat 5: 7Aries777 ($1.67 in chips) 
Seat 6: RodStormm ($1.12 in chips) 
Seat 7: skgolem ($0.63 in chips) 
Seat 8: dendi913 ($0.85 in chips) 
Seat 9: banzai 757 ($1.52 in chips) 
cronnan: posts small blind $0.01
Dorex2007: posts big blind $0.02
*** HOLE CARDS ***
Dealt to Dorex2007 [7s 2h]
SlavikPuha: raises $0.04 to $0.06
7Aries777: folds 
RodStormm: folds 
skgolem: folds 
dendi913: folds 
banzai 757: folds 
NKaktus: folds 
cronnan: folds 
Dorex2007: folds 
Uncalled bet ($0.04) returned to SlavikPuha
SlavikPuha collected $0.05 from pot
SlavikPuha: doesn't show hand 
*** SUMMARY ***
Total pot $0.05 | Rake $0 
Seat 1: NKaktus (button) folded before Flop (didn't bet)
Seat 2: cronnan (small blind) folded before Flop
Seat 3: Dorex2007 (big blind) folded before Flop
Seat 4: SlavikPuha collected ($0.05)
Seat 5: 7Aries777 folded before Flop (didn't bet)
Seat 6: RodStormm folded before Flop (didn't bet)
Seat 7: skgolem folded before Flop (didn't bet)
Seat 8: dendi913 folded before Flop (didn't bet)
Seat 9: banzai 757 folded before Flop (didn't bet)



PokerStars Hand #233117933903:  Hold'em No Limit ($0.01/$0.02 USD) - 2022/01/14 2:10:34 PT [2022/01/14 5:10:34 ET]
Table 'Adhara' 9-max Seat #2 is the button
Seat 1: NKaktus ($2.78 in chips) 
Seat 2: cronnan ($1.51 in chips) 
Seat 3: Dorex2007 ($2.75 in chips) 
Seat 4: SlavikPuha ($3.04 in chips) 
Seat 5: 7Aries777 ($1.67 in chips) 
Seat 6: RodStormm ($1.12 in chips) 
Seat 7: skgolem ($0.63 in chips) 
Seat 8: dendi913 ($0.85 in chips) 
Seat 9: banzai 757 ($1.52 in chips) 
Dorex2007: posts small blind $0.01
SlavikPuha: posts big blind $0.02
*** HOLE CARDS ***
Dealt to Dorex2007 [As 8s]
7Aries777: calls $0.02
RodStormm: folds 
skgolem: folds 
dendi913: calls $0.02
banzai 757: calls $0.02
NKaktus: folds 
cronnan: folds 
Dorex2007: calls $0.01
SlavikPuha: checks 
*** FLOP *** [2d Kc 3c]
Dorex2007: checks 
SlavikPuha: checks 
7Aries777: bets $0.02
dendi913: calls $0.02
banzai 757: folds 
Dorex2007: folds 
SlavikPuha: folds 
*** TURN *** [2d Kc 3c] [Qs]
7Aries777: bets $0.02
dendi913: calls $0.02
*** RIVER *** [2d Kc 3c Qs] [2s]
7Aries777: checks 
dendi913: checks 
*** SHOW DOWN ***
7Aries777: shows [5c Ac] (a pair of Deuces)
dendi913: shows [Qh Js] (two pair, Queens and Deuces)
dendi913 collected $0.17 from pot
*** SUMMARY ***
Total pot $0.18 | Rake $0.01 
Board [2d Kc 3c Qs 2s]
Seat 1: NKaktus folded before Flop (didn't bet)
Seat 2: cronnan (button) folded before Flop (didn't bet)
Seat 3: Dorex2007 (small blind) folded on the Flop
Seat 4: SlavikPuha (big blind) folded on the Flop
Seat 5: 7Aries777 showed [5c Ac] and lost with a pair of Deuces
Seat 6: RodStormm folded before Flop (didn't bet)
Seat 7: skgolem folded before Flop (didn't bet)
Seat 8: dendi913 showed [Qh Js] and won ($0.17) with two pair, Queens and Deuces
Seat 9: banzai 757 folded on the Flop



PokerStars Hand #233117944634:  Hold'em No Limit ($0.01/$0.02 USD) - 2022/01/14 2:11:19 PT [2022/01/14 5:11:19 ET]
Table 'Adhara' 9-max Seat #3 is the button
Seat 1: NKaktus ($2.78 in chips) 
Seat 2: cronnan ($1.51 in chips) 
Seat 3: Dorex2007 ($2.73 in chips) 
Seat 4: SlavikPuha ($3.02 in chips) 
Seat 5: 7Aries777 ($1.61 in chips) 
Seat 6: RodStormm ($1.12 in chips) 
Seat 7: skgolem ($0.63 in chips) 
Seat 8: dendi913 ($0.96 in chips) 
Seat 9: banzai 757 ($1.50 in chips) 
SlavikPuha: posts small blind $0.01
7Aries777: posts big blind $0.02
*** HOLE CARDS ***
Dealt to Dorex2007 [3c 6d]
RodStormm: folds 
skgolem: folds 
dendi913: folds 
banzai 757: folds 
NKaktus: calls $0.02
cronnan: folds 
Dorex2007: folds 
SlavikPuha: folds 
7Aries777: checks 
*** FLOP *** [As Qs Js]
7Aries777: bets $0.02
NKaktus: calls $0.02
*** TURN *** [As Qs Js] [9d]
7Aries777: bets $0.02
NKaktus: calls $0.02
*** RIVER *** [As Qs Js 9d] [5h]
7Aries777: bets $0.02
NKaktus: calls $0.02
*** SHOW DOWN ***
7Aries777: shows [3s Ac] (a pair of Aces)
NKaktus: shows [Th Ah] (a pair of Aces - Queen+Jack+Ten kicker)
NKaktus collected $0.16 from pot
*** SUMMARY ***
Total pot $0.17 | Rake $0.01 
Board [As Qs Js 9d 5h]
Seat 1: NKaktus showed [Th Ah] and won ($0.16) with a pair of Aces
Seat 2: cronnan folded before Flop (didn't bet)
Seat 3: Dorex2007 (button) folded before Flop (didn't bet)
Seat 4: SlavikPuha (small blind) folded before Flop
Seat 5: 7Aries777 (big blind) showed [3s Ac] and lost with a pair of Aces
Seat 6: RodStormm folded before Flop (didn't bet)
Seat 7: skgolem folded before Flop (didn't bet)
Seat 8: dendi913 folded before Flop (didn't bet)
Seat 9: banzai 757 folded before Flop (didn't bet)



PokerStars Hand #233117952687:  Hold'em No Limit ($0.01/$0.02 USD) - 2022/01/14 2:11:54 PT [2022/01/14 5:11:54 ET]
Table 'Adhara' 9-max Seat #4 is the button
Seat 1: NKaktus ($2.86 in chips) 
Seat 2: cronnan ($1.93 in chips) 
Seat 3: Dorex2007 ($2.73 in chips) 
Seat 4: SlavikPuha ($3.01 in chips) 
Seat 5: 7Aries777 ($1.53 in chips) 
Seat 6: RodStormm ($1.12 in chips) 
Seat 7: skgolem ($0.63 in chips) 
Seat 8: dendi913 ($0.96 in chips) 
Seat 9: banzai 757 ($1.50 in chips) 
7Aries777: posts small blind $0.01
RodStormm: posts big blind $0.02
*** HOLE CARDS ***
Dealt to Dorex2007 [7d 4d]
skgolem: folds 
dendi913: calls $0.02
banzai 757: folds 
NKaktus: folds 
cronnan: raises $0.09 to $0.11
Dorex2007: folds 
SlavikPuha: folds 
7Aries777: folds 
RodStormm: folds 
dendi913: calls $0.09
*** FLOP *** [As Kh 6s]
dendi913: checks 
cronnan: bets $0.10
dendi913: raises $0.44 to $0.54
cronnan: folds 
Uncalled bet ($0.44) returned to dendi913
dendi913 collected $0.43 from pot
dendi913: doesn't show hand 
*** SUMMARY ***
Total pot $0.45 | Rake $0.02 
Board [As Kh 6s]
Seat 1: NKaktus folded before Flop (didn't bet)
Seat 2: cronnan folded on the Flop
Seat 3: Dorex2007 folded before Flop (didn't bet)
Seat 4: SlavikPuha (button) folded before Flop (didn't bet)
Seat 5: 7Aries777 (small blind) folded before Flop
Seat 6: RodStormm (big blind) folded before Flop
Seat 7: skgolem folded before Flop (didn't bet)
Seat 8: dendi913 collected ($0.43)
Seat 9: banzai 757 folded before Flop (didn't bet)



PokerStars Hand #233117965008:  Hold'em No Limit ($0.01/$0.02 USD) - 2022/01/14 2:12:47 PT [2022/01/14 5:12:47 ET]
Table 'Adhara' 9-max Seat #5 is the button
Seat 1: NKaktus ($2.86 in chips) 
Seat 2: cronnan ($1.72 in chips) 
Seat 3: Dorex2007 ($2.73 in chips) 
Seat 4: SlavikPuha ($3.01 in chips) 
Seat 5: 7Aries777 ($1.52 in chips) 
Seat 6: RodStormm ($1.10 in chips) 
Seat 7: skgolem ($0.63 in chips) 
Seat 8: dendi913 ($1.18 in chips) 
Seat 9: banzai 757 ($1.50 in chips) 
RodStormm: posts small blind $0.01
skgolem: posts big blind $0.02
*** HOLE CARDS ***
Dealt to Dorex2007 [6h Qc]
dendi913: calls $0.02
banzai 757: folds 
NKaktus: folds 
cronnan: folds 
Dorex2007: folds 
SlavikPuha: folds 
7Aries777: folds 
RodStormm: folds 
skgolem: checks 
*** FLOP *** [Kc 9d Tc]
skgolem: checks 
dendi913: checks 
*** TURN *** [Kc 9d Tc] [7c]
skgolem: checks 
dendi913: bets $0.02
skgolem: folds 
Uncalled bet ($0.02) returned to dendi913
dendi913 collected $0.05 from pot
dendi913: doesn't show hand 
*** SUMMARY ***
Total pot $0.05 | Rake $0 
Board [Kc 9d Tc 7c]
Seat 1: NKaktus folded before Flop (didn't bet)
Seat 2: cronnan folded before Flop (didn't bet)
Seat 3: Dorex2007 folded before Flop (didn't bet)
Seat 4: SlavikPuha folded before Flop (didn't bet)
Seat 5: 7Aries777 (button) folded before Flop (didn't bet)
Seat 6: RodStormm (small blind) folded before Flop
Seat 7: skgolem (big blind) folded on the Turn
Seat 8: dendi913 collected ($0.05)
Seat 9: banzai 757 folded before Flop (didn't bet)



PokerStars Hand #233117971540:  Hold'em No Limit ($0.01/$0.02 USD) - 2022/01/14 2:13:15 PT [2022/01/14 5:13:15 ET]
Table 'Adhara' 9-max Seat #6 is the button
Seat 1: NKaktus ($2.86 in chips) 
Seat 2: cronnan ($1.72 in chips) 
Seat 3: Dorex2007 ($2.73 in chips) 
Seat 4: SlavikPuha ($3.01 in chips) 
Seat 5: 7Aries777 ($1.52 in chips) 
Seat 6: RodStormm ($1.09 in chips) 
Seat 7: skgolem ($0.61 in chips) 
Seat 8: dendi913 ($1.21 in chips) 
Seat 9: banzai 757 ($1.50 in chips) 
skgolem: posts small blind $0.01
dendi913: posts big blind $0.02
*** HOLE CARDS ***
Dealt to Dorex2007 [7h 3d]
banzai 757: folds 
NKaktus: folds 
cronnan has timed out
cronnan: folds 
Dorex2007: folds 
SlavikPuha: folds 
7Aries777: calls $0.02
RodStormm: folds 
skgolem: calls $0.01
dendi913: raises $0.06 to $0.08
7Aries777: folds 
skgolem: folds 
Uncalled bet ($0.06) returned to dendi913
dendi913 collected $0.06 from pot
dendi913: doesn't show hand 
*** SUMMARY ***
Total pot $0.06 | Rake $0 
Seat 1: NKaktus folded before Flop (didn't bet)
Seat 2: cronnan folded before Flop (didn't bet)
Seat 3: Dorex2007 folded before Flop (didn't bet)
Seat 4: SlavikPuha folded before Flop (didn't bet)
Seat 5: 7Aries777 folded before Flop
Seat 6: RodStormm (button) folded before Flop (didn't bet)
Seat 7: skgolem (small blind) folded before Flop
Seat 8: dendi913 (big blind) collected ($0.06)
Seat 9: banzai 757 folded before Flop (didn't bet)



PokerStars Hand #233117979637:  Hold'em No Limit ($0.01/$0.02 USD) - 2022/01/14 2:13:50 PT [2022/01/14 5:13:50 ET]
Table 'Adhara' 9-max Seat #7 is the button
Seat 1: NKaktus ($2.86 in chips) 
Seat 2: cronnan ($1.72 in chips) 
Seat 3: Dorex2007 ($2.73 in chips) 
Seat 4: SlavikPuha ($3.01 in chips) 
Seat 5: 7Aries777 ($1.50 in chips) 
Seat 6: RodStormm ($1.09 in chips) 
Seat 7: skgolem ($0.59 in chips) 
Seat 8: dendi913 ($1.25 in chips) 
Seat 9: banzai 757 ($1.50 in chips) 
dendi913: posts small blind $0.01
banzai 757: posts big blind $0.02
*** HOLE CARDS ***
Dealt to Dorex2007 [Kc Th]
NKaktus: calls $0.02
cronnan: folds 
Dorex2007: folds 
SlavikPuha: folds 
7Aries777: calls $0.02
RodStormm: raises $0.02 to $0.04
skgolem: folds 
dendi913: calls $0.03
banzai 757: calls $0.02
NKaktus: calls $0.02
7Aries777: calls $0.02
*** FLOP *** [4d 9d 2c]
dendi913: checks 
banzai 757: bets $0.02
NKaktus: calls $0.02
7Aries777: calls $0.02
RodStormm: folds 
dendi913: calls $0.02
*** TURN *** [4d 9d 2c] [4c]
dendi913: checks 
banzai 757: bets $0.02
NKaktus: calls $0.02
7Aries777: calls $0.02
dendi913: raises $0.35 to $0.37
banzai 757: folds 
NKaktus: folds 
7Aries777: folds 
Uncalled bet ($0.35) returned to dendi913
dendi913 collected $0.35 from pot
dendi913: doesn't show hand 
*** SUMMARY ***
Total pot $0.36 | Rake $0.01 
Board [4d 9d 2c 4c]
Seat 1: NKaktus folded on the Turn
Seat 2: cronnan folded before Flop (didn't bet)
Seat 3: Dorex2007 folded before Flop (didn't bet)
Seat 4: SlavikPuha folded before Flop (didn't bet)
Seat 5: 7Aries777 folded on the Turn
Seat 6: RodStormm folded on the Flop
Seat 7: skgolem (button) folded before Flop (didn't bet)
Seat 8: dendi913 (small blind) collected ($0.35)
Seat 9: banzai 757 (big blind) folded on the Turn



PokerStars Hand #233117996304:  Hold'em No Limit ($0.01/$0.02 USD) - 2022/01/14 2:15:00 PT [2022/01/14 5:15:00 ET]
Table 'Adhara' 9-max Seat #8 is the button
Seat 1: NKaktus ($2.78 in chips) 
Seat 2: cronnan ($1.72 in chips) 
Seat 3: Dorex2007 ($2.73 in chips) 
Seat 4: SlavikPuha ($3.01 in chips) 
Seat 5: 7Aries777 ($1.42 in chips) 
Seat 6: RodStormm ($1.05 in chips) 
Seat 7: skgolem ($0.59 in chips) 
Seat 8: dendi913 ($1.52 in chips) 
Seat 9: banzai 757 ($1.42 in chips) 
banzai 757: posts small blind $0.01
NKaktus: posts big blind $0.02
*** HOLE CARDS ***
Dealt to Dorex2007 [8c Qh]
cronnan: folds 
Dorex2007: folds 
SlavikPuha: folds 
7Aries777: folds 
RodStormm: folds 
skgolem: folds 
dendi913: calls $0.02
banzai 757: calls $0.01
NKaktus: checks 
*** FLOP *** [7h 7s 5s]
banzai 757: bets $0.02
NKaktus: calls $0.02
dendi913: calls $0.02
*** TURN *** [7h 7s 5s] [6d]
banzai 757: checks 
NKaktus: checks 
dendi913: checks 
*** RIVER *** [7h 7s 5s 6d] [4d]
banzai 757: checks 
NKaktus: checks 
dendi913: checks 
*** SHOW DOWN ***
banzai 757: shows [Qc Tc] (a pair of Sevens)
NKaktus: shows [Js Ac] (a pair of Sevens - Ace kicker)
dendi913: mucks hand 
NKaktus collected $0.12 from pot
*** SUMMARY ***
Total pot $0.12 | Rake $0 
Board [7h 7s 5s 6d 4d]
Seat 1: NKaktus (big blind) showed [Js Ac] and won ($0.12) with a pair of Sevens
Seat 2: cronnan folded before Flop (didn't bet)
Seat 3: Dorex2007 folded before Flop (didn't bet)
Seat 4: SlavikPuha folded before Flop (didn't bet)
Seat 5: 7Aries777 folded before Flop (didn't bet)
Seat 6: RodStormm folded before Flop (didn't bet)
Seat 7: skgolem folded before Flop (didn't bet)
Seat 8: dendi913 (button) mucked [Kh Td]
Seat 9: banzai 757 (small blind) showed [Qc Tc] and lost with a pair of Sevens



PokerStars Hand #233118005372:  Hold'em No Limit ($0.01/$0.02 USD) - 2022/01/14 2:15:39 PT [2022/01/14 5:15:39 ET]
Table 'Adhara' 9-max Seat #9 is the button
Seat 1: NKaktus ($2.86 in chips) 
Seat 2: cronnan ($1.72 in chips) 
Seat 3: Dorex2007 ($2.73 in chips) 
Seat 4: SlavikPuha ($3.01 in chips) 
Seat 5: 7Aries777 ($1.42 in chips) 
Seat 6: RodStormm ($1.05 in chips) 
Seat 7: skgolem ($0.59 in chips) 
Seat 8: dendi913 ($1.48 in chips) 
Seat 9: banzai 757 ($1.38 in chips) 
NKaktus: posts small blind $0.01
cronnan: posts big blind $0.02
*** HOLE CARDS ***
Dealt to Dorex2007 [5h 6d]
Dorex2007: folds 
SlavikPuha: folds 
7Aries777: folds 
RodStormm: folds 
skgolem: folds 
dendi913: folds 
banzai 757: folds 
NKaktus: calls $0.01
cronnan: checks 
*** FLOP *** [9s 7h Th]
NKaktus: checks 
cronnan: checks 
*** TURN *** [9s 7h Th] [Ts]
NKaktus: bets $0.04
cronnan: calls $0.04
*** RIVER *** [9s 7h Th Ts] [Td]
NKaktus: checks 
cronnan: checks 
*** SHOW DOWN ***
NKaktus: shows [Qs 4s] (three of a kind, Tens)
cronnan: mucks hand 
NKaktus collected $0.12 from pot
*** SUMMARY ***
Total pot $0.12 | Rake $0 
Board [9s 7h Th Ts Td]
Seat 1: NKaktus (small blind) showed [Qs 4s] and won ($0.12) with three of a kind, Tens
Seat 2: cronnan (big blind) mucked [Jh 6c]
Seat 3: Dorex2007 folded before Flop (didn't bet)
Seat 4: SlavikPuha folded before Flop (didn't bet)
Seat 5: 7Aries777 folded before Flop (didn't bet)
Seat 6: RodStormm folded before Flop (didn't bet)
Seat 7: skgolem folded before Flop (didn't bet)
Seat 8: dendi913 folded before Flop (didn't bet)
Seat 9: banzai 757 (button) folded before Flop (didn't bet)



PokerStars Hand #233118019749:  Hold'em No Limit ($0.01/$0.02 USD) - 2022/01/14 2:16:39 PT [2022/01/14 5:16:39 ET]
Table 'Adhara' 9-max Seat #1 is the button
Seat 1: NKaktus ($2.92 in chips) 
Seat 2: cronnan ($1.66 in chips) 
Seat 3: Dorex2007 ($2.73 in chips) 
Seat 4: SlavikPuha ($3.01 in chips) 
Seat 5: 7Aries777 ($1.42 in chips) 
Seat 6: RodStormm ($1.05 in chips) 
Seat 7: skgolem ($0.59 in chips) 
Seat 8: dendi913 ($1.48 in chips) 
Seat 9: banzai 757 ($1.38 in chips) 
cronnan: posts small blind $0.01
Dorex2007: posts big blind $0.02
*** HOLE CARDS ***
Dealt to Dorex2007 [Js 7d]
SlavikPuha: raises $0.04 to $0.06
7Aries777: folds 
RodStormm: folds 
skgolem: folds 
dendi913: folds 
banzai 757: calls $0.06
NKaktus: folds 
cronnan: raises $0.04 to $0.10
Dorex2007: folds 
SlavikPuha: raises $2.91 to $3.01 and is all-in
banzai 757: folds 
cronnan: folds 
Uncalled bet ($2.91) returned to SlavikPuha
SlavikPuha collected $0.28 from pot
SlavikPuha: doesn't show hand 
*** SUMMARY ***
Total pot $0.28 | Rake $0 
Seat 1: NKaktus (button) folded before Flop (didn't bet)
Seat 2: cronnan (small blind) folded before Flop
Seat 3: Dorex2007 (big blind) folded before Flop
Seat 4: SlavikPuha collected ($0.28)
Seat 5: 7Aries777 folded before Flop (didn't bet)
Seat 6: RodStormm folded before Flop (didn't bet)
Seat 7: skgolem folded before Flop (didn't bet)
Seat 8: dendi913 folded before Flop (didn't bet)
Seat 9: banzai 757 folded before Flop



PokerStars Hand #233118028803:  Hold'em No Limit ($0.01/$0.02 USD) - 2022/01/14 2:17:17 PT [2022/01/14 5:17:17 ET]
Table 'Adhara' 9-max Seat #2 is the button
Seat 1: NKaktus ($2.92 in chips) 
Seat 2: cronnan ($1.56 in chips) 
Seat 3: Dorex2007 ($2.71 in chips) 
Seat 5: 7Aries777 ($1.42 in chips) 
Seat 6: RodStormm ($1.05 in chips) 
Seat 7: skgolem ($0.59 in chips) 
Seat 8: dendi913 ($1.48 in chips) 
Seat 9: banzai 757 ($1.32 in chips) 
Dorex2007: posts small blind $0.01
SlavikPuha: is sitting out 
7Aries777: posts big blind $0.02
*** HOLE CARDS ***
Dealt to Dorex2007 [Th 8s]
RodStormm: folds 
skgolem: folds 
dendi913: calls $0.02
banzai 757: folds 
NKaktus: folds 
cronnan: folds 
Dorex2007: calls $0.01
7Aries777: raises $0.02 to $0.04
dendi913: calls $0.02
Dorex2007: calls $0.02
*** FLOP *** [2h 6c Jd]
Dorex2007: checks 
7Aries777: checks 
dendi913: checks 
*** TURN *** [2h 6c Jd] [Qc]
Dorex2007: checks 
7Aries777: checks 
dendi913: checks 
*** RIVER *** [2h 6c Jd Qc] [Jh]
Dorex2007: bets $0.06
7Aries777: folds 
dendi913: folds 
Uncalled bet ($0.06) returned to Dorex2007
Dorex2007 collected $0.12 from pot
Dorex2007: doesn't show hand 
*** SUMMARY ***
Total pot $0.12 | Rake $0 
Board [2h 6c Jd Qc Jh]
Seat 1: NKaktus folded before Flop (didn't bet)
Seat 2: cronnan (button) folded before Flop (didn't bet)
Seat 3: Dorex2007 (small blind) collected ($0.12)
Seat 5: 7Aries777 (big blind) folded on the River
Seat 6: RodStormm folded before Flop (didn't bet)
Seat 7: skgolem folded before Flop (didn't bet)
Seat 8: dendi913 folded on the River
Seat 9: banzai 757 folded before Flop (didn't bet)



PokerStars Hand #233118041516:  Hold'em No Limit ($0.01/$0.02 USD) - 2022/01/14 2:18:11 PT [2022/01/14 5:18:11 ET]
Table 'Adhara' 9-max Seat #3 is the button
Seat 1: NKaktus ($2.92 in chips) 
Seat 2: cronnan ($1.56 in chips) 
Seat 3: Dorex2007 ($2.79 in chips) 
Seat 5: 7Aries777 ($1.38 in chips) 
Seat 6: RodStormm ($1.05 in chips) 
Seat 7: skgolem ($0.59 in chips) 
Seat 8: dendi913 ($1.44 in chips) 
Seat 9: banzai 757 ($1.32 in chips) 
7Aries777: posts small blind $0.01
RodStormm: posts big blind $0.02
*** HOLE CARDS ***
Dealt to Dorex2007 [4s Qc]
skgolem: folds 
dendi913: folds 
banzai 757: raises $0.04 to $0.06
NKaktus: calls $0.06
cronnan: folds 
Dorex2007: folds 
7Aries777: folds 
RodStormm: folds 
*** FLOP *** [6s 8c Tc]
banzai 757: bets $0.08
NKaktus: folds 
Uncalled bet ($0.08) returned to banzai 757
banzai 757 collected $0.14 from pot
*** SUMMARY ***
Total pot $0.15 | Rake $0.01 
Board [6s 8c Tc]
Seat 1: NKaktus folded on the Flop
Seat 2: cronnan folded before Flop (didn't bet)
Seat 3: Dorex2007 (button) folded before Flop (didn't bet)
Seat 5: 7Aries777 (small blind) folded before Flop
Seat 6: RodStormm (big blind) folded before Flop
Seat 7: skgolem folded before Flop (didn't bet)
Seat 8: dendi913 folded before Flop (didn't bet)
Seat 9: banzai 757 collected ($0.14)



PokerStars Hand #233118047347:  Hold'em No Limit ($0.01/$0.02 USD) - 2022/01/14 2:18:35 PT [2022/01/14 5:18:35 ET]
Table 'Adhara' 9-max Seat #5 is the button
Seat 1: NKaktus ($2.86 in chips) 
Seat 2: cronnan ($1.56 in chips) 
Seat 3: Dorex2007 ($2.79 in chips) 
Seat 5: 7Aries777 ($1.37 in chips) 
Seat 6: RodStormm ($1.03 in chips) 
Seat 7: skgolem ($0.59 in chips) 
Seat 8: dendi913 ($1.44 in chips) 
Seat 9: banzai 757 ($1.40 in chips) 
RodStormm: posts small blind $0.01
skgolem: posts big blind $0.02
*** HOLE CARDS ***
Dealt to Dorex2007 [Qc 7c]
dendi913: folds 
banzai 757: folds 
NKaktus: folds 
cronnan: folds 
Dorex2007: folds 
7Aries777: calls $0.02
RodStormm: folds 
skgolem: checks 
*** FLOP *** [3d 7h 5s]
skgolem: checks 
7Aries777: checks 
*** TURN *** [3d 7h 5s] [Qs]
skgolem: checks 
7Aries777: checks 
*** RIVER *** [3d 7h 5s Qs] [2h]
skgolem: checks 
7Aries777: checks 
*** SHOW DOWN ***
skgolem: shows [9h 4s] (high card Queen)
7Aries777: shows [9c Ad] (high card Ace)
7Aries777 collected $0.05 from pot
*** SUMMARY ***
Total pot $0.05 | Rake $0 
Board [3d 7h 5s Qs 2h]
Seat 1: NKaktus folded before Flop (didn't bet)
Seat 2: cronnan folded before Flop (didn't bet)
Seat 3: Dorex2007 folded before Flop (didn't bet)
Seat 5: 7Aries777 (button) showed [9c Ad] and won ($0.05) with high card Ace
Seat 6: RodStormm (small blind) folded before Flop
Seat 7: skgolem (big blind) showed [9h 4s] and lost with high card Queen
Seat 8: dendi913 folded before Flop (didn't bet)
Seat 9: banzai 757 folded before Flop (didn't bet)



PokerStars Hand #233118055978:  Hold'em No Limit ($0.01/$0.02 USD) - 2022/01/14 2:19:12 PT [2022/01/14 5:19:12 ET]
Table 'Adhara' 9-max Seat #6 is the button
Seat 1: NKaktus ($2.86 in chips) 
Seat 2: cronnan ($1.56 in chips) 
Seat 3: Dorex2007 ($2.79 in chips) 
Seat 5: 7Aries777 ($1.40 in chips) 
Seat 6: RodStormm ($1.02 in chips) 
Seat 7: skgolem ($0.57 in chips) 
Seat 8: dendi913 ($1.44 in chips) 
Seat 9: banzai 757 ($1.40 in chips) 
skgolem: posts small blind $0.01
dendi913: posts big blind $0.02
*** HOLE CARDS ***
Dealt to Dorex2007 [3s 6s]
banzai 757: folds 
NKaktus: calls $0.02
cronnan: raises $0.09 to $0.11
Dorex2007: folds 
7Aries777: folds 
RodStormm: folds 
skgolem: folds 
dendi913: folds 
NKaktus: folds 
Uncalled bet ($0.09) returned to cronnan
cronnan collected $0.07 from pot
cronnan: doesn't show hand 
*** SUMMARY ***
Total pot $0.07 | Rake $0 
Seat 1: NKaktus folded before Flop
Seat 2: cronnan collected ($0.07)
Seat 3: Dorex2007 folded before Flop (didn't bet)
Seat 5: 7Aries777 folded before Flop (didn't bet)
Seat 6: RodStormm (button) folded before Flop (didn't bet)
Seat 7: skgolem (small blind) folded before Flop
Seat 8: dendi913 (big blind) folded before Flop
Seat 9: banzai 757 folded before Flop (didn't bet)



PokerStars Hand #233118059748:  Hold'em No Limit ($0.01/$0.02 USD) - 2022/01/14 2:19:27 PT [2022/01/14 5:19:27 ET]
Table 'Adhara' 9-max Seat #7 is the button
Seat 1: NKaktus ($2.84 in chips) 
Seat 2: cronnan ($1.61 in chips) 
Seat 3: Dorex2007 ($2.79 in chips) 
Seat 5: 7Aries777 ($1.40 in chips) 
Seat 6: RodStormm ($1.02 in chips) 
Seat 7: skgolem ($0.56 in chips) 
Seat 8: dendi913 ($1.42 in chips) 
Seat 9: banzai 757 ($1.40 in chips) 
dendi913: posts small blind $0.01
banzai 757: posts big blind $0.02
*** HOLE CARDS ***
Dealt to Dorex2007 [5c Ts]
NKaktus: folds 
cronnan: folds 
Dorex2007: folds 
7Aries777: folds 
RodStormm: folds 
skgolem: folds 
dendi913: raises $0.04 to $0.06
banzai 757: calls $0.04
*** FLOP *** [8s 8h Qc]
dendi913: checks 
banzai 757: bets $0.04
dendi913: calls $0.04
*** TURN *** [8s 8h Qc] [3s]
dendi913: checks 
banzai 757: bets $0.12
dendi913: calls $0.12
*** RIVER *** [8s 8h Qc 3s] [2s]
dendi913: checks 
banzai 757: checks 
*** SHOW DOWN ***
dendi913: shows [9d Ac] (a pair of Eights)
banzai 757: shows [Tc Qd] (two pair, Queens and Eights)
banzai 757 collected $0.42 from pot
*** SUMMARY ***
Total pot $0.44 | Rake $0.02 
Board [8s 8h Qc 3s 2s]
Seat 1: NKaktus folded before Flop (didn't bet)
Seat 2: cronnan folded before Flop (didn't bet)
Seat 3: Dorex2007 folded before Flop (didn't bet)
Seat 5: 7Aries777 folded before Flop (didn't bet)
Seat 6: RodStormm folded before Flop (didn't bet)
Seat 7: skgolem (button) folded before Flop (didn't bet)
Seat 8: dendi913 (small blind) showed [9d Ac] and lost with a pair of Eights
Seat 9: banzai 757 (big blind) showed [Tc Qd] and won ($0.42) with two pair, Queens and Eights



PokerStars Hand #233118069986:  Hold'em No Limit ($0.01/$0.02 USD) - 2022/01/14 2:20:10 PT [2022/01/14 5:20:10 ET]
Table 'Adhara' 9-max Seat #8 is the button
Seat 1: NKaktus ($2.84 in chips) 
Seat 2: cronnan ($1.61 in chips) 
Seat 3: Dorex2007 ($2.79 in chips) 
Seat 5: 7Aries777 ($1.40 in chips) 
Seat 6: RodStormm ($1.02 in chips) 
Seat 7: skgolem ($0.56 in chips) 
Seat 8: dendi913 ($1.20 in chips) 
Seat 9: banzai 757 ($1.60 in chips) 
banzai 757: posts small blind $0.01
NKaktus: posts big blind $0.02
*** HOLE CARDS ***
Dealt to Dorex2007 [9s Tc]
cronnan: raises $0.04 to $0.06
Dorex2007: folds 
7Aries777: folds 
RodStormm: folds 
skgolem: folds 
dendi913: folds 
banzai 757: folds 
NKaktus: folds 
Uncalled bet ($0.04) returned to cronnan
cronnan collected $0.05 from pot
cronnan: doesn't show hand 
*** SUMMARY ***
Total pot $0.05 | Rake $0 
Seat 1: NKaktus (big blind) folded before Flop
Seat 2: cronnan collected ($0.05)
Seat 3: Dorex2007 folded before Flop (didn't bet)
Seat 5: 7Aries777 folded before Flop (didn't bet)
Seat 6: RodStormm folded before Flop (didn't bet)
Seat 7: skgolem folded before Flop (didn't bet)
Seat 8: dendi913 (button) folded before Flop (didn't bet)
Seat 9: banzai 757 (small blind) folded before Flop



PokerStars Hand #233118075213:  Hold'em No Limit ($0.01/$0.02 USD) - 2022/01/14 2:20:32 PT [2022/01/14 5:20:32 ET]
Table 'Adhara' 9-max Seat #9 is the button
Seat 1: NKaktus ($2.82 in chips) 
Seat 2: cronnan ($1.64 in chips) 
Seat 3: Dorex2007 ($2.79 in chips) 
Seat 5: 7Aries777 ($1.40 in chips) 
Seat 6: RodStormm ($1.02 in chips) 
Seat 7: skgolem ($0.56 in chips) 
Seat 8: dendi913 ($1.20 in chips) 
Seat 9: banzai 757 ($1.59 in chips) 
NKaktus: posts small blind $0.01
cronnan: posts big blind $0.02
*** HOLE CARDS ***
Dealt to Dorex2007 [7c 7s]
Dorex2007: calls $0.02
7Aries777: folds 
RodStormm: folds 
skgolem: folds 
dendi913: raises $0.07 to $0.09
banzai 757: folds 
NKaktus: folds 
cronnan: calls $0.07
Dorex2007: folds 
*** FLOP *** [Ad 5c 4s]
cronnan: checks 
dendi913: checks 
*** TURN *** [Ad 5c 4s] [5d]
cronnan: checks 
dendi913: bets $0.10
cronnan: calls $0.10
*** RIVER *** [Ad 5c 4s 5d] [7h]
cronnan: checks 
dendi913: checks 
*** SHOW DOWN ***
cronnan: shows [5s 2s] (three of a kind, Fives)
dendi913: mucks hand 
cronnan collected $0.40 from pot
*** SUMMARY ***
Total pot $0.41 | Rake $0.01 
Board [Ad 5c 4s 5d 7h]
Seat 1: NKaktus (small blind) folded before Flop
Seat 2: cronnan (big blind) showed [5s 2s] and won ($0.40) with three of a kind, Fives
Seat 3: Dorex2007 folded before Flop
Seat 5: 7Aries777 folded before Flop (didn't bet)
Seat 6: RodStormm folded before Flop (didn't bet)
Seat 7: skgolem folded before Flop (didn't bet)
Seat 8: dendi913 mucked [9d Td]
Seat 9: banzai 757 (button) folded before Flop (didn't bet)



PokerStars Hand #233118087927:  Hold'em No Limit ($0.01/$0.02 USD) - 2022/01/14 2:21:24 PT [2022/01/14 5:21:24 ET]
Table 'Adhara' 9-max Seat #1 is the button
Seat 1: NKaktus ($2.81 in chips) 
Seat 2: cronnan ($1.85 in chips) 
Seat 3: Dorex2007 ($2.77 in chips) 
Seat 5: 7Aries777 ($1.40 in chips) 
Seat 6: RodStormm ($1.02 in chips) 
Seat 7: skgolem ($0.56 in chips) 
Seat 8: dendi913 ($1.01 in chips) 
Seat 9: banzai 757 ($1.59 in chips) 
cronnan: posts small blind $0.01
Dorex2007: posts big blind $0.02
SlavikPuha: sits out 
*** HOLE CARDS ***
Dealt to Dorex2007 [5s Jh]
7Aries777: folds 
RodStormm: folds 
skgolem: folds 
dendi913: calls $0.02
banzai 757: folds 
NKaktus: folds 
cronnan: folds 
Dorex2007: checks 
*** FLOP *** [As 7s Qh]
Dorex2007: checks 
dendi913: bets $0.02
Dorex2007: folds 
Uncalled bet ($0.02) returned to dendi913
dendi913 collected $0.05 from pot
dendi913: doesn't show hand 
*** SUMMARY ***
Total pot $0.05 | Rake $0 
Board [As 7s Qh]
Seat 1: NKaktus (button) folded before Flop (didn't bet)
Seat 2: cronnan (small blind) folded before Flop
Seat 3: Dorex2007 (big blind) folded on the Flop
Seat 5: 7Aries777 folded before Flop (didn't bet)
Seat 6: RodStormm folded before Flop (didn't bet)
Seat 7: skgolem folded before Flop (didn't bet)
Seat 8: dendi913 collected ($0.05)
Seat 9: banzai 757 folded before Flop (didn't bet)



PokerStars Hand #233118096307:  Hold'em No Limit ($0.01/$0.02 USD) - 2022/01/14 2:21:59 PT [2022/01/14 5:21:59 ET]
Table 'Adhara' 9-max Seat #2 is the button
Seat 1: NKaktus ($2.81 in chips) 
Seat 2: cronnan ($1.84 in chips) 
Seat 3: Dorex2007 ($2.75 in chips) 
Seat 4: SlavikPuha ($3.19 in chips) 
Seat 5: 7Aries777 ($1.40 in chips) 
Seat 6: RodStormm ($1.02 in chips) 
Seat 7: skgolem ($0.56 in chips) 
Seat 8: dendi913 ($1.04 in chips) 
Seat 9: banzai 757 ($1.59 in chips) 
Dorex2007: posts small blind $0.01
SlavikPuha: posts big blind $0.02
*** HOLE CARDS ***
Dealt to Dorex2007 [5c 7d]
7Aries777: raises $0.02 to $0.04
RodStormm: calls $0.04
skgolem: folds 
dendi913: calls $0.04
banzai 757: folds 
NKaktus: folds 
cronnan: folds 
Dorex2007: folds 
SlavikPuha: calls $0.02
*** FLOP *** [Kh 2d Ks]
SlavikPuha: checks 
7Aries777: checks 
RodStormm: checks 
dendi913: bets $0.08
SlavikPuha: folds 
7Aries777: calls $0.08
RodStormm: folds 
*** TURN *** [Kh 2d Ks] [Ah]
7Aries777: checks 
dendi913: checks 
*** RIVER *** [Kh 2d Ks Ah] [6c]
7Aries777: checks 
dendi913: bets $0.32
7Aries777: folds 
Uncalled bet ($0.32) returned to dendi913
dendi913 collected $0.32 from pot
dendi913: doesn't show hand 
*** SUMMARY ***
Total pot $0.33 | Rake $0.01 
Board [Kh 2d Ks Ah 6c]
Seat 1: NKaktus folded before Flop (didn't bet)
Seat 2: cronnan (button) folded before Flop (didn't bet)
Seat 3: Dorex2007 (small blind) folded before Flop
Seat 4: SlavikPuha (big blind) folded on the Flop
Seat 5: 7Aries777 folded on the River
Seat 6: RodStormm folded on the Flop
Seat 7: skgolem folded before Flop (didn't bet)
Seat 8: dendi913 collected ($0.32)
Seat 9: banzai 757 folded before Flop (didn't bet)



PokerStars Hand #233118111293:  Hold'em No Limit ($0.01/$0.02 USD) - 2022/01/14 2:23:00 PT [2022/01/14 5:23:00 ET]
Table 'Adhara' 9-max Seat #3 is the button
Seat 1: NKaktus ($2.81 in chips) 
Seat 2: cronnan ($1.84 in chips) 
Seat 3: Dorex2007 ($2.74 in chips) 
Seat 4: SlavikPuha ($3.15 in chips) 
Seat 5: 7Aries777 ($1.28 in chips) 
Seat 6: RodStormm ($0.98 in chips) 
Seat 7: skgolem ($0.56 in chips) 
Seat 8: dendi913 ($1.24 in chips) 
Seat 9: banzai 757 ($1.59 in chips) 
SlavikPuha: posts small blind $0.01
7Aries777: posts big blind $0.02
*** HOLE CARDS ***
Dealt to Dorex2007 [Tc 8d]
RodStormm: raises $0.02 to $0.04
skgolem: folds 
dendi913: calls $0.04
banzai 757: folds 
NKaktus: folds 
cronnan: folds 
Dorex2007: folds 
cronnan leaves the table
SlavikPuha: calls $0.03
7Aries777: folds 
*** FLOP *** [6c 9c 2s]
SlavikPuha: checks 
RodStormm: checks 
dendi913: bets $0.14
SlavikPuha: folds 
RodStormm: folds 
Uncalled bet ($0.14) returned to dendi913
dendi913 collected $0.14 from pot
dendi913: doesn't show hand 
*** SUMMARY ***
Total pot $0.14 | Rake $0 
Board [6c 9c 2s]
Seat 1: NKaktus folded before Flop (didn't bet)
Seat 2: cronnan folded before Flop (didn't bet)
Seat 3: Dorex2007 (button) folded before Flop (didn't bet)
Seat 4: SlavikPuha (small blind) folded on the Flop
Seat 5: 7Aries777 (big blind) folded before Flop
Seat 6: RodStormm folded on the Flop
Seat 7: skgolem folded before Flop (didn't bet)
Seat 8: dendi913 collected ($0.14)
Seat 9: banzai 757 folded before Flop (didn't bet)



PokerStars Hand #233118120592:  Hold'em No Limit ($0.01/$0.02 USD) - 2022/01/14 2:23:38 PT [2022/01/14 5:23:38 ET]
Table 'Adhara' 9-max Seat #4 is the button
Seat 1: NKaktus ($2.81 in chips) 
Seat 3: Dorex2007 ($2.74 in chips) 
Seat 4: SlavikPuha ($3.11 in chips) 
Seat 5: 7Aries777 ($1.26 in chips) 
Seat 6: RodStormm ($0.94 in chips) 
Seat 7: skgolem ($0.56 in chips) 
Seat 8: dendi913 ($1.34 in chips) 
Seat 9: banzai 757 ($1.59 in chips) 
7Aries777: posts small blind $0.01
RodStormm: posts big blind $0.02
*** HOLE CARDS ***
Dealt to Dorex2007 [Ah 8s]
skgolem: calls $0.02
dendi913: calls $0.02
banzai 757 is disconnected 
banzai 757 has timed out while being disconnected
banzai 757: folds 
NKaktus: calls $0.02
Dorex2007: folds 
SlavikPuha: folds 
7Aries777: calls $0.01
RodStormm: checks 
*** FLOP *** [9s 8h Kh]
7Aries777: checks 
RodStormm: checks 
skgolem: checks 
dendi913: bets $0.02
NKaktus: raises $0.04 to $0.06
nistali joins the table at seat #2 
7Aries777: folds 
RodStormm: folds 
skgolem: folds 
dendi913: folds 
Uncalled bet ($0.04) returned to NKaktus
NKaktus collected $0.14 from pot
NKaktus: doesn't show hand 
*** SUMMARY ***
Total pot $0.14 | Rake $0 
Board [9s 8h Kh]
Seat 1: NKaktus collected ($0.14)
Seat 3: Dorex2007 folded before Flop (didn't bet)
Seat 4: SlavikPuha (button) folded before Flop (didn't bet)
Seat 5: 7Aries777 (small blind) folded on the Flop
Seat 6: RodStormm (big blind) folded on the Flop
Seat 7: skgolem folded on the Flop
Seat 8: dendi913 folded on the Flop
Seat 9: banzai 757 folded before Flop (didn't bet)



PokerStars Hand #233118138213:  Hold'em No Limit ($0.01/$0.02 USD) - 2022/01/14 2:24:50 PT [2022/01/14 5:24:50 ET]
Table 'Adhara' 9-max Seat #5 is the button
Seat 1: NKaktus ($2.91 in chips) 
Seat 3: Dorex2007 ($2.74 in chips) 
Seat 4: SlavikPuha ($3.11 in chips) 
Seat 5: 7Aries777 ($1.24 in chips) 
Seat 6: RodStormm ($1.98 in chips) 
Seat 7: skgolem ($0.54 in chips) 
Seat 8: dendi913 ($1.30 in chips) 
Seat 9: banzai 757 ($1.59 in chips) 
RodStormm: posts small blind $0.01
skgolem: posts big blind $0.02
nistali: sits out 
*** HOLE CARDS ***
Dealt to Dorex2007 [Js 7s]
dendi913: folds 
banzai 757: folds 
NKaktus: folds 
Dorex2007: folds 
SlavikPuha: folds 
7Aries777: raises $0.02 to $0.04
RodStormm: folds 
skgolem: folds 
Uncalled bet ($0.02) returned to 7Aries777
7Aries777 collected $0.05 from pot
*** SUMMARY ***
Total pot $0.05 | Rake $0 
Seat 1: NKaktus folded before Flop (didn't bet)
Seat 3: Dorex2007 folded before Flop (didn't bet)
Seat 4: SlavikPuha folded before Flop (didn't bet)
Seat 5: 7Aries777 (button) collected ($0.05)
Seat 6: RodStormm (small blind) folded before Flop
Seat 7: skgolem (big blind) folded before Flop
Seat 8: dendi913 folded before Flop (didn't bet)
Seat 9: banzai 757 folded before Flop (didn't bet)



PokerStars Hand #233118142055:  Hold'em No Limit ($0.01/$0.02 USD) - 2022/01/14 2:25:06 PT [2022/01/14 5:25:06 ET]
Table 'Adhara' 9-max Seat #6 is the button
Seat 1: NKaktus ($2.91 in chips) 
Seat 3: Dorex2007 ($2.74 in chips) 
Seat 4: SlavikPuha ($3.11 in chips) 
Seat 5: 7Aries777 ($1.27 in chips) 
Seat 6: RodStormm ($1.97 in chips) 
Seat 7: skgolem ($0.52 in chips) 
Seat 8: dendi913 ($1.30 in chips) 
Seat 9: banzai 757 ($1.59 in chips) 
skgolem: posts small blind $0.01
dendi913: posts big blind $0.02
nistali: sits out 
*** HOLE CARDS ***
Dealt to Dorex2007 [Jc Kh]
banzai 757: folds 
NKaktus: folds 
Dorex2007: calls $0.02
SlavikPuha: folds 
7Aries777: calls $0.02
RodStormm: folds 
skgolem: calls $0.01
dendi913: raises $0.04 to $0.06
Dorex2007: calls $0.04
7Aries777: calls $0.04
skgolem: folds 
*** FLOP *** [Ah 4h 5h]
dendi913: bets $0.09
Dorex2007: calls $0.09
7Aries777: folds 
*** TURN *** [Ah 4h 5h] [9c]
dendi913: checks 
Dorex2007: checks 
*** RIVER *** [Ah 4h 5h 9c] [9d]
dendi913: bets $0.18
Dorex2007: folds 
Uncalled bet ($0.18) returned to dendi913
dendi913 collected $0.37 from pot
dendi913: doesn't show hand 
*** SUMMARY ***
Total pot $0.38 | Rake $0.01 
Board [Ah 4h 5h 9c 9d]
Seat 1: NKaktus folded before Flop (didn't bet)
Seat 3: Dorex2007 folded on the River
Seat 4: SlavikPuha folded before Flop (didn't bet)
Seat 5: 7Aries777 folded on the Flop
Seat 6: RodStormm (button) folded before Flop (didn't bet)
Seat 7: skgolem (small blind) folded before Flop
Seat 8: dendi913 (big blind) collected ($0.37)
Seat 9: banzai 757 folded before Flop (didn't bet)



PokerStars Hand #233118155441:  Hold'em No Limit ($0.01/$0.02 USD) - 2022/01/14 2:26:02 PT [2022/01/14 5:26:02 ET]
Table 'Adhara' 9-max Seat #7 is the button
Seat 1: NKaktus ($2.91 in chips) 
Seat 3: Dorex2007 ($2.59 in chips) 
Seat 4: SlavikPuha ($3.11 in chips) 
Seat 5: 7Aries777 ($1.21 in chips) 
Seat 6: RodStormm ($1.97 in chips) 
Seat 7: skgolem ($0.50 in chips) 
Seat 8: dendi913 ($1.52 in chips) 
Seat 9: banzai 757 ($1.59 in chips) 
dendi913: posts small blind $0.01
banzai 757: posts big blind $0.02
nistali: sits out 
*** HOLE CARDS ***
Dealt to Dorex2007 [3s Kh]
NKaktus: folds 
Dorex2007: folds 
NKaktus leaves the table
SlavikPuha: raises $0.04 to $0.06
7Aries777: folds 
RodStormm: calls $0.06
skgolem: folds 
dendi913: folds 
Drakez1666 joins the table at seat #1 
banzai 757: calls $0.04
*** FLOP *** [Ks 6h Jh]
banzai 757: bets $0.02
SlavikPuha: calls $0.02
RodStormm: folds 
*** TURN *** [Ks 6h Jh] [2s]
banzai 757: bets $0.02
SlavikPuha: calls $0.02
*** RIVER *** [Ks 6h Jh 2s] [6c]
banzai 757: bets $0.13
SlavikPuha: folds 
Uncalled bet ($0.13) returned to banzai 757
banzai 757 collected $0.26 from pot
*** SUMMARY ***
Total pot $0.27 | Rake $0.01 
Board [Ks 6h Jh 2s 6c]
Seat 1: NKaktus folded before Flop (didn't bet)
Seat 3: Dorex2007 folded before Flop (didn't bet)
Seat 4: SlavikPuha folded on the River
Seat 5: 7Aries777 folded before Flop (didn't bet)
Seat 6: RodStormm folded on the Flop
Seat 7: skgolem (button) folded before Flop (didn't bet)
Seat 8: dendi913 (small blind) folded before Flop
Seat 9: banzai 757 (big blind) collected ($0.26)



PokerStars Hand #233118165445:  Hold'em No Limit ($0.01/$0.02 USD) - 2022/01/14 2:26:43 PT [2022/01/14 5:26:43 ET]
Table 'Adhara' 9-max Seat #8 is the button
Seat 1: Drakez1666 ($0.80 in chips) 
Seat 3: Dorex2007 ($2.59 in chips) 
Seat 4: SlavikPuha ($3.01 in chips) 
Seat 5: 7Aries777 ($1.21 in chips) 
Seat 6: RodStormm ($1.91 in chips) 
Seat 7: skgolem ($0.50 in chips) 
Seat 8: dendi913 ($1.51 in chips) 
Seat 9: banzai 757 ($1.75 in chips) 
banzai 757: posts small blind $0.01
Drakez1666: posts big blind $0.02
nistali: sits out 
*** HOLE CARDS ***
Dealt to Dorex2007 [8h 3d]
Dorex2007: folds 
SlavikPuha: folds 
7Aries777: raises $0.02 to $0.04
RodStormm: folds 
skgolem: folds 
dendi913: folds 
banzai 757: folds 
Drakez1666: folds 
Uncalled bet ($0.02) returned to 7Aries777
7Aries777 collected $0.05 from pot
*** SUMMARY ***
Total pot $0.05 | Rake $0 
Seat 1: Drakez1666 (big blind) folded before Flop
Seat 3: Dorex2007 folded before Flop (didn't bet)
Seat 4: SlavikPuha folded before Flop (didn't bet)
Seat 5: 7Aries777 collected ($0.05)
Seat 6: RodStormm folded before Flop (didn't bet)
Seat 7: skgolem folded before Flop (didn't bet)
Seat 8: dendi913 (button) folded before Flop (didn't bet)
Seat 9: banzai 757 (small blind) folded before Flop



PokerStars Hand #233118172110:  Hold'em No Limit ($0.01/$0.02 USD) - 2022/01/14 2:27:11 PT [2022/01/14 5:27:11 ET]
Table 'Adhara' 9-max Seat #9 is the button
Seat 1: Drakez1666 ($0.78 in chips) 
Seat 2: nistali ($2 in chips) 
Seat 3: Dorex2007 ($2.59 in chips) 
Seat 4: SlavikPuha ($3.01 in chips) 
Seat 5: 7Aries777 ($1.24 in chips) 
Seat 6: RodStormm ($1.91 in chips) 
Seat 7: skgolem ($0.50 in chips) 
Seat 8: dendi913 ($1.51 in chips) 
Seat 9: banzai 757 ($1.74 in chips) 
Drakez1666: posts small blind $0.01
nistali: posts big blind $0.02
*** HOLE CARDS ***
Dealt to Dorex2007 [5c 6d]
Dorex2007: folds 
SlavikPuha: folds 
7Aries777: folds 
RodStormm: folds 
skgolem: calls $0.02
dendi913: folds 
banzai 757: folds 
Drakez1666: calls $0.01
nistali: checks 
*** FLOP *** [7s Ah 2c]
Drakez1666: bets $0.03
nistali: folds 
skgolem: calls $0.03
*** TURN *** [7s Ah 2c] [5s]
Drakez1666: bets $0.06
skgolem: folds 
Uncalled bet ($0.06) returned to Drakez1666
Drakez1666 collected $0.12 from pot
Drakez1666: doesn't show hand 
*** SUMMARY ***
Total pot $0.12 | Rake $0 
Board [7s Ah 2c 5s]
Seat 1: Drakez1666 (small blind) collected ($0.12)
Seat 2: nistali (big blind) folded on the Flop
Seat 3: Dorex2007 folded before Flop (didn't bet)
Seat 4: SlavikPuha folded before Flop (didn't bet)
Seat 5: 7Aries777 folded before Flop (didn't bet)
Seat 6: RodStormm folded before Flop (didn't bet)
Seat 7: skgolem folded on the Turn
Seat 8: dendi913 folded before Flop (didn't bet)
Seat 9: banzai 757 (button) folded before Flop (didn't bet)



PokerStars Hand #233118185742:  Hold'em No Limit ($0.01/$0.02 USD) - 2022/01/14 2:28:07 PT [2022/01/14 5:28:07 ET]
Table 'Adhara' 9-max Seat #1 is the button
Seat 1: Drakez1666 ($0.85 in chips) 
Seat 2: nistali ($1.98 in chips) 
Seat 3: Dorex2007 ($2.59 in chips) 
Seat 4: SlavikPuha ($3.01 in chips) 
Seat 5: 7Aries777 ($1.24 in chips) 
Seat 6: RodStormm ($1.91 in chips) 
Seat 7: skgolem ($0.45 in chips) 
Seat 8: dendi913 ($1.51 in chips) 
Seat 9: banzai 757 ($1.74 in chips) 
nistali: posts small blind $0.01
Dorex2007: posts big blind $0.02
*** HOLE CARDS ***
Dealt to Dorex2007 [2c 5d]
SlavikPuha: folds 
7Aries777: raises $0.05 to $0.07
RodStormm: folds 
skgolem: folds 
dendi913: calls $0.07
banzai 757: folds 
Drakez1666: folds 
nistali: calls $0.06
Dorex2007: folds 
*** FLOP *** [6s 4h 6d]
nistali: bets $0.11
7Aries777: calls $0.11
dendi913: folds 
*** TURN *** [6s 4h 6d] [4s]
nistali: bets $0.12
7Aries777: calls $0.12
*** RIVER *** [6s 4h 6d 4s] [6c]
nistali: checks 
7Aries777: checks 
*** SHOW DOWN ***
nistali: shows [Td 4d] (a full house, Sixes full of Fours)
7Aries777: shows [Ac Kd] (a full house, Sixes full of Fours)
nistali collected $0.34 from pot
7Aries777 collected $0.33 from pot
*** SUMMARY ***
Total pot $0.69 | Rake $0.02 
Board [6s 4h 6d 4s 6c]
Seat 1: Drakez1666 (button) folded before Flop (didn't bet)
Seat 2: nistali (small blind) showed [Td 4d] and won ($0.34) with a full house, Sixes full of Fours
Seat 3: Dorex2007 (big blind) folded before Flop
Seat 4: SlavikPuha folded before Flop (didn't bet)
Seat 5: 7Aries777 showed [Ac Kd] and won ($0.33) with a full house, Sixes full of Fours
Seat 6: RodStormm folded before Flop (didn't bet)
Seat 7: skgolem folded before Flop (didn't bet)
Seat 8: dendi913 folded on the Flop
Seat 9: banzai 757 folded before Flop (didn't bet)



PokerStars Hand #233118205586:  Hold'em No Limit ($0.01/$0.02 USD) - 2022/01/14 2:29:30 PT [2022/01/14 5:29:30 ET]
Table 'Adhara' 9-max Seat #2 is the button
Seat 1: Drakez1666 ($0.85 in chips) 
Seat 2: nistali ($2.02 in chips) 
Seat 3: Dorex2007 ($2.57 in chips) 
Seat 4: SlavikPuha ($3.01 in chips) 
Seat 5: 7Aries777 ($1.27 in chips) 
Seat 6: RodStormm ($1.91 in chips) 
Seat 7: skgolem ($0.45 in chips) 
Seat 8: dendi913 ($1.44 in chips) 
Seat 9: banzai 757 ($1.74 in chips) 
Dorex2007: posts small blind $0.01
SlavikPuha: posts big blind $0.02
*** HOLE CARDS ***
Dealt to Dorex2007 [Ad 4h]
7Aries777 has timed out
7Aries777: folds 
RodStormm: folds 
skgolem: folds 
dendi913: raises $0.04 to $0.06
banzai 757: folds 
Drakez1666: calls $0.06
nistali: calls $0.06
Dorex2007: folds 
SlavikPuha: folds 
*** FLOP *** [2c 4c Qd]
dendi913: bets $0.10
Drakez1666: folds 
nistali: calls $0.10
*** TURN *** [2c 4c Qd] [6s]
dendi913: checks 
nistali: bets $0.20
dendi913: folds 
Uncalled bet ($0.20) returned to nistali
nistali collected $0.40 from pot
nistali: doesn't show hand 
*** SUMMARY ***
Total pot $0.41 | Rake $0.01 
Board [2c 4c Qd 6s]
Seat 1: Drakez1666 folded on the Flop
Seat 2: nistali (button) collected ($0.40)
Seat 3: Dorex2007 (small blind) folded before Flop
Seat 4: SlavikPuha (big blind) folded before Flop
Seat 5: 7Aries777 folded before Flop (didn't bet)
Seat 6: RodStormm folded before Flop (didn't bet)
Seat 7: skgolem folded before Flop (didn't bet)
Seat 8: dendi913 folded on the Turn
Seat 9: banzai 757 folded before Flop (didn't bet)



PokerStars Hand #233118220942:  Hold'em No Limit ($0.01/$0.02 USD) - 2022/01/14 2:30:35 PT [2022/01/14 5:30:35 ET]
Table 'Adhara' 9-max Seat #3 is the button
Seat 1: Drakez1666 ($0.79 in chips) 
Seat 2: nistali ($2.26 in chips) 
Seat 3: Dorex2007 ($2.56 in chips) 
Seat 4: SlavikPuha ($2.99 in chips) 
Seat 5: 7Aries777 ($1.27 in chips) 
Seat 6: RodStormm ($1.91 in chips) 
Seat 7: skgolem ($0.45 in chips) 
Seat 8: dendi913 ($1.28 in chips) 
Seat 9: banzai 757 ($1.74 in chips) 
SlavikPuha: posts small blind $0.01
7Aries777: posts big blind $0.02
*** HOLE CARDS ***
Dealt to Dorex2007 [5c 7h]
RodStormm: folds 
skgolem: calls $0.02
dendi913: calls $0.02
banzai 757: folds 
Drakez1666: folds 
nistali: folds 
Dorex2007: folds 
SlavikPuha: folds 
7Aries777: checks 
*** FLOP *** [Qd 8d Qh]
7Aries777: checks 
skgolem: checks 
dendi913: checks 
*** TURN *** [Qd 8d Qh] [Qs]
7Aries777: checks 
skgolem: bets $0.02
dendi913: calls $0.02
7Aries777: folds 
*** RIVER *** [Qd 8d Qh Qs] [7c]
skgolem: bets $0.02
dendi913: calls $0.02
*** SHOW DOWN ***
skgolem: shows [3d 3c] (a full house, Queens full of Threes)
dendi913: mucks hand 
skgolem collected $0.14 from pot
*** SUMMARY ***
Total pot $0.15 | Rake $0.01 
Board [Qd 8d Qh Qs 7c]
Seat 1: Drakez1666 folded before Flop (didn't bet)
Seat 2: nistali folded before Flop (didn't bet)
Seat 3: Dorex2007 (button) folded before Flop (didn't bet)
Seat 4: SlavikPuha (small blind) folded before Flop
Seat 5: 7Aries777 (big blind) folded on the Turn
Seat 6: RodStormm folded before Flop (didn't bet)
Seat 7: skgolem showed [3d 3c] and won ($0.14) with a full house, Queens full of Threes
Seat 8: dendi913 mucked [Ad 4c]
Seat 9: banzai 757 folded before Flop (didn't bet)



PokerStars Hand #233118231093:  Hold'em No Limit ($0.01/$0.02 USD) - 2022/01/14 2:31:17 PT [2022/01/14 5:31:17 ET]
Table 'Adhara' 9-max Seat #4 is the button
Seat 1: Drakez1666 ($0.79 in chips) 
Seat 2: nistali ($2.26 in chips) 
Seat 3: Dorex2007 ($2.56 in chips) 
Seat 4: SlavikPuha ($2.98 in chips) 
Seat 5: 7Aries777 ($1.25 in chips) 
Seat 6: RodStormm ($1.91 in chips) 
Seat 7: skgolem ($0.53 in chips) 
Seat 8: dendi913 ($1.22 in chips) 
Seat 9: banzai 757 ($1.74 in chips) 
7Aries777: posts small blind $0.01
RodStormm: posts big blind $0.02
*** HOLE CARDS ***
Dealt to Dorex2007 [6s 5d]
skgolem: folds 
dendi913: calls $0.02
banzai 757: calls $0.02
Drakez1666: calls $0.02
nistali: raises $0.04 to $0.06
Dorex2007: folds 
SlavikPuha: folds 
7Aries777: folds 
RodStormm: folds 
dendi913: calls $0.04
banzai 757: calls $0.04
Drakez1666: calls $0.04
*** FLOP *** [Qs 5c 2c]
dendi913: checks 
banzai 757: bets $0.06
Drakez1666: folds 
nistali: calls $0.06
dendi913: folds 
*** TURN *** [Qs 5c 2c] [Ad]
banzai 757: bets $0.20
nistali: calls $0.20
*** RIVER *** [Qs 5c 2c Ad] [Jh]
banzai 757: bets $0.42
nistali: folds 
Uncalled bet ($0.42) returned to banzai 757
banzai 757 collected $0.76 from pot
*** SUMMARY ***
Total pot $0.79 | Rake $0.03 
Board [Qs 5c 2c Ad Jh]
Seat 1: Drakez1666 folded on the Flop
Seat 2: nistali folded on the River
Seat 3: Dorex2007 folded before Flop (didn't bet)
Seat 4: SlavikPuha (button) folded before Flop (didn't bet)
Seat 5: 7Aries777 (small blind) folded before Flop
Seat 6: RodStormm (big blind) folded before Flop
Seat 7: skgolem folded before Flop (didn't bet)
Seat 8: dendi913 folded on the Flop
Seat 9: banzai 757 collected ($0.76)



PokerStars Hand #233118249299:  Hold'em No Limit ($0.01/$0.02 USD) - 2022/01/14 2:32:33 PT [2022/01/14 5:32:33 ET]
Table 'Adhara' 9-max Seat #5 is the button
Seat 1: Drakez1666 ($0.73 in chips) 
Seat 2: nistali ($1.94 in chips) 
Seat 3: Dorex2007 ($2.56 in chips) 
Seat 4: SlavikPuha ($2.98 in chips) 
Seat 5: 7Aries777 ($1.24 in chips) 
Seat 6: RodStormm ($1.89 in chips) 
Seat 7: skgolem ($0.53 in chips) 
Seat 8: dendi913 ($1.16 in chips) 
Seat 9: banzai 757 ($2.18 in chips) 
RodStormm: posts small blind $0.01
skgolem: posts big blind $0.02
*** HOLE CARDS ***
Dealt to Dorex2007 [4c 3d]
dendi913: calls $0.02
banzai 757: folds 
Drakez1666: folds 
nistali: raises $0.04 to $0.06
Dorex2007: folds 
SlavikPuha: folds 
7Aries777: folds 
RodStormm: calls $0.05
skgolem: folds 
dendi913: calls $0.04
*** FLOP *** [4d 5s 5d]
RodStormm: checks 
dendi913: checks 
nistali: bets $0.09
RodStormm: folds 
dendi913: calls $0.09
*** TURN *** [4d 5s 5d] [7s]
dendi913: checks 
nistali: checks 
*** RIVER *** [4d 5s 5d 7s] [Kh]
dendi913: bets $0.18
skgolem leaves the table
nistali: folds 
Uncalled bet ($0.18) returned to dendi913
dendi913 collected $0.37 from pot
dendi913: doesn't show hand 
*** SUMMARY ***
Total pot $0.38 | Rake $0.01 
Board [4d 5s 5d 7s Kh]
Seat 1: Drakez1666 folded before Flop (didn't bet)
Seat 2: nistali folded on the River
Seat 3: Dorex2007 folded before Flop (didn't bet)
Seat 4: SlavikPuha folded before Flop (didn't bet)
Seat 5: 7Aries777 (button) folded before Flop (didn't bet)
Seat 6: RodStormm (small blind) folded on the Flop
Seat 7: skgolem (big blind) folded before Flop
Seat 8: dendi913 collected ($0.37)
Seat 9: banzai 757 folded before Flop (didn't bet)



PokerStars Hand #233118263604:  Hold'em No Limit ($0.01/$0.02 USD) - 2022/01/14 2:33:27 PT [2022/01/14 5:33:27 ET]
Table 'Adhara' 9-max Seat #6 is the button
Seat 1: Drakez1666 ($0.73 in chips) 
Seat 2: nistali ($1.79 in chips) 
Seat 3: Dorex2007 ($2.56 in chips) 
Seat 4: SlavikPuha ($2.98 in chips) 
Seat 5: 7Aries777 ($1.24 in chips) 
Seat 6: RodStormm ($1.83 in chips) 
Seat 8: dendi913 ($1.38 in chips) 
Seat 9: banzai 757 ($2.18 in chips) 
dendi913: posts small blind $0.01
banzai 757: posts big blind $0.02
*** HOLE CARDS ***
Dealt to Dorex2007 [5d 5s]
Drakez1666: calls $0.02
nistali: folds 
Dorex2007: calls $0.02
SlavikPuha: folds 
7Aries777: folds 
RodStormm: folds 
dendi913: raises $0.02 to $0.04
banzai 757: folds 
Drakez1666: calls $0.02
Dorex2007: calls $0.02
*** FLOP *** [4s 3h 9d]
dendi913: checks 
Drakez1666: bets $0.14
Dorex2007: folds 
dendi913: folds 
Uncalled bet ($0.14) returned to Drakez1666
Drakez1666 collected $0.14 from pot
Drakez1666: doesn't show hand 
*** SUMMARY ***
Total pot $0.14 | Rake $0 
Board [4s 3h 9d]
Seat 1: Drakez1666 collected ($0.14)
Seat 2: nistali folded before Flop (didn't bet)
Seat 3: Dorex2007 folded on the Flop
Seat 4: SlavikPuha folded before Flop (didn't bet)
Seat 5: 7Aries777 folded before Flop (didn't bet)
Seat 6: RodStormm (button) folded before Flop (didn't bet)
Seat 8: dendi913 (small blind) folded on the Flop
Seat 9: banzai 757 (big blind) folded before Flop



PokerStars Hand #233118274552:  Hold'em No Limit ($0.01/$0.02 USD) - 2022/01/14 2:34:12 PT [2022/01/14 5:34:12 ET]
Table 'Adhara' 9-max Seat #8 is the button
Seat 1: Drakez1666 ($0.83 in chips) 
Seat 2: nistali ($1.79 in chips) 
Seat 3: Dorex2007 ($2.52 in chips) 
Seat 4: SlavikPuha ($2.98 in chips) 
Seat 5: 7Aries777 ($1.24 in chips) 
Seat 6: RodStormm ($1.83 in chips) 
Seat 8: dendi913 ($1.34 in chips) 
Seat 9: banzai 757 ($2.16 in chips) 
banzai 757: posts small blind $0.01
Drakez1666: posts big blind $0.02
*** HOLE CARDS ***
Dealt to Dorex2007 [Qs 5h]
nistali: raises $0.02 to $0.04
Dorex2007: folds 
SlavikPuha: folds 
7Aries777: folds 
RodStormm: folds 
dendi913: raises $0.02 to $0.06
banzai 757: calls $0.05
Drakez1666: calls $0.04
nistali: calls $0.02
*** FLOP *** [2c 2s 9h]
banzai 757: bets $0.12
Drakez1666: calls $0.12
nistali: folds 
dendi913: folds 
*** TURN *** [2c 2s 9h] [8c]
banzai 757: bets $0.23
Drakez1666: folds 
Uncalled bet ($0.23) returned to banzai 757
banzai 757 collected $0.46 from pot
*** SUMMARY ***
Total pot $0.48 | Rake $0.02 
Board [2c 2s 9h 8c]
Seat 1: Drakez1666 (big blind) folded on the Turn
Seat 2: nistali folded on the Flop
Seat 3: Dorex2007 folded before Flop (didn't bet)
Seat 4: SlavikPuha folded before Flop (didn't bet)
Seat 5: 7Aries777 folded before Flop (didn't bet)
Seat 6: RodStormm folded before Flop (didn't bet)
Seat 8: dendi913 (button) folded on the Flop
Seat 9: banzai 757 (small blind) collected ($0.46)



PokerStars Hand #233118289445:  Hold'em No Limit ($0.01/$0.02 USD) - 2022/01/14 2:35:13 PT [2022/01/14 5:35:13 ET]
Table 'Adhara' 9-max Seat #9 is the button
Seat 1: Drakez1666 ($0.65 in chips) 
Seat 2: nistali ($1.73 in chips) 
Seat 3: Dorex2007 ($2.52 in chips) 
Seat 4: SlavikPuha ($2.98 in chips) 
Seat 5: 7Aries777 ($1.24 in chips) 
Seat 6: RodStormm ($1.83 in chips) 
Seat 8: dendi913 ($1.28 in chips) 
Seat 9: banzai 757 ($2.44 in chips) 
Drakez1666: posts small blind $0.01
nistali: posts big blind $0.02
*** HOLE CARDS ***
Dealt to Dorex2007 [4s 9d]
Dorex2007: folds 
SlavikPuha: raises $0.04 to $0.06
7Aries777: folds 
RodStormm: folds 
dendi913: raises $0.15 to $0.21
banzai 757: folds 
Drakez1666: folds 
nistali: calls $0.19
SlavikPuha: calls $0.15
*** FLOP *** [4h 7d 2c]
nistali: checks 
SlavikPuha: checks 
dendi913: bets $0.62
nistali: folds 
SlavikPuha: raises $0.62 to $1.24
dendi913: calls $0.45 and is all-in
Uncalled bet ($0.17) returned to SlavikPuha
*** TURN *** [4h 7d 2c] [7s]
*** RIVER *** [4h 7d 2c 7s] [Jh]
*** SHOW DOWN ***
SlavikPuha: shows [Qc Qs] (two pair, Queens and Sevens)
dendi913: shows [3s 3c] (two pair, Sevens and Threes)
SlavikPuha cashed out the hand for $2.35 | Cash Out Fee $0.02
*** SUMMARY ***
Total pot $2.78 | Rake $0.10 
Board [4h 7d 2c 7s Jh]
Seat 1: Drakez1666 (small blind) folded before Flop
Seat 2: nistali (big blind) folded on the Flop
Seat 3: Dorex2007 folded before Flop (didn't bet)
Seat 4: SlavikPuha showed [Qc Qs] and won ($2.68) with two pair, Queens and Sevens (pot not awarded as player cashed out)
Seat 5: 7Aries777 folded before Flop (didn't bet)
Seat 6: RodStormm folded before Flop (didn't bet)
Seat 8: dendi913 showed [3s 3c] and lost with two pair, Sevens and Threes
Seat 9: banzai 757 (button) folded before Flop (didn't bet)



PokerStars Hand #233118302772:  Hold'em No Limit ($0.01/$0.02 USD) - 2022/01/14 2:36:08 PT [2022/01/14 5:36:08 ET]
Table 'Adhara' 9-max Seat #1 is the button
Seat 1: Drakez1666 ($0.64 in chips) 
Seat 2: nistali ($1.52 in chips) 
Seat 3: Dorex2007 ($2.52 in chips) 
Seat 4: SlavikPuha ($4.05 in chips) 
Seat 5: 7Aries777 ($1.24 in chips) 
Seat 6: RodStormm ($1.83 in chips) 
Seat 9: banzai 757 ($2.44 in chips) 
nistali: posts small blind $0.01
Dorex2007: posts big blind $0.02
*** HOLE CARDS ***
Dealt to Dorex2007 [5h 9s]
SlavikPuha: raises $0.04 to $0.06
JooereX joins the table at seat #7 
7Aries777: folds 
RodStormm: calls $0.06
banzai 757: folds 
Drakez1666: calls $0.06
nistali: folds 
Dorex2007: folds 
*** FLOP *** [9h 7s 4c]
dendi913 leaves the table
SlavikPuha: checks 
RodStormm: checks 
Drakez1666: checks 
*** TURN *** [9h 7s 4c] [5d]
SlavikPuha: checks 
RodStormm: checks 
Drakez1666: checks 
*** RIVER *** [9h 7s 4c 5d] [Ah]
SlavikPuha: checks 
RodStormm: checks 
Drakez1666: checks 
*** SHOW DOWN ***
SlavikPuha: shows [Ts Ks] (high card Ace)
RodStormm: shows [3s 3c] (a pair of Threes)
Drakez1666: mucks hand 
RodStormm collected $0.20 from pot
*** SUMMARY ***
Total pot $0.21 | Rake $0.01 
Board [9h 7s 4c 5d Ah]
Seat 1: Drakez1666 (button) mucked [Jd Kh]
Seat 2: nistali (small blind) folded before Flop
Seat 3: Dorex2007 (big blind) folded before Flop
Seat 4: SlavikPuha showed [Ts Ks] and lost with high card Ace
Seat 5: 7Aries777 folded before Flop (didn't bet)
Seat 6: RodStormm showed [3s 3c] and won ($0.20) with a pair of Threes
Seat 9: banzai 757 folded before Flop (didn't bet)



PokerStars Hand #233118311562:  Hold'em No Limit ($0.01/$0.02 USD) - 2022/01/14 2:36:44 PT [2022/01/14 5:36:44 ET]
Table 'Adhara' 9-max Seat #2 is the button
Seat 1: Drakez1666 ($0.58 in chips) 
Seat 2: nistali ($1.51 in chips) 
Seat 3: Dorex2007 ($2.50 in chips) 
Seat 4: SlavikPuha ($3.99 in chips) 
Seat 5: 7Aries777 ($1.24 in chips) 
Seat 6: RodStormm ($1.97 in chips) 
Seat 7: JooereX ($0.80 in chips) 
Seat 9: banzai 757 ($2.44 in chips) 
Dorex2007: posts small blind $0.01
SlavikPuha: posts big blind $0.02
JooereX: posts big blind $0.02
*** HOLE CARDS ***
Dealt to Dorex2007 [9s Js]
7Aries777: raises $0.02 to $0.04
RodStormm: folds 
JooereX: calls $0.02
banzai 757: folds 
Drakez1666: folds 
nistali: calls $0.04
Dorex2007: folds 
SlavikPuha: folds 
*** FLOP *** [3s 4s 8c]
7Aries777: checks 
JooereX: checks 
nistali: bets $0.11
7Aries777: folds 
JooereX: calls $0.11
*** TURN *** [3s 4s 8c] [Jd]
JooereX: checks 
nistali: bets $0.18
xnxCerber joins the table at seat #8 
JooereX: calls $0.18
*** RIVER *** [3s 4s 8c Jd] [Ks]
JooereX: checks 
nistali: checks 
*** SHOW DOWN ***
JooereX: shows [Th Ts] (a pair of Tens)
nistali: shows [Kc 3c] (two pair, Kings and Threes)
nistali collected $0.70 from pot
*** SUMMARY ***
Total pot $0.73 | Rake $0.03 
Board [3s 4s 8c Jd Ks]
Seat 1: Drakez1666 folded before Flop (didn't bet)
Seat 2: nistali (button) showed [Kc 3c] and won ($0.70) with two pair, Kings and Threes
Seat 3: Dorex2007 (small blind) folded before Flop
Seat 4: SlavikPuha (big blind) folded before Flop
Seat 5: 7Aries777 folded on the Flop
Seat 6: RodStormm folded before Flop (didn't bet)
Seat 7: JooereX showed [Th Ts] and lost with a pair of Tens
Seat 9: banzai 757 folded before Flop (didn't bet)



PokerStars Hand #233118325540:  Hold'em No Limit ($0.01/$0.02 USD) - 2022/01/14 2:37:41 PT [2022/01/14 5:37:41 ET]
Table 'Adhara' 9-max Seat #3 is the button
Seat 1: Drakez1666 ($0.58 in chips) 
Seat 2: nistali ($1.88 in chips) 
Seat 3: Dorex2007 ($2.49 in chips) 
Seat 4: SlavikPuha ($3.97 in chips) 
Seat 5: 7Aries777 ($1.20 in chips) 
Seat 6: RodStormm ($1.97 in chips) 
Seat 7: JooereX ($0.47 in chips) 
Seat 8: xnxCerber ($1 in chips) 
Seat 9: banzai 757 ($2.44 in chips) 
SlavikPuha: posts small blind $0.01
7Aries777: posts big blind $0.02
xnxCerber: posts big blind $0.02
*** HOLE CARDS ***
Dealt to Dorex2007 [9c 9d]
RodStormm: raises $0.02 to $0.04
JooereX: calls $0.04
xnxCerber: folds 
banzai 757: folds 
Drakez1666: folds 
nistali: calls $0.04
Dorex2007: calls $0.04
SlavikPuha: folds 
7Aries777: folds 
*** FLOP *** [7d 2d 5c]
RodStormm: checks 
JooereX: checks 
nistali: bets $0.14
Dorex2007: folds 
RodStormm: folds 
JooereX: folds 
Uncalled bet ($0.14) returned to nistali
nistali collected $0.20 from pot
nistali: doesn't show hand 
*** SUMMARY ***
Total pot $0.21 | Rake $0.01 
Board [7d 2d 5c]
Seat 1: Drakez1666 folded before Flop (didn't bet)
Seat 2: nistali collected ($0.20)
Seat 3: Dorex2007 (button) folded on the Flop
Seat 4: SlavikPuha (small blind) folded before Flop
Seat 5: 7Aries777 (big blind) folded before Flop
Seat 6: RodStormm folded on the Flop
Seat 7: JooereX folded on the Flop
Seat 8: xnxCerber folded before Flop (didn't bet)
Seat 9: banzai 757 folded before Flop (didn't bet)



PokerStars Hand #233118334957:  Hold'em No Limit ($0.01/$0.02 USD) - 2022/01/14 2:38:20 PT [2022/01/14 5:38:20 ET]
Table 'Adhara' 9-max Seat #4 is the button
Seat 1: Drakez1666 ($0.58 in chips) 
Seat 2: nistali ($2.04 in chips) 
Seat 3: Dorex2007 ($2.45 in chips) 
Seat 4: SlavikPuha ($3.96 in chips) 
Seat 5: 7Aries777 ($1.18 in chips) 
Seat 6: RodStormm ($1.93 in chips) 
Seat 7: JooereX ($0.43 in chips) 
Seat 8: xnxCerber ($0.98 in chips) 
Seat 9: banzai 757 ($2.44 in chips) 
7Aries777: posts small blind $0.01
RodStormm: posts big blind $0.02
*** HOLE CARDS ***
Dealt to Dorex2007 [2s Ts]
JooereX: raises $0.02 to $0.04
xnxCerber: folds 
banzai 757: folds 
Drakez1666: folds 
nistali: calls $0.04
Dorex2007: folds 
SlavikPuha: folds 
7Aries777: raises $1.14 to $1.18 and is all-in
RodStormm: folds 
JooereX: calls $0.39 and is all-in
nistali: folds 
Uncalled bet ($0.75) returned to 7Aries777
7Aries777 has timed out
*** FLOP *** [5d 8c Jc]
*** TURN *** [5d 8c Jc] [Kc]
*** RIVER *** [5d 8c Jc Kc] [6c]
*** SHOW DOWN ***
7Aries777: shows [As Kh] (a pair of Kings)
JooereX: shows [9s Ac] (a flush, Ace high)
JooereX collected $0.89 from pot
*** SUMMARY ***
Total pot $0.92 | Rake $0.03 
Board [5d 8c Jc Kc 6c]
Seat 1: Drakez1666 folded before Flop (didn't bet)
Seat 2: nistali folded before Flop
Seat 3: Dorex2007 folded before Flop (didn't bet)
Seat 4: SlavikPuha (button) folded before Flop (didn't bet)
Seat 5: 7Aries777 (small blind) showed [As Kh] and lost with a pair of Kings
Seat 6: RodStormm (big blind) folded before Flop
Seat 7: JooereX showed [9s Ac] and won ($0.89) with a flush, Ace high
Seat 8: xnxCerber folded before Flop (didn't bet)
Seat 9: banzai 757 folded before Flop (didn't bet)



PokerStars Hand #233118347996:  Hold'em No Limit ($0.01/$0.02 USD) - 2022/01/14 2:39:12 PT [2022/01/14 5:39:12 ET]
Table 'Adhara' 9-max Seat #5 is the button
Seat 1: Drakez1666 ($0.58 in chips) 
Seat 2: nistali ($2 in chips) 
Seat 3: Dorex2007 ($2.45 in chips) 
Seat 4: SlavikPuha ($3.96 in chips) 
Seat 5: 7Aries777 ($0.75 in chips) 
Seat 6: RodStormm ($1.91 in chips) 
Seat 7: JooereX ($0.89 in chips) 
Seat 8: xnxCerber ($0.98 in chips) 
Seat 9: banzai 757 ($2.44 in chips) 
RodStormm: posts small blind $0.01
JooereX: posts big blind $0.02
*** HOLE CARDS ***
Dealt to Dorex2007 [2c 9c]
xnxCerber: folds 
banzai 757: folds 
Drakez1666: calls $0.02
nistali: raises $0.02 to $0.04
Dorex2007: folds 
SlavikPuha: folds 
7Aries777: calls $0.04
RodStormm: folds 
JooereX: calls $0.02
Drakez1666: calls $0.02
*** FLOP *** [9h Ac 6s]
JooereX: checks 
Drakez1666: checks 
nistali: checks 
7Aries777: bets $0.16
JooereX: folds 
Drakez1666: folds 
nistali: folds 
Uncalled bet ($0.16) returned to 7Aries777
7Aries777 collected $0.16 from pot
*** SUMMARY ***
Total pot $0.17 | Rake $0.01 
Board [9h Ac 6s]
Seat 1: Drakez1666 folded on the Flop
Seat 2: nistali folded on the Flop
Seat 3: Dorex2007 folded before Flop (didn't bet)
Seat 4: SlavikPuha folded before Flop (didn't bet)
Seat 5: 7Aries777 (button) collected ($0.16)
Seat 6: RodStormm (small blind) folded before Flop
Seat 7: JooereX (big blind) folded on the Flop
Seat 8: xnxCerber folded before Flop (didn't bet)
Seat 9: banzai 757 folded before Flop (didn't bet)



PokerStars Hand #233118356743:  Hold'em No Limit ($0.01/$0.02 USD) - 2022/01/14 2:39:48 PT [2022/01/14 5:39:48 ET]
Table 'Adhara' 9-max Seat #6 is the button
Seat 1: Drakez1666 ($0.54 in chips) 
Seat 2: nistali ($1.96 in chips) 
Seat 3: Dorex2007 ($2.45 in chips) 
Seat 4: SlavikPuha ($3.96 in chips) 
Seat 5: 7Aries777 ($0.87 in chips) 
Seat 6: RodStormm ($1.90 in chips) 
Seat 7: JooereX ($0.85 in chips) 
Seat 8: xnxCerber ($0.98 in chips) 
Seat 9: banzai 757 ($2.44 in chips) 
JooereX: posts small blind $0.01
xnxCerber: posts big blind $0.02
*** HOLE CARDS ***
Dealt to Dorex2007 [Kd 6h]
banzai 757: folds 
Drakez1666: folds 
nistali: raises $0.06 to $0.08
Dorex2007: folds 
SlavikPuha: folds 
7Aries777: calls $0.08
RodStormm: folds 
JooereX: folds 
xnxCerber: folds 
*** FLOP *** [7d 9d 2c]
nistali: bets $0.09
7Aries777: calls $0.09
*** TURN *** [7d 9d 2c] [Tc]
nistali: bets $0.22
7Aries777: raises $0.48 to $0.70 and is all-in
nistali: calls $0.48
*** RIVER *** [7d 9d 2c Tc] [8h]
*** SHOW DOWN ***
nistali: shows [Ad Ac] (a pair of Aces)
7Aries777: shows [Th Js] (a straight, Seven to Jack)
7Aries777 collected $1.71 from pot
nistali cashed out the hand for $1.36 | Cash Out Fee $0.01
*** SUMMARY ***
Total pot $1.77 | Rake $0.06 
Board [7d 9d 2c Tc 8h]
Seat 1: Drakez1666 folded before Flop (didn't bet)
Seat 2: nistali showed [Ad Ac] and lost with a pair of Aces (cashed out).
Seat 3: Dorex2007 folded before Flop (didn't bet)
Seat 4: SlavikPuha folded before Flop (didn't bet)
Seat 5: 7Aries777 showed [Th Js] and won ($1.71) with a straight, Seven to Jack
Seat 6: RodStormm (button) folded before Flop (didn't bet)
Seat 7: JooereX (small blind) folded before Flop
Seat 8: xnxCerber (big blind) folded before Flop
Seat 9: banzai 757 folded before Flop (didn't bet)



PokerStars Hand #233118366192:  Hold'em No Limit ($0.01/$0.02 USD) - 2022/01/14 2:40:27 PT [2022/01/14 5:40:27 ET]
Table 'Adhara' 9-max Seat #7 is the button
Seat 1: Drakez1666 ($0.54 in chips) 
Seat 2: nistali ($2.45 in chips) 
Seat 3: Dorex2007 ($2.45 in chips) 
Seat 4: SlavikPuha ($3.96 in chips) 
Seat 5: 7Aries777 ($1.71 in chips) 
Seat 6: RodStormm ($1.90 in chips) 
Seat 7: JooereX ($0.84 in chips) 
Seat 8: xnxCerber ($0.96 in chips) 
Seat 9: banzai 757 ($2.44 in chips) 
xnxCerber: posts small blind $0.01
banzai 757: posts big blind $0.02
*** HOLE CARDS ***
Dealt to Dorex2007 [6d Ac]
Drakez1666: calls $0.02
nistali: calls $0.02
Dorex2007: folds 
SlavikPuha: folds 
7Aries777: folds 
RodStormm: raises $0.02 to $0.04
JooereX: folds 
xnxCerber: folds 
banzai 757: calls $0.02
Drakez1666: calls $0.02
nistali: calls $0.02
*** FLOP *** [2h 3d 7s]
banzai 757: checks 
Drakez1666: checks 
nistali: checks 
RodStormm: checks 
*** TURN *** [2h 3d 7s] [9h]
banzai 757: bets $0.02
Drakez1666: folds 
nistali: raises $0.10 to $0.12
RodStormm: calls $0.12
banzai 757: folds 
*** RIVER *** [2h 3d 7s 9h] [7h]
nistali: checks 
RodStormm: checks 
*** SHOW DOWN ***
nistali: shows [7c 7d] (four of a kind, Sevens)
RodStormm: mucks hand 
nistali collected $0.41 from pot
*** SUMMARY ***
Total pot $0.43 | Rake $0.02 
Board [2h 3d 7s 9h 7h]
Seat 1: Drakez1666 folded on the Turn
Seat 2: nistali showed [7c 7d] and won ($0.41) with four of a kind, Sevens
Seat 3: Dorex2007 folded before Flop (didn't bet)
Seat 4: SlavikPuha folded before Flop (didn't bet)
Seat 5: 7Aries777 folded before Flop (didn't bet)
Seat 6: RodStormm mucked [Jd 8d]
Seat 7: JooereX (button) folded before Flop (didn't bet)
Seat 8: xnxCerber (small blind) folded before Flop
Seat 9: banzai 757 (big blind) folded on the Turn



PokerStars Hand #233118380323:  Hold'em No Limit ($0.01/$0.02 USD) - 2022/01/14 2:41:24 PT [2022/01/14 5:41:24 ET]
Table 'Adhara' 9-max Seat #8 is the button
Seat 1: Drakez1666 ($0.50 in chips) 
Seat 2: nistali ($2.70 in chips) 
Seat 3: Dorex2007 ($2.45 in chips) 
Seat 4: SlavikPuha ($3.96 in chips) 
Seat 5: 7Aries777 ($1.71 in chips) 
Seat 6: RodStormm ($1.74 in chips) 
Seat 7: JooereX ($0.84 in chips) 
Seat 8: xnxCerber ($0.95 in chips) 
Seat 9: banzai 757 ($2.38 in chips) 
banzai 757: posts small blind $0.01
Drakez1666: posts big blind $0.02
*** HOLE CARDS ***
Dealt to Dorex2007 [9h 3c]
nistali: folds 
Dorex2007: folds 
SlavikPuha: folds 
7Aries777: folds 
RodStormm: folds 
JooereX: calls $0.02
xnxCerber: folds 
banzai 757: folds 
Drakez1666: checks 
*** FLOP *** [5s 3d 8d]
Drakez1666: checks 
JooereX: checks 
*** TURN *** [5s 3d 8d] [3h]
Drakez1666: checks 
JooereX: bets $0.02
Drakez1666: calls $0.02
*** RIVER *** [5s 3d 8d 3h] [3s]
Drakez1666: checks 
JooereX: bets $0.10
Drakez1666: folds 
Uncalled bet ($0.10) returned to JooereX
JooereX collected $0.09 from pot
JooereX: doesn't show hand 
*** SUMMARY ***
Total pot $0.09 | Rake $0 
Board [5s 3d 8d 3h 3s]
Seat 1: Drakez1666 (big blind) folded on the River
Seat 2: nistali folded before Flop (didn't bet)
Seat 3: Dorex2007 folded before Flop (didn't bet)
Seat 4: SlavikPuha folded before Flop (didn't bet)
Seat 5: 7Aries777 folded before Flop (didn't bet)
Seat 6: RodStormm folded before Flop (didn't bet)
Seat 7: JooereX collected ($0.09)
Seat 8: xnxCerber (button) folded before Flop (didn't bet)
Seat 9: banzai 757 (small blind) folded before Flop



PokerStars Hand #233118391002:  Hold'em No Limit ($0.01/$0.02 USD) - 2022/01/14 2:42:08 PT [2022/01/14 5:42:08 ET]
Table 'Adhara' 9-max Seat #9 is the button
Seat 1: Drakez1666 ($0.46 in chips) 
Seat 2: nistali ($2.70 in chips) 
Seat 3: Dorex2007 ($2.45 in chips) 
Seat 4: SlavikPuha ($3.96 in chips) 
Seat 5: 7Aries777 ($1.71 in chips) 
Seat 6: RodStormm ($1.74 in chips) 
Seat 7: JooereX ($0.89 in chips) 
Seat 8: xnxCerber ($0.95 in chips) 
Seat 9: banzai 757 ($2.37 in chips) 
Drakez1666: posts small blind $0.01
nistali: posts big blind $0.02
*** HOLE CARDS ***
Dealt to Dorex2007 [Qh 4h]
Dorex2007: folds 
SlavikPuha: folds 
7Aries777: folds 
RodStormm: folds 
JooereX: calls $0.02
xnxCerber: folds 
banzai 757: folds 
Drakez1666: calls $0.01
nistali is disconnected 
nistali is connected 
nistali has timed out
nistali: checks 
*** FLOP *** [9h 2d 3c]
Drakez1666: bets $0.06
nistali: folds 
JooereX: calls $0.06
*** TURN *** [9h 2d 3c] [Kd]
Drakez1666: bets $0.38 and is all-in
JooereX: calls $0.38
*** RIVER *** [9h 2d 3c Kd] [Th]
*** SHOW DOWN ***
Drakez1666: shows [3d 2h] (two pair, Threes and Deuces)
JooereX: shows [Qs 9d] (a pair of Nines)
Drakez1666 collected $0.91 from pot
*** SUMMARY ***
Total pot $0.94 | Rake $0.03 
Board [9h 2d 3c Kd Th]
Seat 1: Drakez1666 (small blind) showed [3d 2h] and won ($0.91) with two pair, Threes and Deuces
Seat 2: nistali (big blind) folded on the Flop
Seat 3: Dorex2007 folded before Flop (didn't bet)
Seat 4: SlavikPuha folded before Flop (didn't bet)
Seat 5: 7Aries777 folded before Flop (didn't bet)
Seat 6: RodStormm folded before Flop (didn't bet)
Seat 7: JooereX showed [Qs 9d] and lost with a pair of Nines
Seat 8: xnxCerber folded before Flop (didn't bet)
Seat 9: banzai 757 (button) folded before Flop (didn't bet)



PokerStars Hand #233118413611:  Hold'em No Limit ($0.01/$0.02 USD) - 2022/01/14 2:43:40 PT [2022/01/14 5:43:40 ET]
Table 'Adhara' 9-max Seat #1 is the button
Seat 1: Drakez1666 ($0.91 in chips) 
Seat 3: Dorex2007 ($2.45 in chips) 
Seat 4: SlavikPuha ($3.96 in chips) 
Seat 5: 7Aries777 ($1.71 in chips) 
Seat 6: RodStormm ($1.74 in chips) 
Seat 7: JooereX ($0.43 in chips) 
Seat 8: xnxCerber ($0.95 in chips) 
Seat 9: banzai 757 ($2.37 in chips) 
nistali is disconnected 
nistali has timed out while disconnected
nistali: is sitting out 
Dorex2007: posts small blind $0.01
SlavikPuha: posts big blind $0.02
*** HOLE CARDS ***
Dealt to Dorex2007 [3d Kc]
7Aries777: calls $0.02
RodStormm: raises $0.02 to $0.04
JooereX: folds 
xnxCerber: folds 
banzai 757: folds 
Drakez1666: folds 
Dorex2007: folds 
SlavikPuha: folds 
7Aries777: calls $0.02
*** FLOP *** [6c 4h Jh]
7Aries777: bets $0.02
RodStormm: folds 
Uncalled bet ($0.02) returned to 7Aries777
7Aries777 collected $0.11 from pot
*** SUMMARY ***
Total pot $0.11 | Rake $0 
Board [6c 4h Jh]
Seat 1: Drakez1666 (button) folded before Flop (didn't bet)
Seat 3: Dorex2007 (small blind) folded before Flop
Seat 4: SlavikPuha (big blind) folded before Flop
Seat 5: 7Aries777 collected ($0.11)
Seat 6: RodStormm folded on the Flop
Seat 7: JooereX folded before Flop (didn't bet)
Seat 8: xnxCerber folded before Flop (didn't bet)
Seat 9: banzai 757 folded before Flop (didn't bet)



PokerStars Hand #233118421836:  Hold'em No Limit ($0.01/$0.02 USD) - 2022/01/14 2:44:14 PT [2022/01/14 5:44:14 ET]
Table 'Adhara' 9-max Seat #3 is the button
Seat 1: Drakez1666 ($0.91 in chips) 
Seat 3: Dorex2007 ($2.44 in chips) 
Seat 4: SlavikPuha ($3.94 in chips) 
Seat 5: 7Aries777 ($1.78 in chips) 
Seat 6: RodStormm ($1.70 in chips) 
Seat 7: JooereX ($0.43 in chips) 
Seat 8: xnxCerber ($0.95 in chips) 
Seat 9: banzai 757 ($2.37 in chips) 
SlavikPuha: posts small blind $0.01
7Aries777: posts big blind $0.02
*** HOLE CARDS ***
Dealt to Dorex2007 [8h Jh]
RodStormm: raises $0.02 to $0.04
JooereX: folds 
xnxCerber: calls $0.04
banzai 757: folds 
Drakez1666: folds 
Dorex2007: calls $0.04
SlavikPuha: folds 
7Aries777: folds 
*** FLOP *** [3h 4c 9s]
RodStormm: checks 
xnxCerber: checks 
Dorex2007: checks 
*** TURN *** [3h 4c 9s] [Jd]
RodStormm: checks 
xnxCerber: bets $0.06
Dorex2007: calls $0.06
RodStormm: calls $0.06
*** RIVER *** [3h 4c 9s Jd] [Qh]
RodStormm: checks 
xnxCerber: bets $0.06
Dorex2007: calls $0.06
RodStormm: calls $0.06
*** SHOW DOWN ***
xnxCerber: shows [Jc Js] (three of a kind, Jacks)
Dorex2007: mucks hand 
RodStormm: mucks hand 
xnxCerber collected $0.49 from pot
*** SUMMARY ***
Total pot $0.51 | Rake $0.02 
Board [3h 4c 9s Jd Qh]
Seat 1: Drakez1666 folded before Flop (didn't bet)
Seat 3: Dorex2007 (button) mucked [8h Jh]
Seat 4: SlavikPuha (small blind) folded before Flop
Seat 5: 7Aries777 (big blind) folded before Flop
Seat 6: RodStormm mucked [Qs Th]
Seat 7: JooereX folded before Flop (didn't bet)
Seat 8: xnxCerber showed [Jc Js] and won ($0.49) with three of a kind, Jacks
Seat 9: banzai 757 folded before Flop (didn't bet)



PokerStars Hand #233118432836:  Hold'em No Limit ($0.01/$0.02 USD) - 2022/01/14 2:44:59 PT [2022/01/14 5:44:59 ET]
Table 'Adhara' 9-max Seat #4 is the button
Seat 1: Drakez1666 ($0.91 in chips) 
Seat 3: Dorex2007 ($2.28 in chips) 
Seat 4: SlavikPuha ($3.93 in chips) 
Seat 5: 7Aries777 ($1.76 in chips) 
Seat 6: RodStormm ($1.54 in chips) 
Seat 7: JooereX ($0.43 in chips) 
Seat 8: xnxCerber ($1.28 in chips) 
Seat 9: banzai 757 ($2.37 in chips) 
7Aries777: posts small blind $0.01
RodStormm: posts big blind $0.02
*** HOLE CARDS ***
Dealt to Dorex2007 [8c Kd]
JooereX: calls $0.02
xnxCerber: calls $0.02
banzai 757: folds 
Drakez1666 has timed out
Drakez1666: folds 
Dorex2007: folds 
SlavikPuha: raises $0.04 to $0.06
7Aries777: folds 
RodStormm: folds 
JooereX: calls $0.04
xnxCerber: calls $0.04
*** FLOP *** [Th Tc 3h]
JooereX: checks 
xnxCerber: checks 
SlavikPuha: checks 
*** TURN *** [Th Tc 3h] [6c]
JooereX: bets $0.16
xnxCerber: folds 
SlavikPuha: folds 
Uncalled bet ($0.16) returned to JooereX
JooereX collected $0.20 from pot
JooereX: doesn't show hand 
*** SUMMARY ***
Total pot $0.21 | Rake $0.01 
Board [Th Tc 3h 6c]
Seat 1: Drakez1666 folded before Flop (didn't bet)
Seat 3: Dorex2007 folded before Flop (didn't bet)
Seat 4: SlavikPuha (button) folded on the Turn
Seat 5: 7Aries777 (small blind) folded before Flop
Seat 6: RodStormm (big blind) folded before Flop
Seat 7: JooereX collected ($0.20)
Seat 8: xnxCerber folded on the Turn
Seat 9: banzai 757 folded before Flop (didn't bet)



PokerStars Hand #233118447271:  Hold'em No Limit ($0.01/$0.02 USD) - 2022/01/14 2:45:49 PT [2022/01/14 5:45:49 ET]
Table 'Adhara' 9-max Seat #5 is the button
Seat 1: Drakez1666 ($0.91 in chips) 
Seat 3: Dorex2007 ($2.28 in chips) 
Seat 4: SlavikPuha ($3.87 in chips) 
Seat 5: 7Aries777 ($1.75 in chips) 
Seat 6: RodStormm ($1.52 in chips) 
Seat 7: JooereX ($0.57 in chips) 
Seat 8: xnxCerber ($1.22 in chips) 
Seat 9: banzai 757 ($2.37 in chips) 
RodStormm: posts small blind $0.01
JooereX: posts big blind $0.02
*** HOLE CARDS ***
Dealt to Dorex2007 [2c Jh]
xnxCerber: folds 
banzai 757: folds 
Drakez1666: folds 
Dorex2007: folds 
SlavikPuha: folds 
7Aries777: calls $0.02
RodStormm: raises $0.02 to $0.04
JooereX: calls $0.02
7Aries777: calls $0.02
*** FLOP *** [Jc As 7s]
RodStormm: checks 
JooereX: checks 
7Aries777: checks 
*** TURN *** [Jc As 7s] [9d]
RodStormm: checks 
JooereX: checks 
7Aries777: checks 
*** RIVER *** [Jc As 7s 9d] [3c]
RodStormm: checks 
JooereX: bets $0.10
7Aries777: folds 
RodStormm: calls $0.10
*** SHOW DOWN ***
JooereX: shows [9s 7d] (two pair, Nines and Sevens)
RodStormm: mucks hand 
JooereX collected $0.31 from pot
*** SUMMARY ***
Total pot $0.32 | Rake $0.01 
Board [Jc As 7s 9d 3c]
Seat 1: Drakez1666 folded before Flop (didn't bet)
Seat 3: Dorex2007 folded before Flop (didn't bet)
Seat 4: SlavikPuha folded before Flop (didn't bet)
Seat 5: 7Aries777 (button) folded on the River
Seat 6: RodStormm (small blind) mucked [Js Ks]
Seat 7: JooereX (big blind) showed [9s 7d] and won ($0.31) with two pair, Nines and Sevens
Seat 8: xnxCerber folded before Flop (didn't bet)
Seat 9: banzai 757 folded before Flop (didn't bet)



PokerStars Hand #233118457863:  Hold'em No Limit ($0.01/$0.02 USD) - 2022/01/14 2:46:33 PT [2022/01/14 5:46:33 ET]
Table 'Adhara' 9-max Seat #6 is the button
Seat 1: Drakez1666 ($0.91 in chips) 
Seat 3: Dorex2007 ($2.28 in chips) 
Seat 4: SlavikPuha ($3.87 in chips) 
Seat 5: 7Aries777 ($1.71 in chips) 
Seat 6: RodStormm ($1.38 in chips) 
Seat 7: JooereX ($0.74 in chips) 
Seat 8: xnxCerber ($1.22 in chips) 
Seat 9: banzai 757 ($2.37 in chips) 
JooereX: posts small blind $0.01
xnxCerber: posts big blind $0.02
*** HOLE CARDS ***
Dealt to Dorex2007 [Kd 8c]
banzai 757: raises $0.04 to $0.06
Drakez1666: calls $0.06
Dorex2007: folds 
SlavikPuha: folds 
7Aries777: calls $0.06
RodStormm: folds 
JooereX: calls $0.05
xnxCerber: calls $0.04
*** FLOP *** [Qh 4s 2h]
JooereX: checks 
xnxCerber: checks 
banzai 757: bets $0.02
Drakez1666: folds 
7Aries777: folds 
JooereX: folds 
xnxCerber: calls $0.02
*** TURN *** [Qh 4s 2h] [6h]
xnxCerber: checks 
banzai 757: checks 
*** RIVER *** [Qh 4s 2h 6h] [Kh]
xnxCerber: checks 
banzai 757: bets $0.06
xnxCerber: folds 
Uncalled bet ($0.06) returned to banzai 757
banzai 757 collected $0.33 from pot
*** SUMMARY ***
Total pot $0.34 | Rake $0.01 
Board [Qh 4s 2h 6h Kh]
Seat 1: Drakez1666 folded on the Flop
Seat 3: Dorex2007 folded before Flop (didn't bet)
Seat 4: SlavikPuha folded before Flop (didn't bet)
Seat 5: 7Aries777 folded on the Flop
Seat 6: RodStormm (button) folded before Flop (didn't bet)
Seat 7: JooereX (small blind) folded on the Flop
Seat 8: xnxCerber (big blind) folded on the River
Seat 9: banzai 757 collected ($0.33)



PokerStars Hand #233118470563:  Hold'em No Limit ($0.01/$0.02 USD) - 2022/01/14 2:47:24 PT [2022/01/14 5:47:24 ET]
Table 'Adhara' 9-max Seat #7 is the button
Seat 1: Drakez1666 ($0.85 in chips) 
Seat 3: Dorex2007 ($2.28 in chips) 
Seat 4: SlavikPuha ($3.87 in chips) 
Seat 5: 7Aries777 ($1.65 in chips) 
Seat 6: RodStormm ($1.38 in chips) 
Seat 7: JooereX ($0.68 in chips) 
Seat 8: xnxCerber ($1.14 in chips) 
Seat 9: banzai 757 ($2.62 in chips) 
xnxCerber: posts small blind $0.01
banzai 757: posts big blind $0.02
*** HOLE CARDS ***
Dealt to Dorex2007 [Kd 9s]
Drakez1666: calls $0.02
Dorex2007: folds 
SlavikPuha: folds 
7Aries777: folds 
RodStormm: folds 
JooereX: calls $0.02
xnxCerber: folds 
banzai 757: checks 
*** FLOP *** [2c Jd Js]
banzai 757: bets $0.02
Drakez1666: folds 
JooereX: folds 
Uncalled bet ($0.02) returned to banzai 757
banzai 757 collected $0.07 from pot
*** SUMMARY ***
Total pot $0.07 | Rake $0 
Board [2c Jd Js]
Seat 1: Drakez1666 folded on the Flop
Seat 3: Dorex2007 folded before Flop (didn't bet)
Seat 4: SlavikPuha folded before Flop (didn't bet)
Seat 5: 7Aries777 folded before Flop (didn't bet)
Seat 6: RodStormm folded before Flop (didn't bet)
Seat 7: JooereX (button) folded on the Flop
Seat 8: xnxCerber (small blind) folded before Flop
Seat 9: banzai 757 (big blind) collected ($0.07)



PokerStars Hand #233118478588:  Hold'em No Limit ($0.01/$0.02 USD) - 2022/01/14 2:47:57 PT [2022/01/14 5:47:57 ET]
Table 'Adhara' 9-max Seat #8 is the button
Seat 1: Drakez1666 ($0.83 in chips) 
Seat 3: Dorex2007 ($2.28 in chips) 
Seat 4: SlavikPuha ($3.87 in chips) 
Seat 5: 7Aries777 ($1.65 in chips) 
Seat 6: RodStormm ($1.38 in chips) 
Seat 7: JooereX ($0.66 in chips) 
Seat 8: xnxCerber ($1.13 in chips) 
Seat 9: banzai 757 ($2.67 in chips) 
banzai 757: posts small blind $0.01
Drakez1666: posts big blind $0.02
*** HOLE CARDS ***
Dealt to Dorex2007 [2s 9c]
Dorex2007: folds 
SlavikPuha: folds 
7Aries777: folds 
RodStormm: raises $0.02 to $0.04
JooereX: folds 
xnxCerber: folds 
banzai 757: calls $0.03
Drakez1666: calls $0.02
*** FLOP *** [3d Js 5d]
banzai 757: bets $0.02
Drakez1666: calls $0.02
RodStormm: folds 
*** TURN *** [3d Js 5d] [8s]
banzai 757: bets $0.02
Drakez1666: calls $0.02
*** RIVER *** [3d Js 5d 8s] [Jh]
banzai 757: bets $0.02
Drakez1666: calls $0.02
*** SHOW DOWN ***
banzai 757: shows [Ac 4d] (a pair of Jacks)
Drakez1666: shows [Qs As] (a pair of Jacks - Ace+Queen kicker)
Drakez1666 collected $0.23 from pot
*** SUMMARY ***
Total pot $0.24 | Rake $0.01 
Board [3d Js 5d 8s Jh]
Seat 1: Drakez1666 (big blind) showed [Qs As] and won ($0.23) with a pair of Jacks
Seat 3: Dorex2007 folded before Flop (didn't bet)
Seat 4: SlavikPuha folded before Flop (didn't bet)
Seat 5: 7Aries777 folded before Flop (didn't bet)
Seat 6: RodStormm folded on the Flop
Seat 7: JooereX folded before Flop (didn't bet)
Seat 8: xnxCerber (button) folded before Flop (didn't bet)
Seat 9: banzai 757 (small blind) showed [Ac 4d] and lost with a pair of Jacks



PokerStars Hand #233118486383:  Hold'em No Limit ($0.01/$0.02 USD) - 2022/01/14 2:48:28 PT [2022/01/14 5:48:28 ET]
Table 'Adhara' 9-max Seat #9 is the button
Seat 1: Drakez1666 ($0.96 in chips) 
Seat 3: Dorex2007 ($2.28 in chips) 
Seat 4: SlavikPuha ($3.87 in chips) 
Seat 5: 7Aries777 ($1.65 in chips) 
Seat 6: RodStormm ($1.34 in chips) 
Seat 7: JooereX ($0.66 in chips) 
Seat 8: xnxCerber ($1.13 in chips) 
Seat 9: banzai 757 ($2.57 in chips) 
Drakez1666: posts small blind $0.01
Dorex2007: posts big blind $0.02
*** HOLE CARDS ***
Dealt to Dorex2007 [8c 6c]
SlavikPuha: folds 
7Aries777: folds 
RodStormm: folds 
JooereX: calls $0.02
xnxCerber: folds 
banzai 757: calls $0.02
Drakez1666: calls $0.01
Dorex2007: checks 
*** FLOP *** [Qc 3s 4d]
Drakez1666: checks 
Dorex2007: checks 
JooereX: checks 
banzai 757: bets $0.06
Drakez1666: folds 
Dorex2007: folds 
JooereX: folds 
Uncalled bet ($0.06) returned to banzai 757
banzai 757 collected $0.08 from pot
*** SUMMARY ***
Total pot $0.08 | Rake $0 
Board [Qc 3s 4d]
Seat 1: Drakez1666 (small blind) folded on the Flop
Seat 3: Dorex2007 (big blind) folded on the Flop
Seat 4: SlavikPuha folded before Flop (didn't bet)
Seat 5: 7Aries777 folded before Flop (didn't bet)
Seat 6: RodStormm folded before Flop (didn't bet)
Seat 7: JooereX folded on the Flop
Seat 8: xnxCerber folded before Flop (didn't bet)
Seat 9: banzai 757 (button) collected ($0.08)



PokerStars Hand #233118496902:  Hold'em No Limit ($0.01/$0.02 USD) - 2022/01/14 2:49:11 PT [2022/01/14 5:49:11 ET]
Table 'Adhara' 9-max Seat #1 is the button
Seat 1: Drakez1666 ($0.94 in chips) 
Seat 3: Dorex2007 ($2.26 in chips) 
Seat 4: SlavikPuha ($3.87 in chips) 
Seat 5: 7Aries777 ($1.65 in chips) 
Seat 6: RodStormm ($1.34 in chips) 
Seat 7: JooereX ($0.64 in chips) 
Seat 8: xnxCerber ($1.13 in chips) 
Seat 9: banzai 757 ($2.63 in chips) 
Dorex2007: posts small blind $0.01
SlavikPuha: posts big blind $0.02
*** HOLE CARDS ***
Dealt to Dorex2007 [Js Ac]
7Aries777: folds 
RodStormm has timed out
RodStormm: folds 
JooereX: calls $0.02
xnxCerber: folds 
banzai 757: calls $0.02
Drakez1666: folds 
Dorex2007: calls $0.01
SlavikPuha: checks 
*** FLOP *** [2h Td 3h]
Dorex2007: checks 
SlavikPuha: bets $0.04
JooereX: calls $0.04
banzai 757: calls $0.04
Dorex2007: folds 
*** TURN *** [2h Td 3h] [Kd]
SlavikPuha: bets $0.06
JooereX: folds 
banzai 757: calls $0.06
*** RIVER *** [2h Td 3h Kd] [9c]
SlavikPuha: checks 
banzai 757: checks 
*** SHOW DOWN ***
SlavikPuha: shows [Jh 8h] (high card King)
banzai 757: shows [Kh Jd] (a pair of Kings)
banzai 757 collected $0.31 from pot
*** SUMMARY ***
Total pot $0.32 | Rake $0.01 
Board [2h Td 3h Kd 9c]
Seat 1: Drakez1666 (button) folded before Flop (didn't bet)
Seat 3: Dorex2007 (small blind) folded on the Flop
Seat 4: SlavikPuha (big blind) showed [Jh 8h] and lost with high card King
Seat 5: 7Aries777 folded before Flop (didn't bet)
Seat 6: RodStormm folded before Flop (didn't bet)
Seat 7: JooereX folded on the Turn
Seat 8: xnxCerber folded before Flop (didn't bet)
Seat 9: banzai 757 showed [Kh Jd] and won ($0.31) with a pair of Kings



PokerStars Hand #233118511378:  Hold'em No Limit ($0.01/$0.02 USD) - 2022/01/14 2:50:10 PT [2022/01/14 5:50:10 ET]
Table 'Adhara' 9-max Seat #3 is the button
Seat 1: Drakez1666 ($0.94 in chips) 
Seat 3: Dorex2007 ($2.24 in chips) 
Seat 4: SlavikPuha ($3.75 in chips) 
Seat 5: 7Aries777 ($1.65 in chips) 
Seat 6: RodStormm ($1.34 in chips) 
Seat 7: JooereX ($0.58 in chips) 
Seat 8: xnxCerber ($1.13 in chips) 
Seat 9: banzai 757 ($2.82 in chips) 
SlavikPuha: posts small blind $0.01
7Aries777: posts big blind $0.02
*** HOLE CARDS ***
Dealt to Dorex2007 [Jh Kh]
RodStormm: folds 
JooereX: calls $0.02
xnxCerber: folds 
banzai 757: folds 
Drakez1666: calls $0.02
Dorex2007: raises $0.08 to $0.10
SlavikPuha: calls $0.09
7Aries777: folds 
JooereX: folds 
Drakez1666: calls $0.08
*** FLOP *** [6d Tc 8s]
SlavikPuha: checks 
Drakez1666: checks 
Dorex2007: bets $0.12
SlavikPuha: folds 
Drakez1666: calls $0.12
*** TURN *** [6d Tc 8s] [5c]
Drakez1666: checks 
Dorex2007: checks 
*** RIVER *** [6d Tc 8s 5c] [Qd]
Drakez1666: bets $0.72 and is all-in
Dorex2007: folds 
Uncalled bet ($0.72) returned to Drakez1666
Drakez1666 collected $0.56 from pot
Drakez1666: doesn't show hand 
*** SUMMARY ***
Total pot $0.58 | Rake $0.02 
Board [6d Tc 8s 5c Qd]
Seat 1: Drakez1666 collected ($0.56)
Seat 3: Dorex2007 (button) folded on the River
Seat 4: SlavikPuha (small blind) folded on the Flop
Seat 5: 7Aries777 (big blind) folded before Flop
Seat 6: RodStormm folded before Flop (didn't bet)
Seat 7: JooereX folded before Flop
Seat 8: xnxCerber folded before Flop (didn't bet)
Seat 9: banzai 757 folded before Flop (didn't bet)



PokerStars Hand #233118524427:  Hold'em No Limit ($0.01/$0.02 USD) - 2022/01/14 2:51:02 PT [2022/01/14 5:51:02 ET]
Table 'Adhara' 9-max Seat #4 is the button
Seat 1: Drakez1666 ($1.28 in chips) 
Seat 3: Dorex2007 ($2.02 in chips) 
Seat 4: SlavikPuha ($3.65 in chips) 
Seat 5: 7Aries777 ($1.63 in chips) 
Seat 6: RodStormm ($1.34 in chips) 
Seat 7: JooereX ($0.56 in chips) 
Seat 8: xnxCerber ($1.13 in chips) 
Seat 9: banzai 757 ($2.82 in chips) 
7Aries777: posts small blind $0.01
RodStormm: posts big blind $0.02
*** HOLE CARDS ***
Dealt to Dorex2007 [7s As]
JooereX: calls $0.02
xnxCerber: folds 
banzai 757: calls $0.02
Drakez1666: folds 
Dorex2007: folds 
SlavikPuha: folds 
7Aries777: folds 
RodStormm: checks 
*** FLOP *** [9h Ad 2c]
RodStormm: checks 
JooereX: checks 
banzai 757: bets $0.02
RodStormm: folds 
JooereX: folds 
Uncalled bet ($0.02) returned to banzai 757
banzai 757 collected $0.07 from pot
*** SUMMARY ***
Total pot $0.07 | Rake $0 
Board [9h Ad 2c]
Seat 1: Drakez1666 folded before Flop (didn't bet)
Seat 3: Dorex2007 folded before Flop (didn't bet)
Seat 4: SlavikPuha (button) folded before Flop (didn't bet)
Seat 5: 7Aries777 (small blind) folded before Flop
Seat 6: RodStormm (big blind) folded on the Flop
Seat 7: JooereX folded on the Flop
Seat 8: xnxCerber folded before Flop (didn't bet)
Seat 9: banzai 757 collected ($0.07)



PokerStars Hand #233118530266:  Hold'em No Limit ($0.01/$0.02 USD) - 2022/01/14 2:51:26 PT [2022/01/14 5:51:26 ET]
Table 'Adhara' 9-max Seat #5 is the button
Seat 1: Drakez1666 ($1.28 in chips) 
Seat 3: Dorex2007 ($2.02 in chips) 
Seat 4: SlavikPuha ($3.65 in chips) 
Seat 5: 7Aries777 ($1.62 in chips) 
Seat 6: RodStormm ($1.32 in chips) 
Seat 7: JooereX ($0.54 in chips) 
Seat 8: xnxCerber ($1.13 in chips) 
Seat 9: banzai 757 ($2.87 in chips) 
RodStormm: posts small blind $0.01
JooereX: posts big blind $0.02
*** HOLE CARDS ***
Dealt to Dorex2007 [2d 9s]
xnxCerber: calls $0.02
banzai 757: folds 
Drakez1666: calls $0.02
Dorex2007: folds 
SlavikPuha: folds 
7Aries777: folds 
RodStormm: raises $0.02 to $0.04
JooereX: folds 
xnxCerber: calls $0.02
Drakez1666: calls $0.02
*** FLOP *** [Ks 2s Jh]
RodStormm: checks 
xnxCerber: checks 
Drakez1666: checks 
*** TURN *** [Ks 2s Jh] [Js]
RodStormm: checks 
xnxCerber: checks 
Drakez1666: checks 
*** RIVER *** [Ks 2s Jh Js] [7h]
RodStormm: checks 
xnxCerber: checks 
Drakez1666: bets $0.14
RodStormm: folds 
xnxCerber: folds 
Uncalled bet ($0.14) returned to Drakez1666
Drakez1666 collected $0.14 from pot
Drakez1666: doesn't show hand 
*** SUMMARY ***
Total pot $0.14 | Rake $0 
Board [Ks 2s Jh Js 7h]
Seat 1: Drakez1666 collected ($0.14)
Seat 3: Dorex2007 folded before Flop (didn't bet)
Seat 4: SlavikPuha folded before Flop (didn't bet)
Seat 5: 7Aries777 (button) folded before Flop (didn't bet)
Seat 6: RodStormm (small blind) folded on the River
Seat 7: JooereX (big blind) folded before Flop
Seat 8: xnxCerber folded on the River
Seat 9: banzai 757 folded before Flop (didn't bet)



PokerStars Hand #233118539178:  Hold'em No Limit ($0.01/$0.02 USD) - 2022/01/14 2:52:02 PT [2022/01/14 5:52:02 ET]
Table 'Adhara' 9-max Seat #6 is the button
Seat 1: Drakez1666 ($1.38 in chips) 
Seat 3: Dorex2007 ($2.02 in chips) 
Seat 4: SlavikPuha ($3.65 in chips) 
Seat 5: 7Aries777 ($1.62 in chips) 
Seat 6: RodStormm ($1.28 in chips) 
Seat 7: JooereX ($0.52 in chips) 
Seat 8: xnxCerber ($1.09 in chips) 
Seat 9: banzai 757 ($2.87 in chips) 
JooereX: posts small blind $0.01
xnxCerber: posts big blind $0.02
*** HOLE CARDS ***
Dealt to Dorex2007 [2s Ks]
banzai 757: calls $0.02
Drakez1666: calls $0.02
Dorex2007: folds 
SlavikPuha: folds 
7Aries777: raises $0.09 to $0.11
RodStormm: raises $0.09 to $0.20
JooereX: folds 
xnxCerber: folds 
banzai 757: folds 
Drakez1666: folds 
7Aries777: calls $0.09
*** FLOP *** [6h 2c 4h]
7Aries777: bets $1.42 and is all-in
RodStormm: calls $1.08 and is all-in
Uncalled bet ($0.34) returned to 7Aries777
*** TURN *** [6h 2c 4h] [Tc]
*** RIVER *** [6h 2c 4h Tc] [5c]
*** SHOW DOWN ***
7Aries777: shows [Jh Jc] (a pair of Jacks)
RodStormm: shows [Kc Kd] (a pair of Kings)
RodStormm collected $2.54 from pot
*** SUMMARY ***
Total pot $2.63 | Rake $0.09 
Board [6h 2c 4h Tc 5c]
Seat 1: Drakez1666 folded before Flop
Seat 3: Dorex2007 folded before Flop (didn't bet)
Seat 4: SlavikPuha folded before Flop (didn't bet)
Seat 5: 7Aries777 showed [Jh Jc] and lost with a pair of Jacks
Seat 6: RodStormm (button) showed [Kc Kd] and won ($2.54) with a pair of Kings
Seat 7: JooereX (small blind) folded before Flop
Seat 8: xnxCerber (big blind) folded before Flop
Seat 9: banzai 757 folded before Flop



PokerStars Hand #233118549527:  Hold'em No Limit ($0.01/$0.02 USD) - 2022/01/14 2:52:43 PT [2022/01/14 5:52:43 ET]
Table 'Adhara' 9-max Seat #7 is the button
Seat 1: Drakez1666 ($1.36 in chips) 
Seat 3: Dorex2007 ($2.02 in chips) 
Seat 4: SlavikPuha ($3.65 in chips) 
Seat 5: 7Aries777 ($0.34 in chips) 
Seat 6: RodStormm ($2.54 in chips) 
Seat 7: JooereX ($0.51 in chips) 
Seat 8: xnxCerber ($1.07 in chips) 
Seat 9: banzai 757 ($2.85 in chips) 
xnxCerber: posts small blind $0.01
banzai 757: posts big blind $0.02
*** HOLE CARDS ***
Dealt to Dorex2007 [6c 9h]
Drakez1666: calls $0.02
Dorex2007: folds 
SlavikPuha: folds 
7Aries777: folds 
RodStormm: folds 
JooereX: calls $0.02
xnxCerber: calls $0.01
banzai 757: checks 
*** FLOP *** [5c 4c 4s]
xnxCerber: checks 
banzai 757: bets $0.02
Drakez1666: calls $0.02
JooereX: folds 
xnxCerber: calls $0.02
*** TURN *** [5c 4c 4s] [Td]
xnxCerber: checks 
banzai 757: bets $0.02
Drakez1666: calls $0.02
nistali leaves the table
xnxCerber: calls $0.02
*** RIVER *** [5c 4c 4s Td] [6s]
xnxCerber: bets $0.04
banzai 757: folds 
Drakez1666: folds 
Uncalled bet ($0.04) returned to xnxCerber
xnxCerber collected $0.19 from pot
xnxCerber: doesn't show hand 
*** SUMMARY ***
Total pot $0.20 | Rake $0.01 
Board [5c 4c 4s Td 6s]
Seat 1: Drakez1666 folded on the River
Seat 3: Dorex2007 folded before Flop (didn't bet)
Seat 4: SlavikPuha folded before Flop (didn't bet)
Seat 5: 7Aries777 folded before Flop (didn't bet)
Seat 6: RodStormm folded before Flop (didn't bet)
Seat 7: JooereX (button) folded on the Flop
Seat 8: xnxCerber (small blind) collected ($0.19)
Seat 9: banzai 757 (big blind) folded on the River



PokerStars Hand #233118560811:  Hold'em No Limit ($0.01/$0.02 USD) - 2022/01/14 2:53:29 PT [2022/01/14 5:53:29 ET]
Table 'Adhara' 9-max Seat #8 is the button
Seat 1: Drakez1666 ($1.30 in chips) 
Seat 3: Dorex2007 ($2.02 in chips) 
Seat 4: SlavikPuha ($3.65 in chips) 
Seat 5: 7Aries777 ($0.34 in chips) 
Seat 6: RodStormm ($2.54 in chips) 
Seat 7: JooereX ($0.49 in chips) 
Seat 8: xnxCerber ($1.20 in chips) 
Seat 9: banzai 757 ($2.79 in chips) 
banzai 757: posts small blind $0.01
Drakez1666: posts big blind $0.02
*** HOLE CARDS ***
Dealt to Dorex2007 [Th Jc]
Dorex2007: folds 
SlavikPuha: folds 
kukulya1 joins the table at seat #2 
7Aries777: folds 
RodStormm: folds 
JooereX: calls $0.02
xnxCerber: folds 
banzai 757: folds 
Drakez1666: checks 
*** FLOP *** [Ah 2h Jd]
Drakez1666: checks 
JooereX: checks 
*** TURN *** [Ah 2h Jd] [4h]
Drakez1666: checks 
JooereX: checks 
*** RIVER *** [Ah 2h Jd 4h] [6h]
Drakez1666: checks 
JooereX: bets $0.10
Drakez1666: folds 
Uncalled bet ($0.10) returned to JooereX
JooereX collected $0.05 from pot
JooereX: doesn't show hand 
*** SUMMARY ***
Total pot $0.05 | Rake $0 
Board [Ah 2h Jd 4h 6h]
Seat 1: Drakez1666 (big blind) folded on the River
Seat 3: Dorex2007 folded before Flop (didn't bet)
Seat 4: SlavikPuha folded before Flop (didn't bet)
Seat 5: 7Aries777 folded before Flop (didn't bet)
Seat 6: RodStormm folded before Flop (didn't bet)
Seat 7: JooereX collected ($0.05)
Seat 8: xnxCerber (button) folded before Flop (didn't bet)
Seat 9: banzai 757 (small blind) folded before Flop



PokerStars Hand #233118571803:  Hold'em No Limit ($0.01/$0.02 USD) - 2022/01/14 2:54:13 PT [2022/01/14 5:54:13 ET]
Table 'Adhara' 9-max Seat #9 is the button
Seat 1: Drakez1666 ($1.28 in chips) 
Seat 2: kukulya1 ($1.05 in chips) 
Seat 3: Dorex2007 ($2.02 in chips) 
Seat 4: SlavikPuha ($3.65 in chips) 
Seat 5: 7Aries777 ($2 in chips) 
Seat 6: RodStormm ($2.54 in chips) 
Seat 7: JooereX ($0.52 in chips) 
Seat 8: xnxCerber ($1.20 in chips) 
Seat 9: banzai 757 ($2.78 in chips) 
Drakez1666: posts small blind $0.01
kukulya1: posts big blind $0.02
*** HOLE CARDS ***
Dealt to Dorex2007 [Ts 4s]
Dorex2007: folds 
SlavikPuha: raises $0.04 to $0.06
7Aries777: folds 
RodStormm: calls $0.06
JooereX: calls $0.06
xnxCerber: folds 
banzai 757: folds 
Drakez1666: folds 
kukulya1: folds 
*** FLOP *** [4c 3d Qh]
SlavikPuha: checks 
RodStormm: checks 
JooereX: checks 
*** TURN *** [4c 3d Qh] [2h]
SlavikPuha: checks 
RodStormm: checks 
JooereX: checks 
*** RIVER *** [4c 3d Qh 2h] [Ah]
SlavikPuha: checks 
RodStormm: checks 
JooereX: checks 
*** SHOW DOWN ***
SlavikPuha: shows [Ac 2c] (two pair, Aces and Deuces)
RodStormm: mucks hand 
JooereX: mucks hand 
SlavikPuha collected $0.20 from pot
*** SUMMARY ***
Total pot $0.21 | Rake $0.01 
Board [4c 3d Qh 2h Ah]
Seat 1: Drakez1666 (small blind) folded before Flop
Seat 2: kukulya1 (big blind) folded before Flop
Seat 3: Dorex2007 folded before Flop (didn't bet)
Seat 4: SlavikPuha showed [Ac 2c] and won ($0.20) with two pair, Aces and Deuces
Seat 5: 7Aries777 folded before Flop (didn't bet)
Seat 6: RodStormm mucked [9d Td]
Seat 7: JooereX mucked [9h Tc]
Seat 8: xnxCerber folded before Flop (didn't bet)
Seat 9: banzai 757 (button) folded before Flop (didn't bet)



