PokerStars Hand #236357301933:  Hold'em No Limit ($0.01/$0.02 USD) - 2022/05/25 13:12:55 PT [2022/05/25 16:12:55 ET]
Table 'Namaqua II' 9-max Seat #4 is the button
Seat 1: Dorex2007 ($4.98 in chips)
Seat 2: Djek300 ($6.97 in chips)
Seat 3: 04Sasha71 ($1.65 in chips)
Seat 4: Satito01 ($2.76 in chips)
Seat 5: Montagnais ($1.68 in chips)
Seat 8: 1B@dFrog ($1.60 in chips)
Montagnais: posts small blind $0.01
Kid_Polton: is sitting out
Kid_Polton leaves the table
1B@dFrog: posts big blind $0.02
*** HOLE CARDS ***
Dealt to Dorex2007 [6h 2h]
Dorex2007: folds
Djek300: folds
04Sasha71: folds
Satito01: raises $0.04 to $0.06
04Sasha71 leaves the table
Montagnais: calls $0.05
1B@dFrog: calls $0.04
*** FLOP *** [Qd Kh Js]
Montagnais: checks
1B@dFrog: checks
Satito01: checks
*** TURN *** [Qd Kh Js] [5h]
Montagnais: checks
Dorex2007 leaves the table
1B@dFrog: checks
Satito01: checks
*** RIVER *** [Qd Kh Js 5h] [6s]
Montagnais: checks
1B@dFrog: checks
Satito01: checks
*** SHOW DOWN ***
Montagnais: shows [3h 4d] (high card King)
1B@dFrog: shows [8c 9d] (high card King - Queen+Jack+Nine kicker)
Satito01: shows [Jh As] (a pair of Jacks)
Satito01 collected $0.17 from pot
*** SUMMARY ***
Total pot $0.18 | Rake $0.01
Board [Qd Kh Js 5h 6s]
Seat 1: Dorex2007 folded before Flop (didn't bet)
Seat 2: Djek300 folded before Flop (didn't bet)
Seat 3: 04Sasha71 folded before Flop (didn't bet)
Seat 4: Satito01 (button) showed [Jh As] and won ($0.17) with a pair of Jacks
Seat 5: Montagnais (small blind) showed [3h 4d] and lost with high card King
Seat 8: 1B@dFrog (big blind) showed [8c 9d] and lost with high card King


*********** # 2 **************
PokerStars Hand #236357265688:  Hold'em No Limit ($0.01/$0.02 USD) - 2022/05/25 13:11:32 PT [2022/05/25 16:11:32 ET]
Table 'Namaqua II' 9-max Seat #3 is the button
Seat 1: Dorex2007 ($4.98 in chips)
Seat 2: Djek300 ($6.97 in chips)
Seat 3: 04Sasha71 ($1.04 in chips)
Seat 4: Satito01 ($3.36 in chips)
Seat 5: Montagnais ($1.73 in chips)
Seat 6: Kid_Polton ($8.87 in chips)
Satito01: posts small blind $0.01
Montagnais: posts big blind $0.02
*** HOLE CARDS ***
Dealt to Dorex2007 [Qs 8c]
Kid_Polton: folds
Dorex2007: folds
Djek300: folds
04Sasha71: calls $0.02
Satito01: calls $0.01
Montagnais: checks
*** FLOP *** [8s 6d 9s]
Satito01: bets $0.03
Montagnais: calls $0.03
04Sasha71: calls $0.03
*** TURN *** [8s 6d 9s] [3d]
1B@dFrog joins the table at seat #8
Satito01: checks
Montagnais: checks
04Sasha71: bets $0.14
Satito01: calls $0.14
Montagnais: folds
*** RIVER *** [8s 6d 9s 3d] [9c]
Satito01: checks
04Sasha71: bets $0.41
Satito01: calls $0.41
*** SHOW DOWN ***
04Sasha71: shows [7d 5d] (a straight, Five to Nine)
Satito01: mucks hand
04Sasha71 collected $1.21 from pot
*** SUMMARY ***
Total pot $1.25 | Rake $0.04
Board [8s 6d 9s 3d 9c]
Seat 1: Dorex2007 folded before Flop (didn't bet)
Seat 2: Djek300 folded before Flop (didn't bet)
Seat 3: 04Sasha71 (button) showed [7d 5d] and won ($1.21) with a straight, Five to Nine
Seat 4: Satito01 (small blind) mucked [Jd 9d]
Seat 5: Montagnais (big blind) folded on the Turn
Seat 6: Kid_Polton folded before Flop (didn't bet)


*********** # 3 **************
PokerStars Hand #236357248351:  Hold'em No Limit ($0.01/$0.02 USD) - 2022/05/25 13:10:52 PT [2022/05/25 16:10:52 ET]
Table 'Namaqua II' 9-max Seat #2 is the button
Seat 1: Dorex2007 ($5.04 in chips)
Seat 2: Djek300 ($6.97 in chips)
Seat 3: 04Sasha71 ($1.05 in chips)
Seat 4: Satito01 ($3.38 in chips)
Seat 5: Montagnais ($1.65 in chips)
Seat 6: Kid_Polton ($8.87 in chips)
04Sasha71: posts small blind $0.01
Satito01: posts big blind $0.02
*** HOLE CARDS ***
Dealt to Dorex2007 [Jc Qc]
Montagnais: calls $0.02
Kid_Polton: folds
Dorex2007: raises $0.04 to $0.06
Djek300: folds
04Sasha71: folds
Satito01: folds
Montagnais: calls $0.04
*** FLOP *** [3d 7d 9d]
Montagnais: bets $0.14
Dorex2007: folds
Uncalled bet ($0.14) returned to Montagnais
Montagnais collected $0.14 from pot
Montagnais: doesn't show hand
*** SUMMARY ***
Total pot $0.15 | Rake $0.01
Board [3d 7d 9d]
Seat 1: Dorex2007 folded on the Flop
Seat 2: Djek300 (button) folded before Flop (didn't bet)
Seat 3: 04Sasha71 (small blind) folded before Flop
Seat 4: Satito01 (big blind) folded before Flop
Seat 5: Montagnais collected ($0.14)
Seat 6: Kid_Polton folded before Flop (didn't bet)


*********** # 4 **************
PokerStars Hand #236357232490:  Hold'em No Limit ($0.01/$0.02 USD) - 2022/05/25 13:10:16 PT [2022/05/25 16:10:16 ET]
Table 'Namaqua II' 9-max Seat #1 is the button
Seat 1: Dorex2007 ($5.04 in chips)
Seat 2: Djek300 ($6.98 in chips)
Seat 3: 04Sasha71 ($1.07 in chips)
Seat 4: Satito01 ($3.38 in chips)
Seat 5: Montagnais ($1.57 in chips)
Seat 6: Kid_Polton ($8.93 in chips)
Djek300: posts small blind $0.01
04Sasha71: posts big blind $0.02
*** HOLE CARDS ***
Dealt to Dorex2007 [Ac 5s]
Satito01: folds
Montagnais: calls $0.02
Kid_Polton: raises $0.04 to $0.06
Dorex2007: folds
Djek300: folds
04Sasha71: folds
Montagnais: calls $0.04
*** FLOP *** [Kh 6d Qh]
Montagnais: bets $0.07
Kid_Polton: folds
Uncalled bet ($0.07) returned to Montagnais
Montagnais collected $0.14 from pot
Montagnais: doesn't show hand
*** SUMMARY ***
Total pot $0.15 | Rake $0.01
Board [Kh 6d Qh]
Seat 1: Dorex2007 (button) folded before Flop (didn't bet)
Seat 2: Djek300 (small blind) folded before Flop
Seat 3: 04Sasha71 (big blind) folded before Flop
Seat 4: Satito01 folded before Flop (didn't bet)
Seat 5: Montagnais collected ($0.14)
Seat 6: Kid_Polton folded on the Flop


*********** # 5 **************
PokerStars Hand #236357207724:  Hold'em No Limit ($0.01/$0.02 USD) - 2022/05/25 13:09:20 PT [2022/05/25 16:09:20 ET]
Table 'Namaqua II' 9-max Seat #6 is the button
Seat 1: Dorex2007 ($5.08 in chips)
Seat 2: Djek300 ($6.98 in chips)
Seat 3: 04Sasha71 ($0.80 in chips)
Seat 4: Satito01 ($3.42 in chips)
Seat 5: Montagnais ($1.77 in chips)
Seat 6: Kid_Polton ($8.93 in chips)
Seat 7: Celle778 ($1.99 in chips)
Celle778: posts small blind $0.01
Dorex2007: posts big blind $0.02
04Sasha71: posts big blind $0.02
*** HOLE CARDS ***
Dealt to Dorex2007 [9c Kc]
Djek300: folds
04Sasha71: checks
pazstar leaves the table
Satito01: raises $0.02 to $0.04
Montagnais: calls $0.04
Kid_Polton: folds
Celle778: folds
Dorex2007: calls $0.02
04Sasha71: calls $0.02
*** FLOP *** [Ah 3c 8h]
Dorex2007: checks
Celle778 leaves the table
04Sasha71: checks
Satito01: checks
Montagnais: bets $0.16
Dorex2007: folds
04Sasha71: raises $0.16 to $0.32
Satito01: folds
Montagnais: folds
Uncalled bet ($0.16) returned to 04Sasha71
04Sasha71 collected $0.47 from pot
04Sasha71: doesn't show hand
*** SUMMARY ***
Total pot $0.49 | Rake $0.02
Board [Ah 3c 8h]
Seat 1: Dorex2007 (big blind) folded on the Flop
Seat 2: Djek300 folded before Flop (didn't bet)
Seat 3: 04Sasha71 collected ($0.47)
Seat 4: Satito01 folded on the Flop
Seat 5: Montagnais folded on the Flop
Seat 6: Kid_Polton (button) folded before Flop (didn't bet)
Seat 7: Celle778 (small blind) folded before Flop


*********** # 6 **************
PokerStars Hand #236357176234:  Hold'em No Limit ($0.01/$0.02 USD) - 2022/05/25 13:08:08 PT [2022/05/25 16:08:08 ET]
Table 'Namaqua II' 9-max Seat #5 is the button
Seat 1: Dorex2007 ($5.08 in chips)
Seat 2: Djek300 ($6.98 in chips)
Seat 4: Satito01 ($1.92 in chips)
Seat 5: Montagnais ($1.77 in chips)
Seat 6: Kid_Polton ($8.99 in chips)
Seat 7: Celle778 ($2.01 in chips)
Seat 8: pazstar ($1.53 in chips)
Kid_Polton: posts small blind $0.01
Celle778: posts big blind $0.02
04Sasha71: sits out
*** HOLE CARDS ***
Dealt to Dorex2007 [6d 2h]
pazstar: raises $0.04 to $0.06
Dorex2007: folds
Djek300: folds
Satito01: calls $0.06
Montagnais: folds
Kid_Polton: calls $0.05
Celle778: folds
*** FLOP *** [9h 6h 2d]
Kid_Polton: checks
pazstar: bets $0.19
Satito01: calls $0.19
Kid_Polton: folds
*** TURN *** [9h 6h 2d] [8c]
pazstar: bets $0.56
Satito01: calls $0.56
*** RIVER *** [9h 6h 2d 8c] [Jh]
pazstar: bets $0.72 and is all-in
Satito01: calls $0.72
*** SHOW DOWN ***
pazstar: shows [Jd Jc] (three of a kind, Jacks)
Satito01: shows [Ah 7h] (a flush, Ace high)
Satito01 collected $3.03 from pot
*** SUMMARY ***
Total pot $3.14 | Rake $0.11
Board [9h 6h 2d 8c Jh]
Seat 1: Dorex2007 folded before Flop (didn't bet)
Seat 2: Djek300 folded before Flop (didn't bet)
Seat 4: Satito01 showed [Ah 7h] and won ($3.03) with a flush, Ace high
Seat 5: Montagnais (button) folded before Flop (didn't bet)
Seat 6: Kid_Polton (small blind) folded on the Flop
Seat 7: Celle778 (big blind) folded before Flop
Seat 8: pazstar showed [Jd Jc] and lost with three of a kind, Jacks


*********** # 7 **************
PokerStars Hand #236357156525:  Hold'em No Limit ($0.01/$0.02 USD) - 2022/05/25 13:07:23 PT [2022/05/25 16:07:23 ET]
Table 'Namaqua II' 9-max Seat #4 is the button
Seat 1: Dorex2007 ($5.08 in chips)
Seat 2: Djek300 ($6.98 in chips)
Seat 4: Satito01 ($1.96 in chips)
Seat 5: Montagnais ($1.71 in chips)
Seat 6: Kid_Polton ($9.01 in chips)
Seat 7: Celle778 ($2.01 in chips)
Seat 8: pazstar ($1.53 in chips)
Montagnais: posts small blind $0.01
Kid_Polton: posts big blind $0.02
04Sasha71: sits out
*** HOLE CARDS ***
Dealt to Dorex2007 [3c 2d]
Celle778: folds
pazstar has timed out
pazstar: folds
Dorex2007: folds
Djek300: folds
Satito01: raises $0.02 to $0.04
Montagnais: calls $0.03
Kid_Polton: folds
*** FLOP *** [4s Ts 9s]
Montagnais: bets $0.10
Satito01: folds
Uncalled bet ($0.10) returned to Montagnais
Montagnais collected $0.10 from pot
Montagnais: doesn't show hand
*** SUMMARY ***
Total pot $0.10 | Rake $0
Board [4s Ts 9s]
Seat 1: Dorex2007 folded before Flop (didn't bet)
Seat 2: Djek300 folded before Flop (didn't bet)
Seat 4: Satito01 (button) folded on the Flop
Seat 5: Montagnais (small blind) collected ($0.10)
Seat 6: Kid_Polton (big blind) folded before Flop
Seat 7: Celle778 folded before Flop (didn't bet)
Seat 8: pazstar folded before Flop (didn't bet)


*********** # 8 **************
PokerStars Hand #236357141958:  Hold'em No Limit ($0.01/$0.02 USD) - 2022/05/25 13:06:49 PT [2022/05/25 16:06:49 ET]
Table 'Namaqua II' 9-max Seat #2 is the button
Seat 1: Dorex2007 ($5.08 in chips)
Seat 2: Djek300 ($6.98 in chips)
Seat 4: Satito01 ($1.98 in chips)
Seat 5: Montagnais ($1.69 in chips)
Seat 6: Kid_Polton ($9.01 in chips)
Seat 7: Celle778 ($2.01 in chips)
Seat 8: pazstar ($1.53 in chips)
04Sasha71 will be allowed to play after the button
Satito01: posts small blind $0.01
Montagnais: posts big blind $0.02
*** HOLE CARDS ***
Dealt to Dorex2007 [7d 6d]
Kid_Polton: folds
Celle778: folds
pazstar: folds
Dorex2007: folds
Djek300: folds
Satito01: calls $0.01
Montagnais: raises $0.04 to $0.06
Satito01: folds
Uncalled bet ($0.04) returned to Montagnais
Montagnais collected $0.04 from pot
Montagnais: doesn't show hand
*** SUMMARY ***
Total pot $0.04 | Rake $0
Seat 1: Dorex2007 folded before Flop (didn't bet)
Seat 2: Djek300 (button) folded before Flop (didn't bet)
Seat 4: Satito01 (small blind) folded before Flop
Seat 5: Montagnais (big blind) collected ($0.04)
Seat 6: Kid_Polton folded before Flop (didn't bet)
Seat 7: Celle778 folded before Flop (didn't bet)
Seat 8: pazstar folded before Flop (didn't bet)


*********** # 9 **************
PokerStars Hand #236357118163:  Hold'em No Limit ($0.01/$0.02 USD) - 2022/05/25 13:05:55 PT [2022/05/25 16:05:55 ET]
Table 'Namaqua II' 9-max Seat #1 is the button
Seat 1: Dorex2007 ($5.03 in chips)
Seat 2: Djek300 ($6.99 in chips)
Seat 4: Satito01 ($2 in chips)
Seat 5: Montagnais ($1.71 in chips)
Seat 6: Kid_Polton ($9.01 in chips)
Seat 7: Celle778 ($2.01 in chips)
Seat 8: pazstar ($1.53 in chips)
Djek300: posts small blind $0.01
hwapopkr: is sitting out
Satito01: posts big blind $0.02
*** HOLE CARDS ***
Dealt to Dorex2007 [5c 5d]
Montagnais: calls $0.02
Kid_Polton: folds
Celle778: folds
hwapopkr leaves the table
pazstar: folds
Dorex2007: calls $0.02
Djek300: folds
Satito01: checks
*** FLOP *** [Qd 3c 6d]
04Sasha71 joins the table at seat #3
Satito01: checks
Montagnais: checks
Dorex2007: checks
*** TURN *** [Qd 3c 6d] [3h]
Satito01: checks
Montagnais: checks
Dorex2007: checks
*** RIVER *** [Qd 3c 6d 3h] [9d]
Satito01: checks
Montagnais: checks
Dorex2007: checks
*** SHOW DOWN ***
Satito01: shows [Js 7d] (a pair of Threes)
Montagnais: mucks hand
Dorex2007: shows [5c 5d] (two pair, Fives and Threes)
Dorex2007 collected $0.07 from pot
*** SUMMARY ***
Total pot $0.07 | Rake $0
Board [Qd 3c 6d 3h 9d]
Seat 1: Dorex2007 (button) showed [5c 5d] and won ($0.07) with two pair, Fives and Threes
Seat 2: Djek300 (small blind) folded before Flop
Seat 4: Satito01 (big blind) showed [Js 7d] and lost with a pair of Threes
Seat 5: Montagnais mucked [Td 7s]
Seat 6: Kid_Polton folded before Flop (didn't bet)
Seat 7: Celle778 folded before Flop (didn't bet)
Seat 8: pazstar folded before Flop (didn't bet)


*********** # 10 **************
PokerStars Hand #236357104373:  Hold'em No Limit ($0.01/$0.02 USD) - 2022/05/25 13:05:24 PT [2022/05/25 16:05:24 ET]
Table 'Namaqua II' 9-max Seat #8 is the button
Seat 1: Dorex2007 ($5.04 in chips)
Seat 2: Djek300 ($6.96 in chips)
Seat 3: hwapopkr ($2 in chips)
Seat 5: Montagnais ($1.73 in chips)
Seat 6: Kid_Polton ($9.01 in chips)
Seat 7: Celle778 ($2.01 in chips)
Seat 8: pazstar ($1.53 in chips)
Dorex2007: posts small blind $0.01
Djek300: posts big blind $0.02
*** HOLE CARDS ***
Dealt to Dorex2007 [7s 6h]
hwapopkr: folds
Montagnais: calls $0.02
Kid_Polton: folds
Celle778: folds
pazstar: folds
Dorex2007: folds
Djek300: checks
*** FLOP *** [5d 8d 3c]
Djek300: checks
Montagnais: checks
*** TURN *** [5d 8d 3c] [7h]
Djek300: bets $0.04
Montagnais: folds
Uncalled bet ($0.04) returned to Djek300
Djek300 collected $0.05 from pot
Djek300: doesn't show hand
*** SUMMARY ***
Total pot $0.05 | Rake $0
Board [5d 8d 3c 7h]
Seat 1: Dorex2007 (small blind) folded before Flop
Seat 2: Djek300 (big blind) collected ($0.05)
Seat 3: hwapopkr folded before Flop (didn't bet)
Seat 5: Montagnais folded on the Turn
Seat 6: Kid_Polton folded before Flop (didn't bet)
Seat 7: Celle778 folded before Flop (didn't bet)
Seat 8: pazstar (button) folded before Flop (didn't bet)


*********** # 11 **************
PokerStars Hand #236357074052:  Hold'em No Limit ($0.01/$0.02 USD) - 2022/05/25 13:04:14 PT [2022/05/25 16:04:14 ET]
Table 'Namaqua II' 9-max Seat #7 is the button
Seat 1: Dorex2007 ($3.81 in chips)
Seat 2: Djek300 ($6.96 in chips)
Seat 3: hwapopkr ($2 in chips)
Seat 4: Satito01 ($1.50 in chips)
Seat 5: Montagnais ($1.73 in chips)
Seat 6: Kid_Polton ($9.01 in chips)
Seat 7: Celle778 ($2.05 in chips)
Seat 8: pazstar ($1.54 in chips)
Seat 9: Alex366296 ($2.17 in chips)
pazstar: posts small blind $0.01
Alex366296: posts big blind $0.02
*** HOLE CARDS ***
Dealt to Dorex2007 [Kd As]
Dorex2007: raises $0.02 to $0.04
Djek300: folds
hwapopkr: folds
Satito01: calls $0.04
Montagnais: folds
Kid_Polton: folds
Celle778: calls $0.04
pazstar: folds
Alex366296: folds
*** FLOP *** [Kc 9d 3s]
Dorex2007: checks
Satito01: bets $0.09
Celle778: folds
Dorex2007: raises $0.32 to $0.41
Satito01: calls $0.32
*** TURN *** [Kc 9d 3s] [8c]
Dorex2007: bets $3.36 and is all-in
Satito01: calls $1.05 and is all-in
Uncalled bet ($2.31) returned to Dorex2007
*** RIVER *** [Kc 9d 3s 8c] [7c]
*** SHOW DOWN ***
Dorex2007: shows [Kd As] (a pair of Kings)
Satito01: shows [Ks Ts] (a pair of Kings - lower kicker)
Dorex2007 cashed out the hand for $2.73 | Cash Out Fee $0.03
*** SUMMARY ***
Total pot $3.07 | Rake $0.11
Board [Kc 9d 3s 8c 7c]
Seat 1: Dorex2007 showed [Kd As] and won ($2.96) with a pair of Kings (pot not awarded as player cashed out)
Seat 2: Djek300 folded before Flop (didn't bet)
Seat 3: hwapopkr folded before Flop (didn't bet)
Seat 4: Satito01 showed [Ks Ts] and lost with a pair of Kings
Seat 5: Montagnais folded before Flop (didn't bet)
Seat 6: Kid_Polton folded before Flop (didn't bet)
Seat 7: Celle778 (button) folded on the Flop
Seat 8: pazstar (small blind) folded before Flop
Seat 9: Alex366296 (big blind) folded before Flop


*********** # 12 **************
PokerStars Hand #236357044395:  Hold'em No Limit ($0.01/$0.02 USD) - 2022/05/25 13:03:04 PT [2022/05/25 16:03:04 ET]
Table 'Namaqua II' 9-max Seat #6 is the button
Seat 1: Dorex2007 ($3.81 in chips)
Seat 2: Djek300 ($7 in chips)
Seat 3: hwapopkr ($2 in chips)
Seat 4: Satito01 ($1.50 in chips)
Seat 5: Montagnais ($1.74 in chips)
Seat 6: Kid_Polton ($9.01 in chips)
Seat 7: Celle778 ($2.06 in chips)
Seat 8: pazstar ($1.55 in chips)
Seat 9: Alex366296 ($2.21 in chips)
Celle778: posts small blind $0.01
pazstar: posts big blind $0.02
*** HOLE CARDS ***
Dealt to Dorex2007 [8s Qs]
Alex366296: raises $0.02 to $0.04
Dorex2007: folds
Djek300: calls $0.04
hwapopkr: folds
Satito01: folds
Montagnais: calls $0.04
Kid_Polton: folds
Celle778: folds
pazstar: calls $0.02
*** FLOP *** [2d 7d 7s]
pazstar: bets $0.08
Alex366296: folds
Djek300: folds
Montagnais: raises $1.62 to $1.70 and is all-in
pazstar: calls $1.43 and is all-in
Uncalled bet ($0.19) returned to Montagnais
*** TURN *** [2d 7d 7s] [8h]
*** RIVER *** [2d 7d 7s 8h] [2s]
*** SHOW DOWN ***
pazstar: shows [7c Kc] (a full house, Sevens full of Deuces)
Montagnais: shows [Jh 7h] (a full house, Sevens full of Deuces)
pazstar collected $1.54 from pot
Montagnais collected $1.54 from pot
*** SUMMARY ***
Total pot $3.19 | Rake $0.11
Board [2d 7d 7s 8h 2s]
Seat 1: Dorex2007 folded before Flop (didn't bet)
Seat 2: Djek300 folded on the Flop
Seat 3: hwapopkr folded before Flop (didn't bet)
Seat 4: Satito01 folded before Flop (didn't bet)
Seat 5: Montagnais showed [Jh 7h] and won ($1.54) with a full house, Sevens full of Deuces
Seat 6: Kid_Polton (button) folded before Flop (didn't bet)
Seat 7: Celle778 (small blind) folded before Flop
Seat 8: pazstar (big blind) showed [7c Kc] and won ($1.54) with a full house, Sevens full of Deuces
Seat 9: Alex366296 folded on the Flop


*********** # 13 **************
PokerStars Hand #236357030061:  Hold'em No Limit ($0.01/$0.02 USD) - 2022/05/25 13:02:32 PT [2022/05/25 16:02:32 ET]
Table 'Namaqua II' 9-max Seat #5 is the button
Seat 1: Dorex2007 ($3.81 in chips)
Seat 2: Djek300 ($7 in chips)
Seat 3: hwapopkr ($2 in chips)
Seat 4: Satito01 ($1.54 in chips)
Seat 5: Montagnais ($1.67 in chips)
Seat 6: Kid_Polton ($9.02 in chips)
Seat 7: Celle778 ($2.08 in chips)
Seat 8: pazstar ($1.55 in chips)
Seat 9: Alex366296 ($2.21 in chips)
Kid_Polton: posts small blind $0.01
Celle778: posts big blind $0.02
*** HOLE CARDS ***
Dealt to Dorex2007 [7h 5c]
pazstar: folds
Alex366296: folds
Dorex2007: folds
Djek300: folds
hwapopkr: folds
Satito01: raises $0.02 to $0.04
Montagnais: raises $1.63 to $1.67 and is all-in
Kid_Polton: folds
Celle778: folds
Satito01: folds
Uncalled bet ($1.63) returned to Montagnais
Montagnais collected $0.11 from pot
Montagnais: doesn't show hand
*** SUMMARY ***
Total pot $0.11 | Rake $0
Seat 1: Dorex2007 folded before Flop (didn't bet)
Seat 2: Djek300 folded before Flop (didn't bet)
Seat 3: hwapopkr folded before Flop (didn't bet)
Seat 4: Satito01 folded before Flop
Seat 5: Montagnais (button) collected ($0.11)
Seat 6: Kid_Polton (small blind) folded before Flop
Seat 7: Celle778 (big blind) folded before Flop
Seat 8: pazstar folded before Flop (didn't bet)
Seat 9: Alex366296 folded before Flop (didn't bet)


*********** # 14 **************
PokerStars Hand #236357007704:  Hold'em No Limit ($0.01/$0.02 USD) - 2022/05/25 13:01:34 PT [2022/05/25 16:01:34 ET]
Table 'Namaqua II' 9-max Seat #4 is the button
Seat 1: Dorex2007 ($2.05 in chips)
Seat 2: Djek300 ($7 in chips)
Seat 3: hwapopkr ($2 in chips)
Seat 4: Satito01 ($1.54 in chips)
Seat 5: Montagnais ($3.72 in chips)
Seat 6: Kid_Polton ($9.04 in chips)
Seat 7: Celle778 ($2.08 in chips)
Seat 8: pazstar ($1.55 in chips)
Seat 9: Alex366296 ($2.21 in chips)
Montagnais: posts small blind $0.01
Kid_Polton: posts big blind $0.02
*** HOLE CARDS ***
Dealt to Dorex2007 [8h 8s]
Celle778: folds
pazstar: folds
Alex366296: folds
Dorex2007: raises $0.04 to $0.06
Djek300: folds
hwapopkr: calls $0.06
Satito01: folds
Montagnais: calls $0.05
Kid_Polton: folds
*** FLOP *** [2s 8c 2c]
Montagnais: checks
Dorex2007: bets $0.09
hwapopkr: folds
Montagnais: raises $0.37 to $0.46
Dorex2007: raises $1.53 to $1.99 and is all-in
Montagnais: calls $1.53
*** TURN *** [2s 8c 2c] [7h]
*** RIVER *** [2s 8c 2c 7h] [4s]
*** SHOW DOWN ***
Montagnais: shows [4d 2d] (a full house, Deuces full of Fours)
Dorex2007: shows [8h 8s] (a full house, Eights full of Deuces)
Dorex2007 cashed out the hand for $3.81 | Cash Out Fee $0.04
*** SUMMARY ***
Total pot $4.18 | Rake $0.15
Board [2s 8c 2c 7h 4s]
Seat 1: Dorex2007 showed [8h 8s] and won ($4.03) with a full house, Eights full of Deuces (pot not awarded as player cashed out)
Seat 2: Djek300 folded before Flop (didn't bet)
Seat 3: hwapopkr folded on the Flop
Seat 4: Satito01 (button) folded before Flop (didn't bet)
Seat 5: Montagnais (small blind) showed [4d 2d] and lost with a full house, Deuces full of Fours
Seat 6: Kid_Polton (big blind) folded before Flop
Seat 7: Celle778 folded before Flop (didn't bet)
Seat 8: pazstar folded before Flop (didn't bet)
Seat 9: Alex366296 folded before Flop (didn't bet)


*********** # 15 **************
PokerStars Hand #236356977200:  Hold'em No Limit ($0.01/$0.02 USD) - 2022/05/25 13:00:04 PT [2022/05/25 16:00:04 ET]
Table 'Namaqua II' 9-max Seat #3 is the button
Seat 1: Dorex2007 ($2.05 in chips)
Seat 2: Djek300 ($7 in chips)
Seat 3: hwapopkr ($2 in chips)
Seat 4: Satito01 ($1.72 in chips)
Seat 5: Montagnais ($3.76 in chips)
Seat 6: Kid_Polton ($9.04 in chips)
Seat 7: Celle778 ($2.08 in chips)
Seat 8: pazstar ($1.55 in chips)
Seat 9: Alex366296 ($2 in chips)
Satito01: posts small blind $0.01
Montagnais: posts big blind $0.02
*** HOLE CARDS ***
Dealt to Dorex2007 [Kc 4c]
Kid_Polton: folds
Celle778: folds
pazstar: folds
Alex366296: raises $0.02 to $0.04
Dorex2007: folds
Djek300: folds
hwapopkr: folds
Satito01: calls $0.03
Montagnais: calls $0.02
*** FLOP *** [3c 5h Jh]
Satito01: bets $0.06
Montagnais: folds
Alex366296: calls $0.06
*** TURN *** [3c 5h Jh] [5d]
Satito01: checks
Alex366296: bets $0.08
Satito01: calls $0.08
*** RIVER *** [3c 5h Jh 5d] [7s]
Satito01: checks
Alex366296: bets $0.08
Satito01: folds
Uncalled bet ($0.08) returned to Alex366296
Alex366296 collected $0.39 from pot
Alex366296: doesn't show hand
*** SUMMARY ***
Total pot $0.40 | Rake $0.01
Board [3c 5h Jh 5d 7s]
Seat 1: Dorex2007 folded before Flop (didn't bet)
Seat 2: Djek300 folded before Flop (didn't bet)
Seat 3: hwapopkr (button) folded before Flop (didn't bet)
Seat 4: Satito01 (small blind) folded on the River
Seat 5: Montagnais (big blind) folded on the Flop
Seat 6: Kid_Polton folded before Flop (didn't bet)
Seat 7: Celle778 folded before Flop (didn't bet)
Seat 8: pazstar folded before Flop (didn't bet)
Seat 9: Alex366296 collected ($0.39)


*********** # 16 **************
PokerStars Hand #236356971108:  Hold'em No Limit ($0.01/$0.02 USD) - 2022/05/25 12:59:43 PT [2022/05/25 15:59:43 ET]
Table 'Namaqua II' 9-max Seat #2 is the button
Seat 1: Dorex2007 ($2.05 in chips)
Seat 2: Djek300 ($7 in chips)
Seat 3: hwapopkr ($2 in chips)
Seat 4: Satito01 ($1.74 in chips)
Seat 5: Montagnais ($3.73 in chips)
Seat 6: Kid_Polton ($9.04 in chips)
Seat 7: Celle778 ($2.08 in chips)
Seat 8: pazstar ($1.55 in chips)
Seat 9: Alex366296 ($2 in chips)
hwapopkr: posts small blind $0.01
Satito01: posts big blind $0.02
*** HOLE CARDS ***
Dealt to Dorex2007 [4c 5h]
Montagnais: raises $0.05 to $0.07
Kid_Polton: folds
Celle778: folds
pazstar: folds
Alex366296: folds
Dorex2007: folds
Djek300: folds
hwapopkr: folds
Satito01: folds
Uncalled bet ($0.05) returned to Montagnais
Montagnais collected $0.05 from pot
Montagnais: doesn't show hand
*** SUMMARY ***
Total pot $0.05 | Rake $0
Seat 1: Dorex2007 folded before Flop (didn't bet)
Seat 2: Djek300 (button) folded before Flop (didn't bet)
Seat 3: hwapopkr (small blind) folded before Flop
Seat 4: Satito01 (big blind) folded before Flop
Seat 5: Montagnais collected ($0.05)
Seat 6: Kid_Polton folded before Flop (didn't bet)
Seat 7: Celle778 folded before Flop (didn't bet)
Seat 8: pazstar folded before Flop (didn't bet)
Seat 9: Alex366296 folded before Flop (didn't bet)


*********** # 17 **************
PokerStars Hand #236356962706:  Hold'em No Limit ($0.01/$0.02 USD) - 2022/05/25 12:59:14 PT [2022/05/25 15:59:14 ET]
Table 'Namaqua II' 9-max Seat #1 is the button
Seat 1: Dorex2007 ($2.05 in chips)
Seat 2: Djek300 ($7.01 in chips)
Seat 3: hwapopkr ($2 in chips)
Seat 4: Satito01 ($1.74 in chips)
Seat 5: Montagnais ($3.73 in chips)
Seat 6: Kid_Polton ($9.04 in chips)
Seat 7: Celle778 ($2.03 in chips)
Seat 8: pazstar ($1.55 in chips)
Seat 9: Alex366296 ($2 in chips)
Djek300: posts small blind $0.01
hwapopkr: posts big blind $0.02
Alex366296: posts big blind $0.02
*** HOLE CARDS ***
Dealt to Dorex2007 [Th 8s]
Satito01: folds
Montagnais: folds
Kid_Polton: folds
Celle778: raises $0.08 to $0.10
pazstar: folds
Alex366296: folds
Dorex2007: folds
Djek300: folds
hwapopkr: folds
Uncalled bet ($0.08) returned to Celle778
Celle778 collected $0.07 from pot
Celle778: doesn't show hand
*** SUMMARY ***
Total pot $0.07 | Rake $0
Seat 1: Dorex2007 (button) folded before Flop (didn't bet)
Seat 2: Djek300 (small blind) folded before Flop
Seat 3: hwapopkr (big blind) folded before Flop
Seat 4: Satito01 folded before Flop (didn't bet)
Seat 5: Montagnais folded before Flop (didn't bet)
Seat 6: Kid_Polton folded before Flop (didn't bet)
Seat 7: Celle778 collected ($0.07)
Seat 8: pazstar folded before Flop (didn't bet)
Seat 9: Alex366296 folded before Flop (didn't bet)


*********** # 18 **************
PokerStars Hand #236356957148:  Hold'em No Limit ($0.01/$0.02 USD) - 2022/05/25 12:58:56 PT [2022/05/25 15:58:56 ET]
Table 'Namaqua II' 9-max Seat #8 is the button
Seat 1: Dorex2007 ($2.06 in chips)
Seat 2: Djek300 ($7.03 in chips)
Seat 3: hwapopkr ($2 in chips)
Seat 4: Satito01 ($1.71 in chips)
Seat 5: Montagnais ($3.73 in chips)
Seat 6: Kid_Polton ($9.04 in chips)
Seat 7: Celle778 ($2.03 in chips)
Seat 8: pazstar ($1.55 in chips)
Alex366296 will be allowed to play after the button
Dorex2007: posts small blind $0.01
Djek300: posts big blind $0.02
*** HOLE CARDS ***
Dealt to Dorex2007 [Qd 3h]
hwapopkr: folds
Satito01: raises $0.02 to $0.04
Montagnais: folds
Kid_Polton: folds
Celle778: folds
pazstar: folds
Dorex2007: folds
Djek300: folds
Uncalled bet ($0.02) returned to Satito01
Satito01 collected $0.05 from pot
Satito01: doesn't show hand
*** SUMMARY ***
Total pot $0.05 | Rake $0
Seat 1: Dorex2007 (small blind) folded before Flop
Seat 2: Djek300 (big blind) folded before Flop
Seat 3: hwapopkr folded before Flop (didn't bet)
Seat 4: Satito01 collected ($0.05)
Seat 5: Montagnais folded before Flop (didn't bet)
Seat 6: Kid_Polton folded before Flop (didn't bet)
Seat 7: Celle778 folded before Flop (didn't bet)
Seat 8: pazstar (button) folded before Flop (didn't bet)


*********** # 19 **************
PokerStars Hand #236356941775:  Hold'em No Limit ($0.01/$0.02 USD) - 2022/05/25 12:58:03 PT [2022/05/25 15:58:03 ET]
Table 'Namaqua II' 9-max Seat #7 is the button
Seat 1: Dorex2007 ($2.08 in chips)
Seat 2: Djek300 ($7.03 in chips)
Seat 3: hwapopkr ($2 in chips)
Seat 4: Satito01 ($1.71 in chips)
Seat 5: Montagnais ($3.57 in chips)
Seat 6: Kid_Polton ($9.04 in chips)
Seat 7: Celle778 ($2.03 in chips)
Seat 8: pazstar ($1.56 in chips)
pazstar: posts small blind $0.01
0œntroª¶: is sitting out
0œntroª¶ leaves the table
Dorex2007: posts big blind $0.02
*** HOLE CARDS ***
Dealt to Dorex2007 [4s Th]
Alex366296 joins the table at seat #9
Djek300: folds
hwapopkr: raises $0.04 to $0.06
Satito01: folds
Montagnais: calls $0.06
Kid_Polton: folds
Celle778: folds
pazstar: folds
Dorex2007: folds
*** FLOP *** [3h 5h Qh]
hwapopkr: bets $0.08
Montagnais: raises $0.30 to $0.38
hwapopkr: folds
Uncalled bet ($0.30) returned to Montagnais
Montagnais collected $0.30 from pot
Montagnais: doesn't show hand
*** SUMMARY ***
Total pot $0.31 | Rake $0.01
Board [3h 5h Qh]
Seat 1: Dorex2007 (big blind) folded before Flop
Seat 2: Djek300 folded before Flop (didn't bet)
Seat 3: hwapopkr folded on the Flop
Seat 4: Satito01 folded before Flop (didn't bet)
Seat 5: Montagnais collected ($0.30)
Seat 6: Kid_Polton folded before Flop (didn't bet)
Seat 7: Celle778 (button) folded before Flop (didn't bet)
Seat 8: pazstar (small blind) folded before Flop


*********** # 20 **************
PokerStars Hand #236356934224:  Hold'em No Limit ($0.01/$0.02 USD) - 2022/05/25 12:57:38 PT [2022/05/25 15:57:38 ET]
Table 'Namaqua II' 9-max Seat #6 is the button
Seat 1: Dorex2007 ($2.08 in chips)
Seat 2: Djek300 ($7.03 in chips)
Seat 3: hwapopkr ($2 in chips)
Seat 4: Satito01 ($1.71 in chips)
Seat 5: Montagnais ($3.54 in chips)
Seat 6: Kid_Polton ($9.04 in chips)
Seat 7: Celle778 ($2.04 in chips)
Seat 8: pazstar ($1.58 in chips)
Seat 9: 0œntroª¶ ($0.72 in chips)
Celle778: posts small blind $0.01
pazstar: posts big blind $0.02
*** HOLE CARDS ***
Dealt to Dorex2007 [8s 3h]
0œntroª¶: folds
Dorex2007: folds
Djek300: folds
hwapopkr: folds
Satito01: folds
Montagnais: raises $0.05 to $0.07
Kid_Polton: folds
Celle778: folds
pazstar: folds
Uncalled bet ($0.05) returned to Montagnais
Montagnais collected $0.05 from pot
Montagnais: doesn't show hand
*** SUMMARY ***
Total pot $0.05 | Rake $0
Seat 1: Dorex2007 folded before Flop (didn't bet)
Seat 2: Djek300 folded before Flop (didn't bet)
Seat 3: hwapopkr folded before Flop (didn't bet)
Seat 4: Satito01 folded before Flop (didn't bet)
Seat 5: Montagnais collected ($0.05)
Seat 6: Kid_Polton (button) folded before Flop (didn't bet)
Seat 7: Celle778 (small blind) folded before Flop
Seat 8: pazstar (big blind) folded before Flop
Seat 9: 0œntroª¶ folded before Flop (didn't bet)


*********** # 21 **************
PokerStars Hand #236356919841:  Hold'em No Limit ($0.01/$0.02 USD) - 2022/05/25 12:56:49 PT [2022/05/25 15:56:49 ET]
Table 'Namaqua II' 9-max Seat #5 is the button
Seat 1: Dorex2007 ($2.10 in chips)
Seat 2: Djek300 ($6.98 in chips)
Seat 3: hwapopkr ($2 in chips)
Seat 4: Satito01 ($1.71 in chips)
Seat 5: Montagnais ($3.54 in chips)
Seat 6: Kid_Polton ($9.05 in chips)
Seat 7: Celle778 ($2.06 in chips)
Seat 8: pazstar ($1.58 in chips)
Seat 9: 0œntroª¶ ($0.72 in chips)
Kid_Polton: posts small blind $0.01
Celle778: posts big blind $0.02
*** HOLE CARDS ***
Dealt to Dorex2007 [Jd Ac]
pazstar: folds
0œntroª¶: folds
Dorex2007: calls $0.02
Djek300: calls $0.02
hwapopkr: folds
Satito01: folds
Montagnais: folds
Kid_Polton: folds
Celle778: checks
*** FLOP *** [Qs 4d 9d]
Celle778: checks
Dorex2007: checks
Djek300: checks
*** TURN *** [Qs 4d 9d] [Ts]
Celle778: checks
Dorex2007: checks
Djek300: checks
*** RIVER *** [Qs 4d 9d Ts] [4h]
Celle778: checks
Dorex2007: checks
Djek300: checks
*** SHOW DOWN ***
Celle778: shows [2c Ks] (a pair of Fours)
Dorex2007: shows [Jd Ac] (a pair of Fours - Ace kicker)
Djek300: shows [Kh As] (a pair of Fours - Ace+King kicker)
Djek300 collected $0.07 from pot
*** SUMMARY ***
Total pot $0.07 | Rake $0
Board [Qs 4d 9d Ts 4h]
Seat 1: Dorex2007 showed [Jd Ac] and lost with a pair of Fours
Seat 2: Djek300 showed [Kh As] and won ($0.07) with a pair of Fours
Seat 3: hwapopkr folded before Flop (didn't bet)
Seat 4: Satito01 folded before Flop (didn't bet)
Seat 5: Montagnais (button) folded before Flop (didn't bet)
Seat 6: Kid_Polton (small blind) folded before Flop
Seat 7: Celle778 (big blind) showed [2c Ks] and lost with a pair of Fours
Seat 8: pazstar folded before Flop (didn't bet)
Seat 9: 0œntroª¶ folded before Flop (didn't bet)


*********** # 22 **************
PokerStars Hand #236356909289:  Hold'em No Limit ($0.01/$0.02 USD) - 2022/05/25 12:56:12 PT [2022/05/25 15:56:12 ET]
Table 'Namaqua II' 9-max Seat #4 is the button
Seat 1: Dorex2007 ($2.10 in chips)
Seat 2: Djek300 ($6.98 in chips)
Seat 3: hwapopkr ($2 in chips)
Seat 4: Satito01 ($1.71 in chips)
Seat 5: Montagnais ($3.52 in chips)
Seat 6: Kid_Polton ($9.07 in chips)
Seat 7: Celle778 ($2.06 in chips)
Seat 8: pazstar ($1.58 in chips)
Seat 9: 0œntroª¶ ($0.72 in chips)
Montagnais: posts small blind $0.01
Kid_Polton: posts big blind $0.02
*** HOLE CARDS ***
Dealt to Dorex2007 [Kd 6h]
Celle778: folds
pazstar: folds
0œntroª¶: folds
Dorex2007: folds
Djek300: folds
hwapopkr: folds
Satito01 has timed out
Satito01: folds
Montagnais: raises $0.04 to $0.06
Kid_Polton: folds
Uncalled bet ($0.04) returned to Montagnais
Montagnais collected $0.04 from pot
Montagnais: doesn't show hand
*** SUMMARY ***
Total pot $0.04 | Rake $0
Seat 1: Dorex2007 folded before Flop (didn't bet)
Seat 2: Djek300 folded before Flop (didn't bet)
Seat 3: hwapopkr folded before Flop (didn't bet)
Seat 4: Satito01 (button) folded before Flop (didn't bet)
Seat 5: Montagnais (small blind) collected ($0.04)
Seat 6: Kid_Polton (big blind) folded before Flop
Seat 7: Celle778 folded before Flop (didn't bet)
Seat 8: pazstar folded before Flop (didn't bet)
Seat 9: 0œntroª¶ folded before Flop (didn't bet)


*********** # 23 **************
PokerStars Hand #236356880375:  Hold'em No Limit ($0.01/$0.02 USD) - 2022/05/25 12:54:45 PT [2022/05/25 15:54:45 ET]
Table 'Namaqua II' 9-max Seat #3 is the button
Seat 1: Dorex2007 ($2.22 in chips)
Seat 2: Djek300 ($6.78 in chips)
Seat 3: hwapopkr ($2 in chips)
Seat 4: Satito01 ($1.72 in chips)
Seat 5: Montagnais ($3.56 in chips)
Seat 6: Kid_Polton ($9.07 in chips)
Seat 7: Celle778 ($2.06 in chips)
Seat 8: pazstar ($1.62 in chips)
Seat 9: 0œntroª¶ ($0.72 in chips)
Satito01: posts small blind $0.01
Montagnais: posts big blind $0.02
*** HOLE CARDS ***
Dealt to Dorex2007 [3s As]
Kid_Polton: folds
Celle778: folds
pazstar: raises $0.02 to $0.04
0œntroª¶: folds
Dorex2007: calls $0.04
Djek300: calls $0.04
hwapopkr: folds
Satito01: folds
Montagnais: calls $0.02
*** FLOP *** [2c 6c 2d]
Montagnais: checks
pazstar: checks
Dorex2007: checks
Djek300: checks
*** TURN *** [2c 6c 2d] [9c]
Montagnais: checks
pazstar: checks
Dorex2007: bets $0.08
Djek300: calls $0.08
Montagnais: folds
pazstar: folds
*** RIVER *** [2c 6c 2d 9c] [7h]
Dorex2007: checks
Djek300: checks
*** SHOW DOWN ***
Dorex2007: shows [3s As] (a pair of Deuces)
Djek300: shows [Qs Ac] (a pair of Deuces - Ace+Queen kicker)
Djek300 collected $0.32 from pot
*** SUMMARY ***
Total pot $0.33 | Rake $0.01
Board [2c 6c 2d 9c 7h]
Seat 1: Dorex2007 showed [3s As] and lost with a pair of Deuces
Seat 2: Djek300 showed [Qs Ac] and won ($0.32) with a pair of Deuces
Seat 3: hwapopkr (button) folded before Flop (didn't bet)
Seat 4: Satito01 (small blind) folded before Flop
Seat 5: Montagnais (big blind) folded on the Turn
Seat 6: Kid_Polton folded before Flop (didn't bet)
Seat 7: Celle778 folded before Flop (didn't bet)
Seat 8: pazstar folded on the Turn
Seat 9: 0œntroª¶ folded before Flop (didn't bet)


*********** # 24 **************
PokerStars Hand #236356859737:  Hold'em No Limit ($0.01/$0.02 USD) - 2022/05/25 12:54:17 PT [2022/05/25 15:54:17 ET]
Table 'Namaqua II' 9-max Seat #2 is the button
Seat 1: Dorex2007 ($2.22 in chips)
Seat 2: Djek300 ($6.78 in chips)
Seat 3: hwapopkr ($2 in chips)
Seat 4: Satito01 ($1.74 in chips)
Seat 5: Montagnais ($3.56 in chips)
Seat 6: Kid_Polton ($9.07 in chips)
Seat 7: Celle778 ($2.06 in chips)
Seat 8: pazstar ($1.62 in chips)
Seat 9: 0œntroª¶ ($0.69 in chips)
hwapopkr: posts small blind $0.01
Satito01: posts big blind $0.02
*** HOLE CARDS ***
Dealt to Dorex2007 [6d Qs]
Montagnais: folds
Kid_Polton: folds
Celle778: folds
pazstar: folds
0œntroª¶: raises $0.04 to $0.06
Dorex2007: folds
Djek300: folds
hwapopkr: folds
Satito01: folds
Uncalled bet ($0.04) returned to 0œntroª¶
0œntroª¶ collected $0.05 from pot
0œntroª¶: doesn't show hand
*** SUMMARY ***
Total pot $0.05 | Rake $0
Seat 1: Dorex2007 folded before Flop (didn't bet)
Seat 2: Djek300 (button) folded before Flop (didn't bet)
Seat 3: hwapopkr (small blind) folded before Flop
Seat 4: Satito01 (big blind) folded before Flop
Seat 5: Montagnais folded before Flop (didn't bet)
Seat 6: Kid_Polton folded before Flop (didn't bet)
Seat 7: Celle778 folded before Flop (didn't bet)
Seat 8: pazstar folded before Flop (didn't bet)
Seat 9: 0œntroª¶ collected ($0.05)


*********** # 25 **************
PokerStars Hand #236356831656:  Hold'em No Limit ($0.01/$0.02 USD) - 2022/05/25 12:53:30 PT [2022/05/25 15:53:30 ET]
Table 'Namaqua II' 9-max Seat #1 is the button
Seat 1: Dorex2007 ($2.24 in chips)
Seat 2: Djek300 ($6.79 in chips)
Seat 3: hwapopkr ($2.01 in chips)
Seat 4: Satito01 ($1.74 in chips)
Seat 5: Montagnais ($3.51 in chips)
Seat 6: Kid_Polton ($9.07 in chips)
Seat 7: Celle778 ($2.06 in chips)
Seat 8: pazstar ($1.62 in chips)
Seat 9: 0œntroª¶ ($0.69 in chips)
Djek300: posts small blind $0.01
hwapopkr: posts big blind $0.02
*** HOLE CARDS ***
Dealt to Dorex2007 [Ks Td]
Satito01: folds
Montagnais: calls $0.02
Kid_Polton: folds
Celle778: folds
pazstar has timed out
pazstar: folds
0œntroª¶: folds
Dorex2007: calls $0.02
Djek300: folds
hwapopkr: checks
*** FLOP *** [7h As Ad]
hwapopkr: checks
Montagnais: bets $0.07
Dorex2007: folds
hwapopkr: folds
Uncalled bet ($0.07) returned to Montagnais
Montagnais collected $0.07 from pot
Montagnais: doesn't show hand
*** SUMMARY ***
Total pot $0.07 | Rake $0
Board [7h As Ad]
Seat 1: Dorex2007 (button) folded on the Flop
Seat 2: Djek300 (small blind) folded before Flop
Seat 3: hwapopkr (big blind) folded on the Flop
Seat 4: Satito01 folded before Flop (didn't bet)
Seat 5: Montagnais collected ($0.07)
Seat 6: Kid_Polton folded before Flop (didn't bet)
Seat 7: Celle778 folded before Flop (didn't bet)
Seat 8: pazstar folded before Flop (didn't bet)
Seat 9: 0œntroª¶ folded before Flop (didn't bet)


*********** # 26 **************
PokerStars Hand #236356812824:  Hold'em No Limit ($0.01/$0.02 USD) - 2022/05/25 12:52:46 PT [2022/05/25 15:52:46 ET]
Table 'Namaqua II' 9-max Seat #9 is the button
Seat 1: Dorex2007 ($2.18 in chips)
Seat 2: Djek300 ($6.81 in chips)
Seat 3: hwapopkr ($2.01 in chips)
Seat 4: Satito01 ($1.78 in chips)
Seat 5: Montagnais ($3.51 in chips)
Seat 6: Kid_Polton ($9.07 in chips)
Seat 7: Celle778 ($2.06 in chips)
Seat 8: pazstar ($1.62 in chips)
Seat 9: 0œntroª¶ ($0.69 in chips)
Dorex2007: posts small blind $0.01
Djek300: posts big blind $0.02
*** HOLE CARDS ***
Dealt to Dorex2007 [8s As]
hwapopkr: folds
Satito01: raises $0.02 to $0.04
Montagnais: folds
Kid_Polton: folds
Celle778: folds
pazstar: folds
0œntroª¶: folds
Dorex2007: calls $0.03
Djek300: folds
*** FLOP *** [Ts Ad 4h]
Dorex2007: checks
Satito01: checks
*** TURN *** [Ts Ad 4h] [9h]
Dorex2007: bets $0.05
Satito01: folds
Uncalled bet ($0.05) returned to Dorex2007
Dorex2007 collected $0.10 from pot
Dorex2007: doesn't show hand
*** SUMMARY ***
Total pot $0.10 | Rake $0
Board [Ts Ad 4h 9h]
Seat 1: Dorex2007 (small blind) collected ($0.10)
Seat 2: Djek300 (big blind) folded before Flop
Seat 3: hwapopkr folded before Flop (didn't bet)
Seat 4: Satito01 folded on the Turn
Seat 5: Montagnais folded before Flop (didn't bet)
Seat 6: Kid_Polton folded before Flop (didn't bet)
Seat 7: Celle778 folded before Flop (didn't bet)
Seat 8: pazstar folded before Flop (didn't bet)
Seat 9: 0œntroª¶ (button) folded before Flop (didn't bet)


*********** # 27 **************
PokerStars Hand #236356793618:  Hold'em No Limit ($0.01/$0.02 USD) - 2022/05/25 12:52:01 PT [2022/05/25 15:52:01 ET]
Table 'Namaqua II' 9-max Seat #8 is the button
Seat 1: Dorex2007 ($2.20 in chips)
Seat 2: Djek300 ($6.83 in chips)
Seat 3: hwapopkr ($2.01 in chips)
Seat 4: Satito01 ($1.78 in chips)
Seat 5: Montagnais ($3.46 in chips)
Seat 6: Kid_Polton ($9.07 in chips)
Seat 7: Celle778 ($2.06 in chips)
Seat 8: pazstar ($1.62 in chips)
Seat 9: 0œntroª¶ ($0.70 in chips)
0œntroª¶: posts small blind $0.01
Dorex2007: posts big blind $0.02
*** HOLE CARDS ***
Dealt to Dorex2007 [8h Jh]
Djek300: calls $0.02
hwapopkr: folds
Satito01: folds
Montagnais: calls $0.02
Kid_Polton: folds
Celle778: folds
pazstar: folds
0œntroª¶: folds
Dorex2007: checks
*** FLOP *** [Ks 9c 6c]
Dorex2007: checks
Djek300: checks
Montagnais: bets $0.07
Dorex2007: folds
Djek300: folds
Uncalled bet ($0.07) returned to Montagnais
Montagnais collected $0.07 from pot
Montagnais: doesn't show hand
*** SUMMARY ***
Total pot $0.07 | Rake $0
Board [Ks 9c 6c]
Seat 1: Dorex2007 (big blind) folded on the Flop
Seat 2: Djek300 folded on the Flop
Seat 3: hwapopkr folded before Flop (didn't bet)
Seat 4: Satito01 folded before Flop (didn't bet)
Seat 5: Montagnais collected ($0.07)
Seat 6: Kid_Polton folded before Flop (didn't bet)
Seat 7: Celle778 folded before Flop (didn't bet)
Seat 8: pazstar (button) folded before Flop (didn't bet)
Seat 9: 0œntroª¶ (small blind) folded before Flop


*********** # 28 **************
PokerStars Hand #236356772177:  Hold'em No Limit ($0.01/$0.02 USD) - 2022/05/25 12:51:10 PT [2022/05/25 15:51:10 ET]
Table 'Namaqua II' 9-max Seat #7 is the button
Seat 1: Dorex2007 ($2.20 in chips)
Seat 2: Djek300 ($6.83 in chips)
Seat 3: hwapopkr ($2.01 in chips)
Seat 4: Satito01 ($1.78 in chips)
Seat 5: Montagnais ($3.46 in chips)
Seat 6: Kid_Polton ($9.07 in chips)
Seat 7: Celle778 ($2.06 in chips)
Seat 8: pazstar ($1.60 in chips)
Seat 9: 0œntroª¶ ($0.72 in chips)
pazstar: posts small blind $0.01
0œntroª¶: posts big blind $0.02
*** HOLE CARDS ***
Dealt to Dorex2007 [Jh 2c]
Dorex2007: folds
Djek300: folds
hwapopkr: folds
Satito01: folds
Montagnais: folds
Kid_Polton: folds
Celle778: folds
pazstar: calls $0.01
0œntroª¶: checks
*** FLOP *** [6c 4d 4c]
pazstar: checks
0œntroª¶: checks
*** TURN *** [6c 4d 4c] [3d]
pazstar: bets $0.02
0œntroª¶: folds
Uncalled bet ($0.02) returned to pazstar
pazstar collected $0.04 from pot
pazstar: doesn't show hand
*** SUMMARY ***
Total pot $0.04 | Rake $0
Board [6c 4d 4c 3d]
Seat 1: Dorex2007 folded before Flop (didn't bet)
Seat 2: Djek300 folded before Flop (didn't bet)
Seat 3: hwapopkr folded before Flop (didn't bet)
Seat 4: Satito01 folded before Flop (didn't bet)
Seat 5: Montagnais folded before Flop (didn't bet)
Seat 6: Kid_Polton folded before Flop (didn't bet)
Seat 7: Celle778 (button) folded before Flop (didn't bet)
Seat 8: pazstar (small blind) collected ($0.04)
Seat 9: 0œntroª¶ (big blind) folded on the Turn


*********** # 29 **************
PokerStars Hand #236356762668:  Hold'em No Limit ($0.01/$0.02 USD) - 2022/05/25 12:50:48 PT [2022/05/25 15:50:48 ET]
Table 'Namaqua II' 9-max Seat #6 is the button
Seat 1: Dorex2007 ($2.20 in chips)
Seat 2: Djek300 ($6.83 in chips)
Seat 3: hwapopkr ($2.01 in chips)
Seat 4: Satito01 ($1.78 in chips)
Seat 5: Montagnais ($3.46 in chips)
Seat 6: Kid_Polton ($9.07 in chips)
Seat 7: Celle778 ($2.07 in chips)
Seat 8: pazstar ($1.59 in chips)
Seat 9: 0œntroª¶ ($0.72 in chips)
Celle778: posts small blind $0.01
pazstar: posts big blind $0.02
*** HOLE CARDS ***
Dealt to Dorex2007 [Jh Kd]
0œntroª¶: folds
Dorex2007: folds
Djek300: folds
hwapopkr: folds
Satito01: folds
Montagnais: folds
Kid_Polton: folds
Celle778: folds
Uncalled bet ($0.01) returned to pazstar
pazstar collected $0.02 from pot
pazstar: doesn't show hand
*** SUMMARY ***
Total pot $0.02 | Rake $0
Seat 1: Dorex2007 folded before Flop (didn't bet)
Seat 2: Djek300 folded before Flop (didn't bet)
Seat 3: hwapopkr folded before Flop (didn't bet)
Seat 4: Satito01 folded before Flop (didn't bet)
Seat 5: Montagnais folded before Flop (didn't bet)
Seat 6: Kid_Polton (button) folded before Flop (didn't bet)
Seat 7: Celle778 (small blind) folded before Flop
Seat 8: pazstar (big blind) collected ($0.02)
Seat 9: 0œntroª¶ folded before Flop (didn't bet)


*********** # 30 **************
PokerStars Hand #236356753499:  Hold'em No Limit ($0.01/$0.02 USD) - 2022/05/25 12:50:26 PT [2022/05/25 15:50:26 ET]
Table 'Namaqua II' 9-max Seat #5 is the button
Seat 1: Dorex2007 ($2.20 in chips)
Seat 2: Djek300 ($6.83 in chips)
Seat 3: hwapopkr ($2.01 in chips)
Seat 4: Satito01 ($1.75 in chips)
Seat 5: Montagnais ($3.46 in chips)
Seat 6: Kid_Polton ($9.08 in chips)
Seat 7: Celle778 ($2.09 in chips)
Seat 8: pazstar ($1.59 in chips)
Seat 9: 0œntroª¶ ($0.72 in chips)
Kid_Polton: posts small blind $0.01
Celle778: posts big blind $0.02
*** HOLE CARDS ***
Dealt to Dorex2007 [5c Jh]
pazstar: folds
0œntroª¶: folds
Dorex2007: folds
Djek300: folds
hwapopkr: folds
Satito01: raises $0.02 to $0.04
Montagnais: folds
Kid_Polton: folds
Celle778: folds
Uncalled bet ($0.02) returned to Satito01
Satito01 collected $0.05 from pot
Satito01: doesn't show hand
*** SUMMARY ***
Total pot $0.05 | Rake $0
Seat 1: Dorex2007 folded before Flop (didn't bet)
Seat 2: Djek300 folded before Flop (didn't bet)
Seat 3: hwapopkr folded before Flop (didn't bet)
Seat 4: Satito01 collected ($0.05)
Seat 5: Montagnais (button) folded before Flop (didn't bet)
Seat 6: Kid_Polton (small blind) folded before Flop
Seat 7: Celle778 (big blind) folded before Flop
Seat 8: pazstar folded before Flop (didn't bet)
Seat 9: 0œntroª¶ folded before Flop (didn't bet)


*********** # 31 **************
PokerStars Hand #236356741933:  Hold'em No Limit ($0.01/$0.02 USD) - 2022/05/25 12:49:59 PT [2022/05/25 15:49:59 ET]
Table 'Namaqua II' 9-max Seat #4 is the button
Seat 1: Dorex2007 ($2.20 in chips)
Seat 2: Djek300 ($6.83 in chips)
Seat 3: hwapopkr ($2.01 in chips)
Seat 4: Satito01 ($1.72 in chips)
Seat 5: Montagnais ($3.47 in chips)
Seat 6: Kid_Polton ($9.10 in chips)
Seat 7: Celle778 ($2.09 in chips)
Seat 8: pazstar ($1.59 in chips)
Seat 9: 0œntroª¶ ($0.72 in chips)
Montagnais: posts small blind $0.01
Kid_Polton: posts big blind $0.02
*** HOLE CARDS ***
Dealt to Dorex2007 [Qd 6s]
Celle778: folds
pazstar: folds
0œntroª¶: folds
Dorex2007: folds
Djek300: folds
hwapopkr: folds
Satito01: raises $0.04 to $0.06
Montagnais: folds
Kid_Polton: folds
Uncalled bet ($0.04) returned to Satito01
Satito01 collected $0.05 from pot
Satito01: doesn't show hand
*** SUMMARY ***
Total pot $0.05 | Rake $0
Seat 1: Dorex2007 folded before Flop (didn't bet)
Seat 2: Djek300 folded before Flop (didn't bet)
Seat 3: hwapopkr folded before Flop (didn't bet)
Seat 4: Satito01 (button) collected ($0.05)
Seat 5: Montagnais (small blind) folded before Flop
Seat 6: Kid_Polton (big blind) folded before Flop
Seat 7: Celle778 folded before Flop (didn't bet)
Seat 8: pazstar folded before Flop (didn't bet)
Seat 9: 0œntroª¶ folded before Flop (didn't bet)


*********** # 32 **************
PokerStars Hand #236356732858:  Hold'em No Limit ($0.01/$0.02 USD) - 2022/05/25 12:49:37 PT [2022/05/25 15:49:37 ET]
Table 'Namaqua II' 9-max Seat #3 is the button
Seat 1: Dorex2007 ($2.20 in chips)
Seat 2: Djek300 ($6.83 in chips)
Seat 3: hwapopkr ($2.01 in chips)
Seat 4: Satito01 ($1.73 in chips)
Seat 5: Montagnais ($3.49 in chips)
Seat 6: Kid_Polton ($9.10 in chips)
Seat 7: Celle778 ($2.06 in chips)
Seat 8: pazstar ($1.59 in chips)
Seat 9: 0œntroª¶ ($0.72 in chips)
Satito01: posts small blind $0.01
Montagnais: posts big blind $0.02
*** HOLE CARDS ***
Dealt to Dorex2007 [4s 2s]
Kid_Polton: folds
Celle778: raises $0.06 to $0.08
pazstar: folds
0œntroª¶: folds
Dorex2007: folds
Djek300: folds
hwapopkr: folds
Satito01: folds
Montagnais: folds
Uncalled bet ($0.06) returned to Celle778
Celle778 collected $0.05 from pot
Celle778: doesn't show hand
*** SUMMARY ***
Total pot $0.05 | Rake $0
Seat 1: Dorex2007 folded before Flop (didn't bet)
Seat 2: Djek300 folded before Flop (didn't bet)
Seat 3: hwapopkr (button) folded before Flop (didn't bet)
Seat 4: Satito01 (small blind) folded before Flop
Seat 5: Montagnais (big blind) folded before Flop
Seat 6: Kid_Polton folded before Flop (didn't bet)
Seat 7: Celle778 collected ($0.05)
Seat 8: pazstar folded before Flop (didn't bet)
Seat 9: 0œntroª¶ folded before Flop (didn't bet)


*********** # 33 **************
PokerStars Hand #236356720298:  Hold'em No Limit ($0.01/$0.02 USD) - 2022/05/25 12:49:07 PT [2022/05/25 15:49:07 ET]
Table 'Namaqua II' 9-max Seat #2 is the button
Seat 1: Dorex2007 ($2.20 in chips)
Seat 2: Djek300 ($6.83 in chips)
Seat 3: hwapopkr ($2.02 in chips)
Seat 4: Satito01 ($1.72 in chips)
Seat 5: Montagnais ($3.49 in chips)
Seat 6: Kid_Polton ($9.10 in chips)
Seat 7: Celle778 ($2.06 in chips)
Seat 8: pazstar ($1.59 in chips)
Seat 9: 0œntroª¶ ($0.72 in chips)
hwapopkr: posts small blind $0.01
Satito01: posts big blind $0.02
*** HOLE CARDS ***
Dealt to Dorex2007 [5d Ks]
Montagnais: folds
Kid_Polton: folds
Celle778: folds
pazstar: folds
0œntroª¶: folds
Dorex2007: folds
Djek300: folds
hwapopkr: folds
Uncalled bet ($0.01) returned to Satito01
Satito01 collected $0.02 from pot
Satito01: doesn't show hand
*** SUMMARY ***
Total pot $0.02 | Rake $0
Seat 1: Dorex2007 folded before Flop (didn't bet)
Seat 2: Djek300 (button) folded before Flop (didn't bet)
Seat 3: hwapopkr (small blind) folded before Flop
Seat 4: Satito01 (big blind) collected ($0.02)
Seat 5: Montagnais folded before Flop (didn't bet)
Seat 6: Kid_Polton folded before Flop (didn't bet)
Seat 7: Celle778 folded before Flop (didn't bet)
Seat 8: pazstar folded before Flop (didn't bet)
Seat 9: 0œntroª¶ folded before Flop (didn't bet)


*********** # 34 **************
PokerStars Hand #236356686207:  Hold'em No Limit ($0.01/$0.02 USD) - 2022/05/25 12:47:47 PT [2022/05/25 15:47:47 ET]
Table 'Namaqua II' 9-max Seat #1 is the button
Seat 1: Dorex2007 ($2.20 in chips)
Seat 2: Djek300 ($6.57 in chips)
Seat 3: hwapopkr ($2.04 in chips)
Seat 4: Satito01 ($1.94 in chips)
Seat 5: Montagnais ($3.53 in chips)
Seat 6: Kid_Polton ($9.10 in chips)
Seat 7: Celle778 ($2.06 in chips)
Seat 8: pazstar ($1.59 in chips)
Seat 9: 0œntroª¶ ($0.72 in chips)
Djek300: posts small blind $0.01
hwapopkr: posts big blind $0.02
*** HOLE CARDS ***
Dealt to Dorex2007 [2s 8d]
Satito01: raises $0.02 to $0.04
Montagnais: calls $0.04
Kid_Polton: folds
Celle778: folds
pazstar: folds
0œntroª¶: folds
Dorex2007: folds
Djek300: calls $0.03
hwapopkr: folds
*** FLOP *** [Kh 7c 3d]
Djek300: checks
Satito01: bets $0.07
Montagnais: folds
Djek300: calls $0.07
*** TURN *** [Kh 7c 3d] [3h]
Djek300: checks
Satito01: bets $0.11
Djek300: calls $0.11
*** RIVER *** [Kh 7c 3d 3h] [4s]
Djek300: checks
Satito01: checks
*** SHOW DOWN ***
Djek300: shows [Th Ts] (two pair, Tens and Threes)
Satito01: mucks hand
Djek300 collected $0.48 from pot
*** SUMMARY ***
Total pot $0.50 | Rake $0.02
Board [Kh 7c 3d 3h 4s]
Seat 1: Dorex2007 (button) folded before Flop (didn't bet)
Seat 2: Djek300 (small blind) showed [Th Ts] and won ($0.48) with two pair, Tens and Threes
Seat 3: hwapopkr (big blind) folded before Flop
Seat 4: Satito01 mucked [5d 5c]
Seat 5: Montagnais folded on the Flop
Seat 6: Kid_Polton folded before Flop (didn't bet)
Seat 7: Celle778 folded before Flop (didn't bet)
Seat 8: pazstar folded before Flop (didn't bet)
Seat 9: 0œntroª¶ folded before Flop (didn't bet)


*********** # 35 **************
PokerStars Hand #236356664851:  Hold'em No Limit ($0.01/$0.02 USD) - 2022/05/25 12:46:57 PT [2022/05/25 15:46:57 ET]
Table 'Namaqua II' 9-max Seat #9 is the button
Seat 1: Dorex2007 ($1.96 in chips)
Seat 2: Djek300 ($6.59 in chips)
Seat 3: hwapopkr ($2.04 in chips)
Seat 4: Satito01 ($1.98 in chips)
Seat 5: Montagnais ($3.53 in chips)
Seat 6: Kid_Polton ($9.30 in chips)
Seat 7: Celle778 ($2.06 in chips)
Seat 8: pazstar ($1.59 in chips)
Seat 9: 0œntroª¶ ($0.72 in chips)
Dorex2007: posts small blind $0.01
Djek300: posts big blind $0.02
*** HOLE CARDS ***
Dealt to Dorex2007 [9c 9d]
hwapopkr: folds
Satito01: raises $0.02 to $0.04
Montagnais: folds
Kid_Polton: calls $0.04
Celle778: folds
pazstar: folds
0œntroª¶: folds
Dorex2007: raises $0.16 to $0.20
Djek300: folds
Satito01: folds
Kid_Polton: calls $0.16
*** FLOP *** [Th 7c Qd]
Dorex2007: bets $0.44
Kid_Polton: folds
Uncalled bet ($0.44) returned to Dorex2007
Dorex2007 collected $0.44 from pot
Dorex2007: doesn't show hand
*** SUMMARY ***
Total pot $0.46 | Rake $0.02
Board [Th 7c Qd]
Seat 1: Dorex2007 (small blind) collected ($0.44)
Seat 2: Djek300 (big blind) folded before Flop
Seat 3: hwapopkr folded before Flop (didn't bet)
Seat 4: Satito01 folded before Flop
Seat 5: Montagnais folded before Flop (didn't bet)
Seat 6: Kid_Polton folded on the Flop
Seat 7: Celle778 folded before Flop (didn't bet)
Seat 8: pazstar folded before Flop (didn't bet)
Seat 9: 0œntroª¶ (button) folded before Flop (didn't bet)


*********** # 36 **************
PokerStars Hand #236356649090:  Hold'em No Limit ($0.01/$0.02 USD) - 2022/05/25 12:46:20 PT [2022/05/25 15:46:20 ET]
Table 'Namaqua II' 9-max Seat #8 is the button
Seat 1: Dorex2007 ($1.98 in chips)
Seat 2: Djek300 ($6.59 in chips)
Seat 3: hwapopkr ($2.01 in chips)
Seat 4: Satito01 ($1.98 in chips)
Seat 5: Montagnais ($3.53 in chips)
Seat 6: Kid_Polton ($9.30 in chips)
Seat 7: Celle778 ($2.06 in chips)
Seat 8: pazstar ($1.59 in chips)
Seat 9: 0œntroª¶ ($0.73 in chips)
0œntroª¶: posts small blind $0.01
Dorex2007: posts big blind $0.02
*** HOLE CARDS ***
Dealt to Dorex2007 [9d Qs]
Djek300: folds
hwapopkr: raises $0.04 to $0.06
Satito01: folds
Montagnais: folds
Kid_Polton: folds
Celle778: folds
pazstar: folds
0œntroª¶: folds
Dorex2007: folds
Uncalled bet ($0.04) returned to hwapopkr
hwapopkr collected $0.05 from pot
hwapopkr: doesn't show hand
*** SUMMARY ***
Total pot $0.05 | Rake $0
Seat 1: Dorex2007 (big blind) folded before Flop
Seat 2: Djek300 folded before Flop (didn't bet)
Seat 3: hwapopkr collected ($0.05)
Seat 4: Satito01 folded before Flop (didn't bet)
Seat 5: Montagnais folded before Flop (didn't bet)
Seat 6: Kid_Polton folded before Flop (didn't bet)
Seat 7: Celle778 folded before Flop (didn't bet)
Seat 8: pazstar (button) folded before Flop (didn't bet)
Seat 9: 0œntroª¶ (small blind) folded before Flop


*********** # 37 **************
PokerStars Hand #236356630430:  Hold'em No Limit ($0.01/$0.02 USD) - 2022/05/25 12:45:37 PT [2022/05/25 15:45:37 ET]
Table 'Namaqua II' 9-max Seat #7 is the button
Seat 1: Dorex2007 ($1.98 in chips)
Seat 2: Djek300 ($6.61 in chips)
Seat 3: hwapopkr ($2.03 in chips)
Seat 4: Satito01 ($2 in chips)
Seat 5: Montagnais ($3.53 in chips)
Seat 6: Kid_Polton ($9.30 in chips)
Seat 7: Celle778 ($2.06 in chips)
Seat 8: pazstar ($1.61 in chips)
Seat 9: 0œntroª¶ ($0.65 in chips)
pazstar: posts small blind $0.01
0œntroª¶: posts big blind $0.02
Satito01: posts big blind $0.02
*** HOLE CARDS ***
Dealt to Dorex2007 [3s 7d]
Dorex2007: folds
Djek300: calls $0.02
hwapopkr: calls $0.02
Satito01: checks
Montagnais: folds
Kid_Polton: folds
Celle778: folds
pazstar: calls $0.01
0œntroª¶: raises $0.63 to $0.65 and is all-in
Djek300: folds
hwapopkr: folds
Satito01: folds
pazstar: folds
Uncalled bet ($0.63) returned to 0œntroª¶
0œntroª¶ collected $0.10 from pot
0œntroª¶: doesn't show hand
*** SUMMARY ***
Total pot $0.10 | Rake $0
Seat 1: Dorex2007 folded before Flop (didn't bet)
Seat 2: Djek300 folded before Flop
Seat 3: hwapopkr folded before Flop
Seat 4: Satito01 folded before Flop (didn't bet)
Seat 5: Montagnais folded before Flop (didn't bet)
Seat 6: Kid_Polton folded before Flop (didn't bet)
Seat 7: Celle778 (button) folded before Flop (didn't bet)
Seat 8: pazstar (small blind) folded before Flop
Seat 9: 0œntroª¶ (big blind) collected ($0.10)


*********** # 38 **************
PokerStars Hand #236356625421:  Hold'em No Limit ($0.01/$0.02 USD) - 2022/05/25 12:45:25 PT [2022/05/25 15:45:25 ET]
Table 'Namaqua II' 9-max Seat #6 is the button
Seat 1: Dorex2007 ($1.98 in chips)
Seat 2: Djek300 ($6.61 in chips)
Seat 3: hwapopkr ($2.03 in chips)
Seat 5: Montagnais ($3.53 in chips)
Seat 6: Kid_Polton ($9.30 in chips)
Seat 7: Celle778 ($2.07 in chips)
Seat 8: pazstar ($1.60 in chips)
Celle778: posts small blind $0.01
pazstar: posts big blind $0.02
0œntroª¶: sits out
Satito01: sits out
*** HOLE CARDS ***
Dealt to Dorex2007 [8c Qc]
Dorex2007: folds
Djek300: folds
hwapopkr: folds
Montagnais: folds
Kid_Polton: folds
Celle778: folds
Uncalled bet ($0.01) returned to pazstar
pazstar collected $0.02 from pot
pazstar: doesn't show hand
*** SUMMARY ***
Total pot $0.02 | Rake $0
Seat 1: Dorex2007 folded before Flop (didn't bet)
Seat 2: Djek300 folded before Flop (didn't bet)
Seat 3: hwapopkr folded before Flop (didn't bet)
Seat 5: Montagnais folded before Flop (didn't bet)
Seat 6: Kid_Polton (button) folded before Flop (didn't bet)
Seat 7: Celle778 (small blind) folded before Flop
Seat 8: pazstar (big blind) collected ($0.02)


*********** # 39 **************
PokerStars Hand #236356617154:  Hold'em No Limit ($0.01/$0.02 USD) - 2022/05/25 12:45:05 PT [2022/05/25 15:45:05 ET]
Table 'Namaqua II' 9-max Seat #5 is the button
Seat 1: Dorex2007 ($1.98 in chips)
Seat 2: Djek300 ($6.61 in chips)
Seat 3: hwapopkr ($2 in chips)
Seat 5: Montagnais ($3.53 in chips)
Seat 6: Kid_Polton ($9.31 in chips)
Seat 7: Celle778 ($2.09 in chips)
Kid_Polton: posts small blind $0.01
Celle778: posts big blind $0.02
pazstar: sits out
0œntroª¶: sits out
Satito01: sits out
*** HOLE CARDS ***
Dealt to Dorex2007 [9c 5c]
Dorex2007: folds
Djek300: folds
hwapopkr: raises $0.04 to $0.06
Montagnais: folds
Kid_Polton: folds
Celle778: folds
Uncalled bet ($0.04) returned to hwapopkr
hwapopkr collected $0.05 from pot
hwapopkr: doesn't show hand
*** SUMMARY ***
Total pot $0.05 | Rake $0
Seat 1: Dorex2007 folded before Flop (didn't bet)
Seat 2: Djek300 folded before Flop (didn't bet)
Seat 3: hwapopkr collected ($0.05)
Seat 5: Montagnais (button) folded before Flop (didn't bet)
Seat 6: Kid_Polton (small blind) folded before Flop
Seat 7: Celle778 (big blind) folded before Flop


*********** # 40 **************
PokerStars Hand #236356597688:  Hold'em No Limit ($0.01/$0.02 USD) - 2022/05/25 12:44:20 PT [2022/05/25 15:44:20 ET]
Table 'Namaqua II' 9-max Seat #3 is the button
Seat 1: Dorex2007 ($1.98 in chips)
Seat 2: Djek300 ($6.61 in chips)
Seat 3: hwapopkr ($2 in chips)
Seat 5: Montagnais ($4.06 in chips)
Seat 6: Kid_Polton ($8.82 in chips)
Seat 7: Celle778 ($2.09 in chips)
Montagnais: posts small blind $0.01
Kid_Polton: posts big blind $0.02
pazstar: sits out
*** HOLE CARDS ***
Dealt to Dorex2007 [8c 6h]
Celle778: folds
Dorex2007: folds
Djek300: folds
hwapopkr: folds
Montagnais: raises $0.04 to $0.06
Satito01 joins the table at seat #4
0œntroª¶ joins the table at seat #9
Kid_Polton: calls $0.04
*** FLOP *** [Qh Qc Ad]
Montagnais: checks
Kid_Polton: checks
*** TURN *** [Qh Qc Ad] [Ac]
Montagnais: bets $0.12
Kid_Polton: calls $0.12
*** RIVER *** [Qh Qc Ad Ac] [Td]
Montagnais: bets $0.35
Kid_Polton: calls $0.35
*** SHOW DOWN ***
Montagnais: shows [Kc Jc] (a straight, Ten to Ace)
Kid_Polton: shows [7c Ah] (a full house, Aces full of Queens)
Kid_Polton collected $1.02 from pot
*** SUMMARY ***
Total pot $1.06 | Rake $0.04
Board [Qh Qc Ad Ac Td]
Seat 1: Dorex2007 folded before Flop (didn't bet)
Seat 2: Djek300 folded before Flop (didn't bet)
Seat 3: hwapopkr (button) folded before Flop (didn't bet)
Seat 5: Montagnais (small blind) showed [Kc Jc] and lost with a straight, Ten to Ace
Seat 6: Kid_Polton (big blind) showed [7c Ah] and won ($1.02) with a full house, Aces full of Queens
Seat 7: Celle778 folded before Flop (didn't bet)


*********** # 41 **************
PokerStars Hand #236356587279:  Hold'em No Limit ($0.01/$0.02 USD) - 2022/05/25 12:43:56 PT [2022/05/25 15:43:56 ET]
Table 'Namaqua II' 9-max Seat #2 is the button
Seat 1: Dorex2007 ($2 in chips)
Seat 2: Djek300 ($6.61 in chips)
Seat 3: hwapopkr ($2 in chips)
Seat 5: Montagnais ($4.03 in chips)
Seat 6: Kid_Polton ($8.82 in chips)
Seat 7: Celle778 ($2.09 in chips)
hwapopkr: posts small blind $0.01
Montagnais: posts big blind $0.02
pazstar: sits out
Dorex2007: posts big blind $0.02
*** HOLE CARDS ***
Dealt to Dorex2007 [Ad 7s]
Kid_Polton: folds
Celle778: folds
Dorex2007: checks
Djek300: folds
hwapopkr: folds
Montagnais: checks
*** FLOP *** [Ts 5c 3s]
MizzMeduza leaves the table
Montagnais: bets $0.05
Dorex2007: folds
Uncalled bet ($0.05) returned to Montagnais
Montagnais collected $0.05 from pot
Montagnais: doesn't show hand
*** SUMMARY ***
Total pot $0.05 | Rake $0
Board [Ts 5c 3s]
Seat 1: Dorex2007 folded on the Flop (didn't bet)
Seat 2: Djek300 (button) folded before Flop (didn't bet)
Seat 3: hwapopkr (small blind) folded before Flop
Seat 5: Montagnais (big blind) collected ($0.05)
Seat 6: Kid_Polton folded before Flop (didn't bet)
Seat 7: Celle778 folded before Flop (didn't bet)

