PokerStars Hand #234468565940:  Hold'em No Limit ($0.01/$0.02 USD) - 2022/02/28 20:00:47 PT [2022/02/28 23:00:47 ET]
Table 'Sargas' 9-max Seat #3 is the button
Seat 1: 100Z57 ($2.02 in chips) 
Seat 2: Agaricon ($3.79 in chips) 
Seat 3: cups00013 ($2.28 in chips) 
Seat 4: blopisanz ($1.72 in chips) 
Seat 5: MWO57 ($1.87 in chips) 
Seat 6: ahbertello ($3.78 in chips) 
Seat 8: mkiely ($2.44 in chips) 
Seat 9: Dorex2007 ($2 in chips) 
blopisanz: posts small blind $0.01
MWO57: posts big blind $0.02
Dorex2007: posts big blind $0.02
*** HOLE CARDS ***
Dealt to Dorex2007 [5d Kd]
ahbertello: folds 
mkiely: folds 
Dorex2007: checks 
100Z57: calls $0.02
Agaricon: calls $0.02
cups00013: folds 
blopisanz: folds 
MWO57: checks 
*** FLOP *** [2d 3s Td]
MWO57: checks 
Dorex2007: checks 
100Z57: checks 
Agaricon: checks 
*** TURN *** [2d 3s Td] [6s]
MWO57: checks 
Dorex2007: checks 
100Z57: bets $0.04
Agaricon: folds 
MWO57: calls $0.04
Dorex2007: calls $0.04
*** RIVER *** [2d 3s Td 6s] [As]
MWO57: checks 
Dorex2007: bets $0.10
100Z57: raises $0.10 to $0.20
MWO57: folds 
Dorex2007: folds 
Uncalled bet ($0.10) returned to 100Z57
100Z57 collected $0.40 from pot
100Z57: doesn't show hand 
*** SUMMARY ***
Total pot $0.41 | Rake $0.01 
Board [2d 3s Td 6s As]
Seat 1: 100Z57 collected ($0.40)
Seat 2: Agaricon folded on the Turn
Seat 3: cups00013 (button) folded before Flop (didn't bet)
Seat 4: blopisanz (small blind) folded before Flop
Seat 5: MWO57 (big blind) folded on the River
Seat 6: ahbertello folded before Flop (didn't bet)
Seat 8: mkiely folded before Flop (didn't bet)
Seat 9: Dorex2007 folded on the River



PokerStars Hand #234468578085:  Hold'em No Limit ($0.01/$0.02 USD) - 2022/02/28 20:01:58 PT [2022/02/28 23:01:58 ET]
Table 'Sargas' 9-max Seat #4 is the button
Seat 1: 100Z57 ($2.26 in chips) 
Seat 2: Agaricon ($3.77 in chips) 
Seat 3: cups00013 ($2.28 in chips) 
Seat 4: blopisanz ($2 in chips) 
Seat 5: MWO57 ($1.81 in chips) 
Seat 6: ahbertello ($3.78 in chips) 
Seat 8: mkiely ($2.44 in chips) 
Seat 9: Dorex2007 ($2 in chips) 
MWO57: posts small blind $0.01
ahbertello: posts big blind $0.02
*** HOLE CARDS ***
Dealt to Dorex2007 [Ad 8h]
mkiely: raises $0.04 to $0.06
Dorex2007: folds 
100Z57: calls $0.06
Agaricon: raises $0.04 to $0.10
cups00013: folds 
blopisanz: folds 
MWO57: calls $0.09
ahbertello: folds 
mkiely: calls $0.04
100Z57: calls $0.04
*** FLOP *** [7s 5s 2s]
MWO57: bets $0.10
mkiely: calls $0.10
100Z57: folds 
Agaricon: raises $0.10 to $0.20
MWO57: calls $0.10
mkiely: calls $0.10
*** TURN *** [7s 5s 2s] [6s]
MWO57: checks 
mkiely: checks 
Agaricon: bets $0.30
MWO57: folds 
mkiely: folds 
Uncalled bet ($0.30) returned to Agaricon
Agaricon collected $0.98 from pot
Agaricon: doesn't show hand 
*** SUMMARY ***
Total pot $1.02 | Rake $0.04 
Board [7s 5s 2s 6s]
Seat 1: 100Z57 folded on the Flop
Seat 2: Agaricon collected ($0.98)
Seat 3: cups00013 folded before Flop (didn't bet)
Seat 4: blopisanz (button) folded before Flop (didn't bet)
Seat 5: MWO57 (small blind) folded on the Turn
Seat 6: ahbertello (big blind) folded before Flop
Seat 8: mkiely folded on the Turn
Seat 9: Dorex2007 folded before Flop (didn't bet)



PokerStars Hand #234468601857:  Hold'em No Limit ($0.01/$0.02 USD) - 2022/02/28 20:03:34 PT [2022/02/28 23:03:34 ET]
Table 'Sargas' 9-max Seat #5 is the button
Seat 1: 100Z57 ($2.16 in chips) 
Seat 2: Agaricon ($4.45 in chips) 
Seat 3: cups00013 ($2.28 in chips) 
Seat 4: blopisanz ($2 in chips) 
Seat 5: MWO57 ($1.51 in chips) 
Seat 6: ahbertello ($3.76 in chips) 
Seat 8: mkiely ($2.14 in chips) 
Seat 9: Dorex2007 ($2 in chips) 
ahbertello: posts small blind $0.01
mkiely: posts big blind $0.02
*** HOLE CARDS ***
Dealt to Dorex2007 [2c Jh]
Dorex2007: folds 
100Z57: calls $0.02
Agaricon: calls $0.02
cups00013: folds 
blopisanz: folds 
MWO57: folds 
ahbertello: raises $0.08 to $0.10
mkiely: folds 
100Z57: calls $0.08
Agaricon: folds 
*** FLOP *** [Ac 7d Th]
ahbertello: bets $0.12
100Z57: calls $0.12
*** TURN *** [Ac 7d Th] [Ah]
ahbertello: checks 
100Z57: bets $0.46
ahbertello: raises $0.46 to $0.92
100Z57: calls $0.46
*** RIVER *** [Ac 7d Th Ah] [6h]
ahbertello: bets $1.12
100Z57: calls $1.02 and is all-in
Uncalled bet ($0.10) returned to ahbertello
*** SHOW DOWN ***
ahbertello: shows [Td Ad] (a full house, Aces full of Tens)
100Z57: shows [7h 9h] (a flush, Ace high)
ahbertello collected $4.21 from pot
*** SUMMARY ***
Total pot $4.36 | Rake $0.15 
Board [Ac 7d Th Ah 6h]
Seat 1: 100Z57 showed [7h 9h] and lost with a flush, Ace high
Seat 2: Agaricon folded before Flop
Seat 3: cups00013 folded before Flop (didn't bet)
Seat 4: blopisanz folded before Flop (didn't bet)
Seat 5: MWO57 (button) folded before Flop (didn't bet)
Seat 6: ahbertello (small blind) showed [Td Ad] and won ($4.21) with a full house, Aces full of Tens
Seat 8: mkiely (big blind) folded before Flop
Seat 9: Dorex2007 folded before Flop (didn't bet)



PokerStars Hand #234468613037:  Hold'em No Limit ($0.01/$0.02 USD) - 2022/02/28 20:04:38 PT [2022/02/28 23:04:38 ET]
Table 'Sargas' 9-max Seat #6 is the button
Seat 2: Agaricon ($4.43 in chips) 
Seat 3: cups00013 ($2.28 in chips) 
Seat 4: blopisanz ($2 in chips) 
Seat 5: MWO57 ($1.51 in chips) 
Seat 6: ahbertello ($5.81 in chips) 
Seat 8: mkiely ($2.12 in chips) 
Seat 9: Dorex2007 ($2 in chips) 
mkiely: posts small blind $0.01
Dorex2007: posts big blind $0.02
*** HOLE CARDS ***
Dealt to Dorex2007 [3s Qc]
Agaricon: raises $0.02 to $0.04
cups00013: folds 
blopisanz: folds 
MWO57: folds 
ahbertello: folds 
mkiely: calls $0.03
Dorex2007: folds 
*** FLOP *** [5d 7c 9c]
mkiely: checks 
Agaricon: bets $0.04
mkiely: calls $0.04
*** TURN *** [5d 7c 9c] [Td]
mkiely: checks 
Agaricon: bets $0.09
mkiely: calls $0.09
*** RIVER *** [5d 7c 9c Td] [3d]
mkiely: checks 
Agaricon: bets $0.18
mkiely: calls $0.18
*** SHOW DOWN ***
Agaricon: shows [6h 6d] (a pair of Sixes)
mkiely: shows [5h 7h] (two pair, Sevens and Fives)
mkiely collected $0.69 from pot
*** SUMMARY ***
Total pot $0.72 | Rake $0.03 
Board [5d 7c 9c Td 3d]
Seat 2: Agaricon showed [6h 6d] and lost with a pair of Sixes
Seat 3: cups00013 folded before Flop (didn't bet)
Seat 4: blopisanz folded before Flop (didn't bet)
Seat 5: MWO57 folded before Flop (didn't bet)
Seat 6: ahbertello (button) folded before Flop (didn't bet)
Seat 8: mkiely (small blind) showed [5h 7h] and won ($0.69) with two pair, Sevens and Fives
Seat 9: Dorex2007 (big blind) folded before Flop



PokerStars Hand #234468622245:  Hold'em No Limit ($0.01/$0.02 USD) - 2022/02/28 20:05:28 PT [2022/02/28 23:05:28 ET]
Table 'Sargas' 9-max Seat #8 is the button
Seat 1: 100Z57 ($2 in chips) 
Seat 2: Agaricon ($4.08 in chips) 
Seat 3: cups00013 ($2.28 in chips) 
Seat 4: blopisanz ($2 in chips) 
Seat 5: MWO57 ($1.51 in chips) 
Seat 6: ahbertello ($5.81 in chips) 
Seat 8: mkiely ($2.46 in chips) 
Seat 9: Dorex2007 ($2 in chips) 
Dorex2007: posts small blind $0.01
100Z57: posts big blind $0.02
*** HOLE CARDS ***
Dealt to Dorex2007 [9c 4d]
Agaricon: folds 
cups00013: folds 
blopisanz: folds 
MWO57: folds 
ahbertello: folds 
mkiely: raises $0.04 to $0.06
Dorex2007: folds 
100Z57: calls $0.04
*** FLOP *** [8d 3s Qd]
100Z57: checks 
mkiely: bets $0.08
100Z57: calls $0.08
*** TURN *** [8d 3s Qd] [Qs]
100Z57: checks 
mkiely: bets $0.20
100Z57: raises $0.68 to $0.88
mkiely: raises $1.44 to $2.32 and is all-in
100Z57: calls $0.98 and is all-in
Uncalled bet ($0.46) returned to mkiely
*** RIVER *** [8d 3s Qd Qs] [9s]
*** SHOW DOWN ***
100Z57: shows [Ts Qh] (three of a kind, Queens)
mkiely: shows [Qc As] (three of a kind, Queens - Ace kicker)
mkiely collected $3.87 from pot
*** SUMMARY ***
Total pot $4.01 | Rake $0.14 
Board [8d 3s Qd Qs 9s]
Seat 1: 100Z57 (big blind) showed [Ts Qh] and lost with three of a kind, Queens
Seat 2: Agaricon folded before Flop (didn't bet)
Seat 3: cups00013 folded before Flop (didn't bet)
Seat 4: blopisanz folded before Flop (didn't bet)
Seat 5: MWO57 folded before Flop (didn't bet)
Seat 6: ahbertello folded before Flop (didn't bet)
Seat 8: mkiely (button) showed [Qc As] and won ($3.87) with three of a kind, Queens
Seat 9: Dorex2007 (small blind) folded before Flop



PokerStars Hand #234468633031:  Hold'em No Limit ($0.01/$0.02 USD) - 2022/02/28 20:06:30 PT [2022/02/28 23:06:30 ET]
Table 'Sargas' 9-max Seat #9 is the button
Seat 2: Agaricon ($4.08 in chips) 
Seat 3: cups00013 ($2.28 in chips) 
Seat 4: blopisanz ($2 in chips) 
Seat 5: MWO57 ($1.51 in chips) 
Seat 6: ahbertello ($5.81 in chips) 
Seat 8: mkiely ($4.33 in chips) 
Seat 9: Dorex2007 ($2 in chips) 
Agaricon: posts small blind $0.01
cups00013: posts big blind $0.02
*** HOLE CARDS ***
Dealt to Dorex2007 [5s Ah]
blopisanz: folds 
MWO57: folds 
ahbertello: raises $0.06 to $0.08
100Z57 leaves the table
mkiely: calls $0.08
Dorex2007: folds 
Agaricon: folds 
cups00013: folds 
*** FLOP *** [6d 7s 4s]
ahbertello: bets $0.12
mkiely: calls $0.12
*** TURN *** [6d 7s 4s] [Jh]
noborin joins the table at seat #1 
ahbertello: bets $0.22
mkiely: calls $0.22
*** RIVER *** [6d 7s 4s Jh] [9s]
ahbertello: checks 
mkiely: bets $0.50
ahbertello: folds 
Uncalled bet ($0.50) returned to mkiely
mkiely collected $0.84 from pot
mkiely: doesn't show hand 
*** SUMMARY ***
Total pot $0.87 | Rake $0.03 
Board [6d 7s 4s Jh 9s]
Seat 2: Agaricon (small blind) folded before Flop
Seat 3: cups00013 (big blind) folded before Flop
Seat 4: blopisanz folded before Flop (didn't bet)
Seat 5: MWO57 folded before Flop (didn't bet)
Seat 6: ahbertello folded on the River
Seat 8: mkiely collected ($0.84)
Seat 9: Dorex2007 (button) folded before Flop (didn't bet)



PokerStars Hand #234468646418:  Hold'em No Limit ($0.01/$0.02 USD) - 2022/02/28 20:07:33 PT [2022/02/28 23:07:33 ET]
Table 'Sargas' 9-max Seat #2 is the button
Seat 1: noborin ($1 in chips) 
Seat 2: Agaricon ($4.07 in chips) 
Seat 3: cups00013 ($2.26 in chips) 
Seat 4: blopisanz ($2 in chips) 
Seat 5: MWO57 ($1.51 in chips) 
Seat 6: ahbertello ($5.39 in chips) 
Seat 8: mkiely ($4.75 in chips) 
Seat 9: Dorex2007 ($2 in chips) 
cups00013: posts small blind $0.01
blopisanz: posts big blind $0.02
noborin: posts big blind $0.02
*** HOLE CARDS ***
Dealt to Dorex2007 [6s 3c]
MWO57: folds 
ahbertello: folds 
mkiely: raises $0.02 to $0.04
Dorex2007: folds 
noborin: folds 
Agaricon: folds 
cups00013: calls $0.03
MWO57 leaves the table
blopisanz: folds 
*** FLOP *** [2d 6d Ad]
cups00013: checks 
mkiely: checks 
*** TURN *** [2d 6d Ad] [4h]
cups00013: checks 
mkiely: checks 
*** RIVER *** [2d 6d Ad 4h] [8d]
cups00013: checks 
mkiely: bets $0.04
cups00013: folds 
Uncalled bet ($0.04) returned to mkiely
mkiely collected $0.12 from pot
mkiely: doesn't show hand 
*** SUMMARY ***
Total pot $0.12 | Rake $0 
Board [2d 6d Ad 4h 8d]
Seat 1: noborin folded before Flop (didn't bet)
Seat 2: Agaricon (button) folded before Flop (didn't bet)
Seat 3: cups00013 (small blind) folded on the River
Seat 4: blopisanz (big blind) folded before Flop
Seat 5: MWO57 folded before Flop (didn't bet)
Seat 6: ahbertello folded before Flop (didn't bet)
Seat 8: mkiely collected ($0.12)
Seat 9: Dorex2007 folded before Flop (didn't bet)



PokerStars Hand #234468653091:  Hold'em No Limit ($0.01/$0.02 USD) - 2022/02/28 20:08:12 PT [2022/02/28 23:08:12 ET]
Table 'Sargas' 9-max Seat #3 is the button
Seat 1: noborin ($0.98 in chips) 
Seat 2: Agaricon ($4.07 in chips) 
Seat 3: cups00013 ($2.22 in chips) 
Seat 4: blopisanz ($1.98 in chips) 
Seat 6: ahbertello ($5.39 in chips) 
Seat 8: mkiely ($4.83 in chips) 
Seat 9: Dorex2007 ($2 in chips) 
blopisanz: posts small blind $0.01
ahbertello: posts big blind $0.02
bondo74rus: sits out 
*** HOLE CARDS ***
Dealt to Dorex2007 [5h Jh]
mkiely: raises $0.02 to $0.04
Dorex2007: folds 
Nastysha184 joins the table at seat #5 
noborin: folds 
Agaricon: calls $0.04
cups00013: folds 
blopisanz: folds 
ahbertello: calls $0.02
*** FLOP *** [2s 5c 8c]
ahbertello: checks 
mkiely: checks 
Agaricon: bets $0.06
ahbertello: folds 
mkiely: calls $0.06
*** TURN *** [2s 5c 8c] [Ks]
mkiely: checks 
Agaricon: bets $0.08
mkiely: calls $0.08
*** RIVER *** [2s 5c 8c Ks] [7h]
mkiely: checks 
Agaricon: bets $0.20
mkiely: folds 
Uncalled bet ($0.20) returned to Agaricon
Agaricon collected $0.40 from pot
Agaricon: doesn't show hand 
*** SUMMARY ***
Total pot $0.41 | Rake $0.01 
Board [2s 5c 8c Ks 7h]
Seat 1: noborin folded before Flop (didn't bet)
Seat 2: Agaricon collected ($0.40)
Seat 3: cups00013 (button) folded before Flop (didn't bet)
Seat 4: blopisanz (small blind) folded before Flop
Seat 6: ahbertello (big blind) folded on the Flop
Seat 8: mkiely folded on the River
Seat 9: Dorex2007 folded before Flop (didn't bet)



PokerStars Hand #234468662481:  Hold'em No Limit ($0.01/$0.02 USD) - 2022/02/28 20:09:07 PT [2022/02/28 23:09:07 ET]
Table 'Sargas' 9-max Seat #4 is the button
Seat 1: noborin ($0.98 in chips) 
Seat 2: Agaricon ($4.29 in chips) 
Seat 3: cups00013 ($2.22 in chips) 
Seat 4: blopisanz ($1.97 in chips) 
Seat 6: ahbertello ($5.35 in chips) 
Seat 7: bondo74rus ($2.41 in chips) 
Seat 8: mkiely ($4.65 in chips) 
Seat 9: Dorex2007 ($2 in chips) 
ahbertello: posts small blind $0.01
bondo74rus: posts big blind $0.02
*** HOLE CARDS ***
Dealt to Dorex2007 [Qd 5d]
mkiely: folds 
Dorex2007: folds 
noborin: folds 
Agaricon: calls $0.02
cups00013: folds 
blopisanz: folds 
ahbertello: folds 
bondo74rus: checks 
*** FLOP *** [9c Qc 7c]
bondo74rus: checks 
Agaricon: checks 
*** TURN *** [9c Qc 7c] [6s]
bondo74rus: checks 
Agaricon: bets $0.04
bondo74rus: calls $0.04
*** RIVER *** [9c Qc 7c 6s] [2s]
bondo74rus: checks 
Agaricon: bets $0.07
bondo74rus: calls $0.07
*** SHOW DOWN ***
Agaricon: shows [Jh Td] (high card Queen)
bondo74rus: shows [9d 8d] (a pair of Nines)
bondo74rus collected $0.26 from pot
*** SUMMARY ***
Total pot $0.27 | Rake $0.01 
Board [9c Qc 7c 6s 2s]
Seat 1: noborin folded before Flop (didn't bet)
Seat 2: Agaricon showed [Jh Td] and lost with high card Queen
Seat 3: cups00013 folded before Flop (didn't bet)
Seat 4: blopisanz (button) folded before Flop (didn't bet)
Seat 6: ahbertello (small blind) folded before Flop
Seat 7: bondo74rus (big blind) showed [9d 8d] and won ($0.26) with a pair of Nines
Seat 8: mkiely folded before Flop (didn't bet)
Seat 9: Dorex2007 folded before Flop (didn't bet)



PokerStars Hand #234468671698:  Hold'em No Limit ($0.01/$0.02 USD) - 2022/02/28 20:10:00 PT [2022/02/28 23:10:00 ET]
Table 'Sargas' 9-max Seat #6 is the button
Seat 1: noborin ($0.98 in chips) 
Seat 2: Agaricon ($4.16 in chips) 
Seat 3: cups00013 ($2.22 in chips) 
Seat 4: blopisanz ($1.97 in chips) 
Seat 6: ahbertello ($5.34 in chips) 
Seat 7: bondo74rus ($2.54 in chips) 
Seat 8: mkiely ($4.65 in chips) 
Seat 9: Dorex2007 ($2 in chips) 
bondo74rus: posts small blind $0.01
mkiely: posts big blind $0.02
Nastysha184: sits out 
*** HOLE CARDS ***
Dealt to Dorex2007 [3c 6d]
Dorex2007: folds 
noborin: folds 
Agaricon: raises $0.04 to $0.06
cups00013: folds 
blopisanz: folds 
ahbertello: folds 
bondo74rus: folds 
mkiely: calls $0.04
*** FLOP *** [Tc 4d 5h]
mkiely: checks 
Agaricon: checks 
*** TURN *** [Tc 4d 5h] [Qs]
mkiely: checks 
Agaricon: bets $0.07
mkiely: calls $0.07
*** RIVER *** [Tc 4d 5h Qs] [2h]
mkiely: checks 
Agaricon: bets $0.13
mkiely: calls $0.13
*** SHOW DOWN ***
Agaricon: shows [Ks Ah] (high card Ace)
mkiely: shows [Kh Th] (a pair of Tens)
mkiely collected $0.51 from pot
*** SUMMARY ***
Total pot $0.53 | Rake $0.02 
Board [Tc 4d 5h Qs 2h]
Seat 1: noborin folded before Flop (didn't bet)
Seat 2: Agaricon showed [Ks Ah] and lost with high card Ace
Seat 3: cups00013 folded before Flop (didn't bet)
Seat 4: blopisanz folded before Flop (didn't bet)
Seat 6: ahbertello (button) folded before Flop (didn't bet)
Seat 7: bondo74rus (small blind) folded before Flop
Seat 8: mkiely (big blind) showed [Kh Th] and won ($0.51) with a pair of Tens
Seat 9: Dorex2007 folded before Flop (didn't bet)



PokerStars Hand #234468680083:  Hold'em No Limit ($0.01/$0.02 USD) - 2022/02/28 20:10:49 PT [2022/02/28 23:10:49 ET]
Table 'Sargas' 9-max Seat #7 is the button
Seat 1: noborin ($0.98 in chips) 
Seat 2: Agaricon ($3.90 in chips) 
Seat 3: cups00013 ($2.22 in chips) 
Seat 4: blopisanz ($1.97 in chips) 
Seat 6: ahbertello ($5.34 in chips) 
Seat 7: bondo74rus ($2.53 in chips) 
Seat 8: mkiely ($4.90 in chips) 
Seat 9: Dorex2007 ($2 in chips) 
mkiely: posts small blind $0.01
Dorex2007: posts big blind $0.02
Nastysha184: sits out 
*** HOLE CARDS ***
Dealt to Dorex2007 [9d 8h]
noborin: calls $0.02
Agaricon: calls $0.02
cups00013: folds 
blopisanz: calls $0.02
ahbertello: folds 
bondo74rus: folds 
mkiely: calls $0.01
Dorex2007: checks 
*** FLOP *** [Jc 2s 3c]
mkiely: checks 
Dorex2007: checks 
noborin: bets $0.05
Agaricon: folds 
blopisanz: raises $0.05 to $0.10
mkiely: folds 
Dorex2007: folds 
noborin: calls $0.05
*** TURN *** [Jc 2s 3c] [Tc]
noborin: checks 
blopisanz: bets $0.07
noborin: calls $0.07
*** RIVER *** [Jc 2s 3c Tc] [8c]
noborin: checks 
blopisanz: checks 
*** SHOW DOWN ***
noborin: shows [Th Js] (two pair, Jacks and Tens)
blopisanz: mucks hand 
noborin collected $0.42 from pot
*** SUMMARY ***
Total pot $0.44 | Rake $0.02 
Board [Jc 2s 3c Tc 8c]
Seat 1: noborin showed [Th Js] and won ($0.42) with two pair, Jacks and Tens
Seat 2: Agaricon folded on the Flop
Seat 3: cups00013 folded before Flop (didn't bet)
Seat 4: blopisanz mucked [Qs Qh]
Seat 6: ahbertello folded before Flop (didn't bet)
Seat 7: bondo74rus (button) folded before Flop (didn't bet)
Seat 8: mkiely (small blind) folded on the Flop
Seat 9: Dorex2007 (big blind) folded on the Flop



PokerStars Hand #234468690674:  Hold'em No Limit ($0.01/$0.02 USD) - 2022/02/28 20:11:51 PT [2022/02/28 23:11:51 ET]
Table 'Sargas' 9-max Seat #8 is the button
Seat 1: noborin ($1.21 in chips) 
Seat 2: Agaricon ($3.88 in chips) 
Seat 3: cups00013 ($2.22 in chips) 
Seat 4: blopisanz ($1.78 in chips) 
Seat 6: ahbertello ($5.34 in chips) 
Seat 7: bondo74rus ($2.53 in chips) 
Seat 8: mkiely ($4.88 in chips) 
Seat 9: Dorex2007 ($2 in chips) 
Dorex2007: posts small blind $0.01
noborin: posts big blind $0.02
Nastysha184: sits out 
*** HOLE CARDS ***
Dealt to Dorex2007 [7d 3h]
Agaricon: raises $0.04 to $0.06
cups00013: raises $0.10 to $0.16
blopisanz: folds 
ahbertello: folds 
bondo74rus: folds 
mkiely: folds 
Dorex2007: folds 
noborin: folds 
Agaricon: calls $0.10
*** FLOP *** [4d 7s 9c]
Agaricon: bets $0.17
cups00013: raises $0.17 to $0.34
Agaricon: raises $3.38 to $3.72 and is all-in
cups00013: calls $1.72 and is all-in
Uncalled bet ($1.66) returned to Agaricon
*** TURN *** [4d 7s 9c] [8h]
*** RIVER *** [4d 7s 9c 8h] [3s]
*** SHOW DOWN ***
Agaricon: shows [Ah 6s] (high card Ace)
cups00013: shows [Qh Qd] (a pair of Queens)
cups00013 collected $4.31 from pot
*** SUMMARY ***
Total pot $4.47 | Rake $0.16 
Board [4d 7s 9c 8h 3s]
Seat 1: noborin (big blind) folded before Flop
Seat 2: Agaricon showed [Ah 6s] and lost with high card Ace
Seat 3: cups00013 showed [Qh Qd] and won ($4.31) with a pair of Queens
Seat 4: blopisanz folded before Flop (didn't bet)
Seat 6: ahbertello folded before Flop (didn't bet)
Seat 7: bondo74rus folded before Flop (didn't bet)
Seat 8: mkiely (button) folded before Flop (didn't bet)
Seat 9: Dorex2007 (small blind) folded before Flop



PokerStars Hand #234468703334:  Hold'em No Limit ($0.01/$0.02 USD) - 2022/02/28 20:13:04 PT [2022/02/28 23:13:04 ET]
Table 'Sargas' 9-max Seat #9 is the button
Seat 1: noborin ($1.19 in chips) 
Seat 2: Agaricon ($1.66 in chips) 
Seat 3: cups00013 ($4.31 in chips) 
Seat 4: blopisanz ($1.78 in chips) 
Seat 6: ahbertello ($5.34 in chips) 
Seat 7: bondo74rus ($2.53 in chips) 
Seat 8: mkiely ($4.88 in chips) 
Seat 9: Dorex2007 ($2 in chips) 
noborin: posts small blind $0.01
Agaricon: posts big blind $0.02
Nastysha184: sits out 
*** HOLE CARDS ***
Dealt to Dorex2007 [5c Jc]
cups00013: folds 
blopisanz: folds 
ahbertello: folds 
bondo74rus: folds 
mkiely: raises $0.02 to $0.04
Dorex2007: folds 
noborin: raises $0.04 to $0.08
Agaricon: calls $0.06
mkiely: calls $0.04
*** FLOP *** [3h 2h 3d]
noborin: bets $0.06
Agaricon: folds 
mkiely: calls $0.06
*** TURN *** [3h 2h 3d] [Ad]
noborin: bets $0.10
mkiely: calls $0.10
*** RIVER *** [3h 2h 3d Ad] [2s]
noborin: bets $0.10
mkiely: calls $0.10
*** SHOW DOWN ***
noborin: shows [Kh Ac] (two pair, Aces and Threes)
mkiely: mucks hand 
noborin collected $0.73 from pot
*** SUMMARY ***
Total pot $0.76 | Rake $0.03 
Board [3h 2h 3d Ad 2s]
Seat 1: noborin (small blind) showed [Kh Ac] and won ($0.73) with two pair, Aces and Threes
Seat 2: Agaricon (big blind) folded on the Flop
Seat 3: cups00013 folded before Flop (didn't bet)
Seat 4: blopisanz folded before Flop (didn't bet)
Seat 6: ahbertello folded before Flop (didn't bet)
Seat 7: bondo74rus folded before Flop (didn't bet)
Seat 8: mkiely mucked [Tc Ah]
Seat 9: Dorex2007 (button) folded before Flop (didn't bet)



PokerStars Hand #234468712100:  Hold'em No Limit ($0.01/$0.02 USD) - 2022/02/28 20:13:56 PT [2022/02/28 23:13:56 ET]
Table 'Sargas' 9-max Seat #1 is the button
Seat 1: noborin ($1.58 in chips) 
Seat 2: Agaricon ($1.58 in chips) 
Seat 3: cups00013 ($4.31 in chips) 
Seat 4: blopisanz ($1.78 in chips) 
Seat 6: ahbertello ($5.34 in chips) 
Seat 7: bondo74rus ($2.53 in chips) 
Seat 8: mkiely ($4.54 in chips) 
Seat 9: Dorex2007 ($2 in chips) 
Agaricon: posts small blind $0.01
cups00013: posts big blind $0.02
Nastysha184: sits out 
*** HOLE CARDS ***
Dealt to Dorex2007 [Ac 3s]
blopisanz: folds 
ahbertello: folds 
bondo74rus: folds 
mkiely: calls $0.02
Dorex2007: folds 
noborin: folds 
Agaricon: raises $0.04 to $0.06
cups00013: calls $0.04
mkiely: calls $0.04
*** FLOP *** [9h 8s 4c]
Agaricon: bets $0.09
cups00013: folds 
mkiely: folds 
Uncalled bet ($0.09) returned to Agaricon
Agaricon collected $0.17 from pot
Agaricon: doesn't show hand 
*** SUMMARY ***
Total pot $0.18 | Rake $0.01 
Board [9h 8s 4c]
Seat 1: noborin (button) folded before Flop (didn't bet)
Seat 2: Agaricon (small blind) collected ($0.17)
Seat 3: cups00013 (big blind) folded on the Flop
Seat 4: blopisanz folded before Flop (didn't bet)
Seat 6: ahbertello folded before Flop (didn't bet)
Seat 7: bondo74rus folded before Flop (didn't bet)
Seat 8: mkiely folded on the Flop
Seat 9: Dorex2007 folded before Flop (didn't bet)



PokerStars Hand #234468716951:  Hold'em No Limit ($0.01/$0.02 USD) - 2022/02/28 20:14:24 PT [2022/02/28 23:14:24 ET]
Table 'Sargas' 9-max Seat #2 is the button
Seat 1: noborin ($1.58 in chips) 
Seat 2: Agaricon ($1.69 in chips) 
Seat 3: cups00013 ($4.25 in chips) 
Seat 4: blopisanz ($1.78 in chips) 
Seat 6: ahbertello ($5.34 in chips) 
Seat 7: bondo74rus ($2.53 in chips) 
Seat 8: mkiely ($4.48 in chips) 
Seat 9: Dorex2007 ($2 in chips) 
cups00013: posts small blind $0.01
blopisanz: posts big blind $0.02
Nastysha184: sits out 
*** HOLE CARDS ***
Dealt to Dorex2007 [9d Ac]
ahbertello: folds 
bondo74rus: folds 
mkiely: raises $0.04 to $0.06
Dorex2007: folds 
noborin: folds 
Agaricon: calls $0.06
cups00013: calls $0.05
blopisanz: folds 
*** FLOP *** [Qs Jc 5d]
cups00013: checks 
mkiely: bets $0.12
Agaricon: folds 
cups00013: folds 
Uncalled bet ($0.12) returned to mkiely
mkiely collected $0.19 from pot
mkiely: doesn't show hand 
*** SUMMARY ***
Total pot $0.20 | Rake $0.01 
Board [Qs Jc 5d]
Seat 1: noborin folded before Flop (didn't bet)
Seat 2: Agaricon (button) folded on the Flop
Seat 3: cups00013 (small blind) folded on the Flop
Seat 4: blopisanz (big blind) folded before Flop
Seat 6: ahbertello folded before Flop (didn't bet)
Seat 7: bondo74rus folded before Flop (didn't bet)
Seat 8: mkiely collected ($0.19)
Seat 9: Dorex2007 folded before Flop (didn't bet)



PokerStars Hand #234468722814:  Hold'em No Limit ($0.01/$0.02 USD) - 2022/02/28 20:14:59 PT [2022/02/28 23:14:59 ET]
Table 'Sargas' 9-max Seat #3 is the button
Seat 1: noborin ($1.58 in chips) 
Seat 2: Agaricon ($1.63 in chips) 
Seat 3: cups00013 ($4.19 in chips) 
Seat 4: blopisanz ($1.76 in chips) 
Seat 5: Nastysha184 ($2 in chips) 
Seat 6: ahbertello ($5.34 in chips) 
Seat 7: bondo74rus ($2.53 in chips) 
Seat 8: mkiely ($4.61 in chips) 
Seat 9: Dorex2007 ($2 in chips) 
blopisanz: posts small blind $0.01
Nastysha184: posts big blind $0.02
*** HOLE CARDS ***
Dealt to Dorex2007 [Kd 5s]
ahbertello: folds 
bondo74rus: folds 
mkiely: calls $0.02
Dorex2007: folds 
noborin: calls $0.02
Agaricon: folds 
cups00013: folds 
blopisanz: folds 
Nastysha184: checks 
*** FLOP *** [Ac 6h Qh]
Nastysha184: checks 
mkiely: checks 
noborin: bets $0.10
Nastysha184: folds 
mkiely: folds 
Uncalled bet ($0.10) returned to noborin
noborin collected $0.07 from pot
noborin: doesn't show hand 
*** SUMMARY ***
Total pot $0.07 | Rake $0 
Board [Ac 6h Qh]
Seat 1: noborin collected ($0.07)
Seat 2: Agaricon folded before Flop (didn't bet)
Seat 3: cups00013 (button) folded before Flop (didn't bet)
Seat 4: blopisanz (small blind) folded before Flop
Seat 5: Nastysha184 (big blind) folded on the Flop
Seat 6: ahbertello folded before Flop (didn't bet)
Seat 7: bondo74rus folded before Flop (didn't bet)
Seat 8: mkiely folded on the Flop
Seat 9: Dorex2007 folded before Flop (didn't bet)



PokerStars Hand #234468732461:  Hold'em No Limit ($0.01/$0.02 USD) - 2022/02/28 20:15:34 PT [2022/02/28 23:15:34 ET]
Table 'Sargas' 9-max Seat #4 is the button
Seat 1: noborin ($1.63 in chips) 
Seat 2: Agaricon ($1.63 in chips) 
Seat 3: cups00013 ($4.19 in chips) 
Seat 4: blopisanz ($1.75 in chips) 
Seat 5: Nastysha184 ($1.98 in chips) 
Seat 6: ahbertello ($5.34 in chips) 
Seat 7: bondo74rus ($2.53 in chips) 
Seat 8: mkiely ($4.59 in chips) 
Seat 9: Dorex2007 ($2 in chips) 
Nastysha184: posts small blind $0.01
ahbertello: posts big blind $0.02
*** HOLE CARDS ***
Dealt to Dorex2007 [Th Ts]
bondo74rus: folds 
mkiely: folds 
Dorex2007: raises $0.04 to $0.06
noborin: folds 
Agaricon: raises $0.04 to $0.10
cups00013: folds 
blopisanz: folds 
Nastysha184: folds 
ahbertello: folds 
Dorex2007: calls $0.04
*** FLOP *** [6d 6c Ks]
Dorex2007: checks 
Agaricon: bets $0.11
Dorex2007: folds 
Uncalled bet ($0.11) returned to Agaricon
Agaricon collected $0.22 from pot
Agaricon: doesn't show hand 
*** SUMMARY ***
Total pot $0.23 | Rake $0.01 
Board [6d 6c Ks]
Seat 1: noborin folded before Flop (didn't bet)
Seat 2: Agaricon collected ($0.22)
Seat 3: cups00013 folded before Flop (didn't bet)
Seat 4: blopisanz (button) folded before Flop (didn't bet)
Seat 5: Nastysha184 (small blind) folded before Flop
Seat 6: ahbertello (big blind) folded before Flop
Seat 7: bondo74rus folded before Flop (didn't bet)
Seat 8: mkiely folded before Flop (didn't bet)
Seat 9: Dorex2007 folded on the Flop



PokerStars Hand #234468738549:  Hold'em No Limit ($0.01/$0.02 USD) - 2022/02/28 20:16:10 PT [2022/02/28 23:16:10 ET]
Table 'Sargas' 9-max Seat #5 is the button
Seat 1: noborin ($1.63 in chips) 
Seat 2: Agaricon ($1.75 in chips) 
Seat 3: cups00013 ($4.19 in chips) 
Seat 4: blopisanz ($1.75 in chips) 
Seat 5: Nastysha184 ($1.97 in chips) 
Seat 6: ahbertello ($5.32 in chips) 
Seat 7: bondo74rus ($2.53 in chips) 
Seat 8: mkiely ($4.59 in chips) 
Seat 9: Dorex2007 ($2 in chips) 
ahbertello: posts small blind $0.01
bondo74rus: posts big blind $0.02
*** HOLE CARDS ***
Dealt to Dorex2007 [Ks Jd]
mkiely: calls $0.02
Dorex2007: folds 
noborin: raises $0.03 to $0.05
Agaricon: calls $0.05
cups00013: folds 
blopisanz: folds 
Nastysha184: folds 
ahbertello: folds 
bondo74rus: folds 
mkiely: calls $0.03
*** FLOP *** [7s 4c Kc]
mkiely: checks 
noborin: bets $0.09
Agaricon: calls $0.09
mkiely: calls $0.09
*** TURN *** [7s 4c Kc] [8d]
mkiely: checks 
noborin: checks 
Agaricon: bets $0.22
mkiely: folds 
noborin: calls $0.22
*** RIVER *** [7s 4c Kc 8d] [9d]
noborin: checks 
Agaricon: checks 
*** SHOW DOWN ***
noborin: shows [Qs Qh] (a pair of Queens)
Agaricon: shows [Jc Kh] (a pair of Kings)
Agaricon collected $0.86 from pot
*** SUMMARY ***
Total pot $0.89 | Rake $0.03 
Board [7s 4c Kc 8d 9d]
Seat 1: noborin showed [Qs Qh] and lost with a pair of Queens
Seat 2: Agaricon showed [Jc Kh] and won ($0.86) with a pair of Kings
Seat 3: cups00013 folded before Flop (didn't bet)
Seat 4: blopisanz folded before Flop (didn't bet)
Seat 5: Nastysha184 (button) folded before Flop (didn't bet)
Seat 6: ahbertello (small blind) folded before Flop
Seat 7: bondo74rus (big blind) folded before Flop
Seat 8: mkiely folded on the Turn
Seat 9: Dorex2007 folded before Flop (didn't bet)



PokerStars Hand #234468749888:  Hold'em No Limit ($0.01/$0.02 USD) - 2022/02/28 20:17:17 PT [2022/02/28 23:17:17 ET]
Table 'Sargas' 9-max Seat #6 is the button
Seat 1: noborin ($1.27 in chips) 
Seat 2: Agaricon ($2.25 in chips) 
Seat 3: cups00013 ($4.19 in chips) 
Seat 4: blopisanz ($1.75 in chips) 
Seat 5: Nastysha184 ($1.97 in chips) 
Seat 6: ahbertello ($5.31 in chips) 
Seat 7: bondo74rus ($2.51 in chips) 
Seat 8: mkiely ($4.45 in chips) 
Seat 9: Dorex2007 ($2 in chips) 
bondo74rus: posts small blind $0.01
mkiely: posts big blind $0.02
*** HOLE CARDS ***
Dealt to Dorex2007 [4d Ts]
Dorex2007: folds 
noborin: folds 
Agaricon: folds 
cups00013: folds 
blopisanz: folds 
Nastysha184: raises $0.02 to $0.04
ahbertello: folds 
bondo74rus: folds 
mkiely: calls $0.02
*** FLOP *** [Td 8s 7s]
mkiely: checks 
Nastysha184: bets $0.05
mkiely: calls $0.05
*** TURN *** [Td 8s 7s] [2s]
mkiely: checks 
Nastysha184: bets $0.10
mkiely: calls $0.10
*** RIVER *** [Td 8s 7s 2s] [3h]
mkiely: checks 
Nastysha184: checks 
*** SHOW DOWN ***
mkiely: shows [Kd Jc] (high card King)
Nastysha184: shows [As 9d] (high card Ace)
Nastysha184 collected $0.38 from pot
*** SUMMARY ***
Total pot $0.39 | Rake $0.01 
Board [Td 8s 7s 2s 3h]
Seat 1: noborin folded before Flop (didn't bet)
Seat 2: Agaricon folded before Flop (didn't bet)
Seat 3: cups00013 folded before Flop (didn't bet)
Seat 4: blopisanz folded before Flop (didn't bet)
Seat 5: Nastysha184 showed [As 9d] and won ($0.38) with high card Ace
Seat 6: ahbertello (button) folded before Flop (didn't bet)
Seat 7: bondo74rus (small blind) folded before Flop
Seat 8: mkiely (big blind) showed [Kd Jc] and lost with high card King
Seat 9: Dorex2007 folded before Flop (didn't bet)



PokerStars Hand #234468758849:  Hold'em No Limit ($0.01/$0.02 USD) - 2022/02/28 20:18:10 PT [2022/02/28 23:18:10 ET]
Table 'Sargas' 9-max Seat #7 is the button
Seat 1: noborin ($1.27 in chips) 
Seat 2: Agaricon ($2.25 in chips) 
Seat 3: cups00013 ($4.19 in chips) 
Seat 4: blopisanz ($1.75 in chips) 
Seat 5: Nastysha184 ($2.16 in chips) 
Seat 6: ahbertello ($5.31 in chips) 
Seat 7: bondo74rus ($2.50 in chips) 
Seat 8: mkiely ($4.26 in chips) 
Seat 9: Dorex2007 ($2 in chips) 
mkiely: posts small blind $0.01
Dorex2007: posts big blind $0.02
*** HOLE CARDS ***
Dealt to Dorex2007 [Js 7c]
noborin: calls $0.02
Agaricon: folds 
cups00013: folds 
blopisanz: folds 
Nastysha184: folds 
ahbertello: folds 
bondo74rus: folds 
mkiely: calls $0.01
Dorex2007: checks 
*** FLOP *** [6c 7h 5d]
mkiely: checks 
Dorex2007: checks 
noborin: bets $0.05
mkiely: folds 
Dorex2007: raises $0.08 to $0.13
noborin: folds 
Uncalled bet ($0.08) returned to Dorex2007
Dorex2007 collected $0.15 from pot
Dorex2007: doesn't show hand 
*** SUMMARY ***
Total pot $0.16 | Rake $0.01 
Board [6c 7h 5d]
Seat 1: noborin folded on the Flop
Seat 2: Agaricon folded before Flop (didn't bet)
Seat 3: cups00013 folded before Flop (didn't bet)
Seat 4: blopisanz folded before Flop (didn't bet)
Seat 5: Nastysha184 folded before Flop (didn't bet)
Seat 6: ahbertello folded before Flop (didn't bet)
Seat 7: bondo74rus (button) folded before Flop (didn't bet)
Seat 8: mkiely (small blind) folded on the Flop
Seat 9: Dorex2007 (big blind) collected ($0.15)



PokerStars Hand #234468767148:  Hold'em No Limit ($0.01/$0.02 USD) - 2022/02/28 20:19:00 PT [2022/02/28 23:19:00 ET]
Table 'Sargas' 9-max Seat #8 is the button
Seat 1: noborin ($1.20 in chips) 
Seat 2: Agaricon ($2.25 in chips) 
Seat 3: cups00013 ($4.19 in chips) 
Seat 4: blopisanz ($1.75 in chips) 
Seat 5: Nastysha184 ($2.16 in chips) 
Seat 6: ahbertello ($5.31 in chips) 
Seat 7: bondo74rus ($2.50 in chips) 
Seat 8: mkiely ($4.24 in chips) 
Seat 9: Dorex2007 ($2.08 in chips) 
Dorex2007: posts small blind $0.01
noborin: posts big blind $0.02
*** HOLE CARDS ***
Dealt to Dorex2007 [4c 4s]
Agaricon: folds 
cups00013: folds 
blopisanz: folds 
Nastysha184 has timed out
Nastysha184: folds 
ahbertello: folds 
bondo74rus: folds 
mkiely: folds 
Dorex2007: raises $0.04 to $0.06
noborin: folds 
Uncalled bet ($0.04) returned to Dorex2007
Dorex2007 collected $0.04 from pot
Dorex2007: doesn't show hand 
*** SUMMARY ***
Total pot $0.04 | Rake $0 
Seat 1: noborin (big blind) folded before Flop
Seat 2: Agaricon folded before Flop (didn't bet)
Seat 3: cups00013 folded before Flop (didn't bet)
Seat 4: blopisanz folded before Flop (didn't bet)
Seat 5: Nastysha184 folded before Flop (didn't bet)
Seat 6: ahbertello folded before Flop (didn't bet)
Seat 7: bondo74rus folded before Flop (didn't bet)
Seat 8: mkiely (button) folded before Flop (didn't bet)
Seat 9: Dorex2007 (small blind) collected ($0.04)



PokerStars Hand #234468772938:  Hold'em No Limit ($0.01/$0.02 USD) - 2022/02/28 20:19:34 PT [2022/02/28 23:19:34 ET]
Table 'Sargas' 9-max Seat #9 is the button
Seat 1: noborin ($1.18 in chips) 
Seat 2: Agaricon ($2.25 in chips) 
Seat 3: cups00013 ($4.19 in chips) 
Seat 4: blopisanz ($1.75 in chips) 
Seat 5: Nastysha184 ($2.16 in chips) 
Seat 6: ahbertello ($5.31 in chips) 
Seat 7: bondo74rus ($2.50 in chips) 
Seat 8: mkiely ($4.24 in chips) 
Seat 9: Dorex2007 ($2.10 in chips) 
noborin: posts small blind $0.01
Agaricon: posts big blind $0.02
*** HOLE CARDS ***
Dealt to Dorex2007 [Ad Jc]
cups00013: folds 
blopisanz: folds 
Nastysha184: folds 
ahbertello: raises $0.06 to $0.08
bondo74rus: folds 
mkiely: folds 
Dorex2007: folds 
noborin: folds 
Agaricon: calls $0.06
*** FLOP *** [8s Th Qh]
Agaricon: checks 
ahbertello: bets $0.12
Agaricon: folds 
Uncalled bet ($0.12) returned to ahbertello
ahbertello collected $0.16 from pot
ahbertello: doesn't show hand 
*** SUMMARY ***
Total pot $0.17 | Rake $0.01 
Board [8s Th Qh]
Seat 1: noborin (small blind) folded before Flop
Seat 2: Agaricon (big blind) folded on the Flop
Seat 3: cups00013 folded before Flop (didn't bet)
Seat 4: blopisanz folded before Flop (didn't bet)
Seat 5: Nastysha184 folded before Flop (didn't bet)
Seat 6: ahbertello collected ($0.16)
Seat 7: bondo74rus folded before Flop (didn't bet)
Seat 8: mkiely folded before Flop (didn't bet)
Seat 9: Dorex2007 (button) folded before Flop (didn't bet)



PokerStars Hand #234468781514:  Hold'em No Limit ($0.01/$0.02 USD) - 2022/02/28 20:20:26 PT [2022/02/28 23:20:26 ET]
Table 'Sargas' 9-max Seat #1 is the button
Seat 1: noborin ($1.17 in chips) 
Seat 2: Agaricon ($2.17 in chips) 
Seat 4: blopisanz ($1.75 in chips) 
Seat 5: Nastysha184 ($2.16 in chips) 
Seat 6: ahbertello ($5.39 in chips) 
Seat 7: bondo74rus ($2.50 in chips) 
Seat 8: mkiely ($4.24 in chips) 
Seat 9: Dorex2007 ($2.10 in chips) 
Agaricon: posts small blind $0.01
cups00013: is sitting out 
blopisanz: posts big blind $0.02
*** HOLE CARDS ***
Dealt to Dorex2007 [Ah 5s]
Nastysha184: folds 
ahbertello: folds 
cups00013 leaves the table
Nastysha184 leaves the table
bondo74rus: folds 
mkiely: folds 
Dorex2007: folds 
noborin: calls $0.02
Agaricon: calls $0.01
blopisanz: checks 
*** FLOP *** [Ks Th Ts]
Agaricon: bets $0.03
blopisanz: folds 
noborin: folds 
Uncalled bet ($0.03) returned to Agaricon
Agaricon collected $0.06 from pot
Agaricon: doesn't show hand 
*** SUMMARY ***
Total pot $0.06 | Rake $0 
Board [Ks Th Ts]
Seat 1: noborin (button) folded on the Flop
Seat 2: Agaricon (small blind) collected ($0.06)
Seat 4: blopisanz (big blind) folded on the Flop
Seat 5: Nastysha184 folded before Flop (didn't bet)
Seat 6: ahbertello folded before Flop (didn't bet)
Seat 7: bondo74rus folded before Flop (didn't bet)
Seat 8: mkiely folded before Flop (didn't bet)
Seat 9: Dorex2007 folded before Flop (didn't bet)



PokerStars Hand #234468788349:  Hold'em No Limit ($0.01/$0.02 USD) - 2022/02/28 20:21:07 PT [2022/02/28 23:21:07 ET]
Table 'Sargas' 9-max Seat #2 is the button
Seat 1: noborin ($1.15 in chips) 
Seat 2: Agaricon ($2.21 in chips) 
Seat 4: blopisanz ($1.73 in chips) 
Seat 6: ahbertello ($5.39 in chips) 
Seat 7: bondo74rus ($2.50 in chips) 
Seat 8: mkiely ($4.24 in chips) 
Seat 9: Dorex2007 ($2.10 in chips) 
blopisanz: posts small blind $0.01
ahbertello: posts big blind $0.02
*** HOLE CARDS ***
Dealt to Dorex2007 [4c Qc]
bondo74rus: raises $0.02 to $0.04
mkiely: folds 
Dorex2007: folds 
noborin: folds 
Agaricon: calls $0.04
blopisanz: folds 
ahbertello: folds 
*** FLOP *** [5h 9d Jc]
bondo74rus: bets $0.08
Agaricon: raises $0.08 to $0.16
bondo74rus: calls $0.08
*** TURN *** [5h 9d Jc] [9s]
bondo74rus: checks 
Agaricon: bets $0.21
bondo74rus: calls $0.21
*** RIVER *** [5h 9d Jc 9s] [9c]
bondo74rus: checks 
Agaricon: bets $0.41
bondo74rus: calls $0.41
*** SHOW DOWN ***
Agaricon: shows [7d 7s] (a full house, Nines full of Sevens)
bondo74rus: shows [Kd Jd] (a full house, Nines full of Jacks)
bondo74rus collected $1.61 from pot
*** SUMMARY ***
Total pot $1.67 | Rake $0.06 
Board [5h 9d Jc 9s 9c]
Seat 1: noborin folded before Flop (didn't bet)
Seat 2: Agaricon (button) showed [7d 7s] and lost with a full house, Nines full of Sevens
Seat 4: blopisanz (small blind) folded before Flop
Seat 6: ahbertello (big blind) folded before Flop
Seat 7: bondo74rus showed [Kd Jd] and won ($1.61) with a full house, Nines full of Jacks
Seat 8: mkiely folded before Flop (didn't bet)
Seat 9: Dorex2007 folded before Flop (didn't bet)



PokerStars Hand #234468799356:  Hold'em No Limit ($0.01/$0.02 USD) - 2022/02/28 20:22:05 PT [2022/02/28 23:22:05 ET]
Table 'Sargas' 9-max Seat #4 is the button
Seat 1: noborin ($1.15 in chips) 
Seat 2: Agaricon ($1.39 in chips) 
Seat 4: blopisanz ($1.72 in chips) 
Seat 6: ahbertello ($5.37 in chips) 
Seat 7: bondo74rus ($3.29 in chips) 
Seat 8: mkiely ($4.24 in chips) 
Seat 9: Dorex2007 ($2.10 in chips) 
ahbertello: posts small blind $0.01
bondo74rus: posts big blind $0.02
*** HOLE CARDS ***
Dealt to Dorex2007 [Kh 9c]
mkiely: raises $0.02 to $0.04
Dorex2007: folds 
noborin: folds 
Agaricon: folds 
blopisanz: folds 
ahbertello: folds 
bondo74rus: folds 
Uncalled bet ($0.02) returned to mkiely
mkiely collected $0.05 from pot
mkiely: doesn't show hand 
*** SUMMARY ***
Total pot $0.05 | Rake $0 
Seat 1: noborin folded before Flop (didn't bet)
Seat 2: Agaricon folded before Flop (didn't bet)
Seat 4: blopisanz (button) folded before Flop (didn't bet)
Seat 6: ahbertello (small blind) folded before Flop
Seat 7: bondo74rus (big blind) folded before Flop
Seat 8: mkiely collected ($0.05)
Seat 9: Dorex2007 folded before Flop (didn't bet)



PokerStars Hand #234468801913:  Hold'em No Limit ($0.01/$0.02 USD) - 2022/02/28 20:22:20 PT [2022/02/28 23:22:20 ET]
Table 'Sargas' 9-max Seat #6 is the button
Seat 1: noborin ($1.15 in chips) 
Seat 2: Agaricon ($1.39 in chips) 
Seat 4: blopisanz ($1.72 in chips) 
Seat 6: ahbertello ($5.36 in chips) 
Seat 7: bondo74rus ($3.27 in chips) 
Seat 8: mkiely ($4.27 in chips) 
Seat 9: Dorex2007 ($2.10 in chips) 
bondo74rus: posts small blind $0.01
mkiely: posts big blind $0.02
*** HOLE CARDS ***
Dealt to Dorex2007 [4h 6d]
Dorex2007: folds 
noborin: calls $0.02
Agaricon: folds 
blopisanz: folds 
ahbertello: folds 
bondo74rus: folds 
mkiely: checks 
*** FLOP *** [8h Th Tc]
mkiely: checks 
noborin: checks 
*** TURN *** [8h Th Tc] [9h]
mkiely: checks 
blopisanz leaves the table
noborin: bets $0.05
mkiely: folds 
Uncalled bet ($0.05) returned to noborin
noborin collected $0.05 from pot
noborin: doesn't show hand 
*** SUMMARY ***
Total pot $0.05 | Rake $0 
Board [8h Th Tc 9h]
Seat 1: noborin collected ($0.05)
Seat 2: Agaricon folded before Flop (didn't bet)
Seat 4: blopisanz folded before Flop (didn't bet)
Seat 6: ahbertello (button) folded before Flop (didn't bet)
Seat 7: bondo74rus (small blind) folded before Flop
Seat 8: mkiely (big blind) folded on the Turn
Seat 9: Dorex2007 folded before Flop (didn't bet)



PokerStars Hand #234468809073:  Hold'em No Limit ($0.01/$0.02 USD) - 2022/02/28 20:23:03 PT [2022/02/28 23:23:03 ET]
Table 'Sargas' 9-max Seat #7 is the button
Seat 1: noborin ($1.18 in chips) 
Seat 2: Agaricon ($1.39 in chips) 
Seat 6: ahbertello ($5.36 in chips) 
Seat 7: bondo74rus ($3.26 in chips) 
Seat 8: mkiely ($4.25 in chips) 
Seat 9: Dorex2007 ($2.10 in chips) 
mkiely: posts small blind $0.01
Dorex2007: posts big blind $0.02
*** HOLE CARDS ***
Dealt to Dorex2007 [9c 4h]
noborin: folds 
Agaricon: folds 
ahbertello: folds 
bondo74rus: folds 
mkiely: folds 
Uncalled bet ($0.01) returned to Dorex2007
Dorex2007 collected $0.02 from pot
Dorex2007: doesn't show hand 
*** SUMMARY ***
Total pot $0.02 | Rake $0 
Seat 1: noborin folded before Flop (didn't bet)
Seat 2: Agaricon folded before Flop (didn't bet)
Seat 6: ahbertello folded before Flop (didn't bet)
Seat 7: bondo74rus (button) folded before Flop (didn't bet)
Seat 8: mkiely (small blind) folded before Flop
Seat 9: Dorex2007 (big blind) collected ($0.02)



PokerStars Hand #234468812089:  Hold'em No Limit ($0.01/$0.02 USD) - 2022/02/28 20:23:21 PT [2022/02/28 23:23:21 ET]
Table 'Sargas' 9-max Seat #8 is the button
Seat 1: noborin ($1.18 in chips) 
Seat 2: Agaricon ($1.39 in chips) 
Seat 6: ahbertello ($5.36 in chips) 
Seat 7: bondo74rus ($3.26 in chips) 
Seat 8: mkiely ($4.24 in chips) 
Seat 9: Dorex2007 ($2.11 in chips) 
Dorex2007: posts small blind $0.01
noborin: posts big blind $0.02
*** HOLE CARDS ***
Dealt to Dorex2007 [Ac 6s]
Agaricon: raises $0.02 to $0.04
ahbertello: calls $0.04
bondo74rus: folds 
mkiely: folds 
Dorex2007: folds 
noborin has timed out
noborin: folds 
*** FLOP *** [8c 3c 8s]
Agaricon: bets $0.06
ahbertello: raises $0.06 to $0.12
Agaricon: calls $0.06
*** TURN *** [8c 3c 8s] [7s]
Agaricon: bets $0.17
ahbertello: raises $5.03 to $5.20 and is all-in
Agaricon: folds 
Uncalled bet ($5.03) returned to ahbertello
ahbertello collected $0.67 from pot
ahbertello: doesn't show hand 
*** SUMMARY ***
Total pot $0.69 | Rake $0.02 
Board [8c 3c 8s 7s]
Seat 1: noborin (big blind) folded before Flop
Seat 2: Agaricon folded on the Turn
Seat 6: ahbertello collected ($0.67)
Seat 7: bondo74rus folded before Flop (didn't bet)
Seat 8: mkiely (button) folded before Flop (didn't bet)
Seat 9: Dorex2007 (small blind) folded before Flop



PokerStars Hand #234468824001:  Hold'em No Limit ($0.01/$0.02 USD) - 2022/02/28 20:24:34 PT [2022/02/28 23:24:34 ET]
Table 'Sargas' 9-max Seat #9 is the button
Seat 1: noborin ($1.16 in chips) 
Seat 2: Agaricon ($1.06 in chips) 
Seat 6: ahbertello ($5.70 in chips) 
Seat 7: bondo74rus ($3.26 in chips) 
Seat 8: mkiely ($4.24 in chips) 
Seat 9: Dorex2007 ($2.10 in chips) 
noborin: posts small blind $0.01
Agaricon: posts big blind $0.02
*** HOLE CARDS ***
Dealt to Dorex2007 [8d 3c]
ahbertello: folds 
bondo74rus: folds 
mkiely: folds 
Dorex2007: folds 
noborin: calls $0.01
Agaricon: checks 
*** FLOP *** [2c 9h Jc]
noborin: checks 
Agaricon: checks 
*** TURN *** [2c 9h Jc] [Qs]
tutanpoker joins the table at seat #3 
noborin: checks 
Agaricon: bets $0.02
noborin: calls $0.02
*** RIVER *** [2c 9h Jc Qs] [2d]
the_fish_696969 joins the table at seat #4 
noborin: checks 
Agaricon: bets $0.04
noborin: folds 
Uncalled bet ($0.04) returned to Agaricon
Agaricon collected $0.08 from pot
Agaricon: doesn't show hand 
*** SUMMARY ***
Total pot $0.08 | Rake $0 
Board [2c 9h Jc Qs 2d]
Seat 1: noborin (small blind) folded on the River
Seat 2: Agaricon (big blind) collected ($0.08)
Seat 6: ahbertello folded before Flop (didn't bet)
Seat 7: bondo74rus folded before Flop (didn't bet)
Seat 8: mkiely folded before Flop (didn't bet)
Seat 9: Dorex2007 (button) folded before Flop (didn't bet)



PokerStars Hand #234468833231:  Hold'em No Limit ($0.01/$0.02 USD) - 2022/02/28 20:25:17 PT [2022/02/28 23:25:17 ET]
Table 'Sargas' 9-max Seat #1 is the button
Seat 1: noborin ($1.12 in chips) 
Seat 2: Agaricon ($1.10 in chips) 
Seat 3: tutanpoker ($2 in chips) 
Seat 6: ahbertello ($5.70 in chips) 
Seat 7: bondo74rus ($3.26 in chips) 
Seat 8: mkiely ($4.24 in chips) 
Seat 9: Dorex2007 ($2.10 in chips) 
Agaricon: posts small blind $0.01
tutanpoker: posts big blind $0.02
the_fish_696969: sits out 
*** HOLE CARDS ***
Dealt to Dorex2007 [8c Td]
ahbertello: folds 
bondo74rus: folds 
mkiely: folds 
Dorex2007: folds 
noborin: folds 
Agaricon: calls $0.01
Magnum10 joins the table at seat #5 
tutanpoker: raises $0.06 to $0.08
Agaricon: calls $0.06
*** FLOP *** [3d 4s Ac]
Agaricon: bets $0.08
tutanpoker: folds 
Uncalled bet ($0.08) returned to Agaricon
Agaricon collected $0.15 from pot
*** SUMMARY ***
Total pot $0.16 | Rake $0.01 
Board [3d 4s Ac]
Seat 1: noborin (button) folded before Flop (didn't bet)
Seat 2: Agaricon (small blind) collected ($0.15)
Seat 3: tutanpoker (big blind) folded on the Flop
Seat 6: ahbertello folded before Flop (didn't bet)
Seat 7: bondo74rus folded before Flop (didn't bet)
Seat 8: mkiely folded before Flop (didn't bet)
Seat 9: Dorex2007 folded before Flop (didn't bet)



PokerStars Hand #234468837928:  Hold'em No Limit ($0.01/$0.02 USD) - 2022/02/28 20:25:46 PT [2022/02/28 23:25:46 ET]
Table 'Sargas' 9-max Seat #2 is the button
Seat 1: noborin ($1.12 in chips) 
Seat 2: Agaricon ($1.17 in chips) 
Seat 3: tutanpoker ($2 in chips) 
Seat 4: the_fish_696969 ($2 in chips) 
Seat 6: ahbertello ($5.70 in chips) 
Seat 7: bondo74rus ($3.26 in chips) 
Seat 8: mkiely ($4.24 in chips) 
Seat 9: Dorex2007 ($2.10 in chips) 
tutanpoker: posts small blind $0.01
the_fish_696969: posts big blind $0.02
Magnum10: sits out 
*** HOLE CARDS ***
Dealt to Dorex2007 [8d 4s]
ahbertello: folds 
bondo74rus: folds 
mkiely: folds 
Dorex2007: folds 
noborin: calls $0.02
Agaricon: calls $0.02
tutanpoker: calls $0.01
the_fish_696969: raises $1.98 to $2 and is all-in
noborin: folds 
Agaricon: folds 
tutanpoker: folds 
Uncalled bet ($1.98) returned to the_fish_696969
the_fish_696969 collected $0.08 from pot
the_fish_696969: doesn't show hand 
*** SUMMARY ***
Total pot $0.08 | Rake $0 
Seat 1: noborin folded before Flop
Seat 2: Agaricon (button) folded before Flop
Seat 3: tutanpoker (small blind) folded before Flop
Seat 4: the_fish_696969 (big blind) collected ($0.08)
Seat 6: ahbertello folded before Flop (didn't bet)
Seat 7: bondo74rus folded before Flop (didn't bet)
Seat 8: mkiely folded before Flop (didn't bet)
Seat 9: Dorex2007 folded before Flop (didn't bet)



PokerStars Hand #234468844116:  Hold'em No Limit ($0.01/$0.02 USD) - 2022/02/28 20:26:23 PT [2022/02/28 23:26:23 ET]
Table 'Sargas' 9-max Seat #3 is the button
Seat 1: noborin ($1.10 in chips) 
Seat 2: Agaricon ($1.15 in chips) 
Seat 3: tutanpoker ($2 in chips) 
Seat 4: the_fish_696969 ($2.06 in chips) 
Seat 5: Magnum10 ($2 in chips) 
Seat 6: ahbertello ($5.70 in chips) 
Seat 7: bondo74rus ($3.26 in chips) 
Seat 8: mkiely ($4.24 in chips) 
Seat 9: Dorex2007 ($2.10 in chips) 
the_fish_696969: posts small blind $0.01
Magnum10: posts big blind $0.02
*** HOLE CARDS ***
Dealt to Dorex2007 [9d 5c]
ahbertello: folds 
bondo74rus: folds 
mkiely: folds 
Dorex2007: folds 
noborin: calls $0.02
Agaricon: folds 
tutanpoker: calls $0.02
the_fish_696969: calls $0.01
Magnum10: checks 
*** FLOP *** [9s 8d 9h]
the_fish_696969: checks 
Magnum10: checks 
noborin: bets $0.05
tutanpoker: folds 
the_fish_696969: folds 
Magnum10: folds 
Uncalled bet ($0.05) returned to noborin
noborin collected $0.08 from pot
noborin: doesn't show hand 
*** SUMMARY ***
Total pot $0.08 | Rake $0 
Board [9s 8d 9h]
Seat 1: noborin collected ($0.08)
Seat 2: Agaricon folded before Flop (didn't bet)
Seat 3: tutanpoker (button) folded on the Flop
Seat 4: the_fish_696969 (small blind) folded on the Flop
Seat 5: Magnum10 (big blind) folded on the Flop
Seat 6: ahbertello folded before Flop (didn't bet)
Seat 7: bondo74rus folded before Flop (didn't bet)
Seat 8: mkiely folded before Flop (didn't bet)
Seat 9: Dorex2007 folded before Flop (didn't bet)



PokerStars Hand #234468851816:  Hold'em No Limit ($0.01/$0.02 USD) - 2022/02/28 20:27:10 PT [2022/02/28 23:27:10 ET]
Table 'Sargas' 9-max Seat #4 is the button
Seat 1: noborin ($1.16 in chips) 
Seat 2: Agaricon ($1.15 in chips) 
Seat 3: tutanpoker ($2 in chips) 
Seat 4: the_fish_696969 ($2.04 in chips) 
Seat 5: Magnum10 ($1.98 in chips) 
Seat 6: ahbertello ($5.70 in chips) 
Seat 7: bondo74rus ($3.26 in chips) 
Seat 8: mkiely ($4.24 in chips) 
Seat 9: Dorex2007 ($2.10 in chips) 
Magnum10: posts small blind $0.01
ahbertello: posts big blind $0.02
*** HOLE CARDS ***
Dealt to Dorex2007 [2c Td]
bondo74rus: folds 
mkiely: folds 
Dorex2007: folds 
noborin: folds 
Agaricon: folds 
tutanpoker: folds 
the_fish_696969: folds 
Magnum10: calls $0.01
ahbertello: checks 
*** FLOP *** [Jd Qh 5s]
Magnum10: checks 
ahbertello: checks 
*** TURN *** [Jd Qh 5s] [4s]
Magnum10: checks 
ahbertello: checks 
*** RIVER *** [Jd Qh 5s 4s] [Ts]
Magnum10: checks 
ahbertello: checks 
*** SHOW DOWN ***
Magnum10: shows [7s 6c] (high card Queen)
ahbertello: shows [6h 4c] (a pair of Fours)
ahbertello collected $0.04 from pot
*** SUMMARY ***
Total pot $0.04 | Rake $0 
Board [Jd Qh 5s 4s Ts]
Seat 1: noborin folded before Flop (didn't bet)
Seat 2: Agaricon folded before Flop (didn't bet)
Seat 3: tutanpoker folded before Flop (didn't bet)
Seat 4: the_fish_696969 (button) folded before Flop (didn't bet)
Seat 5: Magnum10 (small blind) showed [7s 6c] and lost with high card Queen
Seat 6: ahbertello (big blind) showed [6h 4c] and won ($0.04) with a pair of Fours
Seat 7: bondo74rus folded before Flop (didn't bet)
Seat 8: mkiely folded before Flop (didn't bet)
Seat 9: Dorex2007 folded before Flop (didn't bet)



PokerStars Hand #234468859726:  Hold'em No Limit ($0.01/$0.02 USD) - 2022/02/28 20:27:58 PT [2022/02/28 23:27:58 ET]
Table 'Sargas' 9-max Seat #5 is the button
Seat 1: noborin ($1.16 in chips) 
Seat 2: Agaricon ($1.15 in chips) 
Seat 3: tutanpoker ($2 in chips) 
Seat 4: the_fish_696969 ($2.04 in chips) 
Seat 5: Magnum10 ($1.96 in chips) 
Seat 6: ahbertello ($5.72 in chips) 
Seat 7: bondo74rus ($3.26 in chips) 
Seat 8: mkiely ($4.24 in chips) 
Seat 9: Dorex2007 ($2.10 in chips) 
ahbertello: posts small blind $0.01
bondo74rus: posts big blind $0.02
*** HOLE CARDS ***
Dealt to Dorex2007 [6c 4s]
mkiely: folds 
Dorex2007: folds 
noborin: folds 
Agaricon: folds 
tutanpoker: calls $0.02
the_fish_696969: folds 
Magnum10: folds 
ahbertello: folds 
bondo74rus: checks 
*** FLOP *** [Tc Qc Js]
bondo74rus: checks 
tutanpoker: bets $0.03
bondo74rus: calls $0.03
*** TURN *** [Tc Qc Js] [3s]
bondo74rus: checks 
tutanpoker: checks 
*** RIVER *** [Tc Qc Js 3s] [Ac]
bondo74rus: checks 
tutanpoker: checks 
*** SHOW DOWN ***
bondo74rus: shows [Ad Th] (two pair, Aces and Tens)
tutanpoker: mucks hand 
bondo74rus collected $0.11 from pot
*** SUMMARY ***
Total pot $0.11 | Rake $0 
Board [Tc Qc Js 3s Ac]
Seat 1: noborin folded before Flop (didn't bet)
Seat 2: Agaricon folded before Flop (didn't bet)
Seat 3: tutanpoker mucked [As 9c]
Seat 4: the_fish_696969 folded before Flop (didn't bet)
Seat 5: Magnum10 (button) folded before Flop (didn't bet)
Seat 6: ahbertello (small blind) folded before Flop
Seat 7: bondo74rus (big blind) showed [Ad Th] and won ($0.11) with two pair, Aces and Tens
Seat 8: mkiely folded before Flop (didn't bet)
Seat 9: Dorex2007 folded before Flop (didn't bet)



PokerStars Hand #234468872285:  Hold'em No Limit ($0.01/$0.02 USD) - 2022/02/28 20:29:06 PT [2022/02/28 23:29:06 ET]
Table 'Sargas' 9-max Seat #6 is the button
Seat 1: noborin ($1.16 in chips) 
Seat 2: Agaricon ($1.15 in chips) 
Seat 3: tutanpoker ($2 in chips) 
Seat 4: the_fish_696969 ($2.04 in chips) 
Seat 5: Magnum10 ($1.96 in chips) 
Seat 6: ahbertello ($5.71 in chips) 
Seat 7: bondo74rus ($3.32 in chips) 
Seat 8: mkiely ($4.24 in chips) 
Seat 9: Dorex2007 ($2.10 in chips) 
bondo74rus: posts small blind $0.01
mkiely: posts big blind $0.02
*** HOLE CARDS ***
Dealt to Dorex2007 [4d 3s]
Dorex2007: folds 
noborin: calls $0.02
Agaricon: raises $0.04 to $0.06
tutanpoker: folds 
the_fish_696969: folds 
Magnum10: folds 
ahbertello: folds 
bondo74rus: folds 
mkiely: calls $0.04
noborin: calls $0.04
*** FLOP *** [Tc 6s Th]
mkiely: checks 
noborin: checks 
Agaricon: bets $0.10
mkiely: calls $0.10
noborin: calls $0.10
*** TURN *** [Tc 6s Th] [Kc]
mkiely: checks 
noborin: checks 
Agaricon: bets $0.20
mkiely: folds 
noborin: folds 
Uncalled bet ($0.20) returned to Agaricon
Agaricon collected $0.47 from pot
Agaricon: doesn't show hand 
*** SUMMARY ***
Total pot $0.49 | Rake $0.02 
Board [Tc 6s Th Kc]
Seat 1: noborin folded on the Turn
Seat 2: Agaricon collected ($0.47)
Seat 3: tutanpoker folded before Flop (didn't bet)
Seat 4: the_fish_696969 folded before Flop (didn't bet)
Seat 5: Magnum10 folded before Flop (didn't bet)
Seat 6: ahbertello (button) folded before Flop (didn't bet)
Seat 7: bondo74rus (small blind) folded before Flop
Seat 8: mkiely (big blind) folded on the Turn
Seat 9: Dorex2007 folded before Flop (didn't bet)



PokerStars Hand #234468885983:  Hold'em No Limit ($0.01/$0.02 USD) - 2022/02/28 20:30:30 PT [2022/02/28 23:30:30 ET]
Table 'Sargas' 9-max Seat #7 is the button
Seat 1: noborin ($1 in chips) 
Seat 2: Agaricon ($1.46 in chips) 
Seat 3: tutanpoker ($2 in chips) 
Seat 4: the_fish_696969 ($2.04 in chips) 
Seat 5: Magnum10 ($1.96 in chips) 
Seat 6: ahbertello ($5.71 in chips) 
Seat 7: bondo74rus ($3.31 in chips) 
Seat 8: mkiely ($4.08 in chips) 
Seat 9: Dorex2007 ($2.10 in chips) 
mkiely: posts small blind $0.01
Dorex2007: posts big blind $0.02
*** HOLE CARDS ***
Dealt to Dorex2007 [2h Ad]
noborin: folds 
Agaricon: calls $0.02
tutanpoker: raises $0.06 to $0.08
the_fish_696969: folds 
Magnum10: folds 
ahbertello: folds 
bondo74rus: folds 
mkiely: folds 
Dorex2007: folds 
Agaricon: calls $0.06
*** FLOP *** [Jd Jc Td]
Agaricon: checks 
tutanpoker: bets $0.09
Agaricon: folds 
Uncalled bet ($0.09) returned to tutanpoker
tutanpoker collected $0.18 from pot
*** SUMMARY ***
Total pot $0.19 | Rake $0.01 
Board [Jd Jc Td]
Seat 1: noborin folded before Flop (didn't bet)
Seat 2: Agaricon folded on the Flop
Seat 3: tutanpoker collected ($0.18)
Seat 4: the_fish_696969 folded before Flop (didn't bet)
Seat 5: Magnum10 folded before Flop (didn't bet)
Seat 6: ahbertello folded before Flop (didn't bet)
Seat 7: bondo74rus (button) folded before Flop (didn't bet)
Seat 8: mkiely (small blind) folded before Flop
Seat 9: Dorex2007 (big blind) folded before Flop



PokerStars Hand #234468895133:  Hold'em No Limit ($0.01/$0.02 USD) - 2022/02/28 20:31:19 PT [2022/02/28 23:31:19 ET]
Table 'Sargas' 9-max Seat #8 is the button
Seat 1: noborin ($1 in chips) 
Seat 2: Agaricon ($1.38 in chips) 
Seat 3: tutanpoker ($2.10 in chips) 
Seat 4: the_fish_696969 ($2.04 in chips) 
Seat 5: Magnum10 ($1.96 in chips) 
Seat 6: ahbertello ($5.71 in chips) 
Seat 7: bondo74rus ($3.31 in chips) 
Seat 8: mkiely ($4.07 in chips) 
Seat 9: Dorex2007 ($2.08 in chips) 
Dorex2007: posts small blind $0.01
noborin: posts big blind $0.02
*** HOLE CARDS ***
Dealt to Dorex2007 [9c 8c]
Agaricon: folds 
tutanpoker: folds 
the_fish_696969 has timed out
the_fish_696969: folds 
Magnum10: folds 
ahbertello: raises $0.06 to $0.08
bondo74rus: folds 
mkiely: folds 
Dorex2007: folds 
noborin: calls $0.06
*** FLOP *** [8d 4d 7d]
noborin: checks 
ahbertello: bets $0.10
noborin: folds 
Uncalled bet ($0.10) returned to ahbertello
ahbertello collected $0.16 from pot
ahbertello: doesn't show hand 
*** SUMMARY ***
Total pot $0.17 | Rake $0.01 
Board [8d 4d 7d]
Seat 1: noborin (big blind) folded on the Flop
Seat 2: Agaricon folded before Flop (didn't bet)
Seat 3: tutanpoker folded before Flop (didn't bet)
Seat 4: the_fish_696969 folded before Flop (didn't bet)
Seat 5: Magnum10 folded before Flop (didn't bet)
Seat 6: ahbertello collected ($0.16)
Seat 7: bondo74rus folded before Flop (didn't bet)
Seat 8: mkiely (button) folded before Flop (didn't bet)
Seat 9: Dorex2007 (small blind) folded before Flop



PokerStars Hand #234468902313:  Hold'em No Limit ($0.01/$0.02 USD) - 2022/02/28 20:32:04 PT [2022/02/28 23:32:04 ET]
Table 'Sargas' 9-max Seat #9 is the button
Seat 1: noborin ($0.92 in chips) 
Seat 2: Agaricon ($1.38 in chips) 
Seat 3: tutanpoker ($2.10 in chips) 
Seat 4: the_fish_696969 ($2.04 in chips) 
Seat 5: Magnum10 ($1.96 in chips) 
Seat 6: ahbertello ($5.79 in chips) 
Seat 7: bondo74rus ($3.31 in chips) 
Seat 8: mkiely ($4.07 in chips) 
Seat 9: Dorex2007 ($2.07 in chips) 
noborin: posts small blind $0.01
Agaricon: posts big blind $0.02
*** HOLE CARDS ***
Dealt to Dorex2007 [7s Jh]
tutanpoker: raises $0.05 to $0.07
the_fish_696969: folds 
Magnum10: folds 
ahbertello: folds 
bondo74rus: folds 
mkiely: folds 
Dorex2007: folds 
noborin: calls $0.06
Agaricon: calls $0.05
*** FLOP *** [9d 2h 5s]
noborin: checks 
Agaricon: checks 
tutanpoker: checks 
*** TURN *** [9d 2h 5s] [4d]
noborin: checks 
Agaricon: bets $0.10
tutanpoker: folds 
noborin: calls $0.10
*** RIVER *** [9d 2h 5s 4d] [2c]
noborin: checks 
Agaricon: bets $0.20
noborin: calls $0.20
*** SHOW DOWN ***
Agaricon: shows [5c 6s] (two pair, Fives and Deuces)
noborin: mucks hand 
Agaricon collected $0.78 from pot
*** SUMMARY ***
Total pot $0.81 | Rake $0.03 
Board [9d 2h 5s 4d 2c]
Seat 1: noborin (small blind) mucked [Ks As]
Seat 2: Agaricon (big blind) showed [5c 6s] and won ($0.78) with two pair, Fives and Deuces
Seat 3: tutanpoker folded on the Turn
Seat 4: the_fish_696969 folded before Flop (didn't bet)
Seat 5: Magnum10 folded before Flop (didn't bet)
Seat 6: ahbertello folded before Flop (didn't bet)
Seat 7: bondo74rus folded before Flop (didn't bet)
Seat 8: mkiely folded before Flop (didn't bet)
Seat 9: Dorex2007 (button) folded before Flop (didn't bet)



PokerStars Hand #234468912271:  Hold'em No Limit ($0.01/$0.02 USD) - 2022/02/28 20:33:06 PT [2022/02/28 23:33:06 ET]
Table 'Sargas' 9-max Seat #1 is the button
Seat 1: noborin ($0.55 in chips) 
Seat 2: Agaricon ($1.79 in chips) 
Seat 3: tutanpoker ($2.03 in chips) 
Seat 4: the_fish_696969 ($2.04 in chips) 
Seat 5: Magnum10 ($1.96 in chips) 
Seat 6: ahbertello ($5.79 in chips) 
Seat 7: bondo74rus ($3.31 in chips) 
Seat 8: mkiely ($4.07 in chips) 
Seat 9: Dorex2007 ($2.07 in chips) 
Agaricon: posts small blind $0.01
tutanpoker: posts big blind $0.02
*** HOLE CARDS ***
Dealt to Dorex2007 [2c Qh]
the_fish_696969: folds 
Magnum10: folds 
ahbertello: folds 
bondo74rus: folds 
mkiely: folds 
Dorex2007: folds 
noborin: folds 
Agaricon: calls $0.01
tutanpoker: checks 
*** FLOP *** [Qs Qc Ac]
Agaricon: bets $0.02
tutanpoker: folds 
Uncalled bet ($0.02) returned to Agaricon
Agaricon collected $0.04 from pot
Agaricon: doesn't show hand 
*** SUMMARY ***
Total pot $0.04 | Rake $0 
Board [Qs Qc Ac]
Seat 1: noborin (button) folded before Flop (didn't bet)
Seat 2: Agaricon (small blind) collected ($0.04)
Seat 3: tutanpoker (big blind) folded on the Flop
Seat 4: the_fish_696969 folded before Flop (didn't bet)
Seat 5: Magnum10 folded before Flop (didn't bet)
Seat 6: ahbertello folded before Flop (didn't bet)
Seat 7: bondo74rus folded before Flop (didn't bet)
Seat 8: mkiely folded before Flop (didn't bet)
Seat 9: Dorex2007 folded before Flop (didn't bet)



PokerStars Hand #234468915857:  Hold'em No Limit ($0.01/$0.02 USD) - 2022/02/28 20:33:28 PT [2022/02/28 23:33:28 ET]
Table 'Sargas' 9-max Seat #2 is the button
Seat 1: noborin ($0.55 in chips) 
Seat 2: Agaricon ($1.81 in chips) 
Seat 3: tutanpoker ($2.01 in chips) 
Seat 4: the_fish_696969 ($2.04 in chips) 
Seat 5: Magnum10 ($1.96 in chips) 
Seat 6: ahbertello ($5.79 in chips) 
Seat 7: bondo74rus ($3.31 in chips) 
Seat 8: mkiely ($4.07 in chips) 
Seat 9: Dorex2007 ($2.07 in chips) 
tutanpoker: posts small blind $0.01
the_fish_696969: posts big blind $0.02
*** HOLE CARDS ***
Dealt to Dorex2007 [Ts 8c]
Magnum10: folds 
ahbertello: folds 
bondo74rus: raises $0.02 to $0.04
mkiely: folds 
Dorex2007: folds 
noborin: calls $0.04
Agaricon: calls $0.04
tutanpoker: folds 
the_fish_696969: calls $0.02
*** FLOP *** [8s 4c 4d]
the_fish_696969: checks 
bondo74rus: checks 
noborin: checks 
Agaricon: bets $0.08
the_fish_696969: folds 
bondo74rus: calls $0.08
noborin: folds 
*** TURN *** [8s 4c 4d] [9h]
bondo74rus: checks 
Agaricon: bets $0.16
bondo74rus: folds 
Uncalled bet ($0.16) returned to Agaricon
Agaricon collected $0.32 from pot
Agaricon: doesn't show hand 
*** SUMMARY ***
Total pot $0.33 | Rake $0.01 
Board [8s 4c 4d 9h]
Seat 1: noborin folded on the Flop
Seat 2: Agaricon (button) collected ($0.32)
Seat 3: tutanpoker (small blind) folded before Flop
Seat 4: the_fish_696969 (big blind) folded on the Flop
Seat 5: Magnum10 folded before Flop (didn't bet)
Seat 6: ahbertello folded before Flop (didn't bet)
Seat 7: bondo74rus folded on the Turn
Seat 8: mkiely folded before Flop (didn't bet)
Seat 9: Dorex2007 folded before Flop (didn't bet)



PokerStars Hand #234468932377:  Hold'em No Limit ($0.01/$0.02 USD) - 2022/02/28 20:34:49 PT [2022/02/28 23:34:49 ET]
Table 'Sargas' 9-max Seat #3 is the button
Seat 1: noborin ($0.51 in chips) 
Seat 2: Agaricon ($2.01 in chips) 
Seat 3: tutanpoker ($2 in chips) 
Seat 4: the_fish_696969 ($2 in chips) 
Seat 5: Magnum10 ($1.96 in chips) 
Seat 6: ahbertello ($5.79 in chips) 
Seat 7: bondo74rus ($3.19 in chips) 
Seat 8: mkiely ($4.07 in chips) 
Seat 9: Dorex2007 ($2.07 in chips) 
the_fish_696969: posts small blind $0.01
Magnum10: posts big blind $0.02
*** HOLE CARDS ***
Dealt to Dorex2007 [2c 2h]
ahbertello: folds 
bondo74rus: folds 
mkiely: raises $0.02 to $0.04
Dorex2007: folds 
noborin: calls $0.04
Agaricon: folds 
tutanpoker: calls $0.04
the_fish_696969: calls $0.03
Magnum10: calls $0.02
*** FLOP *** [5s 4h Js]
the_fish_696969: checks 
Magnum10: checks 
mkiely: checks 
noborin: checks 
tutanpoker: checks 
*** TURN *** [5s 4h Js] [5d]
the_fish_696969: checks 
Magnum10: checks 
mkiely: bets $0.04
noborin: folds 
tutanpoker: folds 
the_fish_696969: calls $0.04
Magnum10: folds 
*** RIVER *** [5s 4h Js 5d] [As]
the_fish_696969: bets $0.06
mkiely: calls $0.06
*** SHOW DOWN ***
the_fish_696969: shows [Ks 2s] (a flush, Ace high)
mkiely: mucks hand 
the_fish_696969 collected $0.39 from pot
*** SUMMARY ***
Total pot $0.40 | Rake $0.01 
Board [5s 4h Js 5d As]
Seat 1: noborin folded on the Turn
Seat 2: Agaricon folded before Flop (didn't bet)
Seat 3: tutanpoker (button) folded on the Turn
Seat 4: the_fish_696969 (small blind) showed [Ks 2s] and won ($0.39) with a flush, Ace high
Seat 5: Magnum10 (big blind) folded on the Turn
Seat 6: ahbertello folded before Flop (didn't bet)
Seat 7: bondo74rus folded before Flop (didn't bet)
Seat 8: mkiely mucked [7s 7c]
Seat 9: Dorex2007 folded before Flop (didn't bet)



PokerStars Hand #234468943072:  Hold'em No Limit ($0.01/$0.02 USD) - 2022/02/28 20:35:56 PT [2022/02/28 23:35:56 ET]
Table 'Sargas' 9-max Seat #4 is the button
Seat 1: noborin ($0.47 in chips) 
Seat 2: Agaricon ($2.01 in chips) 
Seat 3: tutanpoker ($2 in chips) 
Seat 4: the_fish_696969 ($2.25 in chips) 
Seat 5: Magnum10 ($1.92 in chips) 
Seat 6: ahbertello ($5.79 in chips) 
Seat 7: bondo74rus ($3.19 in chips) 
Seat 8: mkiely ($3.93 in chips) 
Seat 9: Dorex2007 ($2.07 in chips) 
Magnum10: posts small blind $0.01
ahbertello: posts big blind $0.02
*** HOLE CARDS ***
Dealt to Dorex2007 [Qh Qc]
bondo74rus: folds 
mkiely: folds 
Dorex2007: raises $0.04 to $0.06
noborin: folds 
Agaricon: folds 
tutanpoker: folds 
noborin leaves the table
JuMapoba joins the table at seat #1 
the_fish_696969: folds 
Magnum10: folds 
ahbertello: folds 
Uncalled bet ($0.04) returned to Dorex2007
Dorex2007 collected $0.05 from pot
Dorex2007: doesn't show hand 
*** SUMMARY ***
Total pot $0.05 | Rake $0 
Seat 1: noborin folded before Flop (didn't bet)
Seat 2: Agaricon folded before Flop (didn't bet)
Seat 3: tutanpoker folded before Flop (didn't bet)
Seat 4: the_fish_696969 (button) folded before Flop (didn't bet)
Seat 5: Magnum10 (small blind) folded before Flop
Seat 6: ahbertello (big blind) folded before Flop
Seat 7: bondo74rus folded before Flop (didn't bet)
Seat 8: mkiely folded before Flop (didn't bet)
Seat 9: Dorex2007 collected ($0.05)



PokerStars Hand #234468952627:  Hold'em No Limit ($0.01/$0.02 USD) - 2022/02/28 20:36:29 PT [2022/02/28 23:36:29 ET]
Table 'Sargas' 9-max Seat #5 is the button
Seat 3: tutanpoker ($2 in chips) 
Seat 4: the_fish_696969 ($2.25 in chips) 
Seat 5: Magnum10 ($1.91 in chips) 
Seat 6: ahbertello ($5.77 in chips) 
Seat 7: bondo74rus ($3.19 in chips) 
Seat 8: mkiely ($3.93 in chips) 
Seat 9: Dorex2007 ($2.10 in chips) 
ahbertello: posts small blind $0.01
bondo74rus: posts big blind $0.02
JuMapoba: sits out 
*** HOLE CARDS ***
Dealt to Dorex2007 [4d 2h]
mkiely: raises $0.02 to $0.04
Dorex2007: folds 
tutanpoker: calls $0.04
the_fish_696969: folds 
Magnum10: folds 
ahbertello: folds 
bondo74rus: calls $0.02
*** FLOP *** [9s Jc 3c]
bondo74rus: checks 
mkiely: bets $0.06
tutanpoker: calls $0.06
bondo74rus: calls $0.06
*** TURN *** [9s Jc 3c] [9h]
bondo74rus: bets $0.21
mkiely: calls $0.21
tutanpoker: calls $0.21
*** RIVER *** [9s Jc 3c 9h] [Ac]
bondo74rus: bets $0.64
mkiely: folds 
tutanpoker: folds 
Uncalled bet ($0.64) returned to bondo74rus
bondo74rus collected $0.91 from pot
bondo74rus: doesn't show hand 
*** SUMMARY ***
Total pot $0.94 | Rake $0.03 
Board [9s Jc 3c 9h Ac]
Seat 3: tutanpoker folded on the River
Seat 4: the_fish_696969 folded before Flop (didn't bet)
Seat 5: Magnum10 (button) folded before Flop (didn't bet)
Seat 6: ahbertello (small blind) folded before Flop
Seat 7: bondo74rus (big blind) collected ($0.91)
Seat 8: mkiely folded on the River
Seat 9: Dorex2007 folded before Flop (didn't bet)



PokerStars Hand #234468960943:  Hold'em No Limit ($0.01/$0.02 USD) - 2022/02/28 20:37:22 PT [2022/02/28 23:37:22 ET]
Table 'Sargas' 9-max Seat #6 is the button
Seat 3: tutanpoker ($2 in chips) 
Seat 4: the_fish_696969 ($2.25 in chips) 
Seat 5: Magnum10 ($1.91 in chips) 
Seat 6: ahbertello ($5.76 in chips) 
Seat 7: bondo74rus ($3.79 in chips) 
Seat 9: Dorex2007 ($2.10 in chips) 
bondo74rus: posts small blind $0.01
mkiely: is sitting out 
Dorex2007: posts big blind $0.02
JuMapoba: sits out 
*** HOLE CARDS ***
Dealt to Dorex2007 [Jc 9s]
tutanpoker: raises $0.06 to $0.08
JuMapoba leaves the table
the_fish_696969 has timed out
the_fish_696969: folds 
Magnum10: calls $0.08
ahbertello: folds 
bondo74rus: folds 
Dorex2007: folds 
*** FLOP *** [4s 4h 2c]
tutanpoker: checks 
Magnum10: checks 
*** TURN *** [4s 4h 2c] [7h]
tutanpoker: bets $0.10
Magnum10: folds 
Uncalled bet ($0.10) returned to tutanpoker
tutanpoker collected $0.18 from pot
*** SUMMARY ***
Total pot $0.19 | Rake $0.01 
Board [4s 4h 2c 7h]
Seat 3: tutanpoker collected ($0.18)
Seat 4: the_fish_696969 folded before Flop (didn't bet)
Seat 5: Magnum10 folded on the Turn
Seat 6: ahbertello (button) folded before Flop (didn't bet)
Seat 7: bondo74rus (small blind) folded before Flop
Seat 9: Dorex2007 (big blind) folded before Flop



PokerStars Hand #234468972504:  Hold'em No Limit ($0.01/$0.02 USD) - 2022/02/28 20:38:35 PT [2022/02/28 23:38:35 ET]
Table 'Sargas' 9-max Seat #7 is the button
Seat 2: Agaricon ($2.01 in chips) 
Seat 3: tutanpoker ($2.10 in chips) 
Seat 4: the_fish_696969 ($2.25 in chips) 
Seat 5: Magnum10 ($1.83 in chips) 
Seat 6: ahbertello ($5.76 in chips) 
Seat 7: bondo74rus ($3.78 in chips) 
Seat 9: Dorex2007 ($2.08 in chips) 
Dorex2007: posts small blind $0.01
Agaricon: posts big blind $0.02
*** HOLE CARDS ***
Dealt to Dorex2007 [Td 9d]
tutanpoker: folds 
mkiely leaves the table
the_fish_696969 has timed out
the_fish_696969: folds 
Magnum10: folds 
ahbertello: folds 
bondo74rus: raises $0.02 to $0.04
Dorex2007: folds 
Agaricon: calls $0.02
*** FLOP *** [6d 4c 2c]
Agaricon: checks 
Kingeorge63 joins the table at seat #1 
bondo74rus: bets $0.06
Agaricon: folds 
Uncalled bet ($0.06) returned to bondo74rus
bondo74rus collected $0.09 from pot
bondo74rus: doesn't show hand 
*** SUMMARY ***
Total pot $0.09 | Rake $0 
Board [6d 4c 2c]
Seat 2: Agaricon (big blind) folded on the Flop
Seat 3: tutanpoker folded before Flop (didn't bet)
Seat 4: the_fish_696969 folded before Flop (didn't bet)
Seat 5: Magnum10 folded before Flop (didn't bet)
Seat 6: ahbertello folded before Flop (didn't bet)
Seat 7: bondo74rus (button) collected ($0.09)
Seat 9: Dorex2007 (small blind) folded before Flop



PokerStars Hand #234468980161:  Hold'em No Limit ($0.01/$0.02 USD) - 2022/02/28 20:39:24 PT [2022/02/28 23:39:24 ET]
Table 'Sargas' 9-max Seat #9 is the button
Seat 2: Agaricon ($1.97 in chips) 
Seat 4: the_fish_696969 ($2.25 in chips) 
Seat 5: Magnum10 ($1.83 in chips) 
Seat 6: ahbertello ($5.76 in chips) 
Seat 7: bondo74rus ($3.83 in chips) 
Seat 9: Dorex2007 ($2.07 in chips) 
Agaricon: posts small blind $0.01
tutanpoker: is sitting out 
tutanpoker leaves the table
the_fish_696969: posts big blind $0.02
*** HOLE CARDS ***
Dealt to Dorex2007 [Qc Td]
Magnum10: folds 
ahbertello: folds 
bondo74rus: folds 
Dorex2007: folds 
Agaricon: calls $0.01
the_fish_696969: checks 
*** FLOP *** [3h 8s Qh]
Agaricon: checks 
the_fish_696969: checks 
*** TURN *** [3h 8s Qh] [Ad]
Agaricon: checks 
the_fish_696969: checks 
*** RIVER *** [3h 8s Qh Ad] [7h]
Agaricon: checks 
the_fish_696969: bets $0.02
Agaricon: folds 
Uncalled bet ($0.02) returned to the_fish_696969
the_fish_696969 collected $0.04 from pot
the_fish_696969: doesn't show hand 
*** SUMMARY ***
Total pot $0.04 | Rake $0 
Board [3h 8s Qh Ad 7h]
Seat 2: Agaricon (small blind) folded on the River
Seat 4: the_fish_696969 (big blind) collected ($0.04)
Seat 5: Magnum10 folded before Flop (didn't bet)
Seat 6: ahbertello folded before Flop (didn't bet)
Seat 7: bondo74rus folded before Flop (didn't bet)
Seat 9: Dorex2007 (button) folded before Flop (didn't bet)



PokerStars Hand #234468994531:  Hold'em No Limit ($0.01/$0.02 USD) - 2022/02/28 20:40:23 PT [2022/02/28 23:40:23 ET]
Table 'Sargas' 9-max Seat #2 is the button
Seat 1: Kingeorge63 ($1.50 in chips) 
Seat 2: Agaricon ($1.95 in chips) 
Seat 4: the_fish_696969 ($2.27 in chips) 
Seat 5: Magnum10 ($1.83 in chips) 
Seat 6: ahbertello ($5.76 in chips) 
Seat 7: bondo74rus ($3.83 in chips) 
Seat 9: Dorex2007 ($2.07 in chips) 
the_fish_696969: posts small blind $0.01
Magnum10: posts big blind $0.02
Kingeorge63: posts big blind $0.02
*** HOLE CARDS ***
Dealt to Dorex2007 [7c 3h]
ahbertello: folds 
bondo74rus: folds 
Dorex2007: folds 
Kingeorge63: checks 
Agaricon: folds 
Agaricon leaves the table
the_fish_696969 has timed out
the_fish_696969: folds 
Magnum10: checks 
*** FLOP *** [4s 6c 5h]
Magnum10: checks 
Kingeorge63: checks 
*** TURN *** [4s 6c 5h] [5c]
Magnum10: bets $0.05
Kingeorge63: calls $0.05
*** RIVER *** [4s 6c 5h 5c] [6d]
Magnum10: bets $0.07
Kingeorge63: folds 
Uncalled bet ($0.07) returned to Magnum10
Magnum10 collected $0.14 from pot
Magnum10: doesn't show hand 
*** SUMMARY ***
Total pot $0.15 | Rake $0.01 
Board [4s 6c 5h 5c 6d]
Seat 1: Kingeorge63 folded on the River
Seat 2: Agaricon (button) folded before Flop (didn't bet)
Seat 4: the_fish_696969 (small blind) folded before Flop
Seat 5: Magnum10 (big blind) collected ($0.14)
Seat 6: ahbertello folded before Flop (didn't bet)
Seat 7: bondo74rus folded before Flop (didn't bet)
Seat 9: Dorex2007 folded before Flop (didn't bet)



PokerStars Hand #234469008397:  Hold'em No Limit ($0.01/$0.02 USD) - 2022/02/28 20:41:54 PT [2022/02/28 23:41:54 ET]
Table 'Sargas' 9-max Seat #4 is the button
Seat 1: Kingeorge63 ($1.43 in chips) 
Seat 4: the_fish_696969 ($2.26 in chips) 
Seat 5: Magnum10 ($1.90 in chips) 
Seat 6: ahbertello ($5.76 in chips) 
Seat 7: bondo74rus ($3.83 in chips) 
Seat 9: Dorex2007 ($2.07 in chips) 
Magnum10: posts small blind $0.01
ahbertello: posts big blind $0.02
*** HOLE CARDS ***
Dealt to Dorex2007 [6c 9c]
bondo74rus: folds 
Dorex2007: folds 
Kingeorge63: folds 
bondo74rus leaves the table
the_fish_696969: raises $0.02 to $0.04
Magnum10: folds 
ahbertello: folds 
Uncalled bet ($0.02) returned to the_fish_696969
the_fish_696969 collected $0.05 from pot
the_fish_696969: doesn't show hand 
*** SUMMARY ***
Total pot $0.05 | Rake $0 
Seat 1: Kingeorge63 folded before Flop (didn't bet)
Seat 4: the_fish_696969 (button) collected ($0.05)
Seat 5: Magnum10 (small blind) folded before Flop
Seat 6: ahbertello (big blind) folded before Flop
Seat 7: bondo74rus folded before Flop (didn't bet)
Seat 9: Dorex2007 folded before Flop (didn't bet)



PokerStars Hand #234469011663:  Hold'em No Limit ($0.01/$0.02 USD) - 2022/02/28 20:42:15 PT [2022/02/28 23:42:15 ET]
Table 'Sargas' 9-max Seat #5 is the button
Seat 1: Kingeorge63 ($1.43 in chips) 
Seat 4: the_fish_696969 ($2.29 in chips) 
Seat 5: Magnum10 ($1.89 in chips) 
Seat 6: ahbertello ($5.74 in chips) 
Seat 9: Dorex2007 ($2.07 in chips) 
ahbertello: posts small blind $0.01
Dorex2007: posts big blind $0.02
*** HOLE CARDS ***
Dealt to Dorex2007 [4s Tc]
Kingeorge63: folds 
the_fish_696969: calls $0.02
Magnum10: folds 
ahbertello: calls $0.01
Dorex2007: checks 
*** FLOP *** [8h 6h 4d]
ahbertello: checks 
Dorex2007: checks 
the_fish_696969: checks 
*** TURN *** [8h 6h 4d] [Kc]
ahbertello: checks 
Dorex2007: bets $0.04
the_fish_696969: calls $0.04
ahbertello: calls $0.04
*** RIVER *** [8h 6h 4d Kc] [9c]
ahbertello: checks 
Dorex2007: checks 
the_fish_696969: bets $0.08
ahbertello: folds 
Dorex2007: folds 
Uncalled bet ($0.08) returned to the_fish_696969
the_fish_696969 collected $0.17 from pot
the_fish_696969: doesn't show hand 
*** SUMMARY ***
Total pot $0.18 | Rake $0.01 
Board [8h 6h 4d Kc 9c]
Seat 1: Kingeorge63 folded before Flop (didn't bet)
Seat 4: the_fish_696969 collected ($0.17)
Seat 5: Magnum10 (button) folded before Flop (didn't bet)
Seat 6: ahbertello (small blind) folded on the River
Seat 9: Dorex2007 (big blind) folded on the River



PokerStars Hand #234469018005:  Hold'em No Limit ($0.01/$0.02 USD) - 2022/02/28 20:42:56 PT [2022/02/28 23:42:56 ET]
Table 'Sargas' 9-max Seat #9 is the button
Seat 1: Kingeorge63 ($1.43 in chips) 
Seat 4: the_fish_696969 ($2.40 in chips) 
Seat 5: Magnum10 ($1.89 in chips) 
Seat 9: Dorex2007 ($2.01 in chips) 
Kingeorge63: posts small blind $0.01
the_fish_696969: posts big blind $0.02
*** HOLE CARDS ***
Dealt to Dorex2007 [7s Td]
ahbertello leaves the table
Magnum10: raises $0.04 to $0.06
Dorex2007: folds 
Kingeorge63: calls $0.05
the_fish_696969: calls $0.04
*** FLOP *** [3d 2c Ac]
Kingeorge63: checks 
the_fish_696969: checks 
Magnum10: bets $0.12
Kingeorge63: folds 
Kingeorge63 leaves the table
the_fish_696969: folds 
Uncalled bet ($0.12) returned to Magnum10
Magnum10 collected $0.17 from pot
Magnum10: doesn't show hand 
*** SUMMARY ***
Total pot $0.18 | Rake $0.01 
Board [3d 2c Ac]
Seat 1: Kingeorge63 (small blind) folded on the Flop
Seat 4: the_fish_696969 (big blind) folded on the Flop
Seat 5: Magnum10 collected ($0.17)
Seat 9: Dorex2007 (button) folded before Flop (didn't bet)



