PokerStars Hand #227917352469:  Hold'em No Limit ($0.01/$0.02 USD) - 2021/06/28 14:27:14 PT [2021/06/28 17:27:14 ET]
Table 'Massinga III' 9-max Seat #8 is the button
Seat 1: Barney Met ($2 in chips) 
Seat 2: lfirek ($1.53 in chips) 
Seat 4: LuckyGranpa ($0.84 in chips) 
Seat 5: Cassidaigne ($3.11 in chips) 
Seat 6: wally1954 ($1.55 in chips) 
Seat 7: Dorex2007 ($2 in chips) 
Seat 8: YuriToffees ($0.78 in chips) 
Seat 9: pikasiki ($2.51 in chips) 
pikasiki: posts small blind $0.01
Barney Met: posts big blind $0.02
Dorex2007: posts big blind $0.02
*** HOLE CARDS ***
Dealt to Dorex2007 [Td 5s]
lfirek: folds 
LuckyGranpa: folds 
Cassidaigne: folds 
wally1954: folds 
Dorex2007: checks 
YuriToffees: folds 
pikasiki: calls $0.01
Barney Met: raises $0.02 to $0.04
Dorex2007: folds 
pikasiki: calls $0.02
*** FLOP *** [8d Kd 4h]
pikasiki: bets $0.02
Barney Met: raises $0.06 to $0.08
pikasiki: calls $0.06
*** TURN *** [8d Kd 4h] [2h]
pikasiki: bets $0.02
Barney Met: calls $0.02
*** RIVER *** [8d Kd 4h 2h] [3c]
pikasiki: bets $0.02
Barney Met: calls $0.02
*** SHOW DOWN ***
pikasiki: shows [3d 7d] (a pair of Threes)
Barney Met: shows [Jh 8s] (a pair of Eights)
Barney Met collected $0.33 from pot
*** SUMMARY ***
Total pot $0.34 | Rake $0.01 
Board [8d Kd 4h 2h 3c]
Seat 1: Barney Met (big blind) showed [Jh 8s] and won ($0.33) with a pair of Eights
Seat 2: lfirek folded before Flop (didn't bet)
Seat 4: LuckyGranpa folded before Flop (didn't bet)
Seat 5: Cassidaigne folded before Flop (didn't bet)
Seat 6: wally1954 folded before Flop (didn't bet)
Seat 7: Dorex2007 folded before Flop (didn't bet)
Seat 8: YuriToffees (button) folded before Flop (didn't bet)
Seat 9: pikasiki (small blind) showed [3d 7d] and lost with a pair of Threes



PokerStars Hand #227917375576:  Hold'em No Limit ($0.01/$0.02 USD) - 2021/06/28 14:28:18 PT [2021/06/28 17:28:18 ET]
Table 'Massinga III' 9-max Seat #9 is the button
Seat 1: Barney Met ($2.17 in chips) 
Seat 2: lfirek ($1.53 in chips) 
Seat 4: LuckyGranpa ($0.84 in chips) 
Seat 5: Cassidaigne ($3.11 in chips) 
Seat 6: wally1954 ($1.55 in chips) 
Seat 7: Dorex2007 ($1.98 in chips) 
Seat 8: YuriToffees ($0.78 in chips) 
Seat 9: pikasiki ($2.35 in chips) 
Barney Met: posts small blind $0.01
lfirek: posts big blind $0.02
*** HOLE CARDS ***
Dealt to Dorex2007 [6s 8h]
LuckyGranpa: folds 
Cassidaigne: folds 
wally1954 has timed out
wally1954: folds 
Dorex2007: folds 
YuriToffees: folds 
pikasiki: calls $0.02
Barney Met: raises $0.02 to $0.04
lfirek: calls $0.02
pikasiki: calls $0.02
*** FLOP *** [4h As Jh]
Barney Met: bets $0.04
lfirek: folds 
pikasiki: calls $0.04
*** TURN *** [4h As Jh] [3d]
Barney Met: bets $0.08
pikasiki: folds 
Uncalled bet ($0.08) returned to Barney Met
Barney Met collected $0.19 from pot
Barney Met: doesn't show hand 
*** SUMMARY ***
Total pot $0.20 | Rake $0.01 
Board [4h As Jh 3d]
Seat 1: Barney Met (small blind) collected ($0.19)
Seat 2: lfirek (big blind) folded on the Flop
Seat 4: LuckyGranpa folded before Flop (didn't bet)
Seat 5: Cassidaigne folded before Flop (didn't bet)
Seat 6: wally1954 folded before Flop (didn't bet)
Seat 7: Dorex2007 folded before Flop (didn't bet)
Seat 8: YuriToffees folded before Flop (didn't bet)
Seat 9: pikasiki (button) folded on the Turn



PokerStars Hand #227917393079:  Hold'em No Limit ($0.01/$0.02 USD) - 2021/06/28 14:29:07 PT [2021/06/28 17:29:07 ET]
Table 'Massinga III' 9-max Seat #1 is the button
Seat 1: Barney Met ($2.28 in chips) 
Seat 2: lfirek ($1.49 in chips) 
Seat 4: LuckyGranpa ($0.84 in chips) 
Seat 5: Cassidaigne ($3.11 in chips) 
Seat 6: wally1954 ($1.55 in chips) 
Seat 7: Dorex2007 ($1.98 in chips) 
Seat 8: YuriToffees ($0.78 in chips) 
Seat 9: pikasiki ($2.27 in chips) 
lfirek: posts small blind $0.01
LuckyGranpa: posts big blind $0.02
*** HOLE CARDS ***
Dealt to Dorex2007 [Jd Kd]
Cassidaigne: folds 
wally1954: folds 
Dorex2007: calls $0.02
YuriToffees: folds 
pikasiki: calls $0.02
Barney Met: raises $0.04 to $0.06
lfirek: folds 
LuckyGranpa: folds 
Dorex2007: calls $0.04
pikasiki: raises $0.04 to $0.10
Barney Met: calls $0.04
Dorex2007: calls $0.04
*** FLOP *** [Tc 3c Ts]
Dorex2007: checks 
pikasiki: checks 
Barney Met: bets $0.08
Dorex2007: folds 
pikasiki: folds 
Uncalled bet ($0.08) returned to Barney Met
Barney Met collected $0.32 from pot
Barney Met: doesn't show hand 
*** SUMMARY ***
Total pot $0.33 | Rake $0.01 
Board [Tc 3c Ts]
Seat 1: Barney Met (button) collected ($0.32)
Seat 2: lfirek (small blind) folded before Flop
Seat 4: LuckyGranpa (big blind) folded before Flop
Seat 5: Cassidaigne folded before Flop (didn't bet)
Seat 6: wally1954 folded before Flop (didn't bet)
Seat 7: Dorex2007 folded on the Flop
Seat 8: YuriToffees folded before Flop (didn't bet)
Seat 9: pikasiki folded on the Flop



PokerStars Hand #227917417295:  Hold'em No Limit ($0.01/$0.02 USD) - 2021/06/28 14:30:14 PT [2021/06/28 17:30:14 ET]
Table 'Massinga III' 9-max Seat #2 is the button
Seat 1: Barney Met ($2.50 in chips) 
Seat 2: lfirek ($1.48 in chips) 
Seat 4: LuckyGranpa ($0.82 in chips) 
Seat 5: Cassidaigne ($3.11 in chips) 
Seat 6: wally1954 ($1.55 in chips) 
Seat 7: Dorex2007 ($1.88 in chips) 
Seat 8: YuriToffees ($0.78 in chips) 
Seat 9: pikasiki ($2.17 in chips) 
LuckyGranpa: posts small blind $0.01
Cassidaigne: posts big blind $0.02
*** HOLE CARDS ***
Dealt to Dorex2007 [Kc 7c]
wally1954: folds 
Dorex2007: folds 
YuriToffees: folds 
pikasiki: folds 
Barney Met: raises $0.02 to $0.04
lfirek: calls $0.04
LuckyGranpa: folds 
Cassidaigne: calls $0.02
*** FLOP *** [Js 8s 5d]
Cassidaigne: checks 
Barney Met: bets $0.06
lfirek: raises $0.06 to $0.12
Cassidaigne: folds 
Barney Met: calls $0.06
*** TURN *** [Js 8s 5d] [As]
Barney Met: checks 
lfirek: checks 
*** RIVER *** [Js 8s 5d As] [8h]
Barney Met: bets $0.10
lfirek: calls $0.10
*** SHOW DOWN ***
Barney Met: shows [Jc Ts] (two pair, Jacks and Eights)
lfirek: shows [Jd 2d] (two pair, Jacks and Eights)
Barney Met collected $0.28 from pot
lfirek collected $0.27 from pot
*** SUMMARY ***
Total pot $0.57 | Rake $0.02 
Board [Js 8s 5d As 8h]
Seat 1: Barney Met showed [Jc Ts] and won ($0.28) with two pair, Jacks and Eights
Seat 2: lfirek (button) showed [Jd 2d] and won ($0.27) with two pair, Jacks and Eights
Seat 4: LuckyGranpa (small blind) folded before Flop
Seat 5: Cassidaigne (big blind) folded on the Flop
Seat 6: wally1954 folded before Flop (didn't bet)
Seat 7: Dorex2007 folded before Flop (didn't bet)
Seat 8: YuriToffees folded before Flop (didn't bet)
Seat 9: pikasiki folded before Flop (didn't bet)



PokerStars Hand #227917441653:  Hold'em No Limit ($0.01/$0.02 USD) - 2021/06/28 14:31:23 PT [2021/06/28 17:31:23 ET]
Table 'Massinga III' 9-max Seat #4 is the button
Seat 1: Barney Met ($2.52 in chips) 
Seat 2: lfirek ($1.49 in chips) 
Seat 4: LuckyGranpa ($0.81 in chips) 
Seat 5: Cassidaigne ($3.07 in chips) 
Seat 6: wally1954 ($1.55 in chips) 
Seat 7: Dorex2007 ($1.88 in chips) 
Seat 8: YuriToffees ($0.78 in chips) 
Seat 9: pikasiki ($2.17 in chips) 
Cassidaigne: posts small blind $0.01
wally1954: posts big blind $0.02
*** HOLE CARDS ***
Dealt to Dorex2007 [Qs Td]
Dorex2007: folds 
YuriToffees: folds 
pikasiki: calls $0.02
Barney Met: folds 
lfirek: folds 
LuckyGranpa: folds 
Cassidaigne: raises $0.04 to $0.06
wally1954: folds 
pikasiki: calls $0.04
*** FLOP *** [3s As Js]
Cassidaigne: checks 
pikasiki: checks 
*** TURN *** [3s As Js] [4c]
Cassidaigne: checks 
pikasiki: checks 
*** RIVER *** [3s As Js 4c] [3d]
Cassidaigne: checks 
pikasiki: checks 
*** SHOW DOWN ***
Cassidaigne: shows [Kd Qd] (a pair of Threes)
pikasiki: mucks hand 
Cassidaigne collected $0.14 from pot
*** SUMMARY ***
Total pot $0.14 | Rake $0 
Board [3s As Js 4c 3d]
Seat 1: Barney Met folded before Flop (didn't bet)
Seat 2: lfirek folded before Flop (didn't bet)
Seat 4: LuckyGranpa (button) folded before Flop (didn't bet)
Seat 5: Cassidaigne (small blind) showed [Kd Qd] and won ($0.14) with a pair of Threes
Seat 6: wally1954 (big blind) folded before Flop
Seat 7: Dorex2007 folded before Flop (didn't bet)
Seat 8: YuriToffees folded before Flop (didn't bet)
Seat 9: pikasiki mucked [Tc Qh]



PokerStars Hand #227917459769:  Hold'em No Limit ($0.01/$0.02 USD) - 2021/06/28 14:32:14 PT [2021/06/28 17:32:14 ET]
Table 'Massinga III' 9-max Seat #5 is the button
Seat 1: Barney Met ($2.52 in chips) 
Seat 2: lfirek ($1.49 in chips) 
Seat 4: LuckyGranpa ($0.81 in chips) 
Seat 5: Cassidaigne ($3.15 in chips) 
Seat 6: wally1954 ($1.53 in chips) 
Seat 7: Dorex2007 ($1.88 in chips) 
Seat 9: pikasiki ($2.11 in chips) 
wally1954: posts small blind $0.01
Dorex2007: posts big blind $0.02
*** HOLE CARDS ***
Dealt to Dorex2007 [7s Tc]
pikasiki: folds 
Barney Met has timed out
Barney Met: folds 
lfirek: folds 
LuckyGranpa: folds 
Cassidaigne: calls $0.02
wally1954: calls $0.01
Dorex2007: checks 
*** FLOP *** [Qc 8c Ac]
wally1954: checks 
Dorex2007: checks 
Cassidaigne: checks 
*** TURN *** [Qc 8c Ac] [Qh]
wally1954: checks 
Dorex2007: checks 
Cassidaigne: checks 
*** RIVER *** [Qc 8c Ac Qh] [Ah]
wally1954: checks 
Dorex2007: bets $0.04
Cassidaigne: calls $0.04
wally1954: folds 
*** SHOW DOWN ***
Dorex2007: shows [7s Tc] (two pair, Aces and Queens)
Cassidaigne: shows [3h Kc] (two pair, Aces and Queens - King kicker)
Cassidaigne collected $0.14 from pot
*** SUMMARY ***
Total pot $0.14 | Rake $0 
Board [Qc 8c Ac Qh Ah]
Seat 1: Barney Met folded before Flop (didn't bet)
Seat 2: lfirek folded before Flop (didn't bet)
Seat 4: LuckyGranpa folded before Flop (didn't bet)
Seat 5: Cassidaigne (button) showed [3h Kc] and won ($0.14) with two pair, Aces and Queens
Seat 6: wally1954 (small blind) folded on the River
Seat 7: Dorex2007 (big blind) showed [7s Tc] and lost with two pair, Aces and Queens
Seat 9: pikasiki folded before Flop (didn't bet)



PokerStars Hand #227917482296:  Hold'em No Limit ($0.01/$0.02 USD) - 2021/06/28 14:33:18 PT [2021/06/28 17:33:18 ET]
Table 'Massinga III' 9-max Seat #6 is the button
Seat 2: lfirek ($1.49 in chips) 
Seat 4: LuckyGranpa ($0.81 in chips) 
Seat 5: Cassidaigne ($3.23 in chips) 
Seat 6: wally1954 ($1.51 in chips) 
Seat 7: Dorex2007 ($1.82 in chips) 
Seat 8: YuriToffees ($0.78 in chips) 
Seat 9: pikasiki ($2.11 in chips) 
Dorex2007: posts small blind $0.01
YuriToffees: posts big blind $0.02
*** HOLE CARDS ***
Dealt to Dorex2007 [3h Ac]
pikasiki: folds 
lfirek: folds 
LuckyGranpa: folds 
Cassidaigne: folds 
wally1954: calls $0.02
Dorex2007: calls $0.01
YuriToffees: checks 
*** FLOP *** [4c 2d 5h]
Dorex2007: checks 
YuriToffees: checks 
wally1954: checks 
*** TURN *** [4c 2d 5h] [Js]
Dorex2007: checks 
YuriToffees: bets $0.06
Barney Met is disconnected 
wally1954: folds 
Dorex2007: calls $0.06
*** RIVER *** [4c 2d 5h Js] [2c]
Dorex2007: bets $0.11
YuriToffees: calls $0.11
*** SHOW DOWN ***
Dorex2007: shows [3h Ac] (a straight, Ace to Five)
YuriToffees: mucks hand 
Dorex2007 collected $0.39 from pot
*** SUMMARY ***
Total pot $0.40 | Rake $0.01 
Board [4c 2d 5h Js 2c]
Seat 2: lfirek folded before Flop (didn't bet)
Seat 4: LuckyGranpa folded before Flop (didn't bet)
Seat 5: Cassidaigne folded before Flop (didn't bet)
Seat 6: wally1954 (button) folded on the Turn
Seat 7: Dorex2007 (small blind) showed [3h Ac] and won ($0.39) with a straight, Ace to Five
Seat 8: YuriToffees (big blind) mucked [4h 5s]
Seat 9: pikasiki folded before Flop (didn't bet)



PokerStars Hand #227917507072:  Hold'em No Limit ($0.01/$0.02 USD) - 2021/06/28 14:34:29 PT [2021/06/28 17:34:29 ET]
Table 'Massinga III' 9-max Seat #7 is the button
Seat 1: Barney Met ($2.52 in chips) 
Seat 2: lfirek ($1.49 in chips) 
Seat 4: LuckyGranpa ($0.81 in chips) 
Seat 5: Cassidaigne ($3.23 in chips) 
Seat 6: wally1954 ($1.49 in chips) 
Seat 7: Dorex2007 ($2.02 in chips) 
Seat 8: YuriToffees ($0.59 in chips) 
Seat 9: pikasiki ($2.11 in chips) 
YuriToffees: posts small blind $0.01
pikasiki: posts big blind $0.02
*** HOLE CARDS ***
Dealt to Dorex2007 [9h Kd]
Barney Met has timed out while disconnected
Barney Met: folds 
lfirek: calls $0.02
LuckyGranpa: folds 
Cassidaigne: folds 
wally1954: raises $0.04 to $0.06
Dorex2007: folds 
YuriToffees: folds 
pikasiki: calls $0.04
lfirek: calls $0.04
*** FLOP *** [4c 8s 8d]
pikasiki: checks 
lfirek: checks 
wally1954: bets $0.02
pikasiki: folds 
lfirek: calls $0.02
*** TURN *** [4c 8s 8d] [Jc]
lfirek: checks 
wally1954: checks 
*** RIVER *** [4c 8s 8d Jc] [Jh]
lfirek: checks 
wally1954: bets $0.02
lfirek: calls $0.02
*** SHOW DOWN ***
wally1954: shows [Ac Kh] (two pair, Jacks and Eights)
lfirek: shows [6s Kc] (two pair, Jacks and Eights - lower kicker)
wally1954 collected $0.26 from pot
*** SUMMARY ***
Total pot $0.27 | Rake $0.01 
Board [4c 8s 8d Jc Jh]
Seat 1: Barney Met folded before Flop (didn't bet)
Seat 2: lfirek showed [6s Kc] and lost with two pair, Jacks and Eights
Seat 4: LuckyGranpa folded before Flop (didn't bet)
Seat 5: Cassidaigne folded before Flop (didn't bet)
Seat 6: wally1954 showed [Ac Kh] and won ($0.26) with two pair, Jacks and Eights
Seat 7: Dorex2007 (button) folded before Flop (didn't bet)
Seat 8: YuriToffees (small blind) folded before Flop
Seat 9: pikasiki (big blind) folded on the Flop



PokerStars Hand #227917539280:  Hold'em No Limit ($0.01/$0.02 USD) - 2021/06/28 14:35:45 PT [2021/06/28 17:35:45 ET]
Table 'Massinga III' 9-max Seat #8 is the button
Seat 2: lfirek ($1.39 in chips) 
Seat 4: LuckyGranpa ($0.81 in chips) 
Seat 5: Cassidaigne ($3.23 in chips) 
Seat 6: wally1954 ($1.65 in chips) 
Seat 7: Dorex2007 ($2.02 in chips) 
Seat 8: YuriToffees ($0.58 in chips) 
Seat 9: pikasiki ($2.05 in chips) 
pikasiki: posts small blind $0.01
lfirek: posts big blind $0.02
*** HOLE CARDS ***
Dealt to Dorex2007 [6d 4d]
LuckyGranpa: folds 
Cassidaigne: folds 
wally1954: folds 
Dorex2007: folds 
YuriToffees: folds 
pikasiki: folds 
Uncalled bet ($0.01) returned to lfirek
lfirek collected $0.02 from pot
*** SUMMARY ***
Total pot $0.02 | Rake $0 
Seat 2: lfirek (big blind) collected ($0.02)
Seat 4: LuckyGranpa folded before Flop (didn't bet)
Seat 5: Cassidaigne folded before Flop (didn't bet)
Seat 6: wally1954 folded before Flop (didn't bet)
Seat 7: Dorex2007 folded before Flop (didn't bet)
Seat 8: YuriToffees (button) folded before Flop (didn't bet)
Seat 9: pikasiki (small blind) folded before Flop



PokerStars Hand #227917549544:  Hold'em No Limit ($0.01/$0.02 USD) - 2021/06/28 14:36:15 PT [2021/06/28 17:36:15 ET]
Table 'Massinga III' 9-max Seat #9 is the button
Seat 2: lfirek ($1.40 in chips) 
Seat 4: LuckyGranpa ($0.81 in chips) 
Seat 5: Cassidaigne ($3.23 in chips) 
Seat 6: wally1954 ($1.65 in chips) 
Seat 7: Dorex2007 ($2.02 in chips) 
Seat 8: YuriToffees ($0.58 in chips) 
Seat 9: pikasiki ($2.04 in chips) 
lfirek: posts small blind $0.01
LuckyGranpa: posts big blind $0.02
*** HOLE CARDS ***
Dealt to Dorex2007 [2d Jc]
Cassidaigne: folds 
wally1954: folds 
Dorex2007: folds 
YuriToffees: folds 
pikasiki: folds 
lfirek: calls $0.01
LuckyGranpa: checks 
*** FLOP *** [6h Kh 6s]
lfirek: bets $0.02
LuckyGranpa: calls $0.02
*** TURN *** [6h Kh 6s] [Kc]
lfirek: bets $0.02
LuckyGranpa: calls $0.02
*** RIVER *** [6h Kh 6s Kc] [9d]
lfirek: checks 
LuckyGranpa: bets $0.06
lfirek: folds 
Uncalled bet ($0.06) returned to LuckyGranpa
LuckyGranpa collected $0.12 from pot
LuckyGranpa: doesn't show hand 
*** SUMMARY ***
Total pot $0.12 | Rake $0 
Board [6h Kh 6s Kc 9d]
Seat 2: lfirek (small blind) folded on the River
Seat 4: LuckyGranpa (big blind) collected ($0.12)
Seat 5: Cassidaigne folded before Flop (didn't bet)
Seat 6: wally1954 folded before Flop (didn't bet)
Seat 7: Dorex2007 folded before Flop (didn't bet)
Seat 8: YuriToffees folded before Flop (didn't bet)
Seat 9: pikasiki (button) folded before Flop (didn't bet)



PokerStars Hand #227917561592:  Hold'em No Limit ($0.01/$0.02 USD) - 2021/06/28 14:36:49 PT [2021/06/28 17:36:49 ET]
Table 'Massinga III' 9-max Seat #2 is the button
Seat 2: lfirek ($1.34 in chips) 
Seat 4: LuckyGranpa ($0.87 in chips) 
Seat 5: Cassidaigne ($3.23 in chips) 
Seat 6: wally1954 ($1.65 in chips) 
Seat 7: Dorex2007 ($2.02 in chips) 
Seat 8: YuriToffees ($0.58 in chips) 
Seat 9: pikasiki ($2.04 in chips) 
LuckyGranpa: posts small blind $0.01
Cassidaigne: posts big blind $0.02
Barney Met: sits out 
*** HOLE CARDS ***
Dealt to Dorex2007 [4c Jh]
wally1954: folds 
Dorex2007: folds 
YuriToffees: folds 
pikasiki: calls $0.02
lfirek: raises $0.02 to $0.04
LuckyGranpa: folds 
Cassidaigne: folds 
pikasiki: calls $0.02
*** FLOP *** [6h Ac Qh]
pikasiki: bets $0.02
lfirek: raises $0.02 to $0.04
pikasiki: calls $0.02
*** TURN *** [6h Ac Qh] [Qd]
pikasiki: bets $0.02
lfirek: raises $0.11 to $0.13
pikasiki: raises $0.31 to $0.44
lfirek: raises $0.31 to $0.75
pikasiki: raises $1.21 to $1.96 and is all-in
lfirek: calls $0.51 and is all-in
Uncalled bet ($0.70) returned to pikasiki
*** RIVER *** [6h Ac Qh Qd] [Td]
*** SHOW DOWN ***
pikasiki: shows [Jc Qc] (three of a kind, Queens)
lfirek: shows [6c As] (two pair, Aces and Queens)
pikasiki collected $2.62 from pot
*** SUMMARY ***
Total pot $2.71 | Rake $0.09 
Board [6h Ac Qh Qd Td]
Seat 2: lfirek (button) showed [6c As] and lost with two pair, Aces and Queens
Seat 4: LuckyGranpa (small blind) folded before Flop
Seat 5: Cassidaigne (big blind) folded before Flop
Seat 6: wally1954 folded before Flop (didn't bet)
Seat 7: Dorex2007 folded before Flop (didn't bet)
Seat 8: YuriToffees folded before Flop (didn't bet)
Seat 9: pikasiki showed [Jc Qc] and won ($2.62) with three of a kind, Queens



PokerStars Hand #227917586972:  Hold'em No Limit ($0.01/$0.02 USD) - 2021/06/28 14:38:03 PT [2021/06/28 17:38:03 ET]
Table 'Massinga III' 9-max Seat #4 is the button
Seat 4: LuckyGranpa ($0.86 in chips) 
Seat 5: Cassidaigne ($3.21 in chips) 
Seat 7: Dorex2007 ($2.02 in chips) 
Seat 8: YuriToffees ($0.58 in chips) 
Seat 9: pikasiki ($3.32 in chips) 
Cassidaigne: posts small blind $0.01
Dorex2007: posts big blind $0.02
Barney Met: sits out 
*** HOLE CARDS ***
Dealt to Dorex2007 [6h Ts]
YuriToffees: folds 
pikasiki: folds 
LuckyGranpa: folds 
lfirek leaves the table
Cassidaigne: calls $0.01
Dorex2007: checks 
*** FLOP *** [Ad Tc 4s]
Cassidaigne: bets $0.02
Dorex2007: calls $0.02
*** TURN *** [Ad Tc 4s] [3d]
Cassidaigne: bets $0.08
Dorex2007: folds 
Uncalled bet ($0.08) returned to Cassidaigne
Cassidaigne collected $0.08 from pot
Cassidaigne: doesn't show hand 
*** SUMMARY ***
Total pot $0.08 | Rake $0 
Board [Ad Tc 4s 3d]
Seat 4: LuckyGranpa (button) folded before Flop (didn't bet)
Seat 5: Cassidaigne (small blind) collected ($0.08)
Seat 7: Dorex2007 (big blind) folded on the Turn
Seat 8: YuriToffees folded before Flop (didn't bet)
Seat 9: pikasiki folded before Flop (didn't bet)



PokerStars Hand #227917598521:  Hold'em No Limit ($0.01/$0.02 USD) - 2021/06/28 14:38:38 PT [2021/06/28 17:38:38 ET]
Table 'Massinga III' 9-max Seat #5 is the button
Seat 4: LuckyGranpa ($0.86 in chips) 
Seat 5: Cassidaigne ($3.25 in chips) 
Seat 7: Dorex2007 ($1.98 in chips) 
Seat 8: YuriToffees ($0.58 in chips) 
Seat 9: pikasiki ($3.32 in chips) 
Dorex2007: posts small blind $0.01
YuriToffees: posts big blind $0.02
Barney Met: sits out 
*** HOLE CARDS ***
Dealt to Dorex2007 [Ac Ks]
pikasiki: calls $0.02
LuckyGranpa: folds 
Cassidaigne: raises $0.04 to $0.06
Dorex2007: calls $0.05
YuriToffees: folds 
pikasiki: calls $0.04
*** FLOP *** [5s 8d Ad]
DAMAGER99 joins the table at seat #2 
Dorex2007: bets $0.06
pikasiki: folds 
Cassidaigne: calls $0.06
*** TURN *** [5s 8d Ad] [Tc]
Dorex2007: bets $0.31
Cassidaigne: folds 
Uncalled bet ($0.31) returned to Dorex2007
Dorex2007 collected $0.31 from pot
Dorex2007: doesn't show hand 
*** SUMMARY ***
Total pot $0.32 | Rake $0.01 
Board [5s 8d Ad Tc]
Seat 4: LuckyGranpa folded before Flop (didn't bet)
Seat 5: Cassidaigne (button) folded on the Turn
Seat 7: Dorex2007 (small blind) collected ($0.31)
Seat 8: YuriToffees (big blind) folded before Flop
Seat 9: pikasiki folded on the Flop



PokerStars Hand #227917621510:  Hold'em No Limit ($0.01/$0.02 USD) - 2021/06/28 14:39:47 PT [2021/06/28 17:39:47 ET]
Table 'Massinga III' 9-max Seat #7 is the button
Seat 4: LuckyGranpa ($0.86 in chips) 
Seat 5: Cassidaigne ($3.13 in chips) 
Seat 6: wally1954 ($1.65 in chips) 
Seat 7: Dorex2007 ($2.17 in chips) 
Seat 8: YuriToffees ($0.56 in chips) 
Seat 9: pikasiki ($3.26 in chips) 
YuriToffees: posts small blind $0.01
pikasiki: posts big blind $0.02
Barney Met: sits out 
DAMAGER99: sits out 
wally1954: posts small & big blinds $0.03
*** HOLE CARDS ***
Dealt to Dorex2007 [3d 3c]
LuckyGranpa: folds 
Cassidaigne: folds 
wally1954: checks 
Dorex2007: calls $0.02
YuriToffees: folds 
pikasiki: checks 
*** FLOP *** [9s 9d 6c]
pikasiki: checks 
wally1954: checks 
Dorex2007: checks 
*** TURN *** [9s 9d 6c] [9c]
pikasiki: checks 
wally1954: checks 
Dorex2007: bets $0.08
pikasiki: folds 
wally1954: folds 
Uncalled bet ($0.08) returned to Dorex2007
Dorex2007 collected $0.08 from pot
Dorex2007: doesn't show hand 
*** SUMMARY ***
Total pot $0.08 | Rake $0 
Board [9s 9d 6c 9c]
Seat 4: LuckyGranpa folded before Flop (didn't bet)
Seat 5: Cassidaigne folded before Flop (didn't bet)
Seat 6: wally1954 folded on the Turn (didn't bet)
Seat 7: Dorex2007 (button) collected ($0.08)
Seat 8: YuriToffees (small blind) folded before Flop
Seat 9: pikasiki (big blind) folded on the Turn



PokerStars Hand #227917643131:  Hold'em No Limit ($0.01/$0.02 USD) - 2021/06/28 14:40:53 PT [2021/06/28 17:40:53 ET]
Table 'Massinga III' 9-max Seat #8 is the button
Seat 1: Barney Met ($2.52 in chips) 
Seat 4: LuckyGranpa ($0.86 in chips) 
Seat 5: Cassidaigne ($3.13 in chips) 
Seat 6: wally1954 ($1.62 in chips) 
Seat 7: Dorex2007 ($2.23 in chips) 
Seat 8: YuriToffees ($0.55 in chips) 
Seat 9: pikasiki ($3.24 in chips) 
pikasiki: posts small blind $0.01
Barney Met: posts big blind $0.02
DAMAGER99: sits out 
*** HOLE CARDS ***
Dealt to Dorex2007 [Ah As]
LuckyGranpa: folds 
Cassidaigne: raises $0.04 to $0.06
wally1954: folds 
Dorex2007: calls $0.06
YuriToffees: folds 
pikasiki: calls $0.05
Barney Met: folds 
*** FLOP *** [Kd 3h 7d]
YuriToffees leaves the table
pikasiki: checks 
Cassidaigne: checks 
Dorex2007: bets $0.06
pikasiki: folds 
Cassidaigne: calls $0.06
*** TURN *** [Kd 3h 7d] [4d]
Cassidaigne: checks 
Dorex2007: checks 
*** RIVER *** [Kd 3h 7d 4d] [5s]
Cassidaigne: checks 
Dorex2007: checks 
*** SHOW DOWN ***
Cassidaigne: shows [Ad Th] (high card Ace)
Dorex2007: shows [Ah As] (a pair of Aces)
Dorex2007 collected $0.31 from pot
*** SUMMARY ***
Total pot $0.32 | Rake $0.01 
Board [Kd 3h 7d 4d 5s]
Seat 1: Barney Met (big blind) folded before Flop
Seat 4: LuckyGranpa folded before Flop (didn't bet)
Seat 5: Cassidaigne showed [Ad Th] and lost with high card Ace
Seat 6: wally1954 folded before Flop (didn't bet)
Seat 7: Dorex2007 showed [Ah As] and won ($0.31) with a pair of Aces
Seat 8: YuriToffees (button) folded before Flop (didn't bet)
Seat 9: pikasiki (small blind) folded on the Flop



PokerStars Hand #227917660546:  Hold'em No Limit ($0.01/$0.02 USD) - 2021/06/28 14:41:47 PT [2021/06/28 17:41:47 ET]
Table 'Massinga III' 9-max Seat #9 is the button
Seat 1: Barney Met ($2.50 in chips) 
Seat 2: DAMAGER99 ($2 in chips) 
Seat 4: LuckyGranpa ($0.86 in chips) 
Seat 5: Cassidaigne ($3.01 in chips) 
Seat 6: wally1954 ($1.62 in chips) 
Seat 7: Dorex2007 ($2.42 in chips) 
Seat 9: pikasiki ($3.18 in chips) 
Barney Met: posts small blind $0.01
DAMAGER99: posts big blind $0.02
*** HOLE CARDS ***
Dealt to Dorex2007 [Qh 9d]
LuckyGranpa: folds 
Cassidaigne: folds 
wally1954: folds 
Dorex2007: folds 
pikasiki: folds 
Barney Met: raises $0.02 to $0.04
DAMAGER99: folds 
Uncalled bet ($0.02) returned to Barney Met
Barney Met collected $0.04 from pot
Barney Met: doesn't show hand 
*** SUMMARY ***
Total pot $0.04 | Rake $0 
Seat 1: Barney Met (small blind) collected ($0.04)
Seat 2: DAMAGER99 (big blind) folded before Flop
Seat 4: LuckyGranpa folded before Flop (didn't bet)
Seat 5: Cassidaigne folded before Flop (didn't bet)
Seat 6: wally1954 folded before Flop (didn't bet)
Seat 7: Dorex2007 folded before Flop (didn't bet)
Seat 9: pikasiki (button) folded before Flop (didn't bet)



PokerStars Hand #227917669386:  Hold'em No Limit ($0.01/$0.02 USD) - 2021/06/28 14:42:14 PT [2021/06/28 17:42:14 ET]
Table 'Massinga III' 9-max Seat #1 is the button
Seat 1: Barney Met ($2.52 in chips) 
Seat 2: DAMAGER99 ($1.98 in chips) 
Seat 4: LuckyGranpa ($0.86 in chips) 
Seat 5: Cassidaigne ($3.01 in chips) 
Seat 6: wally1954 ($1.62 in chips) 
Seat 7: Dorex2007 ($2.42 in chips) 
Seat 9: pikasiki ($3.18 in chips) 
DAMAGER99: posts small blind $0.01
LuckyGranpa: posts big blind $0.02
*** HOLE CARDS ***
Dealt to Dorex2007 [Jd Kd]
Cassidaigne: folds 
wally1954: folds 
Dorex2007: calls $0.02
pikasiki has timed out
pikasiki: folds 
Barney Met has timed out
Barney Met: folds 
DAMAGER99: folds 
LuckyGranpa: checks 
*** FLOP *** [8d 9s 3s]
LuckyGranpa: checks 
Dorex2007: bets $0.05
LuckyGranpa: calls $0.05
*** TURN *** [8d 9s 3s] [Ts]
LuckyGranpa: checks 
Dorex2007: checks 
*** RIVER *** [8d 9s 3s Ts] [9d]
LuckyGranpa: bets $0.07
Dorex2007: folds 
Uncalled bet ($0.07) returned to LuckyGranpa
LuckyGranpa collected $0.14 from pot
cristi26an leaves the table
LuckyGranpa: doesn't show hand 
*** SUMMARY ***
Total pot $0.15 | Rake $0.01 
Board [8d 9s 3s Ts 9d]
Seat 1: Barney Met (button) folded before Flop (didn't bet)
Seat 2: DAMAGER99 (small blind) folded before Flop
Seat 4: LuckyGranpa (big blind) collected ($0.14)
Seat 5: Cassidaigne folded before Flop (didn't bet)
Seat 6: wally1954 folded before Flop (didn't bet)
Seat 7: Dorex2007 folded on the River
Seat 9: pikasiki folded before Flop (didn't bet)



PokerStars Hand #227917687678:  Hold'em No Limit ($0.01/$0.02 USD) - 2021/06/28 14:43:11 PT [2021/06/28 17:43:11 ET]
Table 'Massinga III' 9-max Seat #2 is the button
Seat 1: Barney Met ($2.52 in chips) 
Seat 2: DAMAGER99 ($1.97 in chips) 
Seat 4: LuckyGranpa ($0.93 in chips) 
Seat 5: Cassidaigne ($3.01 in chips) 
Seat 6: wally1954 ($1.62 in chips) 
Seat 7: Dorex2007 ($2.35 in chips) 
Seat 9: pikasiki ($3.18 in chips) 
LuckyGranpa: posts small blind $0.01
Cassidaigne: posts big blind $0.02
*** HOLE CARDS ***
Dealt to Dorex2007 [Ac Jh]
wally1954: folds 
Dorex2007: raises $0.02 to $0.04
pikasiki: calls $0.04
Barney Met: folds 
DAMAGER99: folds 
LuckyGranpa: folds 
Cassidaigne: folds 
*** FLOP *** [5h Qc 8h]
Dorex2007: checks 
pikasiki: bets $0.02
Dorex2007: calls $0.02
*** TURN *** [5h Qc 8h] [Th]
Dorex2007: bets $0.14
pikasiki: folds 
Uncalled bet ($0.14) returned to Dorex2007
Dorex2007 collected $0.14 from pot
Dorex2007: doesn't show hand 
*** SUMMARY ***
Total pot $0.15 | Rake $0.01 
Board [5h Qc 8h Th]
Seat 1: Barney Met folded before Flop (didn't bet)
Seat 2: DAMAGER99 (button) folded before Flop (didn't bet)
Seat 4: LuckyGranpa (small blind) folded before Flop
Seat 5: Cassidaigne (big blind) folded before Flop
Seat 6: wally1954 folded before Flop (didn't bet)
Seat 7: Dorex2007 collected ($0.14)
Seat 9: pikasiki folded on the Turn



PokerStars Hand #227917702114:  Hold'em No Limit ($0.01/$0.02 USD) - 2021/06/28 14:43:57 PT [2021/06/28 17:43:57 ET]
Table 'Massinga III' 9-max Seat #4 is the button
Seat 1: Barney Met ($2.52 in chips) 
Seat 2: DAMAGER99 ($1.97 in chips) 
Seat 4: LuckyGranpa ($0.92 in chips) 
Seat 5: Cassidaigne ($2.99 in chips) 
Seat 6: wally1954 ($1.62 in chips) 
Seat 7: Dorex2007 ($2.43 in chips) 
Seat 9: pikasiki ($3.12 in chips) 
Cassidaigne: posts small blind $0.01
wally1954: posts big blind $0.02
*** HOLE CARDS ***
Dealt to Dorex2007 [8d Ah]
Dorex2007: folds 
pikasiki has timed out
pikasiki: folds 
Barney Met: raises $0.04 to $0.06
DAMAGER99: folds 
LuckyGranpa: folds 
Cassidaigne: folds 
wally1954: calls $0.04
*** FLOP *** [6c 4s Td]
wally1954: checks 
Barney Met: bets $0.07
wally1954: folds 
Uncalled bet ($0.07) returned to Barney Met
Barney Met collected $0.13 from pot
Barney Met: doesn't show hand 
*** SUMMARY ***
Total pot $0.13 | Rake $0 
Board [6c 4s Td]
Seat 1: Barney Met collected ($0.13)
Seat 2: DAMAGER99 folded before Flop (didn't bet)
Seat 4: LuckyGranpa (button) folded before Flop (didn't bet)
Seat 5: Cassidaigne (small blind) folded before Flop
Seat 6: wally1954 (big blind) folded on the Flop
Seat 7: Dorex2007 folded before Flop (didn't bet)
Seat 9: pikasiki folded before Flop (didn't bet)



PokerStars Hand #227917716926:  Hold'em No Limit ($0.01/$0.02 USD) - 2021/06/28 14:44:44 PT [2021/06/28 17:44:44 ET]
Table 'Massinga III' 9-max Seat #5 is the button
Seat 1: Barney Met ($2.59 in chips) 
Seat 2: DAMAGER99 ($1.97 in chips) 
Seat 4: LuckyGranpa ($0.92 in chips) 
Seat 5: Cassidaigne ($2.98 in chips) 
Seat 6: wally1954 ($1.56 in chips) 
Seat 7: Dorex2007 ($2.43 in chips) 
Seat 9: pikasiki ($3.12 in chips) 
wally1954: posts small blind $0.01
Dorex2007: posts big blind $0.02
*** HOLE CARDS ***
Dealt to Dorex2007 [8c 2h]
pikasiki: folds 
Barney Met: folds 
DAMAGER99: folds 
LuckyGranpa: raises $0.02 to $0.04
Cassidaigne: calls $0.04
wally1954: folds 
Dorex2007: folds 
*** FLOP *** [3d 7d Ac]
LuckyGranpa: checks 
Cassidaigne: checks 
*** TURN *** [3d 7d Ac] [Jc]
LuckyGranpa: checks 
Cassidaigne: checks 
*** RIVER *** [3d 7d Ac Jc] [4s]
LuckyGranpa: checks 
Cassidaigne: bets $0.02
LuckyGranpa: calls $0.02
*** SHOW DOWN ***
Cassidaigne: shows [Ks 7h] (a pair of Sevens)
LuckyGranpa: mucks hand 
Cassidaigne collected $0.14 from pot
*** SUMMARY ***
Total pot $0.15 | Rake $0.01 
Board [3d 7d Ac Jc 4s]
Seat 1: Barney Met folded before Flop (didn't bet)
Seat 2: DAMAGER99 folded before Flop (didn't bet)
Seat 4: LuckyGranpa mucked [Kd Tc]
Seat 5: Cassidaigne (button) showed [Ks 7h] and won ($0.14) with a pair of Sevens
Seat 6: wally1954 (small blind) folded before Flop
Seat 7: Dorex2007 (big blind) folded before Flop
Seat 9: pikasiki folded before Flop (didn't bet)



PokerStars Hand #227917728853:  Hold'em No Limit ($0.01/$0.02 USD) - 2021/06/28 14:45:24 PT [2021/06/28 17:45:24 ET]
Table 'Massinga III' 9-max Seat #6 is the button
Seat 1: Barney Met ($2.59 in chips) 
Seat 2: DAMAGER99 ($1.97 in chips) 
Seat 4: LuckyGranpa ($0.86 in chips) 
Seat 5: Cassidaigne ($3.06 in chips) 
Seat 6: wally1954 ($1.55 in chips) 
Seat 7: Dorex2007 ($2.41 in chips) 
Seat 9: pikasiki ($3.12 in chips) 
Dorex2007: posts small blind $0.01
pikasiki: posts big blind $0.02
*** HOLE CARDS ***
Dealt to Dorex2007 [6d Qc]
Barney Met: folds 
DAMAGER99: folds 
LuckyGranpa: folds 
Cassidaigne: folds 
wally1954: calls $0.02
viejoperro44 joins the table at seat #3 
Dorex2007: folds 
pikasiki: checks 
*** FLOP *** [Ad 3h 4h]
pikasiki: bets $3.10 and is all-in
wally1954: folds 
Uncalled bet ($3.10) returned to pikasiki
pikasiki collected $0.05 from pot
pikasiki: doesn't show hand 
*** SUMMARY ***
Total pot $0.05 | Rake $0 
Board [Ad 3h 4h]
Seat 1: Barney Met folded before Flop (didn't bet)
Seat 2: DAMAGER99 folded before Flop (didn't bet)
Seat 4: LuckyGranpa folded before Flop (didn't bet)
Seat 5: Cassidaigne folded before Flop (didn't bet)
Seat 6: wally1954 (button) folded on the Flop
Seat 7: Dorex2007 (small blind) folded before Flop
Seat 9: pikasiki (big blind) collected ($0.05)



PokerStars Hand #227917753200:  Hold'em No Limit ($0.01/$0.02 USD) - 2021/06/28 14:46:14 PT [2021/06/28 17:46:14 ET]
Table 'Massinga III' 9-max Seat #7 is the button
Seat 1: Barney Met ($2.59 in chips) 
Seat 2: DAMAGER99 ($1.97 in chips) 
Seat 4: LuckyGranpa ($0.86 in chips) 
Seat 5: Cassidaigne ($3.06 in chips) 
Seat 6: wally1954 ($1.53 in chips) 
Seat 7: Dorex2007 ($2.40 in chips) 
Seat 9: pikasiki ($3.15 in chips) 
pikasiki: posts small blind $0.01
Barney Met: posts big blind $0.02
viejoperro44: sits out 
*** HOLE CARDS ***
Dealt to Dorex2007 [As Qs]
DAMAGER99: folds 
LuckyGranpa: folds 
Cassidaigne: folds 
wally1954: folds 
saneti joins the table at seat #8 
Dorex2007: raises $0.04 to $0.06
pikasiki: folds 
Barney Met: folds 
Uncalled bet ($0.04) returned to Dorex2007
Dorex2007 collected $0.05 from pot
Dorex2007: doesn't show hand 
*** SUMMARY ***
Total pot $0.05 | Rake $0 
Seat 1: Barney Met (big blind) folded before Flop
Seat 2: DAMAGER99 folded before Flop (didn't bet)
Seat 4: LuckyGranpa folded before Flop (didn't bet)
Seat 5: Cassidaigne folded before Flop (didn't bet)
Seat 6: wally1954 folded before Flop (didn't bet)
Seat 7: Dorex2007 (button) collected ($0.05)
Seat 9: pikasiki (small blind) folded before Flop



PokerStars Hand #227917764692:  Hold'em No Limit ($0.01/$0.02 USD) - 2021/06/28 14:46:52 PT [2021/06/28 17:46:52 ET]
Table 'Massinga III' 9-max Seat #9 is the button
Seat 1: Barney Met ($2.57 in chips) 
Seat 2: DAMAGER99 ($1.97 in chips) 
Seat 4: LuckyGranpa ($0.86 in chips) 
Seat 5: Cassidaigne ($3.06 in chips) 
Seat 6: wally1954 ($1.53 in chips) 
Seat 7: Dorex2007 ($2.43 in chips) 
Seat 8: saneti ($1.76 in chips) 
Seat 9: pikasiki ($3.14 in chips) 
Barney Met: posts small blind $0.01
DAMAGER99: posts big blind $0.02
viejoperro44: sits out 
saneti: posts big blind $0.02
*** HOLE CARDS ***
Dealt to Dorex2007 [8d Th]
LuckyGranpa: folds 
Cassidaigne has timed out
Cassidaigne: folds 
wally1954: folds 
Dorex2007: folds 
saneti: raises $0.05 to $0.07
pikasiki: folds 
Barney Met: folds 
DAMAGER99: folds 
Uncalled bet ($0.05) returned to saneti
saneti collected $0.05 from pot
saneti: doesn't show hand 
*** SUMMARY ***
Total pot $0.05 | Rake $0 
Seat 1: Barney Met (small blind) folded before Flop
Seat 2: DAMAGER99 (big blind) folded before Flop
Seat 4: LuckyGranpa folded before Flop (didn't bet)
Seat 5: Cassidaigne folded before Flop (didn't bet)
Seat 6: wally1954 folded before Flop (didn't bet)
Seat 7: Dorex2007 folded before Flop (didn't bet)
Seat 8: saneti collected ($0.05)
Seat 9: pikasiki (button) folded before Flop (didn't bet)



PokerStars Hand #227917774896:  Hold'em No Limit ($0.01/$0.02 USD) - 2021/06/28 14:47:25 PT [2021/06/28 17:47:25 ET]
Table 'Massinga III' 9-max Seat #1 is the button
Seat 1: Barney Met ($2.56 in chips) 
Seat 2: DAMAGER99 ($1.95 in chips) 
Seat 3: viejoperro44 ($2 in chips) 
Seat 4: LuckyGranpa ($0.86 in chips) 
Seat 5: Cassidaigne ($3.06 in chips) 
Seat 6: wally1954 ($1.53 in chips) 
Seat 7: Dorex2007 ($2.43 in chips) 
Seat 8: saneti ($1.79 in chips) 
Seat 9: pikasiki ($3.14 in chips) 
DAMAGER99: posts small blind $0.01
viejoperro44: posts big blind $0.02
*** HOLE CARDS ***
Dealt to Dorex2007 [8d 4d]
LuckyGranpa: folds 
Cassidaigne: folds 
LuckyGranpa leaves the table
wally1954: folds 
Dorex2007: folds 
saneti: calls $0.02
pikasiki: calls $0.02
Barney Met: folds 
DAMAGER99: calls $0.01
viejoperro44: checks 
*** FLOP *** [Th 2s 5d]
DAMAGER99: checks 
viejoperro44: checks 
saneti: checks 
pikasiki: bets $0.02
DAMAGER99: calls $0.02
viejoperro44: folds 
saneti: raises $0.14 to $0.16
pikasiki: folds 
DAMAGER99: folds 
Uncalled bet ($0.14) returned to saneti
saneti collected $0.14 from pot
saneti: doesn't show hand 
*** SUMMARY ***
Total pot $0.14 | Rake $0 
Board [Th 2s 5d]
Seat 1: Barney Met (button) folded before Flop (didn't bet)
Seat 2: DAMAGER99 (small blind) folded on the Flop
Seat 3: viejoperro44 (big blind) folded on the Flop
Seat 4: LuckyGranpa folded before Flop (didn't bet)
Seat 5: Cassidaigne folded before Flop (didn't bet)
Seat 6: wally1954 folded before Flop (didn't bet)
Seat 7: Dorex2007 folded before Flop (didn't bet)
Seat 8: saneti collected ($0.14)
Seat 9: pikasiki folded on the Flop



PokerStars Hand #227917791926:  Hold'em No Limit ($0.01/$0.02 USD) - 2021/06/28 14:48:21 PT [2021/06/28 17:48:21 ET]
Table 'Massinga III' 9-max Seat #2 is the button
Seat 1: Barney Met ($2.56 in chips) 
Seat 2: DAMAGER99 ($1.91 in chips) 
Seat 3: viejoperro44 ($2 in chips) 
Seat 5: Cassidaigne ($3.06 in chips) 
Seat 6: wally1954 ($1.53 in chips) 
Seat 7: Dorex2007 ($2.43 in chips) 
Seat 8: saneti ($1.89 in chips) 
Seat 9: pikasiki ($3.10 in chips) 
viejoperro44: posts small blind $0.01
Cassidaigne: posts big blind $0.02
*** HOLE CARDS ***
Dealt to Dorex2007 [4c 7c]
wally1954: folds 
Dorex2007: folds 
saneti: folds 
pikasiki has timed out
pikasiki: folds 
Barney Met: raises $0.04 to $0.06
DAMAGER99: folds 
viejoperro44: folds 
Cassidaigne: folds 
Uncalled bet ($0.04) returned to Barney Met
Barney Met collected $0.05 from pot
Barney Met: doesn't show hand 
*** SUMMARY ***
Total pot $0.05 | Rake $0 
Seat 1: Barney Met collected ($0.05)
Seat 2: DAMAGER99 (button) folded before Flop (didn't bet)
Seat 3: viejoperro44 (small blind) folded before Flop
Seat 5: Cassidaigne (big blind) folded before Flop
Seat 6: wally1954 folded before Flop (didn't bet)
Seat 7: Dorex2007 folded before Flop (didn't bet)
Seat 8: saneti folded before Flop (didn't bet)
Seat 9: pikasiki folded before Flop (didn't bet)



PokerStars Hand #227917803110:  Hold'em No Limit ($0.01/$0.02 USD) - 2021/06/28 14:48:57 PT [2021/06/28 17:48:57 ET]
Table 'Massinga III' 9-max Seat #3 is the button
Seat 1: Barney Met ($2.59 in chips) 
Seat 2: DAMAGER99 ($1.91 in chips) 
Seat 3: viejoperro44 ($2 in chips) 
Seat 5: Cassidaigne ($3.04 in chips) 
Seat 6: wally1954 ($1.53 in chips) 
Seat 7: Dorex2007 ($2.43 in chips) 
Seat 8: saneti ($1.89 in chips) 
Cassidaigne: posts small blind $0.01
wally1954: posts big blind $0.02
*** HOLE CARDS ***
Dealt to Dorex2007 [4h 2c]
Dorex2007: folds 
saneti: folds 
Barney Met: folds 
DAMAGER99: calls $0.02
viejoperro44: folds 
Cassidaigne: calls $0.01
wally1954: checks 
*** FLOP *** [3d Qd 7s]
Cassidaigne: checks 
wally1954: checks 
YaroslavSound joins the table at seat #4 
DAMAGER99: checks 
*** TURN *** [3d Qd 7s] [3h]
Cassidaigne: checks 
wally1954: checks 
DAMAGER99: checks 
*** RIVER *** [3d Qd 7s 3h] [5s]
Cassidaigne: checks 
wally1954: checks 
DAMAGER99: checks 
*** SHOW DOWN ***
Cassidaigne: shows [Jc 9d] (a pair of Threes)
wally1954: shows [Kh 9c] (a pair of Threes - King kicker)
DAMAGER99: shows [Ah 5h] (two pair, Fives and Threes)
DAMAGER99 collected $0.06 from pot
*** SUMMARY ***
Total pot $0.06 | Rake $0 
Board [3d Qd 7s 3h 5s]
Seat 1: Barney Met folded before Flop (didn't bet)
Seat 2: DAMAGER99 showed [Ah 5h] and won ($0.06) with two pair, Fives and Threes
Seat 3: viejoperro44 (button) folded before Flop (didn't bet)
Seat 5: Cassidaigne (small blind) showed [Jc 9d] and lost with a pair of Threes
Seat 6: wally1954 (big blind) showed [Kh 9c] and lost with a pair of Threes
Seat 7: Dorex2007 folded before Flop (didn't bet)
Seat 8: saneti folded before Flop (didn't bet)



PokerStars Hand #227917825586:  Hold'em No Limit ($0.01/$0.02 USD) - 2021/06/28 14:50:09 PT [2021/06/28 17:50:09 ET]
Table 'Massinga III' 9-max Seat #5 is the button
Seat 1: Barney Met ($2.59 in chips) 
Seat 2: DAMAGER99 ($1.95 in chips) 
Seat 3: viejoperro44 ($2 in chips) 
Seat 4: YaroslavSound ($0.80 in chips) 
Seat 5: Cassidaigne ($3.02 in chips) 
Seat 6: wally1954 ($1.51 in chips) 
Seat 7: Dorex2007 ($2.43 in chips) 
Seat 8: saneti ($1.89 in chips) 
wally1954: posts small blind $0.01
Dorex2007: posts big blind $0.02
YaroslavSound: posts big blind $0.02
*** HOLE CARDS ***
Dealt to Dorex2007 [7s Kd]
saneti: folds 
Barney Met: folds 
DAMAGER99: calls $0.02
viejoperro44: folds 
Barney Met leaves the table
YaroslavSound: checks 
Cassidaigne: folds 
wally1954: calls $0.01
Dorex2007: checks 
*** FLOP *** [2s 8c 2d]
wally1954: checks 
Dorex2007: checks 
DAMAGER99: checks 
YaroslavSound: checks 
*** TURN *** [2s 8c 2d] [Qh]
wally1954: bets $0.08
Dorex2007: folds 
DAMAGER99: folds 
YaroslavSound: folds 
Uncalled bet ($0.08) returned to wally1954
wally1954 collected $0.08 from pot
wally1954: doesn't show hand 
*** SUMMARY ***
Total pot $0.08 | Rake $0 
Board [2s 8c 2d Qh]
Seat 1: Barney Met folded before Flop (didn't bet)
Seat 2: DAMAGER99 folded on the Turn
Seat 3: viejoperro44 folded before Flop (didn't bet)
Seat 4: YaroslavSound folded on the Turn (didn't bet)
Seat 5: Cassidaigne (button) folded before Flop (didn't bet)
Seat 6: wally1954 (small blind) collected ($0.08)
Seat 7: Dorex2007 (big blind) folded on the Turn
Seat 8: saneti folded before Flop (didn't bet)



PokerStars Hand #227917854175:  Hold'em No Limit ($0.01/$0.02 USD) - 2021/06/28 14:51:09 PT [2021/06/28 17:51:09 ET]
Table 'Massinga III' 9-max Seat #6 is the button
Seat 2: DAMAGER99 ($1.93 in chips) 
Seat 3: viejoperro44 ($2 in chips) 
Seat 4: YaroslavSound ($0.78 in chips) 
Seat 5: Cassidaigne ($3.02 in chips) 
Seat 6: wally1954 ($1.57 in chips) 
Seat 7: Dorex2007 ($2.41 in chips) 
Seat 8: saneti ($1.89 in chips) 
Dorex2007: posts small blind $0.01
saneti: posts big blind $0.02
*** HOLE CARDS ***
Dealt to Dorex2007 [4d 4s]
DAMAGER99: folds 
viejoperro44: raises $0.02 to $0.04
YaroslavSound: raises $0.02 to $0.06
Cassidaigne: folds 
qw303 joins the table at seat #1 
wally1954: folds 
Dorex2007: calls $0.05
saneti: folds 
viejoperro44: calls $0.02
*** FLOP *** [Jh Tc 4c]
Dorex2007: checks 
viejoperro44: checks 
YaroslavSound: bets $0.10
Dorex2007: calls $0.10
viejoperro44: calls $0.10
*** TURN *** [Jh Tc 4c] [Ah]
Dorex2007: checks 
viejoperro44: checks 
YaroslavSound: checks 
*** RIVER *** [Jh Tc 4c Ah] [7d]
Dorex2007: bets $0.48
viejoperro44: raises $0.48 to $0.96
YaroslavSound: calls $0.62 and is all-in
Dorex2007: calls $0.48
*** SHOW DOWN ***
viejoperro44: shows [Ks Qc] (a straight, Ten to Ace)
Dorex2007: mucks hand 
viejoperro44 collected $0.65 from side pot
YaroslavSound: mucks hand 
viejoperro44 collected $2.28 from main pot
*** SUMMARY ***
Total pot $3.04 Main pot $2.28. Side pot $0.65. | Rake $0.11 
Board [Jh Tc 4c Ah 7d]
Seat 2: DAMAGER99 folded before Flop (didn't bet)
Seat 3: viejoperro44 showed [Ks Qc] and won ($2.93) with a straight, Ten to Ace
Seat 4: YaroslavSound mucked [Qh Qd]
Seat 5: Cassidaigne folded before Flop (didn't bet)
Seat 6: wally1954 (button) folded before Flop (didn't bet)
Seat 7: Dorex2007 (small blind) mucked [4d 4s]
Seat 8: saneti (big blind) folded before Flop



PokerStars Hand #227917882974:  Hold'em No Limit ($0.01/$0.02 USD) - 2021/06/28 14:52:38 PT [2021/06/28 17:52:38 ET]
Table 'Massinga III' 9-max Seat #7 is the button
Seat 2: DAMAGER99 ($1.93 in chips) 
Seat 3: viejoperro44 ($3.81 in chips) 
Seat 5: Cassidaigne ($3.02 in chips) 
Seat 6: wally1954 ($1.57 in chips) 
Seat 7: Dorex2007 ($2 in chips) 
Seat 8: saneti ($1.87 in chips) 
Seat 9: pikasiki ($3.10 in chips) 
saneti: posts small blind $0.01
pikasiki: posts big blind $0.02
qw303: sits out 
*** HOLE CARDS ***
Dealt to Dorex2007 [3d 9s]
DAMAGER99: folds 
viejoperro44: folds 
Cassidaigne: folds 
wally1954: folds 
Dorex2007: folds 
saneti: calls $0.01
pikasiki: checks 
*** FLOP *** [7s 8d 5d]
saneti: checks 
pikasiki: checks 
*** TURN *** [7s 8d 5d] [Ah]
saneti: checks 
pikasiki: checks 
*** RIVER *** [7s 8d 5d Ah] [5h]
saneti: checks 
Dorex2007 said, "nice first hand !"
pikasiki: checks 
*** SHOW DOWN ***
saneti: shows [Ks Qh] (a pair of Fives)
pikasiki: mucks hand 
saneti collected $0.04 from pot
*** SUMMARY ***
Total pot $0.04 | Rake $0 
Board [7s 8d 5d Ah 5h]
Seat 2: DAMAGER99 folded before Flop (didn't bet)
Seat 3: viejoperro44 folded before Flop (didn't bet)
Seat 5: Cassidaigne folded before Flop (didn't bet)
Seat 6: wally1954 folded before Flop (didn't bet)
Seat 7: Dorex2007 (button) folded before Flop (didn't bet)
Seat 8: saneti (small blind) showed [Ks Qh] and won ($0.04) with a pair of Fives
Seat 9: pikasiki (big blind) mucked [Kc 9d]



PokerStars Hand #227917900804:  Hold'em No Limit ($0.01/$0.02 USD) - 2021/06/28 14:53:32 PT [2021/06/28 17:53:32 ET]
Table 'Massinga III' 9-max Seat #8 is the button
Seat 1: qw303 ($2 in chips) 
Seat 2: DAMAGER99 ($1.93 in chips) 
Seat 3: viejoperro44 ($3.81 in chips) 
Seat 4: YaroslavSound ($0.80 in chips) 
Seat 5: Cassidaigne ($3.02 in chips) 
Seat 6: wally1954 ($1.57 in chips) 
Seat 7: Dorex2007 ($2 in chips) 
Seat 8: saneti ($1.89 in chips) 
Seat 9: pikasiki ($3.08 in chips) 
pikasiki: posts small blind $0.01
qw303: posts big blind $0.02
*** HOLE CARDS ***
Dealt to Dorex2007 [Ah Qd]
DAMAGER99 has timed out
DAMAGER99: folds 
viejoperro44: folds 
YaroslavSound: calls $0.02
Cassidaigne: folds 
wally1954: folds 
Dorex2007: raises $0.04 to $0.06
saneti: folds 
pikasiki: folds 
qw303: folds 
YaroslavSound: calls $0.04
*** FLOP *** [2h 5h 4d]
YaroslavSound: checks 
Dorex2007: checks 
*** TURN *** [2h 5h 4d] [Jc]
Cassidaigne leaves the table
YaroslavSound: checks 
Dorex2007: checks 
*** RIVER *** [2h 5h 4d Jc] [Td]
YaroslavSound: checks 
Dorex2007: checks 
*** SHOW DOWN ***
YaroslavSound: shows [Ks 8s] (high card King)
Dorex2007: shows [Ah Qd] (high card Ace)
Dorex2007 collected $0.14 from pot
*** SUMMARY ***
Total pot $0.15 | Rake $0.01 
Board [2h 5h 4d Jc Td]
Seat 1: qw303 (big blind) folded before Flop
Seat 2: DAMAGER99 folded before Flop (didn't bet)
Seat 3: viejoperro44 folded before Flop (didn't bet)
Seat 4: YaroslavSound showed [Ks 8s] and lost with high card King
Seat 5: Cassidaigne folded before Flop (didn't bet)
Seat 6: wally1954 folded before Flop (didn't bet)
Seat 7: Dorex2007 showed [Ah Qd] and won ($0.14) with high card Ace
Seat 8: saneti (button) folded before Flop (didn't bet)
Seat 9: pikasiki (small blind) folded before Flop



PokerStars Hand #227917919725:  Hold'em No Limit ($0.01/$0.02 USD) - 2021/06/28 14:54:29 PT [2021/06/28 17:54:29 ET]
Table 'Massinga III' 9-max Seat #9 is the button
Seat 1: qw303 ($2 in chips) 
Seat 2: DAMAGER99 ($1.93 in chips) 
Seat 3: viejoperro44 ($3.81 in chips) 
Seat 4: YaroslavSound ($0.74 in chips) 
Seat 6: wally1954 ($1.57 in chips) 
Seat 7: Dorex2007 ($2.08 in chips) 
Seat 8: saneti ($1.89 in chips) 
Seat 9: pikasiki ($3.07 in chips) 
qw303: posts small blind $0.01
DAMAGER99: posts big blind $0.02
*** HOLE CARDS ***
Dealt to Dorex2007 [9d 7c]
viejoperro44: folds 
YaroslavSound: calls $0.02
wally1954: calls $0.02
Dorex2007: folds 
saneti: folds 
pikasiki: calls $0.02
qw303: folds 
DAMAGER99: checks 
*** FLOP *** [Ts 2d 2h]
DAMAGER99: checks 
YaroslavSound: checks 
wally1954: checks 
fl0ri5_1977 joins the table at seat #5 
pikasiki: checks 
*** TURN *** [Ts 2d 2h] [5h]
DAMAGER99: checks 
YaroslavSound: checks 
wally1954: checks 
pikasiki: checks 
*** RIVER *** [Ts 2d 2h 5h] [Js]
DAMAGER99: checks 
YaroslavSound: bets $0.02
wally1954: folds 
pikasiki: folds 
DAMAGER99: calls $0.02
*** SHOW DOWN ***
YaroslavSound: shows [3s Tc] (two pair, Tens and Deuces)
DAMAGER99: shows [Jh 4c] (two pair, Jacks and Deuces)
DAMAGER99 collected $0.13 from pot
*** SUMMARY ***
Total pot $0.13 | Rake $0 
Board [Ts 2d 2h 5h Js]
Seat 1: qw303 (small blind) folded before Flop
Seat 2: DAMAGER99 (big blind) showed [Jh 4c] and won ($0.13) with two pair, Jacks and Deuces
Seat 3: viejoperro44 folded before Flop (didn't bet)
Seat 4: YaroslavSound showed [3s Tc] and lost with two pair, Tens and Deuces
Seat 6: wally1954 folded on the River
Seat 7: Dorex2007 folded before Flop (didn't bet)
Seat 8: saneti folded before Flop (didn't bet)
Seat 9: pikasiki (button) folded on the River



PokerStars Hand #227917942972:  Hold'em No Limit ($0.01/$0.02 USD) - 2021/06/28 14:55:39 PT [2021/06/28 17:55:39 ET]
Table 'Massinga III' 9-max Seat #1 is the button
Seat 1: qw303 ($2 in chips) 
Seat 2: DAMAGER99 ($2.02 in chips) 
Seat 3: viejoperro44 ($3.81 in chips) 
Seat 4: YaroslavSound ($0.70 in chips) 
Seat 5: fl0ri5_1977 ($0.80 in chips) 
Seat 6: wally1954 ($1.55 in chips) 
Seat 7: Dorex2007 ($2.08 in chips) 
Seat 8: saneti ($1.89 in chips) 
Seat 9: pikasiki ($3.05 in chips) 
DAMAGER99: posts small blind $0.01
viejoperro44: posts big blind $0.02
fl0ri5_1977: posts big blind $0.02
*** HOLE CARDS ***
Dealt to Dorex2007 [Jh 7c]
YaroslavSound: calls $0.02
fl0ri5_1977: checks 
wally1954: folds 
Dorex2007: folds 
saneti: calls $0.02
pikasiki: calls $0.02
qw303: folds 
DAMAGER99: folds 
viejoperro44: checks 
*** FLOP *** [9c Qh Th]
viejoperro44: checks 
YaroslavSound: checks 
fl0ri5_1977: checks 
saneti: checks 
pikasiki: checks 
*** TURN *** [9c Qh Th] [4s]
viejoperro44: checks 
YaroslavSound: bets $0.02
fl0ri5_1977: calls $0.02
saneti: folds 
pikasiki: folds 
viejoperro44: calls $0.02
*** RIVER *** [9c Qh Th 4s] [9d]
viejoperro44: checks 
YaroslavSound: bets $0.10
fl0ri5_1977: folds 
viejoperro44: folds 
Uncalled bet ($0.10) returned to YaroslavSound
YaroslavSound collected $0.16 from pot
YaroslavSound: doesn't show hand 
*** SUMMARY ***
Total pot $0.17 | Rake $0.01 
Board [9c Qh Th 4s 9d]
Seat 1: qw303 (button) folded before Flop (didn't bet)
Seat 2: DAMAGER99 (small blind) folded before Flop
Seat 3: viejoperro44 (big blind) folded on the River
Seat 4: YaroslavSound collected ($0.16)
Seat 5: fl0ri5_1977 folded on the River
Seat 6: wally1954 folded before Flop (didn't bet)
Seat 7: Dorex2007 folded before Flop (didn't bet)
Seat 8: saneti folded on the Turn
Seat 9: pikasiki folded on the Turn



PokerStars Hand #227917959316:  Hold'em No Limit ($0.01/$0.02 USD) - 2021/06/28 14:56:41 PT [2021/06/28 17:56:41 ET]
Table 'Massinga III' 9-max Seat #2 is the button
Seat 1: qw303 ($2 in chips) 
Seat 2: DAMAGER99 ($2.01 in chips) 
Seat 3: viejoperro44 ($3.77 in chips) 
Seat 4: YaroslavSound ($0.82 in chips) 
Seat 5: fl0ri5_1977 ($0.76 in chips) 
Seat 6: wally1954 ($1.55 in chips) 
Seat 7: Dorex2007 ($2.08 in chips) 
Seat 8: saneti ($1.87 in chips) 
Seat 9: pikasiki ($3.03 in chips) 
viejoperro44: posts small blind $0.01
YaroslavSound: posts big blind $0.02
*** HOLE CARDS ***
Dealt to Dorex2007 [Ks 3d]
fl0ri5_1977: folds 
wally1954: folds 
Dorex2007: folds 
saneti: raises $0.02 to $0.04
pikasiki: folds 
qw303: folds 
DAMAGER99: raises $0.11 to $0.15
viejoperro44: folds 
YaroslavSound: folds 
saneti: folds 
Uncalled bet ($0.11) returned to DAMAGER99
DAMAGER99 collected $0.11 from pot
*** SUMMARY ***
Total pot $0.11 | Rake $0 
Seat 1: qw303 folded before Flop (didn't bet)
Seat 2: DAMAGER99 (button) collected ($0.11)
Seat 3: viejoperro44 (small blind) folded before Flop
Seat 4: YaroslavSound (big blind) folded before Flop
Seat 5: fl0ri5_1977 folded before Flop (didn't bet)
Seat 6: wally1954 folded before Flop (didn't bet)
Seat 7: Dorex2007 folded before Flop (didn't bet)
Seat 8: saneti folded before Flop
Seat 9: pikasiki folded before Flop (didn't bet)



PokerStars Hand #227917968033:  Hold'em No Limit ($0.01/$0.02 USD) - 2021/06/28 14:57:14 PT [2021/06/28 17:57:14 ET]
Table 'Massinga III' 9-max Seat #3 is the button
Seat 1: qw303 ($2 in chips) 
Seat 2: DAMAGER99 ($2.08 in chips) 
Seat 3: viejoperro44 ($3.76 in chips) 
Seat 4: YaroslavSound ($0.80 in chips) 
Seat 5: fl0ri5_1977 ($0.76 in chips) 
Seat 6: wally1954 ($1.55 in chips) 
Seat 7: Dorex2007 ($2.08 in chips) 
Seat 8: saneti ($1.83 in chips) 
Seat 9: pikasiki ($3.03 in chips) 
YaroslavSound: posts small blind $0.01
fl0ri5_1977: posts big blind $0.02
*** HOLE CARDS ***
Dealt to Dorex2007 [Ks 8s]
wally1954: folds 
Dorex2007: folds 
saneti: calls $0.02
pikasiki has timed out
pikasiki: folds 
qw303: folds 
DAMAGER99: folds 
viejoperro44: folds 
YaroslavSound: calls $0.01
fl0ri5_1977: checks 
*** FLOP *** [Qc Js 9c]
YaroslavSound: checks 
fl0ri5_1977: checks 
saneti: bets $0.06
YaroslavSound: folds 
fl0ri5_1977: calls $0.06
*** TURN *** [Qc Js 9c] [3s]
fl0ri5_1977: bets $0.17
saneti: calls $0.17
*** RIVER *** [Qc Js 9c 3s] [3c]
fl0ri5_1977: bets $0.50
saneti: raises $0.50 to $1
fl0ri5_1977: calls $0.01 and is all-in
Uncalled bet ($0.49) returned to saneti
*** SHOW DOWN ***
saneti: shows [5c Kc] (a flush, King high)
fl0ri5_1977: shows [Qh Td] (two pair, Queens and Threes)
saneti collected $1.49 from pot
*** SUMMARY ***
Total pot $1.54 | Rake $0.05 
Board [Qc Js 9c 3s 3c]
Seat 1: qw303 folded before Flop (didn't bet)
Seat 2: DAMAGER99 folded before Flop (didn't bet)
Seat 3: viejoperro44 (button) folded before Flop (didn't bet)
Seat 4: YaroslavSound (small blind) folded on the Flop
Seat 5: fl0ri5_1977 (big blind) showed [Qh Td] and lost with two pair, Queens and Threes
Seat 6: wally1954 folded before Flop (didn't bet)
Seat 7: Dorex2007 folded before Flop (didn't bet)
Seat 8: saneti showed [5c Kc] and won ($1.49) with a flush, King high
Seat 9: pikasiki folded before Flop (didn't bet)



PokerStars Hand #227917986247:  Hold'em No Limit ($0.01/$0.02 USD) - 2021/06/28 14:58:20 PT [2021/06/28 17:58:20 ET]
Table 'Massinga III' 9-max Seat #4 is the button
Seat 1: qw303 ($2 in chips) 
Seat 2: DAMAGER99 ($2.08 in chips) 
Seat 3: viejoperro44 ($3.76 in chips) 
Seat 4: YaroslavSound ($0.78 in chips) 
Seat 6: wally1954 ($1.55 in chips) 
Seat 7: Dorex2007 ($2.08 in chips) 
Seat 8: saneti ($2.56 in chips) 
wally1954: posts small blind $0.01
Dorex2007: posts big blind $0.02
*** HOLE CARDS ***
Dealt to Dorex2007 [As 6s]
fl0ri5_1977 leaves the table
saneti: folds 
qw303: raises $0.04 to $0.06
Pepono101 joins the table at seat #5 
DAMAGER99: folds 
viejoperro44: folds 
YaroslavSound: calls $0.06
wally1954: folds 
Dorex2007: folds 
*** FLOP *** [Qs 7c 2h]
qw303: checks 
YaroslavSound: bets $0.10
qw303: folds 
Uncalled bet ($0.10) returned to YaroslavSound
YaroslavSound collected $0.14 from pot
YaroslavSound: doesn't show hand 
*** SUMMARY ***
Total pot $0.15 | Rake $0.01 
Board [Qs 7c 2h]
Seat 1: qw303 folded on the Flop
Seat 2: DAMAGER99 folded before Flop (didn't bet)
Seat 3: viejoperro44 folded before Flop (didn't bet)
Seat 4: YaroslavSound (button) collected ($0.14)
Seat 6: wally1954 (small blind) folded before Flop
Seat 7: Dorex2007 (big blind) folded before Flop
Seat 8: saneti folded before Flop (didn't bet)



PokerStars Hand #227917997994:  Hold'em No Limit ($0.01/$0.02 USD) - 2021/06/28 14:59:02 PT [2021/06/28 17:59:02 ET]
Table 'Massinga III' 9-max Seat #6 is the button
Seat 1: qw303 ($2 in chips) 
Seat 2: DAMAGER99 ($2.08 in chips) 
Seat 3: viejoperro44 ($3.76 in chips) 
Seat 4: YaroslavSound ($0.86 in chips) 
Seat 5: Pepono101 ($2 in chips) 
Seat 6: wally1954 ($1.54 in chips) 
Seat 7: Dorex2007 ($2.06 in chips) 
Seat 8: saneti ($2.56 in chips) 
Seat 9: pikasiki ($3.03 in chips) 
Dorex2007: posts small blind $0.01
saneti: posts big blind $0.02
Pepono101: posts big blind $0.02
*** HOLE CARDS ***
Dealt to Dorex2007 [Td Qs]
pikasiki: folds 
qw303: folds 
DAMAGER99 has timed out
DAMAGER99: folds 
viejoperro44: folds 
YaroslavSound: calls $0.02
Pepono101: checks 
wally1954: folds 
Dorex2007: folds 
saneti: checks 
*** FLOP *** [Jd 3s Tc]
saneti: checks 
YaroslavSound: checks 
Pepono101: bets $0.03
saneti: folds 
YaroslavSound: folds 
Uncalled bet ($0.03) returned to Pepono101
Pepono101 collected $0.07 from pot
Pepono101: doesn't show hand 
*** SUMMARY ***
Total pot $0.07 | Rake $0 
Board [Jd 3s Tc]
Seat 1: qw303 folded before Flop (didn't bet)
Seat 2: DAMAGER99 folded before Flop (didn't bet)
Seat 3: viejoperro44 folded before Flop (didn't bet)
Seat 4: YaroslavSound folded on the Flop
Seat 5: Pepono101 collected ($0.07)
Seat 6: wally1954 (button) folded before Flop (didn't bet)
Seat 7: Dorex2007 (small blind) folded before Flop
Seat 8: saneti (big blind) folded on the Flop
Seat 9: pikasiki folded before Flop (didn't bet)



PokerStars Hand #227918010265:  Hold'em No Limit ($0.01/$0.02 USD) - 2021/06/28 14:59:47 PT [2021/06/28 17:59:47 ET]
Table 'Massinga III' 9-max Seat #7 is the button
Seat 1: qw303 ($2 in chips) 
Seat 2: DAMAGER99 ($2.08 in chips) 
Seat 3: viejoperro44 ($3.76 in chips) 
Seat 4: YaroslavSound ($0.84 in chips) 
Seat 5: Pepono101 ($2.05 in chips) 
Seat 6: wally1954 ($1.54 in chips) 
Seat 7: Dorex2007 ($2.05 in chips) 
Seat 8: saneti ($2.54 in chips) 
Seat 9: pikasiki ($3.03 in chips) 
saneti: posts small blind $0.01
pikasiki: posts big blind $0.02
*** HOLE CARDS ***
Dealt to Dorex2007 [7c Qs]
qw303: folds 
DAMAGER99: folds 
viejoperro44: raises $0.02 to $0.04
YaroslavSound: calls $0.04
Pepono101: folds 
wally1954: folds 
Dorex2007: folds 
saneti: folds 
pikasiki: calls $0.02
*** FLOP *** [8h 2h 3s]
pikasiki: bets $0.02
viejoperro44: calls $0.02
YaroslavSound: calls $0.02
*** TURN *** [8h 2h 3s] [4c]
pikasiki: bets $0.02
viejoperro44: raises $0.08 to $0.10
YaroslavSound: folds 
pikasiki: calls $0.08
*** RIVER *** [8h 2h 3s 4c] [9c]
pikasiki: checks 
viejoperro44: bets $0.20
pikasiki: folds 
Uncalled bet ($0.20) returned to viejoperro44
viejoperro44 collected $0.38 from pot
viejoperro44: doesn't show hand 
*** SUMMARY ***
Total pot $0.39 | Rake $0.01 
Board [8h 2h 3s 4c 9c]
Seat 1: qw303 folded before Flop (didn't bet)
Seat 2: DAMAGER99 folded before Flop (didn't bet)
Seat 3: viejoperro44 collected ($0.38)
Seat 4: YaroslavSound folded on the Turn
Seat 5: Pepono101 folded before Flop (didn't bet)
Seat 6: wally1954 folded before Flop (didn't bet)
Seat 7: Dorex2007 (button) folded before Flop (didn't bet)
Seat 8: saneti (small blind) folded before Flop
Seat 9: pikasiki (big blind) folded on the River



PokerStars Hand #227918026858:  Hold'em No Limit ($0.01/$0.02 USD) - 2021/06/28 15:00:44 PT [2021/06/28 18:00:44 ET]
Table 'Massinga III' 9-max Seat #8 is the button
Seat 1: qw303 ($2 in chips) 
Seat 2: DAMAGER99 ($2.08 in chips) 
Seat 3: viejoperro44 ($3.98 in chips) 
Seat 4: YaroslavSound ($0.78 in chips) 
Seat 5: Pepono101 ($2.05 in chips) 
Seat 6: wally1954 ($1.54 in chips) 
Seat 7: Dorex2007 ($2.05 in chips) 
Seat 8: saneti ($2.53 in chips) 
Seat 9: pikasiki ($2.87 in chips) 
pikasiki: posts small blind $0.01
qw303: posts big blind $0.02
*** HOLE CARDS ***
Dealt to Dorex2007 [6h Js]
DAMAGER99: calls $0.02
viejoperro44: calls $0.02
YaroslavSound: calls $0.02
Pepono101: folds 
wally1954: folds 
Dorex2007: folds 
saneti: calls $0.02
pikasiki: folds 
qw303: checks 
*** FLOP *** [8d Ah 4d]
qw303: checks 
DAMAGER99: checks 
viejoperro44: checks 
YaroslavSound: checks 
saneti: checks 
*** TURN *** [8d Ah 4d] [9s]
qw303: checks 
DAMAGER99: checks 
viejoperro44: checks 
YaroslavSound: checks 
saneti: checks 
*** RIVER *** [8d Ah 4d 9s] [Kh]
qw303: checks 
DAMAGER99: checks 
viejoperro44: checks 
YaroslavSound: checks 
saneti: checks 
*** SHOW DOWN ***
qw303: shows [Jh Ts] (high card Ace)
DAMAGER99: shows [6d Ad] (a pair of Aces)
viejoperro44: mucks hand 
YaroslavSound: mucks hand 
saneti: mucks hand 
DAMAGER99 collected $0.11 from pot
*** SUMMARY ***
Total pot $0.11 | Rake $0 
Board [8d Ah 4d 9s Kh]
Seat 1: qw303 (big blind) showed [Jh Ts] and lost with high card Ace
Seat 2: DAMAGER99 showed [6d Ad] and won ($0.11) with a pair of Aces
Seat 3: viejoperro44 mucked [Qc Tc]
Seat 4: YaroslavSound mucked [Qd 5c]
Seat 5: Pepono101 folded before Flop (didn't bet)
Seat 6: wally1954 folded before Flop (didn't bet)
Seat 7: Dorex2007 folded before Flop (didn't bet)
Seat 8: saneti (button) mucked [6s 2s]
Seat 9: pikasiki (small blind) folded before Flop



PokerStars Hand #227918044592:  Hold'em No Limit ($0.01/$0.02 USD) - 2021/06/28 15:01:38 PT [2021/06/28 18:01:38 ET]
Table 'Massinga III' 9-max Seat #9 is the button
Seat 1: qw303 ($2 in chips) 
Seat 2: DAMAGER99 ($2.17 in chips) 
Seat 3: viejoperro44 ($3.96 in chips) 
Seat 4: YaroslavSound ($0.76 in chips) 
Seat 5: Pepono101 ($2.05 in chips) 
Seat 6: wally1954 ($1.54 in chips) 
Seat 7: Dorex2007 ($2.05 in chips) 
Seat 8: saneti ($2.51 in chips) 
Seat 9: pikasiki ($2.86 in chips) 
qw303: posts small blind $0.01
DAMAGER99: posts big blind $0.02
*** HOLE CARDS ***
Dealt to Dorex2007 [Qc 8d]
viejoperro44: folds 
YaroslavSound: folds 
Pepono101: folds 
wally1954: folds 
Dorex2007: folds 
saneti: calls $0.02
pikasiki: folds 
qw303: folds 
DAMAGER99: checks 
*** FLOP *** [Ks 2c Ad]
DAMAGER99: checks 
saneti: checks 
*** TURN *** [Ks 2c Ad] [6h]
DAMAGER99: checks 
saneti: checks 
*** RIVER *** [Ks 2c Ad 6h] [3h]
DAMAGER99: checks 
saneti: checks 
*** SHOW DOWN ***
DAMAGER99: shows [9d Js] (high card Ace)
saneti: shows [7s Qd] (high card Ace - King+Queen kicker)
saneti collected $0.05 from pot
*** SUMMARY ***
Total pot $0.05 | Rake $0 
Board [Ks 2c Ad 6h 3h]
Seat 1: qw303 (small blind) folded before Flop
Seat 2: DAMAGER99 (big blind) showed [9d Js] and lost with high card Ace
Seat 3: viejoperro44 folded before Flop (didn't bet)
Seat 4: YaroslavSound folded before Flop (didn't bet)
Seat 5: Pepono101 folded before Flop (didn't bet)
Seat 6: wally1954 folded before Flop (didn't bet)
Seat 7: Dorex2007 folded before Flop (didn't bet)
Seat 8: saneti showed [7s Qd] and won ($0.05) with high card Ace
Seat 9: pikasiki (button) folded before Flop (didn't bet)



PokerStars Hand #227918061281:  Hold'em No Limit ($0.01/$0.02 USD) - 2021/06/28 15:02:27 PT [2021/06/28 18:02:27 ET]
Table 'Massinga III' 9-max Seat #1 is the button
Seat 1: qw303 ($2 in chips) 
Seat 2: DAMAGER99 ($2.15 in chips) 
Seat 3: viejoperro44 ($3.96 in chips) 
Seat 4: YaroslavSound ($0.76 in chips) 
Seat 5: Pepono101 ($2.05 in chips) 
Seat 6: wally1954 ($1.54 in chips) 
Seat 7: Dorex2007 ($2.05 in chips) 
Seat 8: saneti ($2.54 in chips) 
Seat 9: pikasiki ($2.86 in chips) 
DAMAGER99: posts small blind $0.01
viejoperro44: posts big blind $0.02
*** HOLE CARDS ***
Dealt to Dorex2007 [4c 2c]
YaroslavSound: calls $0.02
Pepono101: folds 
wally1954: folds 
Dorex2007: folds 
saneti: raises $0.16 to $0.18
pikasiki: folds 
qw303: folds 
DAMAGER99: folds 
viejoperro44: folds 
YaroslavSound: raises $0.58 to $0.76 and is all-in
saneti: calls $0.58
*** FLOP *** [Ah 2s 5s]
*** TURN *** [Ah 2s 5s] [4d]
*** RIVER *** [Ah 2s 5s 4d] [3h]
*** SHOW DOWN ***
YaroslavSound: shows [Kd Qd] (a straight, Ace to Five)
saneti: shows [Td Tc] (a straight, Ace to Five)
YaroslavSound collected $0.75 from pot
saneti collected $0.75 from pot
*** SUMMARY ***
Total pot $1.55 | Rake $0.05 
Board [Ah 2s 5s 4d 3h]
Seat 1: qw303 (button) folded before Flop (didn't bet)
Seat 2: DAMAGER99 (small blind) folded before Flop
Seat 3: viejoperro44 (big blind) folded before Flop
Seat 4: YaroslavSound showed [Kd Qd] and won ($0.75) with a straight, Ace to Five
Seat 5: Pepono101 folded before Flop (didn't bet)
Seat 6: wally1954 folded before Flop (didn't bet)
Seat 7: Dorex2007 folded before Flop (didn't bet)
Seat 8: saneti showed [Td Tc] and won ($0.75) with a straight, Ace to Five
Seat 9: pikasiki folded before Flop (didn't bet)



PokerStars Hand #227918086302:  Hold'em No Limit ($0.01/$0.02 USD) - 2021/06/28 15:03:15 PT [2021/06/28 18:03:15 ET]
Table 'Massinga III' 9-max Seat #2 is the button
Seat 1: qw303 ($2 in chips) 
Seat 2: DAMAGER99 ($2.14 in chips) 
Seat 3: viejoperro44 ($3.94 in chips) 
Seat 4: YaroslavSound ($0.75 in chips) 
Seat 5: Pepono101 ($2.05 in chips) 
Seat 6: wally1954 ($1.54 in chips) 
Seat 7: Dorex2007 ($2.05 in chips) 
Seat 8: saneti ($2.53 in chips) 
Seat 9: pikasiki ($2.86 in chips) 
viejoperro44: posts small blind $0.01
YaroslavSound: posts big blind $0.02
*** HOLE CARDS ***
Dealt to Dorex2007 [7s Ts]
Pepono101: calls $0.02
wally1954 has timed out
wally1954: folds 
Dorex2007: folds 
saneti: raises $0.07 to $0.09
pikasiki: folds 
qw303: folds 
DAMAGER99: folds 
viejoperro44: folds 
YaroslavSound: calls $0.07
Pepono101: calls $0.07
*** FLOP *** [4h 9s Qd]
YaroslavSound: checks 
Pepono101: checks 
saneti: bets $0.27
YaroslavSound: folds 
Pepono101: calls $0.27
*** TURN *** [4h 9s Qd] [6h]
Pepono101: checks 
saneti: checks 
*** RIVER *** [4h 9s Qd 6h] [Th]
Pepono101: checks 
saneti: checks 
*** SHOW DOWN ***
Pepono101: shows [8d 8h] (a pair of Eights)
saneti: mucks hand 
Pepono101 collected $0.79 from pot
*** SUMMARY ***
Total pot $0.82 | Rake $0.03 
Board [4h 9s Qd 6h Th]
Seat 1: qw303 folded before Flop (didn't bet)
Seat 2: DAMAGER99 (button) folded before Flop (didn't bet)
Seat 3: viejoperro44 (small blind) folded before Flop
Seat 4: YaroslavSound (big blind) folded on the Flop
Seat 5: Pepono101 showed [8d 8h] and won ($0.79) with a pair of Eights
Seat 6: wally1954 folded before Flop (didn't bet)
Seat 7: Dorex2007 folded before Flop (didn't bet)
Seat 8: saneti mucked [5h 5d]
Seat 9: pikasiki folded before Flop (didn't bet)



PokerStars Hand #227918109804:  Hold'em No Limit ($0.01/$0.02 USD) - 2021/06/28 15:04:23 PT [2021/06/28 18:04:23 ET]
Table 'Massinga III' 9-max Seat #3 is the button
Seat 1: qw303 ($2 in chips) 
Seat 2: DAMAGER99 ($2.14 in chips) 
Seat 3: viejoperro44 ($3.93 in chips) 
Seat 4: YaroslavSound ($0.66 in chips) 
Seat 5: Pepono101 ($2.48 in chips) 
Seat 6: wally1954 ($1.54 in chips) 
Seat 7: Dorex2007 ($2.05 in chips) 
Seat 8: saneti ($2.17 in chips) 
Seat 9: pikasiki ($2.86 in chips) 
YaroslavSound: posts small blind $0.01
Pepono101: posts big blind $0.02
*** HOLE CARDS ***
Dealt to Dorex2007 [8c 8d]
wally1954: folds 
Dorex2007: raises $0.02 to $0.04
saneti: raises $0.06 to $0.10
pikasiki: calls $0.10
qw303: folds 
DAMAGER99: folds 
viejoperro44: folds 
YaroslavSound: folds 
Pepono101: folds 
Dorex2007: calls $0.06
*** FLOP *** [7c 2s 5h]
Dorex2007: checks 
saneti: bets $0.14
pikasiki: folds 
Dorex2007: raises $0.16 to $0.30
saneti: calls $0.16
*** TURN *** [7c 2s 5h] [4h]
Dorex2007: bets $0.90
saneti: raises $0.87 to $1.77 and is all-in
Dorex2007: calls $0.75 and is all-in
Uncalled bet ($0.12) returned to saneti
Dorex2007 has timed out
*** RIVER *** [7c 2s 5h 4h] [6s]
*** SHOW DOWN ***
Dorex2007: shows [8c 8d] (a straight, Four to Eight)
saneti: shows [9h 8h] (a straight, Five to Nine)
saneti collected $4.08 from pot
*** SUMMARY ***
Total pot $4.23 | Rake $0.15 
Board [7c 2s 5h 4h 6s]
Seat 1: qw303 folded before Flop (didn't bet)
Seat 2: DAMAGER99 folded before Flop (didn't bet)
Seat 3: viejoperro44 (button) folded before Flop (didn't bet)
Seat 4: YaroslavSound (small blind) folded before Flop
Seat 5: Pepono101 (big blind) folded before Flop
Seat 6: wally1954 folded before Flop (didn't bet)
Seat 7: Dorex2007 showed [8c 8d] and lost with a straight, Four to Eight
Seat 8: saneti showed [9h 8h] and won ($4.08) with a straight, Five to Nine
Seat 9: pikasiki folded on the Flop



PokerStars Hand #227918139931:  Hold'em No Limit ($0.01/$0.02 USD) - 2021/06/28 15:05:49 PT [2021/06/28 18:05:49 ET]
Table 'Massinga III' 9-max Seat #4 is the button
Seat 1: qw303 ($2 in chips) 
Seat 2: DAMAGER99 ($2.14 in chips) 
Seat 3: viejoperro44 ($3.93 in chips) 
Seat 4: YaroslavSound ($0.65 in chips) 
Seat 5: Pepono101 ($2.46 in chips) 
Seat 6: wally1954 ($1.54 in chips) 
Seat 7: Dorex2007 ($2 in chips) 
Seat 9: pikasiki ($2.76 in chips) 
Pepono101: posts small blind $0.01
wally1954: posts big blind $0.02
*** HOLE CARDS ***
Dealt to Dorex2007 [7d Qs]
Dorex2007: folds 
pikasiki: folds 
qw303: folds 
DAMAGER99: folds 
viejoperro44: folds 
YaroslavSound: calls $0.02
Pepono101: calls $0.01
wally1954: checks 
*** FLOP *** [Kh 5d 4d]
Pepono101: checks 
wally1954: checks 
YaroslavSound: checks 
*** TURN *** [Kh 5d 4d] [8h]
saneti leaves the table
Pepono101: checks 
wally1954: checks 
YaroslavSound: checks 
*** RIVER *** [Kh 5d 4d 8h] [9h]
Pepono101: checks 
wally1954: checks 
YaroslavSound: checks 
*** SHOW DOWN ***
Pepono101: shows [Tc 4c] (a pair of Fours)
wally1954: mucks hand 
YaroslavSound: shows [Qd 9s] (a pair of Nines)
YaroslavSound collected $0.06 from pot
*** SUMMARY ***
Total pot $0.06 | Rake $0 
Board [Kh 5d 4d 8h 9h]
Seat 1: qw303 folded before Flop (didn't bet)
Seat 2: DAMAGER99 folded before Flop (didn't bet)
Seat 3: viejoperro44 folded before Flop (didn't bet)
Seat 4: YaroslavSound (button) showed [Qd 9s] and won ($0.06) with a pair of Nines
Seat 5: Pepono101 (small blind) showed [Tc 4c] and lost with a pair of Fours
Seat 6: wally1954 (big blind) mucked [Ts 2d]
Seat 7: Dorex2007 folded before Flop (didn't bet)
Seat 9: pikasiki folded before Flop (didn't bet)



PokerStars Hand #227918159151:  Hold'em No Limit ($0.01/$0.02 USD) - 2021/06/28 15:06:44 PT [2021/06/28 18:06:44 ET]
Table 'Massinga III' 9-max Seat #5 is the button
Seat 1: qw303 ($2 in chips) 
Seat 2: DAMAGER99 ($2.14 in chips) 
Seat 3: viejoperro44 ($3.93 in chips) 
Seat 4: YaroslavSound ($0.69 in chips) 
Seat 5: Pepono101 ($2.44 in chips) 
Seat 6: wally1954 ($1.52 in chips) 
Seat 7: Dorex2007 ($2 in chips) 
Seat 9: pikasiki ($2.76 in chips) 
wally1954: posts small blind $0.01
Dorex2007: posts big blind $0.02
*** HOLE CARDS ***
Dealt to Dorex2007 [Jd 3s]
pikasiki: folds 
qw303: raises $0.04 to $0.06
DAMAGER99: folds 
viejoperro44: folds 
YaroslavSound: folds 
Pepono101: folds 
wally1954: folds 
Dorex2007: folds 
Uncalled bet ($0.04) returned to qw303
qw303 collected $0.05 from pot
qw303: doesn't show hand 
*** SUMMARY ***
Total pot $0.05 | Rake $0 
Seat 1: qw303 collected ($0.05)
Seat 2: DAMAGER99 folded before Flop (didn't bet)
Seat 3: viejoperro44 folded before Flop (didn't bet)
Seat 4: YaroslavSound folded before Flop (didn't bet)
Seat 5: Pepono101 (button) folded before Flop (didn't bet)
Seat 6: wally1954 (small blind) folded before Flop
Seat 7: Dorex2007 (big blind) folded before Flop
Seat 9: pikasiki folded before Flop (didn't bet)



PokerStars Hand #227918170213:  Hold'em No Limit ($0.01/$0.02 USD) - 2021/06/28 15:07:15 PT [2021/06/28 18:07:15 ET]
Table 'Massinga III' 9-max Seat #6 is the button
Seat 1: qw303 ($2.03 in chips) 
Seat 2: DAMAGER99 ($2.14 in chips) 
Seat 3: viejoperro44 ($3.93 in chips) 
Seat 4: YaroslavSound ($0.69 in chips) 
Seat 5: Pepono101 ($2.44 in chips) 
Seat 6: wally1954 ($1.51 in chips) 
Seat 7: Dorex2007 ($1.98 in chips) 
Seat 9: pikasiki ($2.76 in chips) 
Dorex2007: posts small blind $0.01
pikasiki: posts big blind $0.02
*** HOLE CARDS ***
Dealt to Dorex2007 [7h 9h]
qw303: folds 
GianSantiago joins the table at seat #8 
DAMAGER99: folds 
viejoperro44: folds 
YaroslavSound: calls $0.02
Pepono101: folds 
wally1954: calls $0.02
Dorex2007: calls $0.01
pikasiki: raises $2.74 to $2.76 and is all-in
YaroslavSound: folds 
wally1954: folds 
Dorex2007: folds 
Uncalled bet ($2.74) returned to pikasiki
pikasiki collected $0.08 from pot
pikasiki: doesn't show hand 
*** SUMMARY ***
Total pot $0.08 | Rake $0 
Seat 1: qw303 folded before Flop (didn't bet)
Seat 2: DAMAGER99 folded before Flop (didn't bet)
Seat 3: viejoperro44 folded before Flop (didn't bet)
Seat 4: YaroslavSound folded before Flop
Seat 5: Pepono101 folded before Flop (didn't bet)
Seat 6: wally1954 (button) folded before Flop
Seat 7: Dorex2007 (small blind) folded before Flop
Seat 9: pikasiki (big blind) collected ($0.08)



PokerStars Hand #227918185577:  Hold'em No Limit ($0.01/$0.02 USD) - 2021/06/28 15:07:58 PT [2021/06/28 18:07:58 ET]
Table 'Massinga III' 9-max Seat #7 is the button
Seat 1: qw303 ($2.03 in chips) 
Seat 2: DAMAGER99 ($2.14 in chips) 
Seat 3: viejoperro44 ($3.93 in chips) 
Seat 4: YaroslavSound ($0.67 in chips) 
Seat 5: Pepono101 ($2.44 in chips) 
Seat 6: wally1954 ($1.49 in chips) 
Seat 7: Dorex2007 ($1.96 in chips) 
Seat 9: pikasiki ($2.82 in chips) 
pikasiki: posts small blind $0.01
qw303: posts big blind $0.02
*** HOLE CARDS ***
Dealt to Dorex2007 [2h Jc]
DAMAGER99: folds 
viejoperro44: folds 
YaroslavSound: calls $0.02
DAMAGER99 leaves the table
Pepono101: calls $0.02
wally1954: raises $0.04 to $0.06
Dorex2007: folds 
tutanpoker joins the table at seat #2 
pikasiki: folds 
qw303: folds 
YaroslavSound: calls $0.04
Pepono101: calls $0.04
*** FLOP *** [2d Tc 9h]
pikasiki leaves the table
YaroslavSound: bets $0.02
999TYZ999 joins the table at seat #9 
Pepono101: folds 
wally1954: calls $0.02
*** TURN *** [2d Tc 9h] [6d]
YaroslavSound: bets $0.02
wally1954: calls $0.02
*** RIVER *** [2d Tc 9h 6d] [3c]
YaroslavSound: bets $0.02
wally1954: folds 
Uncalled bet ($0.02) returned to YaroslavSound
YaroslavSound collected $0.28 from pot
YaroslavSound: doesn't show hand 
*** SUMMARY ***
Total pot $0.29 | Rake $0.01 
Board [2d Tc 9h 6d 3c]
Seat 1: qw303 (big blind) folded before Flop
Seat 2: DAMAGER99 folded before Flop (didn't bet)
Seat 3: viejoperro44 folded before Flop (didn't bet)
Seat 4: YaroslavSound collected ($0.28)
Seat 5: Pepono101 folded on the Flop
Seat 6: wally1954 folded on the River
Seat 7: Dorex2007 (button) folded before Flop (didn't bet)
Seat 9: pikasiki (small blind) folded before Flop



PokerStars Hand #227918218300:  Hold'em No Limit ($0.01/$0.02 USD) - 2021/06/28 15:09:32 PT [2021/06/28 18:09:32 ET]
Table 'Massinga III' 9-max Seat #1 is the button
Seat 1: qw303 ($2.01 in chips) 
Seat 3: viejoperro44 ($3.93 in chips) 
Seat 4: YaroslavSound ($0.85 in chips) 
Seat 5: Pepono101 ($2.38 in chips) 
Seat 6: wally1954 ($1.39 in chips) 
Seat 7: Dorex2007 ($1.96 in chips) 
Seat 9: 999TYZ999 ($2 in chips) 
viejoperro44: posts small blind $0.01
YaroslavSound: posts big blind $0.02
GianSantiago: sits out 
999TYZ999: posts big blind $0.02
*** HOLE CARDS ***
Dealt to Dorex2007 [4h Ts]
Pepono101: calls $0.02
wally1954: folds 
Dorex2007: folds 
999TYZ999: checks 
qw303: folds 
viejoperro44: calls $0.01
YaroslavSound: raises $0.02 to $0.04
Pepono101: calls $0.02
999TYZ999: calls $0.02
viejoperro44: calls $0.02
*** FLOP *** [Qc 3d 3h]
viejoperro44: checks 
YaroslavSound: bets $0.10
Pepono101: folds 
999TYZ999: folds 
viejoperro44: folds 
Uncalled bet ($0.10) returned to YaroslavSound
YaroslavSound collected $0.15 from pot
YaroslavSound: doesn't show hand 
*** SUMMARY ***
Total pot $0.16 | Rake $0.01 
Board [Qc 3d 3h]
Seat 1: qw303 (button) folded before Flop (didn't bet)
Seat 3: viejoperro44 (small blind) folded on the Flop
Seat 4: YaroslavSound (big blind) collected ($0.15)
Seat 5: Pepono101 folded on the Flop
Seat 6: wally1954 folded before Flop (didn't bet)
Seat 7: Dorex2007 folded before Flop (didn't bet)
Seat 9: 999TYZ999 folded on the Flop



PokerStars Hand #227918237632:  Hold'em No Limit ($0.01/$0.02 USD) - 2021/06/28 15:10:27 PT [2021/06/28 18:10:27 ET]
Table 'Massinga III' 9-max Seat #3 is the button
Seat 1: qw303 ($2.01 in chips) 
Seat 2: tutanpoker ($2 in chips) 
Seat 3: viejoperro44 ($3.89 in chips) 
Seat 4: YaroslavSound ($0.96 in chips) 
Seat 5: Pepono101 ($2.34 in chips) 
Seat 6: wally1954 ($1.39 in chips) 
Seat 7: Dorex2007 ($1.96 in chips) 
Seat 9: 999TYZ999 ($1.96 in chips) 
YaroslavSound: posts small blind $0.01
Pepono101: posts big blind $0.02
GianSantiago: sits out 
tutanpoker: posts big blind $0.02
*** HOLE CARDS ***
Dealt to Dorex2007 [7d 4d]
wally1954: folds 
Dorex2007: folds 
999TYZ999: raises $0.02 to $0.04
qw303: folds 
tutanpoker: calls $0.02
viejoperro44: calls $0.04
YaroslavSound: calls $0.03
Pepono101: calls $0.02
*** FLOP *** [2s 2c Th]
YaroslavSound: checks 
Pepono101: checks 
999TYZ999: bets $0.10
tutanpoker: folds 
viejoperro44: folds 
YaroslavSound: folds 
Pepono101: folds 
Uncalled bet ($0.10) returned to 999TYZ999
999TYZ999 collected $0.19 from pot
*** SUMMARY ***
Total pot $0.20 | Rake $0.01 
Board [2s 2c Th]
Seat 1: qw303 folded before Flop (didn't bet)
Seat 2: tutanpoker folded on the Flop
Seat 3: viejoperro44 (button) folded on the Flop
Seat 4: YaroslavSound (small blind) folded on the Flop
Seat 5: Pepono101 (big blind) folded on the Flop
Seat 6: wally1954 folded before Flop (didn't bet)
Seat 7: Dorex2007 folded before Flop (didn't bet)
Seat 9: 999TYZ999 collected ($0.19)



PokerStars Hand #227918258057:  Hold'em No Limit ($0.01/$0.02 USD) - 2021/06/28 15:11:25 PT [2021/06/28 18:11:25 ET]
Table 'Massinga III' 9-max Seat #4 is the button
Seat 1: qw303 ($2.01 in chips) 
Seat 2: tutanpoker ($1.96 in chips) 
Seat 3: viejoperro44 ($3.85 in chips) 
Seat 4: YaroslavSound ($0.92 in chips) 
Seat 5: Pepono101 ($2.30 in chips) 
Seat 6: wally1954 ($1.39 in chips) 
Seat 7: Dorex2007 ($1.96 in chips) 
Seat 9: 999TYZ999 ($2.11 in chips) 
Pepono101: posts small blind $0.01
wally1954: posts big blind $0.02
GianSantiago: sits out 
*** HOLE CARDS ***
Dealt to Dorex2007 [Ks 6d]
Dorex2007: folds 
999TYZ999: calls $0.02
qw303: folds 
tutanpoker: folds 
viejoperro44: folds 
YaroslavSound: calls $0.02
Pepono101: calls $0.01
wally1954: checks 
*** FLOP *** [4s Th 6s]
Pepono101: checks 
wally1954: checks 
999TYZ999: bets $0.02
YaroslavSound: calls $0.02
Pepono101: calls $0.02
wally1954: folds 
*** TURN *** [4s Th 6s] [Qs]
Pepono101: checks 
999TYZ999: bets $0.07
YaroslavSound: calls $0.07
Pepono101: folds 
*** RIVER *** [4s Th 6s Qs] [7c]
999TYZ999: bets $0.14
YaroslavSound: calls $0.14
*** SHOW DOWN ***
999TYZ999: shows [Qh 4h] (two pair, Queens and Fours)
YaroslavSound: mucks hand 
999TYZ999 collected $0.54 from pot
*** SUMMARY ***
Total pot $0.56 | Rake $0.02 
Board [4s Th 6s Qs 7c]
Seat 1: qw303 folded before Flop (didn't bet)
Seat 2: tutanpoker folded before Flop (didn't bet)
Seat 3: viejoperro44 folded before Flop (didn't bet)
Seat 4: YaroslavSound (button) mucked [Qc Jd]
Seat 5: Pepono101 (small blind) folded on the Turn
Seat 6: wally1954 (big blind) folded on the Flop
Seat 7: Dorex2007 folded before Flop (didn't bet)
Seat 9: 999TYZ999 showed [Qh 4h] and won ($0.54) with two pair, Queens and Fours



PokerStars Hand #227918281565:  Hold'em No Limit ($0.01/$0.02 USD) - 2021/06/28 15:12:34 PT [2021/06/28 18:12:34 ET]
Table 'Massinga III' 9-max Seat #5 is the button
Seat 1: qw303 ($2.01 in chips) 
Seat 2: tutanpoker ($1.96 in chips) 
Seat 3: viejoperro44 ($3.85 in chips) 
Seat 4: YaroslavSound ($0.67 in chips) 
Seat 5: Pepono101 ($2.26 in chips) 
Seat 6: wally1954 ($1.37 in chips) 
Seat 7: Dorex2007 ($1.96 in chips) 
Seat 9: 999TYZ999 ($2.40 in chips) 
wally1954: posts small blind $0.01
Dorex2007: posts big blind $0.02
GianSantiago: sits out 
*** HOLE CARDS ***
Dealt to Dorex2007 [5c 7s]
999TYZ999: folds 
qw303: folds 
tutanpoker: raises $0.04 to $0.06
viejoperro44: folds 
YaroslavSound: calls $0.06
Pepono101: raises $0.20 to $0.26
wally1954: folds 
Dorex2007: folds 
tutanpoker: folds 
YaroslavSound: calls $0.20
*** FLOP *** [5d 3c 9c]
YaroslavSound: checks 
Pepono101: bets $0.31
YaroslavSound: calls $0.31
*** TURN *** [5d 3c 9c] [Qd]
YaroslavSound: checks 
Pepono101: bets $0.10
YaroslavSound: calls $0.10 and is all-in
*** RIVER *** [5d 3c 9c Qd] [Jh]
*** SHOW DOWN ***
YaroslavSound: shows [Ac 7h] (high card Ace)
Pepono101: shows [Ks Kd] (a pair of Kings)
Pepono101 collected $1.38 from pot
*** SUMMARY ***
Total pot $1.43 | Rake $0.05 
Board [5d 3c 9c Qd Jh]
Seat 1: qw303 folded before Flop (didn't bet)
Seat 2: tutanpoker folded before Flop
Seat 3: viejoperro44 folded before Flop (didn't bet)
Seat 4: YaroslavSound showed [Ac 7h] and lost with high card Ace
Seat 5: Pepono101 (button) showed [Ks Kd] and won ($1.38) with a pair of Kings
Seat 6: wally1954 (small blind) folded before Flop
Seat 7: Dorex2007 (big blind) folded before Flop
Seat 9: 999TYZ999 folded before Flop (didn't bet)



PokerStars Hand #227918306457:  Hold'em No Limit ($0.01/$0.02 USD) - 2021/06/28 15:13:45 PT [2021/06/28 18:13:45 ET]
Table 'Massinga III' 9-max Seat #6 is the button
Seat 1: qw303 ($2.01 in chips) 
Seat 2: tutanpoker ($1.90 in chips) 
Seat 3: viejoperro44 ($3.85 in chips) 
Seat 5: Pepono101 ($2.97 in chips) 
Seat 6: wally1954 ($1.36 in chips) 
Seat 7: Dorex2007 ($1.94 in chips) 
Seat 8: GianSantiago ($1.60 in chips) 
Seat 9: 999TYZ999 ($2.40 in chips) 
Dorex2007: posts small blind $0.01
GianSantiago: posts big blind $0.02
*** HOLE CARDS ***
Dealt to Dorex2007 [2c 5c]
999TYZ999: raises $0.04 to $0.06
qw303: folds 
tutanpoker: folds 
viejoperro44: folds 
Pepono101: calls $0.06
wally1954: folds 
Dorex2007: folds 
GianSantiago: calls $0.04
*** FLOP *** [7c Kh 2d]
GianSantiago: checks 
999TYZ999: checks 
Pepono101: bets $0.10
GianSantiago: folds 
999TYZ999: folds 
Uncalled bet ($0.10) returned to Pepono101
Pepono101 collected $0.18 from pot
Pepono101: doesn't show hand 
*** SUMMARY ***
Total pot $0.19 | Rake $0.01 
Board [7c Kh 2d]
Seat 1: qw303 folded before Flop (didn't bet)
Seat 2: tutanpoker folded before Flop (didn't bet)
Seat 3: viejoperro44 folded before Flop (didn't bet)
Seat 5: Pepono101 collected ($0.18)
Seat 6: wally1954 (button) folded before Flop (didn't bet)
Seat 7: Dorex2007 (small blind) folded before Flop
Seat 8: GianSantiago (big blind) folded on the Flop
Seat 9: 999TYZ999 folded on the Flop



PokerStars Hand #227918322483:  Hold'em No Limit ($0.01/$0.02 USD) - 2021/06/28 15:14:31 PT [2021/06/28 18:14:31 ET]
Table 'Massinga III' 9-max Seat #7 is the button
Seat 1: qw303 ($2.01 in chips) 
Seat 2: tutanpoker ($1.90 in chips) 
Seat 3: viejoperro44 ($3.85 in chips) 
Seat 4: YaroslavSound ($0.80 in chips) 
Seat 5: Pepono101 ($3.09 in chips) 
Seat 7: Dorex2007 ($1.93 in chips) 
Seat 8: GianSantiago ($1.54 in chips) 
Seat 9: 999TYZ999 ($2.34 in chips) 
GianSantiago: posts small blind $0.01
999TYZ999: posts big blind $0.02
*** HOLE CARDS ***
Dealt to Dorex2007 [6h Qc]
qw303: folds 
tutanpoker: folds 
viejoperro44: folds 
YaroslavSound: folds 
Pepono101: folds 
Dorex2007: folds 
GianSantiago: folds 
Uncalled bet ($0.01) returned to 999TYZ999
999TYZ999 collected $0.02 from pot
*** SUMMARY ***
Total pot $0.02 | Rake $0 
Seat 1: qw303 folded before Flop (didn't bet)
Seat 2: tutanpoker folded before Flop (didn't bet)
Seat 3: viejoperro44 folded before Flop (didn't bet)
Seat 4: YaroslavSound folded before Flop (didn't bet)
Seat 5: Pepono101 folded before Flop (didn't bet)
Seat 7: Dorex2007 (button) folded before Flop (didn't bet)
Seat 8: GianSantiago (small blind) folded before Flop
Seat 9: 999TYZ999 (big blind) collected ($0.02)



PokerStars Hand #227918328682:  Hold'em No Limit ($0.01/$0.02 USD) - 2021/06/28 15:14:49 PT [2021/06/28 18:14:49 ET]
Table 'Massinga III' 9-max Seat #8 is the button
Seat 1: qw303 ($2.01 in chips) 
Seat 2: tutanpoker ($1.90 in chips) 
Seat 3: viejoperro44 ($3.85 in chips) 
Seat 4: YaroslavSound ($0.80 in chips) 
Seat 5: Pepono101 ($3.09 in chips) 
Seat 7: Dorex2007 ($1.93 in chips) 
Seat 8: GianSantiago ($1.53 in chips) 
Seat 9: 999TYZ999 ($2.35 in chips) 
999TYZ999: posts small blind $0.01
qw303: posts big blind $0.02
*** HOLE CARDS ***
Dealt to Dorex2007 [Kc Qc]
tutanpoker: folds 
viejoperro44: folds 
YaroslavSound: calls $0.02
Pepono101: raises $0.03 to $0.05
Dorex2007: calls $0.05
GianSantiago: raises $1.48 to $1.53 and is all-in
999TYZ999: folds 
qw303: folds 
YaroslavSound: calls $0.78 and is all-in
Pepono101: folds 
Dorex2007: folds 
Uncalled bet ($0.73) returned to GianSantiago
*** FLOP *** [Ks 7d 9c]
*** TURN *** [Ks 7d 9c] [Ac]
*** RIVER *** [Ks 7d 9c Ac] [2h]
*** SHOW DOWN ***
YaroslavSound: shows [Jh 3s] (high card Ace)
GianSantiago: shows [Ad Kd] (two pair, Aces and Kings)
GianSantiago collected $1.67 from pot
*** SUMMARY ***
Total pot $1.73 | Rake $0.06 
Board [Ks 7d 9c Ac 2h]
Seat 1: qw303 (big blind) folded before Flop
Seat 2: tutanpoker folded before Flop (didn't bet)
Seat 3: viejoperro44 folded before Flop (didn't bet)
Seat 4: YaroslavSound showed [Jh 3s] and lost with high card Ace
Seat 5: Pepono101 folded before Flop
Seat 7: Dorex2007 folded before Flop
Seat 8: GianSantiago (button) showed [Ad Kd] and won ($1.67) with two pair, Aces and Kings
Seat 9: 999TYZ999 (small blind) folded before Flop



PokerStars Hand #227918344666:  Hold'em No Limit ($0.01/$0.02 USD) - 2021/06/28 15:15:35 PT [2021/06/28 18:15:35 ET]
Table 'Massinga III' 9-max Seat #9 is the button
Seat 1: qw303 ($2 in chips) 
Seat 2: tutanpoker ($1.90 in chips) 
Seat 3: viejoperro44 ($3.85 in chips) 
Seat 5: Pepono101 ($3.04 in chips) 
Seat 7: Dorex2007 ($1.88 in chips) 
Seat 8: GianSantiago ($2.40 in chips) 
Seat 9: 999TYZ999 ($2.34 in chips) 
qw303: posts small blind $0.01
tutanpoker: posts big blind $0.02
*** HOLE CARDS ***
Dealt to Dorex2007 [8h 5h]
viejoperro44: folds 
Pepono101: folds 
Dorex2007: folds 
GianSantiago: folds 
999TYZ999: calls $0.02
qw303: raises $0.04 to $0.06
tutanpoker: folds 
999TYZ999: calls $0.04
*** FLOP *** [7d Kh 3c]
qw303: bets $0.07
999TYZ999: folds 
Uncalled bet ($0.07) returned to qw303
qw303 collected $0.14 from pot
qw303: doesn't show hand 
*** SUMMARY ***
Total pot $0.14 | Rake $0 
Board [7d Kh 3c]
Seat 1: qw303 (small blind) collected ($0.14)
Seat 2: tutanpoker (big blind) folded before Flop
Seat 3: viejoperro44 folded before Flop (didn't bet)
Seat 5: Pepono101 folded before Flop (didn't bet)
Seat 7: Dorex2007 folded before Flop (didn't bet)
Seat 8: GianSantiago folded before Flop (didn't bet)
Seat 9: 999TYZ999 (button) folded on the Flop



PokerStars Hand #227918354320:  Hold'em No Limit ($0.01/$0.02 USD) - 2021/06/28 15:16:03 PT [2021/06/28 18:16:03 ET]
Table 'Massinga III' 9-max Seat #1 is the button
Seat 1: qw303 ($2.08 in chips) 
Seat 2: tutanpoker ($1.88 in chips) 
Seat 3: viejoperro44 ($3.85 in chips) 
Seat 4: YaroslavSound ($0.80 in chips) 
Seat 5: Pepono101 ($3.04 in chips) 
Seat 6: wally1954 ($1.36 in chips) 
Seat 7: Dorex2007 ($1.88 in chips) 
Seat 8: GianSantiago ($2.40 in chips) 
Seat 9: 999TYZ999 ($2.28 in chips) 
tutanpoker: posts small blind $0.01
viejoperro44: posts big blind $0.02
*** HOLE CARDS ***
Dealt to Dorex2007 [7h Td]
YaroslavSound: raises $0.10 to $0.12
Pepono101: folds 
wally1954: folds 
Dorex2007: folds 
GianSantiago: calls $0.12
999TYZ999: folds 
qw303: folds 
tutanpoker: folds 
viejoperro44: calls $0.10
*** FLOP *** [Jh Qc 5c]
viejoperro44: bets $0.18
YaroslavSound: calls $0.18
GianSantiago: calls $0.18
*** TURN *** [Jh Qc 5c] [Ts]
viejoperro44: bets $0.50
YaroslavSound: folds 
GianSantiago: calls $0.50
*** RIVER *** [Jh Qc 5c Ts] [Th]
viejoperro44: bets $1.84
GianSantiago: calls $1.60 and is all-in
Uncalled bet ($0.24) returned to viejoperro44
*** SHOW DOWN ***
viejoperro44: shows [Jc Jd] (a full house, Jacks full of Tens)
GianSantiago: shows [Ad Qh] (two pair, Queens and Tens)
viejoperro44 collected $4.93 from pot
*** SUMMARY ***
Total pot $5.11 | Rake $0.18 
Board [Jh Qc 5c Ts Th]
Seat 1: qw303 (button) folded before Flop (didn't bet)
Seat 2: tutanpoker (small blind) folded before Flop
Seat 3: viejoperro44 (big blind) showed [Jc Jd] and won ($4.93) with a full house, Jacks full of Tens
Seat 4: YaroslavSound folded on the Turn
Seat 5: Pepono101 folded before Flop (didn't bet)
Seat 6: wally1954 folded before Flop (didn't bet)
Seat 7: Dorex2007 folded before Flop (didn't bet)
Seat 8: GianSantiago showed [Ad Qh] and lost with two pair, Queens and Tens
Seat 9: 999TYZ999 folded before Flop (didn't bet)



PokerStars Hand #227918383208:  Hold'em No Limit ($0.01/$0.02 USD) - 2021/06/28 15:17:26 PT [2021/06/28 18:17:26 ET]
Table 'Massinga III' 9-max Seat #2 is the button
Seat 1: qw303 ($2.08 in chips) 
Seat 2: tutanpoker ($1.87 in chips) 
Seat 3: viejoperro44 ($6.38 in chips) 
Seat 4: YaroslavSound ($0.50 in chips) 
Seat 5: Pepono101 ($3.04 in chips) 
Seat 6: wally1954 ($1.36 in chips) 
Seat 7: Dorex2007 ($1.88 in chips) 
Seat 9: 999TYZ999 ($2.28 in chips) 
viejoperro44: posts small blind $0.01
YaroslavSound: posts big blind $0.02
*** HOLE CARDS ***
Dealt to Dorex2007 [Ah Qc]
Pepono101: folds 
GianSantiago leaves the table
wally1954: folds 
Dorex2007: raises $0.04 to $0.06
999TYZ999: folds 
qw303: folds 
tutanpoker: calls $0.06
Otavio NP joins the table at seat #8 
viejoperro44: folds 
YaroslavSound: calls $0.04
*** FLOP *** [Jc 9c Kd]
YaroslavSound: checks 
Dorex2007: checks 
tutanpoker: checks 
*** TURN *** [Jc 9c Kd] [Js]
YaroslavSound: checks 
Dorex2007: bets $0.12
tutanpoker: folds 
YaroslavSound: folds 
Uncalled bet ($0.12) returned to Dorex2007
Dorex2007 collected $0.18 from pot
Dorex2007: doesn't show hand 
*** SUMMARY ***
Total pot $0.19 | Rake $0.01 
Board [Jc 9c Kd Js]
Seat 1: qw303 folded before Flop (didn't bet)
Seat 2: tutanpoker (button) folded on the Turn
Seat 3: viejoperro44 (small blind) folded before Flop
Seat 4: YaroslavSound (big blind) folded on the Turn
Seat 5: Pepono101 folded before Flop (didn't bet)
Seat 6: wally1954 folded before Flop (didn't bet)
Seat 7: Dorex2007 collected ($0.18)
Seat 9: 999TYZ999 folded before Flop (didn't bet)



PokerStars Hand #227918398302:  Hold'em No Limit ($0.01/$0.02 USD) - 2021/06/28 15:18:07 PT [2021/06/28 18:18:07 ET]
Table 'Massinga III' 9-max Seat #3 is the button
Seat 1: qw303 ($2.08 in chips) 
Seat 2: tutanpoker ($1.81 in chips) 
Seat 3: viejoperro44 ($6.37 in chips) 
Seat 4: YaroslavSound ($0.44 in chips) 
Seat 5: Pepono101 ($3.04 in chips) 
Seat 6: wally1954 ($1.36 in chips) 
Seat 7: Dorex2007 ($2 in chips) 
Seat 9: 999TYZ999 ($2.28 in chips) 
YaroslavSound: posts small blind $0.01
Pepono101: posts big blind $0.02
Otavio NP: sits out 
*** HOLE CARDS ***
Dealt to Dorex2007 [3d 6c]
wally1954: folds 
Dorex2007: folds 
999TYZ999: calls $0.02
qw303: folds 
tutanpoker: calls $0.02
viejoperro44: folds 
YaroslavSound: raises $0.02 to $0.04
Pepono101: calls $0.02
999TYZ999: calls $0.02
tutanpoker: calls $0.02
*** FLOP *** [Kd 7d 3c]
YaroslavSound: bets $0.02
Pepono101: calls $0.02
999TYZ999: folds 
tutanpoker: calls $0.02
*** TURN *** [Kd 7d 3c] [Ts]
YaroslavSound: bets $0.02
Pepono101: calls $0.02
tutanpoker: calls $0.02
*** RIVER *** [Kd 7d 3c Ts] [Qd]
YaroslavSound: bets $0.02
Pepono101: calls $0.02
tutanpoker: calls $0.02
*** SHOW DOWN ***
YaroslavSound: shows [2s As] (high card Ace)
Pepono101: shows [Ad Qs] (a pair of Queens)
tutanpoker: shows [Kh 2h] (a pair of Kings)
tutanpoker collected $0.33 from pot
*** SUMMARY ***
Total pot $0.34 | Rake $0.01 
Board [Kd 7d 3c Ts Qd]
Seat 1: qw303 folded before Flop (didn't bet)
Seat 2: tutanpoker showed [Kh 2h] and won ($0.33) with a pair of Kings
Seat 3: viejoperro44 (button) folded before Flop (didn't bet)
Seat 4: YaroslavSound (small blind) showed [2s As] and lost with high card Ace
Seat 5: Pepono101 (big blind) showed [Ad Qs] and lost with a pair of Queens
Seat 6: wally1954 folded before Flop (didn't bet)
Seat 7: Dorex2007 folded before Flop (didn't bet)
Seat 9: 999TYZ999 folded on the Flop



PokerStars Hand #227918419631:  Hold'em No Limit ($0.01/$0.02 USD) - 2021/06/28 15:19:08 PT [2021/06/28 18:19:08 ET]
Table 'Massinga III' 9-max Seat #4 is the button
Seat 1: qw303 ($2.08 in chips) 
Seat 2: tutanpoker ($2.04 in chips) 
Seat 3: viejoperro44 ($6.37 in chips) 
Seat 4: YaroslavSound ($0.34 in chips) 
Seat 5: Pepono101 ($2.94 in chips) 
Seat 6: wally1954 ($1.36 in chips) 
Seat 7: Dorex2007 ($2 in chips) 
Seat 9: 999TYZ999 ($2.24 in chips) 
Pepono101: posts small blind $0.01
wally1954: posts big blind $0.02
Otavio NP: sits out 
*** HOLE CARDS ***
Dealt to Dorex2007 [Ad Jh]
Dorex2007: folds 
999TYZ999: raises $0.02 to $0.04
qw303: folds 
tutanpoker: calls $0.04
viejoperro44: folds 
YaroslavSound: raises $0.02 to $0.06
Pepono101: folds 
wally1954: folds 
999TYZ999: raises $0.19 to $0.25
tutanpoker: folds 
YaroslavSound: raises $0.09 to $0.34 and is all-in
999TYZ999: calls $0.09
*** FLOP *** [Ts 4s 6s]
*** TURN *** [Ts 4s 6s] [Qc]
*** RIVER *** [Ts 4s 6s Qc] [Ac]
*** SHOW DOWN ***
999TYZ999: shows [As Td] (two pair, Aces and Tens)
YaroslavSound: shows [Ah Jd] (a pair of Aces)
999TYZ999 collected $0.72 from pot
*** SUMMARY ***
Total pot $0.75 | Rake $0.03 
Board [Ts 4s 6s Qc Ac]
Seat 1: qw303 folded before Flop (didn't bet)
Seat 2: tutanpoker folded before Flop
Seat 3: viejoperro44 folded before Flop (didn't bet)
Seat 4: YaroslavSound (button) showed [Ah Jd] and lost with a pair of Aces
Seat 5: Pepono101 (small blind) folded before Flop
Seat 6: wally1954 (big blind) folded before Flop
Seat 7: Dorex2007 folded before Flop (didn't bet)
Seat 9: 999TYZ999 showed [As Td] and won ($0.72) with two pair, Aces and Tens



PokerStars Hand #227918444880:  Hold'em No Limit ($0.01/$0.02 USD) - 2021/06/28 15:19:59 PT [2021/06/28 18:19:59 ET]
Table 'Massinga III' 9-max Seat #5 is the button
Seat 1: qw303 ($2.08 in chips) 
Seat 2: tutanpoker ($2 in chips) 
Seat 3: viejoperro44 ($6.37 in chips) 
Seat 5: Pepono101 ($2.93 in chips) 
Seat 6: wally1954 ($1.34 in chips) 
Seat 7: Dorex2007 ($2 in chips) 
Seat 9: 999TYZ999 ($2.62 in chips) 
wally1954: posts small blind $0.01
Dorex2007: posts big blind $0.02
Otavio NP: sits out 
*** HOLE CARDS ***
Dealt to Dorex2007 [8h 3d]
999TYZ999: folds 
qw303: folds 
tutanpoker: folds 
viejoperro44: raises $0.04 to $0.06
Pepono101: calls $0.06
wally1954: folds 
Dorex2007: folds 
*** FLOP *** [3h 9s Jc]
viejoperro44: checks 
Pepono101: checks 
*** TURN *** [3h 9s Jc] [2h]
viejoperro44: bets $0.08
Pepono101: calls $0.08
*** RIVER *** [3h 9s Jc 2h] [Js]
viejoperro44: checks 
Pepono101: bets $0.21
viejoperro44: folds 
Uncalled bet ($0.21) returned to Pepono101
Pepono101 collected $0.30 from pot
Pepono101: doesn't show hand 
*** SUMMARY ***
Total pot $0.31 | Rake $0.01 
Board [3h 9s Jc 2h Js]
Seat 1: qw303 folded before Flop (didn't bet)
Seat 2: tutanpoker folded before Flop (didn't bet)
Seat 3: viejoperro44 folded on the River
Seat 5: Pepono101 (button) collected ($0.30)
Seat 6: wally1954 (small blind) folded before Flop
Seat 7: Dorex2007 (big blind) folded before Flop
Seat 9: 999TYZ999 folded before Flop (didn't bet)



PokerStars Hand #227918475806:  Hold'em No Limit ($0.01/$0.02 USD) - 2021/06/28 15:21:27 PT [2021/06/28 18:21:27 ET]
Table 'Massinga III' 9-max Seat #6 is the button
Seat 1: qw303 ($2.08 in chips) 
Seat 2: tutanpoker ($2 in chips) 
Seat 3: viejoperro44 ($6.23 in chips) 
Seat 4: YaroslavSound ($0.80 in chips) 
Seat 5: Pepono101 ($3.09 in chips) 
Seat 6: wally1954 ($1.33 in chips) 
Seat 7: Dorex2007 ($1.98 in chips) 
Seat 8: Otavio NP ($2 in chips) 
Seat 9: 999TYZ999 ($2.62 in chips) 
Dorex2007: posts small blind $0.01
Otavio NP: posts big blind $0.02
*** HOLE CARDS ***
Dealt to Dorex2007 [Js Kh]
999TYZ999: folds 
qw303: folds 
tutanpoker: folds 
viejoperro44: calls $0.02
YaroslavSound: raises $0.02 to $0.04
Pepono101: calls $0.04
wally1954: folds 
Dorex2007: calls $0.03
Otavio NP: folds 
viejoperro44: calls $0.02
*** FLOP *** [2d 9h 8c]
Dorex2007: checks 
viejoperro44: checks 
YaroslavSound: checks 
Pepono101: checks 
*** TURN *** [2d 9h 8c] [5s]
Dorex2007: checks 
viejoperro44: checks 
YaroslavSound: checks 
Pepono101: checks 
*** RIVER *** [2d 9h 8c 5s] [8d]
Dorex2007: checks 
viejoperro44: checks 
YaroslavSound: checks 
Pepono101: checks 
*** SHOW DOWN ***
Dorex2007: shows [Js Kh] (a pair of Eights)
viejoperro44: shows [Qc Kd] (a pair of Eights - King+Queen kicker)
YaroslavSound: shows [As 4c] (a pair of Eights - Ace kicker)
Pepono101: shows [Ad Th] (a pair of Eights - Ace+Ten kicker)
Pepono101 collected $0.17 from pot
*** SUMMARY ***
Total pot $0.18 | Rake $0.01 
Board [2d 9h 8c 5s 8d]
Seat 1: qw303 folded before Flop (didn't bet)
Seat 2: tutanpoker folded before Flop (didn't bet)
Seat 3: viejoperro44 showed [Qc Kd] and lost with a pair of Eights
Seat 4: YaroslavSound showed [As 4c] and lost with a pair of Eights
Seat 5: Pepono101 showed [Ad Th] and won ($0.17) with a pair of Eights
Seat 6: wally1954 (button) folded before Flop (didn't bet)
Seat 7: Dorex2007 (small blind) showed [Js Kh] and lost with a pair of Eights
Seat 8: Otavio NP (big blind) folded before Flop
Seat 9: 999TYZ999 folded before Flop (didn't bet)



PokerStars Hand #227918501369:  Hold'em No Limit ($0.01/$0.02 USD) - 2021/06/28 15:22:41 PT [2021/06/28 18:22:41 ET]
Table 'Massinga III' 9-max Seat #7 is the button
Seat 1: qw303 ($2.08 in chips) 
Seat 2: tutanpoker ($2 in chips) 
Seat 3: viejoperro44 ($6.19 in chips) 
Seat 4: YaroslavSound ($0.76 in chips) 
Seat 5: Pepono101 ($3.22 in chips) 
Seat 7: Dorex2007 ($1.94 in chips) 
Seat 8: Otavio NP ($2 in chips) 
Seat 9: 999TYZ999 ($2.62 in chips) 
Otavio NP: posts small blind $0.01
999TYZ999: posts big blind $0.02
*** HOLE CARDS ***
Dealt to Dorex2007 [Jh Ts]
qw303: folds 
tutanpoker: folds 
viejoperro44: raises $0.04 to $0.06
YaroslavSound: calls $0.06
Pepono101: raises $0.04 to $0.10
Dorex2007 has timed out
Dorex2007: folds 
Otavio NP: folds 
999TYZ999: folds 
viejoperro44: calls $0.04
YaroslavSound: calls $0.04
*** FLOP *** [3c Ks 7d]
viejoperro44: checks 
YaroslavSound: checks 
Pepono101: bets $0.16
viejoperro44: folds 
YaroslavSound: folds 
Uncalled bet ($0.16) returned to Pepono101
Pepono101 collected $0.32 from pot
Pepono101: doesn't show hand 
*** SUMMARY ***
Total pot $0.33 | Rake $0.01 
Board [3c Ks 7d]
Seat 1: qw303 folded before Flop (didn't bet)
Seat 2: tutanpoker folded before Flop (didn't bet)
Seat 3: viejoperro44 folded on the Flop
Seat 4: YaroslavSound folded on the Flop
Seat 5: Pepono101 collected ($0.32)
Seat 7: Dorex2007 (button) folded before Flop (didn't bet)
Seat 8: Otavio NP (small blind) folded before Flop
Seat 9: 999TYZ999 (big blind) folded before Flop



PokerStars Hand #227918525508:  Hold'em No Limit ($0.01/$0.02 USD) - 2021/06/28 15:23:51 PT [2021/06/28 18:23:51 ET]
Table 'Massinga III' 9-max Seat #8 is the button
Seat 1: qw303 ($2.08 in chips) 
Seat 2: tutanpoker ($2 in chips) 
Seat 3: viejoperro44 ($6.09 in chips) 
Seat 4: YaroslavSound ($0.66 in chips) 
Seat 5: Pepono101 ($3.44 in chips) 
Seat 6: wally1954 ($1.33 in chips) 
Seat 7: Dorex2007 ($1.94 in chips) 
Seat 8: Otavio NP ($2 in chips) 
Seat 9: 999TYZ999 ($2.60 in chips) 
999TYZ999: posts small blind $0.01
qw303: posts big blind $0.02
*** HOLE CARDS ***
Dealt to Dorex2007 [Js 9s]
tutanpoker: folds 
viejoperro44: folds 
YaroslavSound: folds 
Pepono101: raises $0.02 to $0.04
wally1954: folds 
Dorex2007: folds 
Otavio NP has timed out
Otavio NP: folds 
999TYZ999: raises $0.10 to $0.14
qw303: folds 
Pepono101: folds 
Uncalled bet ($0.10) returned to 999TYZ999
999TYZ999 collected $0.10 from pot
*** SUMMARY ***
Total pot $0.10 | Rake $0 
Seat 1: qw303 (big blind) folded before Flop
Seat 2: tutanpoker folded before Flop (didn't bet)
Seat 3: viejoperro44 folded before Flop (didn't bet)
Seat 4: YaroslavSound folded before Flop (didn't bet)
Seat 5: Pepono101 folded before Flop
Seat 6: wally1954 folded before Flop (didn't bet)
Seat 7: Dorex2007 folded before Flop (didn't bet)
Seat 8: Otavio NP (button) folded before Flop (didn't bet)
Seat 9: 999TYZ999 (small blind) collected ($0.10)



PokerStars Hand #227918542541:  Hold'em No Limit ($0.01/$0.02 USD) - 2021/06/28 15:24:40 PT [2021/06/28 18:24:40 ET]
Table 'Massinga III' 9-max Seat #9 is the button
Seat 1: qw303 ($2.06 in chips) 
Seat 2: tutanpoker ($2 in chips) 
Seat 3: viejoperro44 ($6.09 in chips) 
Seat 4: YaroslavSound ($0.66 in chips) 
Seat 5: Pepono101 ($3.40 in chips) 
Seat 6: wally1954 ($1.33 in chips) 
Seat 7: Dorex2007 ($1.94 in chips) 
Seat 9: 999TYZ999 ($2.66 in chips) 
qw303: posts small blind $0.01
tutanpoker: posts big blind $0.02
*** HOLE CARDS ***
Dealt to Dorex2007 [7h 9c]
viejoperro44: folds 
YaroslavSound: raises $0.02 to $0.04
Pepono101: folds 
wally1954: folds 
Dorex2007: folds 
999TYZ999: calls $0.04
qw303: folds 
tutanpoker: folds 
*** FLOP *** [Tc Ac 4d]
YaroslavSound: bets $0.04
999TYZ999: folds 
Uncalled bet ($0.04) returned to YaroslavSound
YaroslavSound collected $0.11 from pot
YaroslavSound: doesn't show hand 
*** SUMMARY ***
Total pot $0.11 | Rake $0 
Board [Tc Ac 4d]
Seat 1: qw303 (small blind) folded before Flop
Seat 2: tutanpoker (big blind) folded before Flop
Seat 3: viejoperro44 folded before Flop (didn't bet)
Seat 4: YaroslavSound collected ($0.11)
Seat 5: Pepono101 folded before Flop (didn't bet)
Seat 6: wally1954 folded before Flop (didn't bet)
Seat 7: Dorex2007 folded before Flop (didn't bet)
Seat 9: 999TYZ999 (button) folded on the Flop



PokerStars Hand #227918555864:  Hold'em No Limit ($0.01/$0.02 USD) - 2021/06/28 15:25:19 PT [2021/06/28 18:25:19 ET]
Table 'Massinga III' 9-max Seat #1 is the button
Seat 1: qw303 ($2.05 in chips) 
Seat 2: tutanpoker ($1.98 in chips) 
Seat 3: viejoperro44 ($6.09 in chips) 
Seat 4: YaroslavSound ($0.73 in chips) 
Seat 5: Pepono101 ($3.40 in chips) 
Seat 6: wally1954 ($1.33 in chips) 
Seat 7: Dorex2007 ($1.94 in chips) 
Seat 8: Otavio NP ($2 in chips) 
Seat 9: 999TYZ999 ($2.62 in chips) 
tutanpoker: posts small blind $0.01
viejoperro44: posts big blind $0.02
*** HOLE CARDS ***
Dealt to Dorex2007 [Tc Ad]
YaroslavSound: calls $0.02
Pepono101: folds 
wally1954: calls $0.02
Dorex2007: calls $0.02
Otavio NP: folds 
999TYZ999: folds 
qw303: folds 
tutanpoker: calls $0.01
viejoperro44: checks 
*** FLOP *** [Th 5c Ah]
tutanpoker: checks 
viejoperro44: checks 
YaroslavSound: bets $0.02
wally1954: folds 
Dorex2007: calls $0.02
tutanpoker: folds 
viejoperro44: folds 
*** TURN *** [Th 5c Ah] [9c]
YaroslavSound: bets $0.02
Dorex2007: calls $0.02
*** RIVER *** [Th 5c Ah 9c] [Ts]
YaroslavSound: bets $0.02
Dorex2007: raises $0.14 to $0.16
YaroslavSound: folds 
Uncalled bet ($0.14) returned to Dorex2007
Dorex2007 collected $0.21 from pot
Dorex2007: doesn't show hand 
*** SUMMARY ***
Total pot $0.22 | Rake $0.01 
Board [Th 5c Ah 9c Ts]
Seat 1: qw303 (button) folded before Flop (didn't bet)
Seat 2: tutanpoker (small blind) folded on the Flop
Seat 3: viejoperro44 (big blind) folded on the Flop
Seat 4: YaroslavSound folded on the River
Seat 5: Pepono101 folded before Flop (didn't bet)
Seat 6: wally1954 folded on the Flop
Seat 7: Dorex2007 collected ($0.21)
Seat 8: Otavio NP folded before Flop (didn't bet)
Seat 9: 999TYZ999 folded before Flop (didn't bet)



PokerStars Hand #227918578876:  Hold'em No Limit ($0.01/$0.02 USD) - 2021/06/28 15:26:25 PT [2021/06/28 18:26:25 ET]
Table 'Massinga III' 9-max Seat #2 is the button
Seat 1: qw303 ($2.05 in chips) 
Seat 2: tutanpoker ($1.96 in chips) 
Seat 3: viejoperro44 ($6.07 in chips) 
Seat 4: YaroslavSound ($0.65 in chips) 
Seat 5: Pepono101 ($3.40 in chips) 
Seat 6: wally1954 ($1.31 in chips) 
Seat 7: Dorex2007 ($2.07 in chips) 
Seat 8: Otavio NP ($2 in chips) 
Seat 9: 999TYZ999 ($2.62 in chips) 
viejoperro44: posts small blind $0.01
YaroslavSound: posts big blind $0.02
*** HOLE CARDS ***
Dealt to Dorex2007 [9s 6d]
Pepono101: folds 
wally1954: folds 
Dorex2007: folds 
Otavio NP: folds 
999TYZ999: raises $0.05 to $0.07
qw303: folds 
tutanpoker: folds 
viejoperro44: folds 
YaroslavSound: calls $0.05
*** FLOP *** [Jd 6c Jc]
YaroslavSound: bets $0.02
999TYZ999: calls $0.02
*** TURN *** [Jd 6c Jc] [2d]
YaroslavSound: bets $0.02
999TYZ999: calls $0.02
*** RIVER *** [Jd 6c Jc 2d] [Ks]
YaroslavSound: bets $0.10
999TYZ999: calls $0.10
*** SHOW DOWN ***
YaroslavSound: shows [6h Jh] (a full house, Jacks full of Sixes)
999TYZ999: mucks hand 
YaroslavSound collected $0.41 from pot
*** SUMMARY ***
Total pot $0.43 | Rake $0.02 
Board [Jd 6c Jc 2d Ks]
Seat 1: qw303 folded before Flop (didn't bet)
Seat 2: tutanpoker (button) folded before Flop (didn't bet)
Seat 3: viejoperro44 (small blind) folded before Flop
Seat 4: YaroslavSound (big blind) showed [6h Jh] and won ($0.41) with a full house, Jacks full of Sixes
Seat 5: Pepono101 folded before Flop (didn't bet)
Seat 6: wally1954 folded before Flop (didn't bet)
Seat 7: Dorex2007 folded before Flop (didn't bet)
Seat 8: Otavio NP folded before Flop (didn't bet)
Seat 9: 999TYZ999 mucked [As 5s]



PokerStars Hand #227918595012:  Hold'em No Limit ($0.01/$0.02 USD) - 2021/06/28 15:27:12 PT [2021/06/28 18:27:12 ET]
Table 'Massinga III' 9-max Seat #3 is the button
Seat 1: qw303 ($2.05 in chips) 
Seat 2: tutanpoker ($1.96 in chips) 
Seat 3: viejoperro44 ($6.06 in chips) 
Seat 4: YaroslavSound ($0.85 in chips) 
Seat 5: Pepono101 ($3.40 in chips) 
Seat 6: wally1954 ($1.31 in chips) 
Seat 7: Dorex2007 ($2.07 in chips) 
Seat 8: Otavio NP ($2 in chips) 
Seat 9: 999TYZ999 ($2.41 in chips) 
YaroslavSound: posts small blind $0.01
Pepono101: posts big blind $0.02
*** HOLE CARDS ***
Dealt to Dorex2007 [Kd 6s]
wally1954: folds 
Dorex2007: folds 
Otavio NP: folds 
999TYZ999: calls $0.02
qw303: folds 
tutanpoker: folds 
viejoperro44: calls $0.02
YaroslavSound: calls $0.01
Pepono101: checks 
*** FLOP *** [3c Js 5d]
YaroslavSound: checks 
Pepono101: bets $0.07
999TYZ999: raises $0.22 to $0.29
viejoperro44: folds 
YaroslavSound: folds 
Pepono101: folds 
Uncalled bet ($0.22) returned to 999TYZ999
999TYZ999 collected $0.21 from pot
*** SUMMARY ***
Total pot $0.22 | Rake $0.01 
Board [3c Js 5d]
Seat 1: qw303 folded before Flop (didn't bet)
Seat 2: tutanpoker folded before Flop (didn't bet)
Seat 3: viejoperro44 (button) folded on the Flop
Seat 4: YaroslavSound (small blind) folded on the Flop
Seat 5: Pepono101 (big blind) folded on the Flop
Seat 6: wally1954 folded before Flop (didn't bet)
Seat 7: Dorex2007 folded before Flop (didn't bet)
Seat 8: Otavio NP folded before Flop (didn't bet)
Seat 9: 999TYZ999 collected ($0.21)



PokerStars Hand #227918611346:  Hold'em No Limit ($0.01/$0.02 USD) - 2021/06/28 15:28:00 PT [2021/06/28 18:28:00 ET]
Table 'Massinga III' 9-max Seat #4 is the button
Seat 1: qw303 ($2.05 in chips) 
Seat 2: tutanpoker ($1.96 in chips) 
Seat 3: viejoperro44 ($6.04 in chips) 
Seat 4: YaroslavSound ($0.83 in chips) 
Seat 5: Pepono101 ($3.31 in chips) 
Seat 6: wally1954 ($1.31 in chips) 
Seat 7: Dorex2007 ($2.07 in chips) 
Seat 8: Otavio NP ($2 in chips) 
Seat 9: 999TYZ999 ($2.53 in chips) 
Pepono101: posts small blind $0.01
wally1954: posts big blind $0.02
*** HOLE CARDS ***
Dealt to Dorex2007 [6d Ad]
Dorex2007: calls $0.02
Otavio NP: folds 
999TYZ999: raises $0.08 to $0.10
qw303: folds 
tutanpoker: calls $0.10
viejoperro44: folds 
YaroslavSound: folds 
Pepono101: folds 
wally1954: folds 
Dorex2007: calls $0.08
*** FLOP *** [5h Ks 5s]
Dorex2007: checks 
999TYZ999: bets $0.16
tutanpoker: folds 
Dorex2007: folds 
Uncalled bet ($0.16) returned to 999TYZ999
999TYZ999 collected $0.32 from pot
*** SUMMARY ***
Total pot $0.33 | Rake $0.01 
Board [5h Ks 5s]
Seat 1: qw303 folded before Flop (didn't bet)
Seat 2: tutanpoker folded on the Flop
Seat 3: viejoperro44 folded before Flop (didn't bet)
Seat 4: YaroslavSound (button) folded before Flop (didn't bet)
Seat 5: Pepono101 (small blind) folded before Flop
Seat 6: wally1954 (big blind) folded before Flop
Seat 7: Dorex2007 folded on the Flop
Seat 8: Otavio NP folded before Flop (didn't bet)
Seat 9: 999TYZ999 collected ($0.32)



PokerStars Hand #227918628979:  Hold'em No Limit ($0.01/$0.02 USD) - 2021/06/28 15:28:50 PT [2021/06/28 18:28:50 ET]
Table 'Massinga III' 9-max Seat #5 is the button
Seat 1: qw303 ($2.05 in chips) 
Seat 2: tutanpoker ($1.86 in chips) 
Seat 3: viejoperro44 ($6.04 in chips) 
Seat 4: YaroslavSound ($0.83 in chips) 
Seat 5: Pepono101 ($3.30 in chips) 
Seat 6: wally1954 ($1.29 in chips) 
Seat 7: Dorex2007 ($1.97 in chips) 
Seat 8: Otavio NP ($2 in chips) 
Seat 9: 999TYZ999 ($2.75 in chips) 
wally1954: posts small blind $0.01
Dorex2007: posts big blind $0.02
*** HOLE CARDS ***
Dealt to Dorex2007 [Jd Qd]
Otavio NP: folds 
999TYZ999: raises $0.02 to $0.04
qw303: folds 
tutanpoker: calls $0.04
viejoperro44: folds 
YaroslavSound: folds 
Pepono101: folds 
wally1954 has timed out
wally1954: folds 
Dorex2007: calls $0.02
*** FLOP *** [7h Th 5h]
Dorex2007: checks 
999TYZ999: bets $0.04
tutanpoker: folds 
Dorex2007: folds 
Uncalled bet ($0.04) returned to 999TYZ999
999TYZ999 collected $0.13 from pot
*** SUMMARY ***
Total pot $0.13 | Rake $0 
Board [7h Th 5h]
Seat 1: qw303 folded before Flop (didn't bet)
Seat 2: tutanpoker folded on the Flop
Seat 3: viejoperro44 folded before Flop (didn't bet)
Seat 4: YaroslavSound folded before Flop (didn't bet)
Seat 5: Pepono101 (button) folded before Flop (didn't bet)
Seat 6: wally1954 (small blind) folded before Flop
Seat 7: Dorex2007 (big blind) folded on the Flop
Seat 8: Otavio NP folded before Flop (didn't bet)
Seat 9: 999TYZ999 collected ($0.13)



PokerStars Hand #227918655003:  Hold'em No Limit ($0.01/$0.02 USD) - 2021/06/28 15:30:06 PT [2021/06/28 18:30:06 ET]
Table 'Massinga III' 9-max Seat #7 is the button
Seat 1: qw303 ($2.05 in chips) 
Seat 2: tutanpoker ($1.82 in chips) 
Seat 3: viejoperro44 ($6.04 in chips) 
Seat 4: YaroslavSound ($0.83 in chips) 
Seat 5: Pepono101 ($3.30 in chips) 
Seat 7: Dorex2007 ($1.93 in chips) 
Seat 8: Otavio NP ($2 in chips) 
Seat 9: 999TYZ999 ($2.84 in chips) 
Otavio NP: posts small blind $0.01
999TYZ999: posts big blind $0.02
*** HOLE CARDS ***
Dealt to Dorex2007 [2c Kd]
qw303: folds 
tutanpoker: raises $0.05 to $0.07
viejoperro44: folds 
YaroslavSound: calls $0.07
Pepono101: folds 
Dorex2007: folds 
Otavio NP: folds 
999TYZ999: calls $0.05
*** FLOP *** [8d Ah 9s]
999TYZ999: checks 
tutanpoker: checks 
YaroslavSound: checks 
*** TURN *** [8d Ah 9s] [2h]
999TYZ999: checks 
tutanpoker: bets $0.11
YaroslavSound: folds 
999TYZ999: folds 
Uncalled bet ($0.11) returned to tutanpoker
tutanpoker collected $0.21 from pot
tutanpoker: doesn't show hand 
*** SUMMARY ***
Total pot $0.22 | Rake $0.01 
Board [8d Ah 9s 2h]
Seat 1: qw303 folded before Flop (didn't bet)
Seat 2: tutanpoker collected ($0.21)
Seat 3: viejoperro44 folded before Flop (didn't bet)
Seat 4: YaroslavSound folded on the Turn
Seat 5: Pepono101 folded before Flop (didn't bet)
Seat 7: Dorex2007 (button) folded before Flop (didn't bet)
Seat 8: Otavio NP (small blind) folded before Flop
Seat 9: 999TYZ999 (big blind) folded on the Turn



PokerStars Hand #227918673930:  Hold'em No Limit ($0.01/$0.02 USD) - 2021/06/28 15:31:01 PT [2021/06/28 18:31:01 ET]
Table 'Massinga III' 9-max Seat #8 is the button
Seat 1: qw303 ($2.05 in chips) 
Seat 2: tutanpoker ($1.96 in chips) 
Seat 3: viejoperro44 ($6.04 in chips) 
Seat 4: YaroslavSound ($0.76 in chips) 
Seat 5: Pepono101 ($3.30 in chips) 
Seat 7: Dorex2007 ($1.93 in chips) 
Seat 8: Otavio NP ($2 in chips) 
Seat 9: 999TYZ999 ($2.77 in chips) 
999TYZ999: posts small blind $0.01
qw303: posts big blind $0.02
*** HOLE CARDS ***
Dealt to Dorex2007 [7h 2h]
tutanpoker: folds 
viejoperro44: folds 
YaroslavSound: folds 
Pepono101: calls $0.02
Dorex2007: folds 
Otavio NP: raises $0.06 to $0.08
999TYZ999: calls $0.07
qw303: folds 
Pepono101: folds 
*** FLOP *** [Tc 2d 7s]
999TYZ999: checks 
Otavio NP: bets $0.06
999TYZ999: folds 
Uncalled bet ($0.06) returned to Otavio NP
Otavio NP collected $0.19 from pot
Otavio NP: doesn't show hand 
*** SUMMARY ***
Total pot $0.20 | Rake $0.01 
Board [Tc 2d 7s]
Seat 1: qw303 (big blind) folded before Flop
Seat 2: tutanpoker folded before Flop (didn't bet)
Seat 3: viejoperro44 folded before Flop (didn't bet)
Seat 4: YaroslavSound folded before Flop (didn't bet)
Seat 5: Pepono101 folded before Flop
Seat 7: Dorex2007 folded before Flop (didn't bet)
Seat 8: Otavio NP (button) collected ($0.19)
Seat 9: 999TYZ999 (small blind) folded on the Flop



PokerStars Hand #227918695994:  Hold'em No Limit ($0.01/$0.02 USD) - 2021/06/28 15:32:04 PT [2021/06/28 18:32:04 ET]
Table 'Massinga III' 9-max Seat #9 is the button
Seat 1: qw303 ($2.03 in chips) 
Seat 2: tutanpoker ($1.96 in chips) 
Seat 3: viejoperro44 ($6.04 in chips) 
Seat 4: YaroslavSound ($0.76 in chips) 
Seat 5: Pepono101 ($3.28 in chips) 
Seat 7: Dorex2007 ($1.93 in chips) 
Seat 8: Otavio NP ($2.11 in chips) 
Seat 9: 999TYZ999 ($2.69 in chips) 
qw303: posts small blind $0.01
tutanpoker: posts big blind $0.02
*** HOLE CARDS ***
Dealt to Dorex2007 [Qd 2h]
viejoperro44: folds 
YaroslavSound: folds 
Pepono101: raises $0.02 to $0.04
Dorex2007: folds 
Otavio NP: folds 
999TYZ999: calls $0.04
qw303: folds 
tutanpoker: calls $0.02
*** FLOP *** [Kd 9s Ts]
tutanpoker: checks 
Pepono101: bets $0.13
999TYZ999: folds 
tutanpoker: folds 
Uncalled bet ($0.13) returned to Pepono101
Pepono101 collected $0.13 from pot
Pepono101: doesn't show hand 
*** SUMMARY ***
Total pot $0.13 | Rake $0 
Board [Kd 9s Ts]
Seat 1: qw303 (small blind) folded before Flop
Seat 2: tutanpoker (big blind) folded on the Flop
Seat 3: viejoperro44 folded before Flop (didn't bet)
Seat 4: YaroslavSound folded before Flop (didn't bet)
Seat 5: Pepono101 collected ($0.13)
Seat 7: Dorex2007 folded before Flop (didn't bet)
Seat 8: Otavio NP folded before Flop (didn't bet)
Seat 9: 999TYZ999 (button) folded on the Flop



PokerStars Hand #227918707625:  Hold'em No Limit ($0.01/$0.02 USD) - 2021/06/28 15:32:37 PT [2021/06/28 18:32:37 ET]
Table 'Massinga III' 9-max Seat #1 is the button
Seat 1: qw303 ($2.02 in chips) 
Seat 2: tutanpoker ($1.92 in chips) 
Seat 3: viejoperro44 ($6.04 in chips) 
Seat 4: YaroslavSound ($0.76 in chips) 
Seat 5: Pepono101 ($3.37 in chips) 
Seat 7: Dorex2007 ($1.93 in chips) 
Seat 8: Otavio NP ($2.11 in chips) 
Seat 9: 999TYZ999 ($2.65 in chips) 
tutanpoker: posts small blind $0.01
viejoperro44: posts big blind $0.02
*** HOLE CARDS ***
Dealt to Dorex2007 [Ac Ad]
YaroslavSound: folds 
Pepono101: folds 
Dorex2007: raises $0.04 to $0.06
Otavio NP: folds 
999TYZ999: calls $0.06
qw303: folds 
tutanpoker: folds 
viejoperro44: folds 
*** FLOP *** [6h 6d 5h]
Dorex2007: checks 
999TYZ999: checks 
*** TURN *** [6h 6d 5h] [3s]
Dorex2007: bets $0.09
999TYZ999: folds 
Uncalled bet ($0.09) returned to Dorex2007
Dorex2007 collected $0.14 from pot
Dorex2007: doesn't show hand 
*** SUMMARY ***
Total pot $0.15 | Rake $0.01 
Board [6h 6d 5h 3s]
Seat 1: qw303 (button) folded before Flop (didn't bet)
Seat 2: tutanpoker (small blind) folded before Flop
Seat 3: viejoperro44 (big blind) folded before Flop
Seat 4: YaroslavSound folded before Flop (didn't bet)
Seat 5: Pepono101 folded before Flop (didn't bet)
Seat 7: Dorex2007 collected ($0.14)
Seat 8: Otavio NP folded before Flop (didn't bet)
Seat 9: 999TYZ999 folded on the Turn



PokerStars Hand #227918720114:  Hold'em No Limit ($0.01/$0.02 USD) - 2021/06/28 15:33:12 PT [2021/06/28 18:33:12 ET]
Table 'Massinga III' 9-max Seat #2 is the button
Seat 1: qw303 ($2.02 in chips) 
Seat 2: tutanpoker ($1.91 in chips) 
Seat 3: viejoperro44 ($6.02 in chips) 
Seat 4: YaroslavSound ($0.76 in chips) 
Seat 5: Pepono101 ($3.37 in chips) 
Seat 7: Dorex2007 ($2.01 in chips) 
Seat 8: Otavio NP ($2.11 in chips) 
Seat 9: 999TYZ999 ($2.59 in chips) 
viejoperro44: posts small blind $0.01
YaroslavSound: posts big blind $0.02
*** HOLE CARDS ***
Dealt to Dorex2007 [8h 6d]
Pepono101 has timed out
Pepono101: folds 
Dorex2007: folds 
Otavio NP: folds 
999TYZ999: calls $0.02
qw303: folds 
tutanpoker: raises $0.06 to $0.08
viejoperro44: folds 
YaroslavSound: calls $0.06
999TYZ999: calls $0.06
*** FLOP *** [Th 3d 7c]
YaroslavSound: checks 
999TYZ999: checks 
tutanpoker: bets $0.14
YaroslavSound: folds 
999TYZ999: folds 
Uncalled bet ($0.14) returned to tutanpoker
tutanpoker collected $0.24 from pot
tutanpoker: doesn't show hand 
*** SUMMARY ***
Total pot $0.25 | Rake $0.01 
Board [Th 3d 7c]
Seat 1: qw303 folded before Flop (didn't bet)
Seat 2: tutanpoker (button) collected ($0.24)
Seat 3: viejoperro44 (small blind) folded before Flop
Seat 4: YaroslavSound (big blind) folded on the Flop
Seat 5: Pepono101 folded before Flop (didn't bet)
Seat 7: Dorex2007 folded before Flop (didn't bet)
Seat 8: Otavio NP folded before Flop (didn't bet)
Seat 9: 999TYZ999 folded on the Flop



PokerStars Hand #227918750893:  Hold'em No Limit ($0.01/$0.02 USD) - 2021/06/28 15:34:18 PT [2021/06/28 18:34:18 ET]
Table 'Massinga III' 9-max Seat #3 is the button
Seat 1: qw303 ($2.02 in chips) 
Seat 2: tutanpoker ($2.07 in chips) 
Seat 3: viejoperro44 ($6.01 in chips) 
Seat 4: YaroslavSound ($0.68 in chips) 
Seat 5: Pepono101 ($3.37 in chips) 
Seat 7: Dorex2007 ($2.01 in chips) 
Seat 8: Otavio NP ($2.11 in chips) 
Seat 9: 999TYZ999 ($2.51 in chips) 
YaroslavSound: posts small blind $0.01
Pepono101: posts big blind $0.02
*** HOLE CARDS ***
Dealt to Dorex2007 [8h 7h]
Dorex2007: folds 
Otavio NP: folds 
999TYZ999: calls $0.02
qw303: folds 
tutanpoker: calls $0.02
viejoperro44: folds 
YaroslavSound: calls $0.01
Pepono101: checks 
*** FLOP *** [4s Ks 6s]
YaroslavSound: checks 
Pepono101: checks 
999TYZ999: bets $0.12
tutanpoker: folds 
YaroslavSound: calls $0.12
Pepono101: folds 
*** TURN *** [4s Ks 6s] [5d]
YaroslavSound: checks 
999TYZ999: bets $0.31
YaroslavSound: raises $0.23 to $0.54 and is all-in
999TYZ999: calls $0.23
*** RIVER *** [4s Ks 6s 5d] [5c]
*** SHOW DOWN ***
YaroslavSound: shows [7d 3c] (a straight, Three to Seven)
999TYZ999: shows [8s 2s] (a flush, King high)
999TYZ999 collected $1.35 from pot
*** SUMMARY ***
Total pot $1.40 | Rake $0.05 
Board [4s Ks 6s 5d 5c]
Seat 1: qw303 folded before Flop (didn't bet)
Seat 2: tutanpoker folded on the Flop
Seat 3: viejoperro44 (button) folded before Flop (didn't bet)
Seat 4: YaroslavSound (small blind) showed [7d 3c] and lost with a straight, Three to Seven
Seat 5: Pepono101 (big blind) folded on the Flop
Seat 7: Dorex2007 folded before Flop (didn't bet)
Seat 8: Otavio NP folded before Flop (didn't bet)
Seat 9: 999TYZ999 showed [8s 2s] and won ($1.35) with a flush, King high



PokerStars Hand #227918771508:  Hold'em No Limit ($0.01/$0.02 USD) - 2021/06/28 15:35:17 PT [2021/06/28 18:35:17 ET]
Table 'Massinga III' 9-max Seat #5 is the button
Seat 1: qw303 ($2.02 in chips) 
Seat 2: tutanpoker ($2.05 in chips) 
Seat 3: viejoperro44 ($6.01 in chips) 
Seat 5: Pepono101 ($3.35 in chips) 
Seat 7: Dorex2007 ($2.01 in chips) 
Seat 8: Otavio NP ($2.11 in chips) 
Seat 9: 999TYZ999 ($3.18 in chips) 
Dorex2007: posts small blind $0.01
Otavio NP: posts big blind $0.02
*** HOLE CARDS ***
Dealt to Dorex2007 [Ks 2s]
999TYZ999: folds 
qw303: folds 
tutanpoker: raises $0.04 to $0.06
viejoperro44: folds 
Pepono101: folds 
Dorex2007: folds 
Otavio NP: folds 
Uncalled bet ($0.04) returned to tutanpoker
tutanpoker collected $0.05 from pot
tutanpoker: doesn't show hand 
*** SUMMARY ***
Total pot $0.05 | Rake $0 
Seat 1: qw303 folded before Flop (didn't bet)
Seat 2: tutanpoker collected ($0.05)
Seat 3: viejoperro44 folded before Flop (didn't bet)
Seat 5: Pepono101 (button) folded before Flop (didn't bet)
Seat 7: Dorex2007 (small blind) folded before Flop
Seat 8: Otavio NP (big blind) folded before Flop
Seat 9: 999TYZ999 folded before Flop (didn't bet)



PokerStars Hand #227918780591:  Hold'em No Limit ($0.01/$0.02 USD) - 2021/06/28 15:35:42 PT [2021/06/28 18:35:42 ET]
Table 'Massinga III' 9-max Seat #7 is the button
Seat 1: qw303 ($2.02 in chips) 
Seat 2: tutanpoker ($2.08 in chips) 
Seat 3: viejoperro44 ($6.01 in chips) 
Seat 4: YaroslavSound ($0.80 in chips) 
Seat 5: Pepono101 ($3.35 in chips) 
Seat 7: Dorex2007 ($2 in chips) 
Seat 8: Otavio NP ($2.09 in chips) 
Seat 9: 999TYZ999 ($3.18 in chips) 
Otavio NP: posts small blind $0.01
999TYZ999: posts big blind $0.02
*** HOLE CARDS ***
Dealt to Dorex2007 [2c Td]
qw303: folds 
tutanpoker: folds 
viejoperro44: folds 
YaroslavSound: calls $0.02
Pepono101: raises $0.04 to $0.06
Dorex2007: folds 
Otavio NP: folds 
999TYZ999: raises $0.16 to $0.22
YaroslavSound: folds 
Pepono101: folds 
Uncalled bet ($0.16) returned to 999TYZ999
999TYZ999 collected $0.15 from pot
*** SUMMARY ***
Total pot $0.15 | Rake $0 
Seat 1: qw303 folded before Flop (didn't bet)
Seat 2: tutanpoker folded before Flop (didn't bet)
Seat 3: viejoperro44 folded before Flop (didn't bet)
Seat 4: YaroslavSound folded before Flop
Seat 5: Pepono101 folded before Flop
Seat 7: Dorex2007 (button) folded before Flop (didn't bet)
Seat 8: Otavio NP (small blind) folded before Flop
Seat 9: 999TYZ999 (big blind) collected ($0.15)



PokerStars Hand #227918795139:  Hold'em No Limit ($0.01/$0.02 USD) - 2021/06/28 15:36:24 PT [2021/06/28 18:36:24 ET]
Table 'Massinga III' 9-max Seat #8 is the button
Seat 1: qw303 ($2.02 in chips) 
Seat 2: tutanpoker ($2.08 in chips) 
Seat 3: viejoperro44 ($6.01 in chips) 
Seat 4: YaroslavSound ($0.78 in chips) 
Seat 5: Pepono101 ($3.29 in chips) 
Seat 7: Dorex2007 ($2 in chips) 
Seat 8: Otavio NP ($2.08 in chips) 
Seat 9: 999TYZ999 ($3.27 in chips) 
999TYZ999: posts small blind $0.01
qw303: posts big blind $0.02
*** HOLE CARDS ***
Dealt to Dorex2007 [Ts 3h]
tutanpoker: folds 
viejoperro44: folds 
YaroslavSound: raises $0.02 to $0.04
Pepono101: folds 
Dorex2007: folds 
Otavio NP: folds 
999TYZ999: raises $0.12 to $0.16
qw303: folds 
YaroslavSound: calls $0.12
*** FLOP *** [4s Qd Th]
999TYZ999: bets $0.33
YaroslavSound: calls $0.33
*** TURN *** [4s Qd Th] [3d]
999TYZ999: bets $0.48
YaroslavSound: calls $0.29 and is all-in
Uncalled bet ($0.19) returned to 999TYZ999
*** RIVER *** [4s Qd Th 3d] [9h]
*** SHOW DOWN ***
999TYZ999: shows [Kc Jc] (a straight, Nine to King)
YaroslavSound: shows [5s 5d] (a pair of Fives)
999TYZ999 collected $1.52 from pot
*** SUMMARY ***
Total pot $1.58 | Rake $0.06 
Board [4s Qd Th 3d 9h]
Seat 1: qw303 (big blind) folded before Flop
Seat 2: tutanpoker folded before Flop (didn't bet)
Seat 3: viejoperro44 folded before Flop (didn't bet)
Seat 4: YaroslavSound showed [5s 5d] and lost with a pair of Fives
Seat 5: Pepono101 folded before Flop (didn't bet)
Seat 7: Dorex2007 folded before Flop (didn't bet)
Seat 8: Otavio NP (button) folded before Flop (didn't bet)
Seat 9: 999TYZ999 (small blind) showed [Kc Jc] and won ($1.52) with a straight, Nine to King



PokerStars Hand #227918813913:  Hold'em No Limit ($0.01/$0.02 USD) - 2021/06/28 15:37:18 PT [2021/06/28 18:37:18 ET]
Table 'Massinga III' 9-max Seat #9 is the button
Seat 1: qw303 ($2 in chips) 
Seat 2: tutanpoker ($2.08 in chips) 
Seat 3: viejoperro44 ($6.01 in chips) 
Seat 5: Pepono101 ($3.29 in chips) 
Seat 7: Dorex2007 ($2 in chips) 
Seat 8: Otavio NP ($2.08 in chips) 
Seat 9: 999TYZ999 ($4.01 in chips) 
qw303: posts small blind $0.01
tutanpoker: posts big blind $0.02
*** HOLE CARDS ***
Dealt to Dorex2007 [Jh As]
viejoperro44: folds 
Pepono101: folds 
Dorex2007: raises $0.04 to $0.06
Otavio NP: folds 
999TYZ999: folds 
qw303: folds 
YaroslavSound leaves the table
tutanpoker: folds 
Uncalled bet ($0.04) returned to Dorex2007
Dorex2007 collected $0.05 from pot
Dorex2007: doesn't show hand 
*** SUMMARY ***
Total pot $0.05 | Rake $0 
Seat 1: qw303 (small blind) folded before Flop
Seat 2: tutanpoker (big blind) folded before Flop
Seat 3: viejoperro44 folded before Flop (didn't bet)
Seat 5: Pepono101 folded before Flop (didn't bet)
Seat 7: Dorex2007 collected ($0.05)
Seat 8: Otavio NP folded before Flop (didn't bet)
Seat 9: 999TYZ999 (button) folded before Flop (didn't bet)



PokerStars Hand #227918823474:  Hold'em No Limit ($0.01/$0.02 USD) - 2021/06/28 15:37:46 PT [2021/06/28 18:37:46 ET]
Table 'Massinga III' 9-max Seat #1 is the button
Seat 1: qw303 ($2 in chips) 
Seat 2: tutanpoker ($2.06 in chips) 
Seat 3: viejoperro44 ($6.01 in chips) 
Seat 5: Pepono101 ($3.29 in chips) 
Seat 7: Dorex2007 ($2.03 in chips) 
Seat 8: Otavio NP ($2.08 in chips) 
Seat 9: 999TYZ999 ($4.01 in chips) 
tutanpoker: posts small blind $0.01
viejoperro44: posts big blind $0.02
*** HOLE CARDS ***
Dealt to Dorex2007 [8d 6d]
Pepono101: folds 
Dorex2007: folds 
Otavio NP: folds 
999TYZ999: calls $0.02
qw303: folds 
tutanpoker: calls $0.01
viejoperro44: checks 
*** FLOP *** [Tc 2h 5s]
tutanpoker: bets $0.04
viejoperro44: folds 
999TYZ999: calls $0.04
*** TURN *** [Tc 2h 5s] [6s]
tutanpoker: checks 
999TYZ999: checks 
*** RIVER *** [Tc 2h 5s 6s] [Th]
edoschenko joins the table at seat #4 
tutanpoker: bets $0.08
999TYZ999: calls $0.08
*** SHOW DOWN ***
tutanpoker: shows [Td Ad] (three of a kind, Tens)
999TYZ999: mucks hand 
tutanpoker collected $0.29 from pot
*** SUMMARY ***
Total pot $0.30 | Rake $0.01 
Board [Tc 2h 5s 6s Th]
Seat 1: qw303 (button) folded before Flop (didn't bet)
Seat 2: tutanpoker (small blind) showed [Td Ad] and won ($0.29) with three of a kind, Tens
Seat 3: viejoperro44 (big blind) folded on the Flop
Seat 5: Pepono101 folded before Flop (didn't bet)
Seat 7: Dorex2007 folded before Flop (didn't bet)
Seat 8: Otavio NP folded before Flop (didn't bet)
Seat 9: 999TYZ999 mucked [Kc 5h]



PokerStars Hand #227918844132:  Hold'em No Limit ($0.01/$0.02 USD) - 2021/06/28 15:38:44 PT [2021/06/28 18:38:44 ET]
Table 'Massinga III' 9-max Seat #2 is the button
Seat 1: qw303 ($2 in chips) 
Seat 2: tutanpoker ($2.21 in chips) 
Seat 3: viejoperro44 ($5.99 in chips) 
Seat 4: edoschenko ($1.60 in chips) 
Seat 5: Pepono101 ($3.29 in chips) 
Seat 7: Dorex2007 ($2.03 in chips) 
Seat 8: Otavio NP ($2.08 in chips) 
Seat 9: 999TYZ999 ($3.87 in chips) 
viejoperro44: posts small blind $0.01
edoschenko: posts big blind $0.02
*** HOLE CARDS ***
Dealt to Dorex2007 [4d 6d]
Pepono101: raises $0.04 to $0.06
Dorex2007: folds 
Otavio NP: folds 
999TYZ999: raises $0.06 to $0.12
qw303: folds 
tutanpoker: folds 
viejoperro44: folds 
edoschenko: calls $0.10
Pepono101: calls $0.06
*** FLOP *** [2s 8c Td]
edoschenko: checks 
Pepono101: checks 
999TYZ999: checks 
*** TURN *** [2s 8c Td] [Ah]
edoschenko: checks 
Pepono101: checks 
999TYZ999: bets $0.18
edoschenko: folds 
Pepono101: folds 
Uncalled bet ($0.18) returned to 999TYZ999
999TYZ999 collected $0.36 from pot
*** SUMMARY ***
Total pot $0.37 | Rake $0.01 
Board [2s 8c Td Ah]
Seat 1: qw303 folded before Flop (didn't bet)
Seat 2: tutanpoker (button) folded before Flop (didn't bet)
Seat 3: viejoperro44 (small blind) folded before Flop
Seat 4: edoschenko (big blind) folded on the Turn
Seat 5: Pepono101 folded on the Turn
Seat 7: Dorex2007 folded before Flop (didn't bet)
Seat 8: Otavio NP folded before Flop (didn't bet)
Seat 9: 999TYZ999 collected ($0.36)



PokerStars Hand #227918862474:  Hold'em No Limit ($0.01/$0.02 USD) - 2021/06/28 15:39:37 PT [2021/06/28 18:39:37 ET]
Table 'Massinga III' 9-max Seat #3 is the button
Seat 1: qw303 ($2 in chips) 
Seat 2: tutanpoker ($2.21 in chips) 
Seat 3: viejoperro44 ($5.98 in chips) 
Seat 4: edoschenko ($1.48 in chips) 
Seat 5: Pepono101 ($3.17 in chips) 
Seat 7: Dorex2007 ($2.03 in chips) 
Seat 8: Otavio NP ($2.08 in chips) 
Seat 9: 999TYZ999 ($4.11 in chips) 
edoschenko: posts small blind $0.01
Pepono101: posts big blind $0.02
*** HOLE CARDS ***
Dealt to Dorex2007 [8d 5s]
Dorex2007: folds 
Otavio NP: folds 
999TYZ999: folds 
qw303: folds 
tutanpoker: raises $0.04 to $0.06
viejoperro44: folds 
edoschenko: folds 
Pepono101: calls $0.04
*** FLOP *** [9s Ks 5d]
Pepono101: checks 
tutanpoker: bets $0.07
Pepono101: calls $0.07
*** TURN *** [9s Ks 5d] [4c]
Pepono101: checks 
tutanpoker: checks 
*** RIVER *** [9s Ks 5d 4c] [6s]
Pepono101: bets $0.26
tutanpoker: folds 
Uncalled bet ($0.26) returned to Pepono101
Pepono101 collected $0.26 from pot
Pepono101: doesn't show hand 
*** SUMMARY ***
Total pot $0.27 | Rake $0.01 
Board [9s Ks 5d 4c 6s]
Seat 1: qw303 folded before Flop (didn't bet)
Seat 2: tutanpoker folded on the River
Seat 3: viejoperro44 (button) folded before Flop (didn't bet)
Seat 4: edoschenko (small blind) folded before Flop
Seat 5: Pepono101 (big blind) collected ($0.26)
Seat 7: Dorex2007 folded before Flop (didn't bet)
Seat 8: Otavio NP folded before Flop (didn't bet)
Seat 9: 999TYZ999 folded before Flop (didn't bet)



PokerStars Hand #227918881619:  Hold'em No Limit ($0.01/$0.02 USD) - 2021/06/28 15:40:22 PT [2021/06/28 18:40:22 ET]
Table 'Massinga III' 9-max Seat #4 is the button
Seat 1: qw303 ($2 in chips) 
Seat 2: tutanpoker ($2.08 in chips) 
Seat 3: viejoperro44 ($5.98 in chips) 
Seat 4: edoschenko ($1.47 in chips) 
Seat 5: Pepono101 ($3.30 in chips) 
Seat 7: Dorex2007 ($2.03 in chips) 
Seat 8: Otavio NP ($2.08 in chips) 
Seat 9: 999TYZ999 ($4.11 in chips) 
Pepono101: posts small blind $0.01
Dorex2007: posts big blind $0.02
*** HOLE CARDS ***
Dealt to Dorex2007 [8s Th]
Otavio NP: folds 
999TYZ999: calls $0.02
qw303: folds 
tutanpoker: folds 
viejoperro44: folds 
edoschenko: folds 
Pepono101: calls $0.01
Dorex2007: checks 
*** FLOP *** [5s Ah 6c]
Pepono101: checks 
Dorex2007: checks 
999TYZ999: checks 
*** TURN *** [5s Ah 6c] [7s]
Pepono101: checks 
Dorex2007: checks 
999TYZ999: bets $0.12
Pepono101: folds 
Dorex2007: folds 
Uncalled bet ($0.12) returned to 999TYZ999
999TYZ999 collected $0.06 from pot
*** SUMMARY ***
Total pot $0.06 | Rake $0 
Board [5s Ah 6c 7s]
Seat 1: qw303 folded before Flop (didn't bet)
Seat 2: tutanpoker folded before Flop (didn't bet)
Seat 3: viejoperro44 folded before Flop (didn't bet)
Seat 4: edoschenko (button) folded before Flop (didn't bet)
Seat 5: Pepono101 (small blind) folded on the Turn
Seat 7: Dorex2007 (big blind) folded on the Turn
Seat 8: Otavio NP folded before Flop (didn't bet)
Seat 9: 999TYZ999 collected ($0.06)



PokerStars Hand #227918902880:  Hold'em No Limit ($0.01/$0.02 USD) - 2021/06/28 15:41:24 PT [2021/06/28 18:41:24 ET]
Table 'Massinga III' 9-max Seat #5 is the button
Seat 1: qw303 ($2 in chips) 
Seat 2: tutanpoker ($2.08 in chips) 
Seat 3: viejoperro44 ($5.98 in chips) 
Seat 4: edoschenko ($1.47 in chips) 
Seat 5: Pepono101 ($3.28 in chips) 
Seat 7: Dorex2007 ($2.01 in chips) 
Seat 8: Otavio NP ($2.08 in chips) 
Seat 9: 999TYZ999 ($4.15 in chips) 
Dorex2007: posts small blind $0.01
Otavio NP: posts big blind $0.02
*** HOLE CARDS ***
Dealt to Dorex2007 [Js Ah]
999TYZ999: folds 
qw303: folds 
tutanpoker: folds 
viejoperro44: raises $0.02 to $0.04
edoschenko: folds 
Pepono101: calls $0.04
Dorex2007: calls $0.03
Otavio NP: folds 
*** FLOP *** [Td 8c 8h]
Dorex2007: checks 
viejoperro44: checks 
Pepono101: checks 
*** TURN *** [Td 8c 8h] [8d]
Dorex2007: checks 
viejoperro44: checks 
Pepono101: checks 
*** RIVER *** [Td 8c 8h 8d] [2d]
Dorex2007: checks 
viejoperro44: checks 
Pepono101: bets $0.02
Dorex2007: folds 
viejoperro44: calls $0.02
*** SHOW DOWN ***
Pepono101: shows [9c Jc] (three of a kind, Eights)
viejoperro44: shows [Qd Ad] (a flush, Ace high)
viejoperro44 collected $0.17 from pot
*** SUMMARY ***
Total pot $0.18 | Rake $0.01 
Board [Td 8c 8h 8d 2d]
Seat 1: qw303 folded before Flop (didn't bet)
Seat 2: tutanpoker folded before Flop (didn't bet)
Seat 3: viejoperro44 showed [Qd Ad] and won ($0.17) with a flush, Ace high
Seat 4: edoschenko folded before Flop (didn't bet)
Seat 5: Pepono101 (button) showed [9c Jc] and lost with three of a kind, Eights
Seat 7: Dorex2007 (small blind) folded on the River
Seat 8: Otavio NP (big blind) folded before Flop
Seat 9: 999TYZ999 folded before Flop (didn't bet)



PokerStars Hand #227918927270:  Hold'em No Limit ($0.01/$0.02 USD) - 2021/06/28 15:42:35 PT [2021/06/28 18:42:35 ET]
Table 'Massinga III' 9-max Seat #7 is the button
Seat 1: qw303 ($2 in chips) 
Seat 2: tutanpoker ($2.08 in chips) 
Seat 3: viejoperro44 ($6.09 in chips) 
Seat 4: edoschenko ($1.47 in chips) 
Seat 5: Pepono101 ($3.22 in chips) 
Seat 7: Dorex2007 ($1.97 in chips) 
Seat 8: Otavio NP ($2.06 in chips) 
Seat 9: 999TYZ999 ($4.15 in chips) 
Otavio NP: posts small blind $0.01
999TYZ999: posts big blind $0.02
*** HOLE CARDS ***
Dealt to Dorex2007 [9d 3s]
qw303: folds 
tutanpoker: folds 
tutanpoker leaves the table
viejoperro44: folds 
edoschenko: folds 
Pepono101: folds 
Dorex2007: folds 
Otavio NP: folds 
Uncalled bet ($0.01) returned to 999TYZ999
999TYZ999 collected $0.02 from pot
*** SUMMARY ***
Total pot $0.02 | Rake $0 
Seat 1: qw303 folded before Flop (didn't bet)
Seat 2: tutanpoker folded before Flop (didn't bet)
Seat 3: viejoperro44 folded before Flop (didn't bet)
Seat 4: edoschenko folded before Flop (didn't bet)
Seat 5: Pepono101 folded before Flop (didn't bet)
Seat 7: Dorex2007 (button) folded before Flop (didn't bet)
Seat 8: Otavio NP (small blind) folded before Flop
Seat 9: 999TYZ999 (big blind) collected ($0.02)



PokerStars Hand #227918934254:  Hold'em No Limit ($0.01/$0.02 USD) - 2021/06/28 15:42:55 PT [2021/06/28 18:42:55 ET]
Table 'Massinga III' 9-max Seat #8 is the button
Seat 1: qw303 ($2 in chips) 
Seat 3: viejoperro44 ($6.09 in chips) 
Seat 4: edoschenko ($1.47 in chips) 
Seat 5: Pepono101 ($3.22 in chips) 
Seat 7: Dorex2007 ($1.97 in chips) 
Seat 8: Otavio NP ($2.05 in chips) 
Seat 9: 999TYZ999 ($4.16 in chips) 
999TYZ999: posts small blind $0.01
qw303: posts big blind $0.02
*** HOLE CARDS ***
Dealt to Dorex2007 [5c 4d]
viejoperro44: folds 
edoschenko: raises $0.06 to $0.08
Pepono101: folds 
Dorex2007: folds 
megazanos joins the table at seat #2 
Otavio NP: folds 
999TYZ999: calls $0.07
qw303: folds 
*** FLOP *** [5d 7s 3h]
999TYZ999: checks 
edoschenko: bets $0.12
999TYZ999: calls $0.12
*** TURN *** [5d 7s 3h] [Th]
999TYZ999: checks 
edoschenko: bets $0.38
999TYZ999: calls $0.38
*** RIVER *** [5d 7s 3h Th] [9d]
999TYZ999: bets $1.14
edoschenko: calls $0.89 and is all-in
Uncalled bet ($0.25) returned to 999TYZ999
*** SHOW DOWN ***
999TYZ999: shows [4h 9h] (a pair of Nines)
edoschenko: shows [Tc Ts] (three of a kind, Tens)
edoschenko collected $2.86 from pot
*** SUMMARY ***
Total pot $2.96 | Rake $0.10 
Board [5d 7s 3h Th 9d]
Seat 1: qw303 (big blind) folded before Flop
Seat 3: viejoperro44 folded before Flop (didn't bet)
Seat 4: edoschenko showed [Tc Ts] and won ($2.86) with three of a kind, Tens
Seat 5: Pepono101 folded before Flop (didn't bet)
Seat 7: Dorex2007 folded before Flop (didn't bet)
Seat 8: Otavio NP (button) folded before Flop (didn't bet)
Seat 9: 999TYZ999 (small blind) showed [4h 9h] and lost with a pair of Nines



