PokerStars Hand #236949988026:  Hold'em No Limit ($0.01/$0.02 USD) - 2022/06/23 21:00:26 PT [2022/06/24 0:00:26 ET]
Table 'Ausonia II' 9-max Seat #3 is the button
Seat 1: cberto09 ($2 in chips) 
Seat 2: Dubhe99 ($1.93 in chips) 
Seat 3: Dorex2007 ($2.21 in chips) 
Seat 5: jiffer507 ($2.77 in chips) 
Seat 6: bossyrose76 ($2.21 in chips) 
Seat 8: Lucenag ($0.80 in chips) 
Seat 9: w3sby ($2.01 in chips) 
santibaron is disconnected 
santibaron has timed out while disconnected
santibaron: is sitting out 
jiffer507: posts small blind $0.01
bossyrose76: posts big blind $0.02
Lucenag: posts big blind $0.02
*** HOLE CARDS ***
Dealt to Dorex2007 [6d Ts]
Lucenag: checks 
w3sby: raises $0.06 to $0.08
cberto09: folds 
Dubhe99: calls $0.08
Dorex2007: folds 
jiffer507: calls $0.07
bossyrose76: calls $0.06
Lucenag: raises $0.12 to $0.20
w3sby: raises $0.30 to $0.50
Dubhe99: calls $0.42
jiffer507: folds 
bossyrose76: folds 
Lucenag: raises $0.30 to $0.80 and is all-in
w3sby: raises $0.30 to $1.10
Dubhe99: raises $0.83 to $1.93 and is all-in
w3sby: calls $0.83
jiffer507 leaves the table
*** FLOP *** [7h 9c 8s]
*** TURN *** [7h 9c 8s] [9h]
*** RIVER *** [7h 9c 8s 9h] [4h]
*** SHOW DOWN ***
w3sby: shows [Kd Ad] (a pair of Nines)
Dubhe99: shows [3d 3h] (two pair, Nines and Threes)
Dubhe99 collected $2.18 from side pot
Lucenag: shows [Ah Kh] (a flush, Ace high)
Lucenag collected $2.47 from main pot
*** SUMMARY ***
Total pot $4.82 Main pot $2.47. Side pot $2.18. | Rake $0.17 
Board [7h 9c 8s 9h 4h]
Seat 1: cberto09 folded before Flop (didn't bet)
Seat 2: Dubhe99 showed [3d 3h] and won ($2.18) with two pair, Nines and Threes
Seat 3: Dorex2007 (button) folded before Flop (didn't bet)
Seat 5: jiffer507 (small blind) folded before Flop
Seat 6: bossyrose76 (big blind) folded before Flop
Seat 8: Lucenag showed [Ah Kh] and won ($2.47) with a flush, Ace high
Seat 9: w3sby showed [Kd Ad] and lost with a pair of Nines



PokerStars Hand #236950007700:  Hold'em No Limit ($0.01/$0.02 USD) - 2022/06/23 21:01:59 PT [2022/06/24 0:01:59 ET]
Table 'Ausonia II' 9-max Seat #6 is the button
Seat 1: cberto09 ($2 in chips) 
Seat 2: Dubhe99 ($2.18 in chips) 
Seat 3: Dorex2007 ($2.21 in chips) 
Seat 4: santibaron ($1.59 in chips) 
Seat 6: bossyrose76 ($2.13 in chips) 
Seat 8: Lucenag ($2.47 in chips) 
Seat 9: w3sby ($2 in chips) 
Lucenag: posts small blind $0.01
w3sby: posts big blind $0.02
santibaron: posts small blind $0.01
*** HOLE CARDS ***
Dealt to Dorex2007 [Ts As]
cberto09: folds 
Dubhe99: calls $0.02
Dorex2007: calls $0.02
santibaron: folds 
bossyrose76: folds 
Lucenag: folds 
w3sby: checks 
*** FLOP *** [7s 3d 9s]
w3sby: checks 
Dubhe99: checks 
Dorex2007: bets $0.08
w3sby: calls $0.08
Dubhe99: calls $0.08
*** TURN *** [7s 3d 9s] [3h]
w3sby: checks 
Dubhe99: checks 
Dorex2007: bets $0.15
w3sby: folds 
Dubhe99: calls $0.15
*** RIVER *** [7s 3d 9s 3h] [3s]
Dubhe99: bets $1.78
Dorex2007: folds 
Uncalled bet ($1.78) returned to Dubhe99
Dubhe99 collected $0.60 from pot
*** SUMMARY ***
Total pot $0.62 | Rake $0.02 
Board [7s 3d 9s 3h 3s]
Seat 1: cberto09 folded before Flop (didn't bet)
Seat 2: Dubhe99 collected ($0.60)
Seat 3: Dorex2007 folded on the River
Seat 4: santibaron folded before Flop (didn't bet)
Seat 6: bossyrose76 (button) folded before Flop (didn't bet)
Seat 8: Lucenag (small blind) folded before Flop
Seat 9: w3sby (big blind) folded on the Turn



PokerStars Hand #236950017890:  Hold'em No Limit ($0.01/$0.02 USD) - 2022/06/23 21:03:13 PT [2022/06/24 0:03:13 ET]
Table 'Ausonia II' 9-max Seat #8 is the button
Seat 1: cberto09 ($2 in chips) 
Seat 2: Dubhe99 ($2.53 in chips) 
Seat 3: Dorex2007 ($2 in chips) 
Seat 4: santibaron ($1.58 in chips) 
Seat 6: bossyrose76 ($2.13 in chips) 
Seat 8: Lucenag ($2.46 in chips) 
Seat 9: w3sby ($2 in chips) 
w3sby: posts small blind $0.01
cberto09: posts big blind $0.02
*** HOLE CARDS ***
Dealt to Dorex2007 [9c 6c]
Dubhe99: folds 
Dorex2007: folds 
santibaron: folds 
bossyrose76: folds 
blopisanz joins the table at seat #5 
Lucenag: raises $0.02 to $0.04
w3sby: folds 
cberto09: calls $0.02
*** FLOP *** [4d Kc 8c]
cberto09: checks 
Lucenag: checks 
*** TURN *** [4d Kc 8c] [3s]
cberto09: checks 
Lucenag: checks 
*** RIVER *** [4d Kc 8c 3s] [3h]
cberto09: checks 
Lucenag: checks 
*** SHOW DOWN ***
cberto09: shows [Ad 6h] (a pair of Threes)
Lucenag: shows [Ac 7d] (a pair of Threes)
cberto09 collected $0.05 from pot
Lucenag collected $0.04 from pot
*** SUMMARY ***
Total pot $0.09 | Rake $0 
Board [4d Kc 8c 3s 3h]
Seat 1: cberto09 (big blind) showed [Ad 6h] and won ($0.05) with a pair of Threes
Seat 2: Dubhe99 folded before Flop (didn't bet)
Seat 3: Dorex2007 folded before Flop (didn't bet)
Seat 4: santibaron folded before Flop (didn't bet)
Seat 6: bossyrose76 folded before Flop (didn't bet)
Seat 8: Lucenag (button) showed [Ac 7d] and won ($0.04) with a pair of Threes
Seat 9: w3sby (small blind) folded before Flop



PokerStars Hand #236950025368:  Hold'em No Limit ($0.01/$0.02 USD) - 2022/06/23 21:04:07 PT [2022/06/24 0:04:07 ET]
Table 'Ausonia II' 9-max Seat #9 is the button
Seat 1: cberto09 ($2.01 in chips) 
Seat 2: Dubhe99 ($2.53 in chips) 
Seat 3: Dorex2007 ($2 in chips) 
Seat 4: santibaron ($1.58 in chips) 
Seat 6: bossyrose76 ($2.13 in chips) 
Seat 8: Lucenag ($2.46 in chips) 
Seat 9: w3sby ($2 in chips) 
cberto09: posts small blind $0.01
Dubhe99: posts big blind $0.02
blopisanz: sits out 
*** HOLE CARDS ***
Dealt to Dorex2007 [Qc Qh]
Dorex2007: raises $0.04 to $0.06
santibaron: folds 
bossyrose76: folds 
Lucenag: folds 
Lucenag leaves the table
w3sby: folds 
cberto09: folds 
Dubhe99: calls $0.04
*** FLOP *** [7s 4s Jh]
Dubhe99: checks 
Dorex2007: bets $0.13
Dubhe99: folds 
Uncalled bet ($0.13) returned to Dorex2007
Dorex2007 collected $0.13 from pot
*** SUMMARY ***
Total pot $0.13 | Rake $0 
Board [7s 4s Jh]
Seat 1: cberto09 (small blind) folded before Flop
Seat 2: Dubhe99 (big blind) folded on the Flop
Seat 3: Dorex2007 collected ($0.13)
Seat 4: santibaron folded before Flop (didn't bet)
Seat 6: bossyrose76 folded before Flop (didn't bet)
Seat 8: Lucenag folded before Flop (didn't bet)
Seat 9: w3sby (button) folded before Flop (didn't bet)



PokerStars Hand #236950031390:  Hold'em No Limit ($0.01/$0.02 USD) - 2022/06/23 21:04:50 PT [2022/06/24 0:04:50 ET]
Table 'Ausonia II' 9-max Seat #1 is the button
Seat 1: cberto09 ($2 in chips) 
Seat 2: Dubhe99 ($2.47 in chips) 
Seat 3: Dorex2007 ($2.07 in chips) 
Seat 4: santibaron ($1.58 in chips) 
Seat 6: bossyrose76 ($2.13 in chips) 
Seat 9: w3sby ($2 in chips) 
Dubhe99: posts small blind $0.01
Dorex2007: posts big blind $0.02
blopisanz: sits out 
*** HOLE CARDS ***
Dealt to Dorex2007 [7s 5s]
santibaron: folds 
bossyrose76: raises $0.05 to $0.07
w3sby: folds 
cberto09: folds 
Dubhe99: calls $0.06
Dorex2007: folds 
*** FLOP *** [9h Qh 8s]
Dubhe99: checks 
bossyrose76: bets $0.15
Dubhe99: raises $0.45 to $0.60
bossyrose76: calls $0.45
*** TURN *** [9h Qh 8s] [Jd]
Dubhe99: bets $1.80 and is all-in
bossyrose76: calls $1.46 and is all-in
Uncalled bet ($0.34) returned to Dubhe99
*** RIVER *** [9h Qh 8s Jd] [Th]
*** SHOW DOWN ***
Dubhe99: shows [Js Qs] (a straight, Eight to Queen)
bossyrose76: shows [6h 6d] (a straight, Eight to Queen)
Dubhe99 collected $2.07 from pot
bossyrose76 collected $2.06 from pot
*** SUMMARY ***
Total pot $4.28 | Rake $0.15 
Board [9h Qh 8s Jd Th]
Seat 1: cberto09 (button) folded before Flop (didn't bet)
Seat 2: Dubhe99 (small blind) showed [Js Qs] and won ($2.07) with a straight, Eight to Queen
Seat 3: Dorex2007 (big blind) folded before Flop
Seat 4: santibaron folded before Flop (didn't bet)
Seat 6: bossyrose76 showed [6h 6d] and won ($2.06) with a straight, Eight to Queen
Seat 9: w3sby folded before Flop (didn't bet)



PokerStars Hand #236950036666:  Hold'em No Limit ($0.01/$0.02 USD) - 2022/06/23 21:05:28 PT [2022/06/24 0:05:28 ET]
Table 'Ausonia II' 9-max Seat #2 is the button
Seat 1: cberto09 ($2 in chips) 
Seat 2: Dubhe99 ($2.41 in chips) 
Seat 3: Dorex2007 ($2.05 in chips) 
Seat 4: santibaron ($1.58 in chips) 
Seat 6: bossyrose76 ($2.06 in chips) 
Seat 9: w3sby ($2 in chips) 
Dorex2007: posts small blind $0.01
santibaron: posts big blind $0.02
blopisanz: sits out 
*** HOLE CARDS ***
Dealt to Dorex2007 [Td Ad]
bossyrose76: folds 
w3sby: folds 
cberto09: folds 
Dubhe99: folds 
Dorex2007: raises $0.04 to $0.06
santibaron: calls $0.04
*** FLOP *** [2d 5d 5h]
Dorex2007: bets $0.12
santibaron: calls $0.12
*** TURN *** [2d 5d 5h] [7s]
Dorex2007: bets $0.17
santibaron: calls $0.17
*** RIVER *** [2d 5d 5h 7s] [Js]
Dorex2007: checks 
santibaron: bets $0.28
Dorex2007: folds 
Uncalled bet ($0.28) returned to santibaron
santibaron collected $0.68 from pot
*** SUMMARY ***
Total pot $0.70 | Rake $0.02 
Board [2d 5d 5h 7s Js]
Seat 1: cberto09 folded before Flop (didn't bet)
Seat 2: Dubhe99 (button) folded before Flop (didn't bet)
Seat 3: Dorex2007 (small blind) folded on the River
Seat 4: santibaron (big blind) collected ($0.68)
Seat 6: bossyrose76 folded before Flop (didn't bet)
Seat 9: w3sby folded before Flop (didn't bet)



PokerStars Hand #236950043715:  Hold'em No Limit ($0.01/$0.02 USD) - 2022/06/23 21:06:19 PT [2022/06/24 0:06:19 ET]
Table 'Ausonia II' 9-max Seat #3 is the button
Seat 1: cberto09 ($2 in chips) 
Seat 2: Dubhe99 ($2.41 in chips) 
Seat 3: Dorex2007 ($2 in chips) 
Seat 4: santibaron ($1.91 in chips) 
Seat 5: blopisanz ($2 in chips) 
Seat 6: bossyrose76 ($2.06 in chips) 
Seat 9: w3sby ($2 in chips) 
santibaron: posts small blind $0.01
blopisanz: posts big blind $0.02
*** HOLE CARDS ***
Dealt to Dorex2007 [2c Kh]
bossyrose76: calls $0.02
w3sby: folds 
cberto09: folds 
Dubhe99: folds 
Dorex2007: folds 
santibaron: calls $0.01
Nick4o619 joins the table at seat #8 
blopisanz: checks 
*** FLOP *** [4s Ac 5h]
santibaron: checks 
blopisanz: checks 
bossyrose76: checks 
*** TURN *** [4s Ac 5h] [3s]
santibaron: checks 
blopisanz: bets $0.03
bossyrose76: folds 
santibaron: calls $0.03
*** RIVER *** [4s Ac 5h 3s] [8s]
santibaron: checks 
blopisanz: checks 
*** SHOW DOWN ***
santibaron: shows [8c 3c] (two pair, Eights and Threes)
blopisanz: mucks hand 
santibaron collected $0.12 from pot
*** SUMMARY ***
Total pot $0.12 | Rake $0 
Board [4s Ac 5h 3s 8s]
Seat 1: cberto09 folded before Flop (didn't bet)
Seat 2: Dubhe99 folded before Flop (didn't bet)
Seat 3: Dorex2007 (button) folded before Flop (didn't bet)
Seat 4: santibaron (small blind) showed [8c 3c] and won ($0.12) with two pair, Eights and Threes
Seat 5: blopisanz (big blind) mucked [Td Ah]
Seat 6: bossyrose76 folded on the Turn
Seat 9: w3sby folded before Flop (didn't bet)



PokerStars Hand #236950051731:  Hold'em No Limit ($0.01/$0.02 USD) - 2022/06/23 21:07:18 PT [2022/06/24 0:07:18 ET]
Table 'Ausonia II' 9-max Seat #4 is the button
Seat 1: cberto09 ($2 in chips) 
Seat 2: Dubhe99 ($2.41 in chips) 
Seat 3: Dorex2007 ($2 in chips) 
Seat 4: santibaron ($1.98 in chips) 
Seat 5: blopisanz ($2 in chips) 
Seat 6: bossyrose76 ($2.04 in chips) 
Seat 8: Nick4o619 ($1.99 in chips) 
Seat 9: w3sby ($2 in chips) 
blopisanz: posts small blind $0.01
bossyrose76: posts big blind $0.02
Nick4o619: posts big blind $0.02
*** HOLE CARDS ***
Dealt to Dorex2007 [2s 5d]
Nick4o619: checks 
w3sby: folds 
cberto09: folds 
Dubhe99: raises $0.02 to $0.04
Dorex2007: folds 
santibaron: folds 
blopisanz: folds 
bossyrose76: calls $0.02
Nick4o619: calls $0.02
*** FLOP *** [3c 6h Kh]
bossyrose76: checks 
Nick4o619: checks 
Dubhe99: checks 
*** TURN *** [3c 6h Kh] [7c]
bossyrose76: checks 
Nick4o619: checks 
Dubhe99: bets $0.02
bossyrose76: calls $0.02
Nick4o619: calls $0.02
*** RIVER *** [3c 6h Kh 7c] [Ks]
bossyrose76: checks 
Nick4o619: checks 
Dubhe99: checks 
*** SHOW DOWN ***
bossyrose76: shows [9c 8d] (a pair of Kings)
Nick4o619: shows [Th 9h] (a pair of Kings - Ten kicker)
Dubhe99: shows [2c Ac] (a pair of Kings - Ace kicker)
Dubhe99 collected $0.18 from pot
*** SUMMARY ***
Total pot $0.19 | Rake $0.01 
Board [3c 6h Kh 7c Ks]
Seat 1: cberto09 folded before Flop (didn't bet)
Seat 2: Dubhe99 showed [2c Ac] and won ($0.18) with a pair of Kings
Seat 3: Dorex2007 folded before Flop (didn't bet)
Seat 4: santibaron (button) folded before Flop (didn't bet)
Seat 5: blopisanz (small blind) folded before Flop
Seat 6: bossyrose76 (big blind) showed [9c 8d] and lost with a pair of Kings
Seat 8: Nick4o619 showed [Th 9h] and lost with a pair of Kings
Seat 9: w3sby folded before Flop (didn't bet)



PokerStars Hand #236950062828:  Hold'em No Limit ($0.01/$0.02 USD) - 2022/06/23 21:08:39 PT [2022/06/24 0:08:39 ET]
Table 'Ausonia II' 9-max Seat #5 is the button
Seat 1: cberto09 ($2 in chips) 
Seat 2: Dubhe99 ($2.53 in chips) 
Seat 3: Dorex2007 ($2 in chips) 
Seat 4: santibaron ($1.98 in chips) 
Seat 5: blopisanz ($2 in chips) 
Seat 6: bossyrose76 ($1.98 in chips) 
Seat 8: Nick4o619 ($1.93 in chips) 
Seat 9: w3sby ($2 in chips) 
bossyrose76: posts small blind $0.01
Nick4o619: posts big blind $0.02
*** HOLE CARDS ***
Dealt to Dorex2007 [9s 9h]
w3sby: folds 
cberto09: folds 
Dubhe99: raises $0.02 to $0.04
Dorex2007: raises $0.08 to $0.12
santibaron: folds 
blopisanz: folds 
bossyrose76: folds 
Nick4o619: folds 
Dubhe99: calls $0.08
*** FLOP *** [Th Kh Qd]
Dubhe99: bets $0.13
Dorex2007: folds 
Uncalled bet ($0.13) returned to Dubhe99
Dubhe99 collected $0.26 from pot
*** SUMMARY ***
Total pot $0.27 | Rake $0.01 
Board [Th Kh Qd]
Seat 1: cberto09 folded before Flop (didn't bet)
Seat 2: Dubhe99 collected ($0.26)
Seat 3: Dorex2007 folded on the Flop
Seat 4: santibaron folded before Flop (didn't bet)
Seat 5: blopisanz (button) folded before Flop (didn't bet)
Seat 6: bossyrose76 (small blind) folded before Flop
Seat 8: Nick4o619 (big blind) folded before Flop
Seat 9: w3sby folded before Flop (didn't bet)



PokerStars Hand #236950068192:  Hold'em No Limit ($0.01/$0.02 USD) - 2022/06/23 21:09:18 PT [2022/06/24 0:09:18 ET]
Table 'Ausonia II' 9-max Seat #6 is the button
Seat 1: cberto09 ($2 in chips) 
Seat 2: Dubhe99 ($2.67 in chips) 
Seat 3: Dorex2007 ($2 in chips) 
Seat 4: santibaron ($1.98 in chips) 
Seat 5: blopisanz ($2 in chips) 
Seat 6: bossyrose76 ($1.97 in chips) 
Seat 8: Nick4o619 ($1.91 in chips) 
Seat 9: w3sby ($2 in chips) 
Nick4o619: posts small blind $0.01
w3sby: posts big blind $0.02
*** HOLE CARDS ***
Dealt to Dorex2007 [8s 3h]
cberto09: folds 
Dubhe99: folds 
Dorex2007: folds 
santibaron: raises $0.05 to $0.07
blopisanz: folds 
bossyrose76: folds 
Nick4o619: folds 
w3sby: folds 
Uncalled bet ($0.05) returned to santibaron
santibaron collected $0.05 from pot
*** SUMMARY ***
Total pot $0.05 | Rake $0 
Seat 1: cberto09 folded before Flop (didn't bet)
Seat 2: Dubhe99 folded before Flop (didn't bet)
Seat 3: Dorex2007 folded before Flop (didn't bet)
Seat 4: santibaron collected ($0.05)
Seat 5: blopisanz folded before Flop (didn't bet)
Seat 6: bossyrose76 (button) folded before Flop (didn't bet)
Seat 8: Nick4o619 (small blind) folded before Flop
Seat 9: w3sby (big blind) folded before Flop



PokerStars Hand #236950070466:  Hold'em No Limit ($0.01/$0.02 USD) - 2022/06/23 21:09:35 PT [2022/06/24 0:09:35 ET]
Table 'Ausonia II' 9-max Seat #8 is the button
Seat 1: cberto09 ($2 in chips) 
Seat 2: Dubhe99 ($2.67 in chips) 
Seat 3: Dorex2007 ($2 in chips) 
Seat 4: santibaron ($2.01 in chips) 
Seat 5: blopisanz ($2 in chips) 
Seat 6: bossyrose76 ($1.97 in chips) 
Seat 8: Nick4o619 ($1.90 in chips) 
Seat 9: w3sby ($2 in chips) 
w3sby: posts small blind $0.01
cberto09: posts big blind $0.02
*** HOLE CARDS ***
Dealt to Dorex2007 [3h 7d]
Dubhe99: folds 
Dorex2007: folds 
santibaron: raises $0.04 to $0.06
blopisanz: folds 
bossyrose76: calls $0.06
Nick4o619: folds 
w3sby: folds 
cberto09: calls $0.04
*** FLOP *** [9c 8h Ad]
cberto09: checks 
santibaron: checks 
bossyrose76: checks 
*** TURN *** [9c 8h Ad] [9h]
cberto09: bets $0.06
santibaron: calls $0.06
bossyrose76: folds 
*** RIVER *** [9c 8h Ad 9h] [Kc]
cberto09: checks 
santibaron: bets $0.15
cberto09: folds 
Uncalled bet ($0.15) returned to santibaron
santibaron collected $0.30 from pot
*** SUMMARY ***
Total pot $0.31 | Rake $0.01 
Board [9c 8h Ad 9h Kc]
Seat 1: cberto09 (big blind) folded on the River
Seat 2: Dubhe99 folded before Flop (didn't bet)
Seat 3: Dorex2007 folded before Flop (didn't bet)
Seat 4: santibaron collected ($0.30)
Seat 5: blopisanz folded before Flop (didn't bet)
Seat 6: bossyrose76 folded on the Turn
Seat 8: Nick4o619 (button) folded before Flop (didn't bet)
Seat 9: w3sby (small blind) folded before Flop



PokerStars Hand #236950080665:  Hold'em No Limit ($0.01/$0.02 USD) - 2022/06/23 21:10:49 PT [2022/06/24 0:10:49 ET]
Table 'Ausonia II' 9-max Seat #9 is the button
Seat 1: cberto09 ($2 in chips) 
Seat 2: Dubhe99 ($2.67 in chips) 
Seat 3: Dorex2007 ($2 in chips) 
Seat 4: santibaron ($2.19 in chips) 
Seat 5: blopisanz ($2 in chips) 
Seat 6: bossyrose76 ($1.91 in chips) 
Seat 8: Nick4o619 ($1.90 in chips) 
Seat 9: w3sby ($2 in chips) 
cberto09: posts small blind $0.01
Dubhe99: posts big blind $0.02
*** HOLE CARDS ***
Dealt to Dorex2007 [6d Kc]
Dorex2007: folds 
santibaron: calls $0.02
blopisanz: folds 
bossyrose76: calls $0.02
Nick4o619: folds 
w3sby: folds 
cberto09: calls $0.01
Dubhe99: raises $0.02 to $0.04
santibaron: calls $0.02
bossyrose76: calls $0.02
cberto09: folds 
*** FLOP *** [6h Ad Ac]
Dubhe99: checks 
santibaron: checks 
bossyrose76: bets $0.14
Dubhe99: folds 
santibaron: calls $0.14
*** TURN *** [6h Ad Ac] [Qc]
santibaron: checks 
bossyrose76: bets $0.41
santibaron: calls $0.41
*** RIVER *** [6h Ad Ac Qc] [7c]
santibaron: bets $0.60
bossyrose76: calls $0.60
*** SHOW DOWN ***
santibaron: shows [Qh As] (a full house, Aces full of Queens)
bossyrose76: mucks hand 
santibaron collected $2.35 from pot
*** SUMMARY ***
Total pot $2.44 | Rake $0.09 
Board [6h Ad Ac Qc 7c]
Seat 1: cberto09 (small blind) folded before Flop
Seat 2: Dubhe99 (big blind) folded on the Flop
Seat 3: Dorex2007 folded before Flop (didn't bet)
Seat 4: santibaron showed [Qh As] and won ($2.35) with a full house, Aces full of Queens
Seat 5: blopisanz folded before Flop (didn't bet)
Seat 6: bossyrose76 mucked [4c Ah]
Seat 8: Nick4o619 folded before Flop (didn't bet)
Seat 9: w3sby (button) folded before Flop (didn't bet)



PokerStars Hand #236950091543:  Hold'em No Limit ($0.01/$0.02 USD) - 2022/06/23 21:12:10 PT [2022/06/24 0:12:10 ET]
Table 'Ausonia II' 9-max Seat #1 is the button
Seat 1: cberto09 ($2 in chips) 
Seat 2: Dubhe99 ($2.63 in chips) 
Seat 3: Dorex2007 ($2 in chips) 
Seat 4: santibaron ($3.35 in chips) 
Seat 5: blopisanz ($2 in chips) 
Seat 6: bossyrose76 ($0.72 in chips) 
Seat 8: Nick4o619 ($1.90 in chips) 
Seat 9: w3sby ($2 in chips) 
Dubhe99: posts small blind $0.01
Dorex2007: posts big blind $0.02
*** HOLE CARDS ***
Dealt to Dorex2007 [4h Td]
santibaron: folds 
blopisanz: calls $0.02
bossyrose76: folds 
Nick4o619: folds 
w3sby: raises $0.06 to $0.08
cberto09: folds 
Dubhe99: folds 
Dorex2007: folds 
blopisanz: calls $0.06
*** FLOP *** [7s 8d 2s]
blopisanz: checks 
w3sby: checks 
*** TURN *** [7s 8d 2s] [9s]
blopisanz: bets $0.07
w3sby: folds 
Uncalled bet ($0.07) returned to blopisanz
blopisanz collected $0.18 from pot
*** SUMMARY ***
Total pot $0.19 | Rake $0.01 
Board [7s 8d 2s 9s]
Seat 1: cberto09 (button) folded before Flop (didn't bet)
Seat 2: Dubhe99 (small blind) folded before Flop
Seat 3: Dorex2007 (big blind) folded before Flop
Seat 4: santibaron folded before Flop (didn't bet)
Seat 5: blopisanz collected ($0.18)
Seat 6: bossyrose76 folded before Flop (didn't bet)
Seat 8: Nick4o619 folded before Flop (didn't bet)
Seat 9: w3sby folded on the Turn



PokerStars Hand #236950099544:  Hold'em No Limit ($0.01/$0.02 USD) - 2022/06/23 21:13:08 PT [2022/06/24 0:13:08 ET]
Table 'Ausonia II' 9-max Seat #2 is the button
Seat 1: cberto09 ($2 in chips) 
Seat 2: Dubhe99 ($2.62 in chips) 
Seat 3: Dorex2007 ($2 in chips) 
Seat 4: santibaron ($3.35 in chips) 
Seat 5: blopisanz ($2.10 in chips) 
Seat 6: bossyrose76 ($0.72 in chips) 
Seat 8: Nick4o619 ($1.90 in chips) 
Seat 9: w3sby ($2 in chips) 
Dorex2007: posts small blind $0.01
santibaron: posts big blind $0.02
*** HOLE CARDS ***
Dealt to Dorex2007 [2s 7c]
blopisanz has timed out
blopisanz: folds 
bossyrose76: calls $0.02
Nick4o619: calls $0.02
w3sby: folds 
cberto09: raises $0.09 to $0.11
Dubhe99: folds 
Dorex2007: folds 
santibaron: folds 
bossyrose76: calls $0.09
Nick4o619: calls $0.09
*** FLOP *** [Jc 8c Qh]
bossyrose76: checks 
Nick4o619: checks 
cberto09: bets $0.12
bossyrose76: folds 
Nick4o619: folds 
Uncalled bet ($0.12) returned to cberto09
cberto09 collected $0.35 from pot
*** SUMMARY ***
Total pot $0.36 | Rake $0.01 
Board [Jc 8c Qh]
Seat 1: cberto09 collected ($0.35)
Seat 2: Dubhe99 (button) folded before Flop (didn't bet)
Seat 3: Dorex2007 (small blind) folded before Flop
Seat 4: santibaron (big blind) folded before Flop
Seat 5: blopisanz folded before Flop (didn't bet)
Seat 6: bossyrose76 folded on the Flop
Seat 8: Nick4o619 folded on the Flop
Seat 9: w3sby folded before Flop (didn't bet)



PokerStars Hand #236950112859:  Hold'em No Limit ($0.01/$0.02 USD) - 2022/06/23 21:13:53 PT [2022/06/24 0:13:53 ET]
Table 'Ausonia II' 9-max Seat #3 is the button
Seat 1: cberto09 ($2.24 in chips) 
Seat 2: Dubhe99 ($2.62 in chips) 
Seat 3: Dorex2007 ($2 in chips) 
Seat 4: santibaron ($3.33 in chips) 
Seat 5: blopisanz ($2.10 in chips) 
Seat 6: bossyrose76 ($0.61 in chips) 
Seat 8: Nick4o619 ($1.79 in chips) 
Seat 9: w3sby ($2 in chips) 
santibaron: posts small blind $0.01
blopisanz: posts big blind $0.02
*** HOLE CARDS ***
Dealt to Dorex2007 [4h Ad]
bossyrose76: folds 
Nick4o619: folds 
w3sby: raises $0.04 to $0.06
cberto09: folds 
Dubhe99: calls $0.06
Dorex2007: folds 
Str8Balliinn leaves the table
santibaron: folds 
blopisanz: folds 
*** FLOP *** [7s 9s Jc]
w3sby: checks 
Dubhe99: checks 
*** TURN *** [7s 9s Jc] [Ts]
w3sby: checks 
Dubhe99: checks 
*** RIVER *** [7s 9s Jc Ts] [Jh]
w3sby: checks 
Dubhe99: checks 
*** SHOW DOWN ***
w3sby: shows [5c 5h] (two pair, Jacks and Fives)
Dubhe99: mucks hand 
w3sby collected $0.14 from pot
*** SUMMARY ***
Total pot $0.15 | Rake $0.01 
Board [7s 9s Jc Ts Jh]
Seat 1: cberto09 folded before Flop (didn't bet)
Seat 2: Dubhe99 mucked [Qd 5d]
Seat 3: Dorex2007 (button) folded before Flop (didn't bet)
Seat 4: santibaron (small blind) folded before Flop
Seat 5: blopisanz (big blind) folded before Flop
Seat 6: bossyrose76 folded before Flop (didn't bet)
Seat 8: Nick4o619 folded before Flop (didn't bet)
Seat 9: w3sby showed [5c 5h] and won ($0.14) with two pair, Jacks and Fives



PokerStars Hand #236950119750:  Hold'em No Limit ($0.01/$0.02 USD) - 2022/06/23 21:14:44 PT [2022/06/24 0:14:44 ET]
Table 'Ausonia II' 9-max Seat #4 is the button
Seat 1: cberto09 ($2.24 in chips) 
Seat 2: Dubhe99 ($2.56 in chips) 
Seat 3: Dorex2007 ($2 in chips) 
Seat 4: santibaron ($3.32 in chips) 
Seat 5: blopisanz ($2.08 in chips) 
Seat 6: bossyrose76 ($0.61 in chips) 
Seat 8: Nick4o619 ($1.79 in chips) 
Seat 9: w3sby ($2.08 in chips) 
blopisanz: posts small blind $0.01
bossyrose76: posts big blind $0.02
*** HOLE CARDS ***
Dealt to Dorex2007 [8c 2s]
Nick4o619: folds 
w3sby: folds 
cberto09: folds 
Dubhe99: calls $0.02
Dorex2007: folds 
santibaron: calls $0.02
sharky237 joins the table at seat #7 
blopisanz: calls $0.01
bossyrose76: checks 
*** FLOP *** [4c Qc 7h]
blopisanz: checks 
bossyrose76: bets $0.08
Dubhe99: raises $0.08 to $0.16
santibaron: folds 
blopisanz: folds 
bossyrose76: calls $0.08
*** TURN *** [4c Qc 7h] [4d]
bossyrose76: bets $0.43 and is all-in
Dubhe99: calls $0.43
w3sby leaves the table
*** RIVER *** [4c Qc 7h 4d] [Ts]
*** SHOW DOWN ***
bossyrose76: shows [Jd Qd] (two pair, Queens and Fours)
Dubhe99: shows [Qs 4s] (a full house, Fours full of Queens)
Dubhe99 collected $1.22 from pot
bossyrose76 cashed out the hand for $0.02
*** SUMMARY ***
Total pot $1.26 | Rake $0.04 
Board [4c Qc 7h 4d Ts]
Seat 1: cberto09 folded before Flop (didn't bet)
Seat 2: Dubhe99 showed [Qs 4s] and won ($1.22) with a full house, Fours full of Queens
Seat 3: Dorex2007 folded before Flop (didn't bet)
Seat 4: santibaron (button) folded on the Flop
Seat 5: blopisanz (small blind) folded on the Flop
Seat 6: bossyrose76 (big blind) showed [Jd Qd] and lost with two pair, Queens and Fours (cashed out).
Seat 8: Nick4o619 folded before Flop (didn't bet)
Seat 9: w3sby folded before Flop (didn't bet)



PokerStars Hand #236950128126:  Hold'em No Limit ($0.01/$0.02 USD) - 2022/06/23 21:15:46 PT [2022/06/24 0:15:46 ET]
Table 'Ausonia II' 9-max Seat #5 is the button
Seat 1: cberto09 ($2.24 in chips) 
Seat 2: Dubhe99 ($3.17 in chips) 
Seat 3: Dorex2007 ($2 in chips) 
Seat 4: santibaron ($3.30 in chips) 
Seat 5: blopisanz ($2.06 in chips) 
Seat 6: bossyrose76 ($0.02 in chips) 
Seat 7: sharky237 ($2 in chips) 
Seat 8: Nick4o619 ($1.79 in chips) 
bossyrose76: posts small blind $0.01
sharky237: posts big blind $0.02
*** HOLE CARDS ***
Dealt to Dorex2007 [7h Ts]
Nick4o619: folds 
cberto09: folds 
Gilberto2332 joins the table at seat #9 
Dubhe99: folds 
Dorex2007: folds 
santibaron: folds 
blopisanz: folds 
bossyrose76: calls $0.01 and is all-in
*** FLOP *** [6d 9d 6h]
*** TURN *** [6d 9d 6h] [4d]
*** RIVER *** [6d 9d 6h 4d] [Ad]
*** SHOW DOWN ***
bossyrose76: shows [9s 4h] (two pair, Nines and Sixes)
sharky237: shows [Qs Ah] (two pair, Aces and Sixes)
sharky237 collected $0.04 from pot
*** SUMMARY ***
Total pot $0.04 | Rake $0 
Board [6d 9d 6h 4d Ad]
Seat 1: cberto09 folded before Flop (didn't bet)
Seat 2: Dubhe99 folded before Flop (didn't bet)
Seat 3: Dorex2007 folded before Flop (didn't bet)
Seat 4: santibaron folded before Flop (didn't bet)
Seat 5: blopisanz (button) folded before Flop (didn't bet)
Seat 6: bossyrose76 (small blind) showed [9s 4h] and lost with two pair, Nines and Sixes
Seat 7: sharky237 (big blind) showed [Qs Ah] and won ($0.04) with two pair, Aces and Sixes
Seat 8: Nick4o619 folded before Flop (didn't bet)



PokerStars Hand #236950131561:  Hold'em No Limit ($0.01/$0.02 USD) - 2022/06/23 21:16:12 PT [2022/06/24 0:16:12 ET]
Table 'Ausonia II' 9-max Seat #7 is the button
Seat 1: cberto09 ($2.24 in chips) 
Seat 2: Dubhe99 ($3.17 in chips) 
Seat 3: Dorex2007 ($2 in chips) 
Seat 4: santibaron ($3.30 in chips) 
Seat 5: blopisanz ($2.06 in chips) 
Seat 7: sharky237 ($2.02 in chips) 
Seat 8: Nick4o619 ($1.79 in chips) 
Seat 9: Gilberto2332 ($2 in chips) 
Nick4o619: posts small blind $0.01
Gilberto2332: posts big blind $0.02
*** HOLE CARDS ***
Dealt to Dorex2007 [Kh Kd]
cberto09: folds 
Dubhe99: raises $0.02 to $0.04
bossyrose76 leaves the table
Dorex2007: raises $0.04 to $0.08
santibaron: folds 
blopisanz: folds 
sharky237: folds 
Nick4o619: folds 
Gilberto2332: calls $0.06
Dubhe99: calls $0.04
*** FLOP *** [3d 9c 8h]
Gilberto2332: checks 
Dubhe99: bets $0.02
Dorex2007: raises $0.28 to $0.30
Gilberto2332: folds 
Dubhe99: folds 
Uncalled bet ($0.28) returned to Dorex2007
Dorex2007 collected $0.28 from pot
*** SUMMARY ***
Total pot $0.29 | Rake $0.01 
Board [3d 9c 8h]
Seat 1: cberto09 folded before Flop (didn't bet)
Seat 2: Dubhe99 folded on the Flop
Seat 3: Dorex2007 collected ($0.28)
Seat 4: santibaron folded before Flop (didn't bet)
Seat 5: blopisanz folded before Flop (didn't bet)
Seat 7: sharky237 (button) folded before Flop (didn't bet)
Seat 8: Nick4o619 (small blind) folded before Flop
Seat 9: Gilberto2332 (big blind) folded on the Flop



PokerStars Hand #236950138871:  Hold'em No Limit ($0.01/$0.02 USD) - 2022/06/23 21:17:07 PT [2022/06/24 0:17:07 ET]
Table 'Ausonia II' 9-max Seat #8 is the button
Seat 1: cberto09 ($2.24 in chips) 
Seat 2: Dubhe99 ($3.07 in chips) 
Seat 3: Dorex2007 ($2.18 in chips) 
Seat 4: santibaron ($3.30 in chips) 
Seat 5: blopisanz ($2.06 in chips) 
Seat 7: sharky237 ($2.02 in chips) 
Seat 8: Nick4o619 ($1.78 in chips) 
Seat 9: Gilberto2332 ($1.92 in chips) 
Gilberto2332: posts small blind $0.01
cberto09: posts big blind $0.02
*** HOLE CARDS ***
Dealt to Dorex2007 [Jh 5s]
Dubhe99: folds 
Dorex2007: folds 
santibaron: folds 
blopisanz: folds 
sharky237: calls $0.02
Nick4o619: calls $0.02
Gilberto2332: folds 
cberto09: checks 
*** FLOP *** [9d 9h 4d]
cberto09: checks 
sharky237: bets $0.02
Nick4o619: folds 
cberto09: folds 
Uncalled bet ($0.02) returned to sharky237
sharky237 collected $0.07 from pot
*** SUMMARY ***
Total pot $0.07 | Rake $0 
Board [9d 9h 4d]
Seat 1: cberto09 (big blind) folded on the Flop
Seat 2: Dubhe99 folded before Flop (didn't bet)
Seat 3: Dorex2007 folded before Flop (didn't bet)
Seat 4: santibaron folded before Flop (didn't bet)
Seat 5: blopisanz folded before Flop (didn't bet)
Seat 7: sharky237 collected ($0.07)
Seat 8: Nick4o619 (button) folded on the Flop
Seat 9: Gilberto2332 (small blind) folded before Flop



PokerStars Hand #236950142790:  Hold'em No Limit ($0.01/$0.02 USD) - 2022/06/23 21:17:37 PT [2022/06/24 0:17:37 ET]
Table 'Ausonia II' 9-max Seat #9 is the button
Seat 1: cberto09 ($2.22 in chips) 
Seat 2: Dubhe99 ($3.07 in chips) 
Seat 3: Dorex2007 ($2.18 in chips) 
Seat 4: santibaron ($3.30 in chips) 
Seat 5: blopisanz ($2.06 in chips) 
Seat 7: sharky237 ($2.07 in chips) 
Seat 8: Nick4o619 ($1.76 in chips) 
Seat 9: Gilberto2332 ($1.91 in chips) 
cberto09: posts small blind $0.01
Dubhe99: posts big blind $0.02
*** HOLE CARDS ***
Dealt to Dorex2007 [9s Kd]
Dorex2007: folds 
santibaron: folds 
blopisanz: folds 
sharky237: calls $0.02
Nick4o619: calls $0.02
Gilberto2332: folds 
cberto09: raises $0.08 to $0.10
Dubhe99: calls $0.08
sharky237: folds 
Nick4o619: calls $0.08
*** FLOP *** [7h 9h 8s]
cberto09: checks 
Dubhe99: checks 
Nick4o619: checks 
*** TURN *** [7h 9h 8s] [5h]
cberto09: checks 
Wilsonleite17 joins the table at seat #6 
Dubhe99: bets $0.04
Nick4o619: folds 
cberto09: folds 
Uncalled bet ($0.04) returned to Dubhe99
Dubhe99 collected $0.31 from pot
*** SUMMARY ***
Total pot $0.32 | Rake $0.01 
Board [7h 9h 8s 5h]
Seat 1: cberto09 (small blind) folded on the Turn
Seat 2: Dubhe99 (big blind) collected ($0.31)
Seat 3: Dorex2007 folded before Flop (didn't bet)
Seat 4: santibaron folded before Flop (didn't bet)
Seat 5: blopisanz folded before Flop (didn't bet)
Seat 7: sharky237 folded before Flop
Seat 8: Nick4o619 folded on the Turn
Seat 9: Gilberto2332 (button) folded before Flop (didn't bet)



PokerStars Hand #236950150036:  Hold'em No Limit ($0.01/$0.02 USD) - 2022/06/23 21:18:32 PT [2022/06/24 0:18:32 ET]
Table 'Ausonia II' 9-max Seat #1 is the button
Seat 1: cberto09 ($2.12 in chips) 
Seat 2: Dubhe99 ($3.28 in chips) 
Seat 3: Dorex2007 ($2.18 in chips) 
Seat 4: santibaron ($3.30 in chips) 
Seat 5: blopisanz ($2.06 in chips) 
Seat 6: Wilsonleite17 ($2 in chips) 
Seat 7: sharky237 ($2.05 in chips) 
Seat 8: Nick4o619 ($1.66 in chips) 
Seat 9: Gilberto2332 ($1.91 in chips) 
Dubhe99: posts small blind $0.01
Dorex2007: posts big blind $0.02
Wilsonleite17: posts big blind $0.02
*** HOLE CARDS ***
Dealt to Dorex2007 [3s 5h]
santibaron: folds 
blopisanz: calls $0.02
Wilsonleite17: checks 
sharky237: raises $0.02 to $0.04
Nick4o619: folds 
Gilberto2332: folds 
cberto09: calls $0.04
Dubhe99: calls $0.03
Dorex2007: folds 
blopisanz: calls $0.02
Wilsonleite17: calls $0.02
*** FLOP *** [6c 7h Kc]
Dubhe99: checks 
blopisanz: bets $0.04
Wilsonleite17: folds 
sharky237: calls $0.04
cberto09: folds 
Dubhe99: calls $0.04
*** TURN *** [6c 7h Kc] [Jh]
Dubhe99: checks 
blopisanz: checks 
sharky237: bets $0.04
Dubhe99: calls $0.04
blopisanz: raises $0.06 to $0.10
sharky237: calls $0.06
Dubhe99: calls $0.06
*** RIVER *** [6c 7h Kc Jh] [5s]
Dubhe99: checks 
blopisanz: bets $0.10
sharky237: folds 
Dubhe99: folds 
Uncalled bet ($0.10) returned to blopisanz
blopisanz collected $0.62 from pot
*** SUMMARY ***
Total pot $0.64 | Rake $0.02 
Board [6c 7h Kc Jh 5s]
Seat 1: cberto09 (button) folded on the Flop
Seat 2: Dubhe99 (small blind) folded on the River
Seat 3: Dorex2007 (big blind) folded before Flop
Seat 4: santibaron folded before Flop (didn't bet)
Seat 5: blopisanz collected ($0.62)
Seat 6: Wilsonleite17 folded on the Flop
Seat 7: sharky237 folded on the River
Seat 8: Nick4o619 folded before Flop (didn't bet)
Seat 9: Gilberto2332 folded before Flop (didn't bet)



PokerStars Hand #236950164903:  Hold'em No Limit ($0.01/$0.02 USD) - 2022/06/23 21:20:24 PT [2022/06/24 0:20:24 ET]
Table 'Ausonia II' 9-max Seat #2 is the button
Seat 1: cberto09 ($2.08 in chips) 
Seat 2: Dubhe99 ($3.10 in chips) 
Seat 3: Dorex2007 ($2.16 in chips) 
Seat 4: santibaron ($3.30 in chips) 
Seat 5: blopisanz ($2.50 in chips) 
Seat 6: Wilsonleite17 ($1.96 in chips) 
Seat 7: sharky237 ($1.87 in chips) 
Seat 8: Nick4o619 ($1.66 in chips) 
Seat 9: Gilberto2332 ($1.91 in chips) 
Dorex2007: posts small blind $0.01
santibaron: posts big blind $0.02
*** HOLE CARDS ***
Dealt to Dorex2007 [4h Td]
blopisanz: folds 
Wilsonleite17: calls $0.02
sharky237: folds 
Nick4o619: folds 
Gilberto2332: folds 
cberto09: raises $0.04 to $0.06
Dubhe99: folds 
Dorex2007: folds 
santibaron: folds 
Wilsonleite17: calls $0.04
*** FLOP *** [Ad Ts 6s]
Wilsonleite17: checks 
cberto09: checks 
*** TURN *** [Ad Ts 6s] [Jd]
Wilsonleite17: checks 
cberto09: checks 
*** RIVER *** [Ad Ts 6s Jd] [5c]
Wilsonleite17: bets $0.08
cberto09: folds 
Uncalled bet ($0.08) returned to Wilsonleite17
Wilsonleite17 collected $0.14 from pot
*** SUMMARY ***
Total pot $0.15 | Rake $0.01 
Board [Ad Ts 6s Jd 5c]
Seat 1: cberto09 folded on the River
Seat 2: Dubhe99 (button) folded before Flop (didn't bet)
Seat 3: Dorex2007 (small blind) folded before Flop
Seat 4: santibaron (big blind) folded before Flop
Seat 5: blopisanz folded before Flop (didn't bet)
Seat 6: Wilsonleite17 collected ($0.14)
Seat 7: sharky237 folded before Flop (didn't bet)
Seat 8: Nick4o619 folded before Flop (didn't bet)
Seat 9: Gilberto2332 folded before Flop (didn't bet)



PokerStars Hand #236950170929:  Hold'em No Limit ($0.01/$0.02 USD) - 2022/06/23 21:21:09 PT [2022/06/24 0:21:09 ET]
Table 'Ausonia II' 9-max Seat #3 is the button
Seat 1: cberto09 ($2.02 in chips) 
Seat 2: Dubhe99 ($3.10 in chips) 
Seat 3: Dorex2007 ($2.15 in chips) 
Seat 4: santibaron ($3.28 in chips) 
Seat 5: blopisanz ($2.50 in chips) 
Seat 6: Wilsonleite17 ($2.04 in chips) 
Seat 7: sharky237 ($1.87 in chips) 
Seat 8: Nick4o619 ($1.66 in chips) 
Seat 9: Gilberto2332 ($1.91 in chips) 
santibaron: posts small blind $0.01
blopisanz: posts big blind $0.02
*** HOLE CARDS ***
Dealt to Dorex2007 [4c 7s]
Wilsonleite17: calls $0.02
sharky237: folds 
Nick4o619: raises $0.07 to $0.09
Gilberto2332: folds 
cberto09: folds 
Dubhe99: calls $0.09
Dorex2007: folds 
santibaron: folds 
blopisanz: folds 
Wilsonleite17: calls $0.07
*** FLOP *** [2s Qd 2d]
Wilsonleite17: checks 
Nick4o619: checks 
Dubhe99: checks 
*** TURN *** [2s Qd 2d] [5d]
Wilsonleite17: checks 
Nick4o619: checks 
Dubhe99: checks 
*** RIVER *** [2s Qd 2d 5d] [Th]
Wilsonleite17: checks 
Nick4o619: checks 
Dubhe99: checks 
*** SHOW DOWN ***
Wilsonleite17: shows [9c 8s] (a pair of Deuces)
Nick4o619: shows [Jh Ac] (a pair of Deuces - Ace kicker)
Dubhe99: mucks hand 
Nick4o619 collected $0.29 from pot
*** SUMMARY ***
Total pot $0.30 | Rake $0.01 
Board [2s Qd 2d 5d Th]
Seat 1: cberto09 folded before Flop (didn't bet)
Seat 2: Dubhe99 mucked [Jc 3c]
Seat 3: Dorex2007 (button) folded before Flop (didn't bet)
Seat 4: santibaron (small blind) folded before Flop
Seat 5: blopisanz (big blind) folded before Flop
Seat 6: Wilsonleite17 showed [9c 8s] and lost with a pair of Deuces
Seat 7: sharky237 folded before Flop (didn't bet)
Seat 8: Nick4o619 showed [Jh Ac] and won ($0.29) with a pair of Deuces
Seat 9: Gilberto2332 folded before Flop (didn't bet)



PokerStars Hand #236950177704:  Hold'em No Limit ($0.01/$0.02 USD) - 2022/06/23 21:22:00 PT [2022/06/24 0:22:00 ET]
Table 'Ausonia II' 9-max Seat #4 is the button
Seat 1: cberto09 ($2.02 in chips) 
Seat 2: Dubhe99 ($3.01 in chips) 
Seat 3: Dorex2007 ($2.15 in chips) 
Seat 4: santibaron ($3.27 in chips) 
Seat 5: blopisanz ($2.48 in chips) 
Seat 6: Wilsonleite17 ($1.95 in chips) 
Seat 7: sharky237 ($1.87 in chips) 
Seat 8: Nick4o619 ($1.86 in chips) 
Seat 9: Gilberto2332 ($1.91 in chips) 
blopisanz: posts small blind $0.01
Wilsonleite17: posts big blind $0.02
*** HOLE CARDS ***
Dealt to Dorex2007 [Kh 3d]
sharky237: raises $0.02 to $0.04
Nick4o619: folds 
Gilberto2332: folds 
cberto09: folds 
Dubhe99: folds 
Dorex2007: folds 
santibaron: folds 
blopisanz: raises $2.32 to $2.36
Wilsonleite17: folds 
sharky237: folds 
Uncalled bet ($2.32) returned to blopisanz
blopisanz collected $0.10 from pot
*** SUMMARY ***
Total pot $0.10 | Rake $0 
Seat 1: cberto09 folded before Flop (didn't bet)
Seat 2: Dubhe99 folded before Flop (didn't bet)
Seat 3: Dorex2007 folded before Flop (didn't bet)
Seat 4: santibaron (button) folded before Flop (didn't bet)
Seat 5: blopisanz (small blind) collected ($0.10)
Seat 6: Wilsonleite17 (big blind) folded before Flop
Seat 7: sharky237 folded before Flop
Seat 8: Nick4o619 folded before Flop (didn't bet)
Seat 9: Gilberto2332 folded before Flop (didn't bet)



PokerStars Hand #236950181366:  Hold'em No Limit ($0.01/$0.02 USD) - 2022/06/23 21:22:28 PT [2022/06/24 0:22:28 ET]
Table 'Ausonia II' 9-max Seat #5 is the button
Seat 1: cberto09 ($2.02 in chips) 
Seat 2: Dubhe99 ($3.01 in chips) 
Seat 3: Dorex2007 ($2.15 in chips) 
Seat 4: santibaron ($3.27 in chips) 
Seat 5: blopisanz ($2.54 in chips) 
Seat 6: Wilsonleite17 ($1.93 in chips) 
Seat 7: sharky237 ($1.83 in chips) 
Seat 8: Nick4o619 ($1.86 in chips) 
Seat 9: Gilberto2332 ($1.91 in chips) 
Wilsonleite17: posts small blind $0.01
sharky237: posts big blind $0.02
*** HOLE CARDS ***
Dealt to Dorex2007 [9c Qc]
Nick4o619: folds 
Gilberto2332: folds 
cberto09: folds 
Dubhe99: folds 
Dorex2007: folds 
santibaron: calls $0.02
blopisanz: folds 
Wilsonleite17: folds 
sharky237: raises $0.02 to $0.04
santibaron: calls $0.02
*** FLOP *** [Qs 9s Jc]
sharky237: bets $0.04
santibaron: folds 
Uncalled bet ($0.04) returned to sharky237
sharky237 collected $0.09 from pot
*** SUMMARY ***
Total pot $0.09 | Rake $0 
Board [Qs 9s Jc]
Seat 1: cberto09 folded before Flop (didn't bet)
Seat 2: Dubhe99 folded before Flop (didn't bet)
Seat 3: Dorex2007 folded before Flop (didn't bet)
Seat 4: santibaron folded on the Flop
Seat 5: blopisanz (button) folded before Flop (didn't bet)
Seat 6: Wilsonleite17 (small blind) folded before Flop
Seat 7: sharky237 (big blind) collected ($0.09)
Seat 8: Nick4o619 folded before Flop (didn't bet)
Seat 9: Gilberto2332 folded before Flop (didn't bet)



PokerStars Hand #236950191826:  Hold'em No Limit ($0.01/$0.02 USD) - 2022/06/23 21:23:13 PT [2022/06/24 0:23:13 ET]
Table 'Ausonia II' 9-max Seat #6 is the button
Seat 1: cberto09 ($2.02 in chips) 
Seat 2: Dubhe99 ($3.01 in chips) 
Seat 3: Dorex2007 ($2.15 in chips) 
Seat 4: santibaron ($3.23 in chips) 
Seat 5: blopisanz ($2.54 in chips) 
Seat 6: Wilsonleite17 ($1.92 in chips) 
Seat 7: sharky237 ($1.88 in chips) 
Seat 8: Nick4o619 ($1.86 in chips) 
Seat 9: Gilberto2332 ($1.91 in chips) 
sharky237: posts small blind $0.01
Nick4o619: posts big blind $0.02
*** HOLE CARDS ***
Dealt to Dorex2007 [Kc Ks]
Gilberto2332: calls $0.02
cberto09: folds 
Dubhe99: raises $0.07 to $0.09
Dorex2007: raises $0.09 to $0.18
santibaron: folds 
blopisanz: folds 
Wilsonleite17: folds 
sharky237: calls $0.17
Nick4o619: folds 
Gilberto2332: folds 
Dubhe99: calls $0.09
*** FLOP *** [Qc 5s Th]
sharky237: checks 
Dubhe99: checks 
Dorex2007: bets $1.97 and is all-in
sharky237: calls $1.70 and is all-in
Dubhe99: folds 
Uncalled bet ($0.27) returned to Dorex2007
*** TURN *** [Qc 5s Th] [3s]
*** RIVER *** [Qc 5s Th 3s] [6c]
*** SHOW DOWN ***
sharky237: shows [Ah Td] (a pair of Tens)
Dorex2007: shows [Kc Ks] (a pair of Kings)
Dorex2007 cashed out the hand for $3.04 | Cash Out Fee $0.03
*** SUMMARY ***
Total pot $3.98 | Rake $0.14 
Board [Qc 5s Th 3s 6c]
Seat 1: cberto09 folded before Flop (didn't bet)
Seat 2: Dubhe99 folded on the Flop
Seat 3: Dorex2007 showed [Kc Ks] and won ($3.84) with a pair of Kings (pot not awarded as player cashed out)
Seat 4: santibaron folded before Flop (didn't bet)
Seat 5: blopisanz folded before Flop (didn't bet)
Seat 6: Wilsonleite17 (button) folded before Flop (didn't bet)
Seat 7: sharky237 (small blind) showed [Ah Td] and lost with a pair of Tens
Seat 8: Nick4o619 (big blind) folded before Flop
Seat 9: Gilberto2332 folded before Flop



PokerStars Hand #236950200090:  Hold'em No Limit ($0.01/$0.02 USD) - 2022/06/23 21:24:16 PT [2022/06/24 0:24:16 ET]
Table 'Ausonia II' 9-max Seat #8 is the button
Seat 2: Dubhe99 ($2.83 in chips) 
Seat 3: Dorex2007 ($3.31 in chips) 
Seat 4: santibaron ($3.23 in chips) 
Seat 5: blopisanz ($2.54 in chips) 
Seat 6: Wilsonleite17 ($1.92 in chips) 
Seat 8: Nick4o619 ($1.84 in chips) 
Seat 9: Gilberto2332 ($1.89 in chips) 
Gilberto2332: posts small blind $0.01
cberto09: is sitting out 
Dubhe99: posts big blind $0.02
*** HOLE CARDS ***
Dealt to Dorex2007 [Ah 8s]
Dorex2007: folds 
santibaron: folds 
sharky237 leaves the table
blopisanz: folds 
Wilsonleite17: folds 
DaveK joins the table at seat #7 
Nick4o619: raises $0.05 to $0.07
Gilberto2332: folds 
Dubhe99: folds 
Uncalled bet ($0.05) returned to Nick4o619
Nick4o619 collected $0.05 from pot
*** SUMMARY ***
Total pot $0.05 | Rake $0 
Seat 2: Dubhe99 (big blind) folded before Flop
Seat 3: Dorex2007 folded before Flop (didn't bet)
Seat 4: santibaron folded before Flop (didn't bet)
Seat 5: blopisanz folded before Flop (didn't bet)
Seat 6: Wilsonleite17 folded before Flop (didn't bet)
Seat 8: Nick4o619 (button) collected ($0.05)
Seat 9: Gilberto2332 (small blind) folded before Flop



PokerStars Hand #236950203388:  Hold'em No Limit ($0.01/$0.02 USD) - 2022/06/23 21:24:41 PT [2022/06/24 0:24:41 ET]
Table 'Ausonia II' 9-max Seat #9 is the button
Seat 2: Dubhe99 ($2.81 in chips) 
Seat 3: Dorex2007 ($3.31 in chips) 
Seat 4: santibaron ($3.23 in chips) 
Seat 5: blopisanz ($2.54 in chips) 
Seat 6: Wilsonleite17 ($1.92 in chips) 
Seat 8: Nick4o619 ($1.87 in chips) 
Seat 9: Gilberto2332 ($1.88 in chips) 
Dubhe99: posts small blind $0.01
Dorex2007: posts big blind $0.02
DaveK: sits out 
*** HOLE CARDS ***
Dealt to Dorex2007 [2c Tc]
santibaron: folds 
blopisanz: folds 
Wilsonleite17: calls $0.02
Nick4o619: calls $0.02
Gilberto2332: folds 
Dubhe99: raises $0.12 to $0.14
Dorex2007: folds 
Wilsonleite17: calls $0.12
Nick4o619: folds 
*** FLOP *** [8d 3s 8s]
Dubhe99: bets $0.20
cberto09 leaves the table
Wilsonleite17: calls $0.20
*** TURN *** [8d 3s 8s] [Kd]
Dubhe99: bets $0.34
Wilsonleite17: calls $0.34
*** RIVER *** [8d 3s 8s Kd] [Ah]
GodLevel2019 joins the table at seat #1 
Dubhe99: checks 
Wilsonleite17: checks 
*** SHOW DOWN ***
Dubhe99: shows [Ad 2d] (two pair, Aces and Eights)
Wilsonleite17: mucks hand 
Dubhe99 collected $1.35 from pot
*** SUMMARY ***
Total pot $1.40 | Rake $0.05 
Board [8d 3s 8s Kd Ah]
Seat 2: Dubhe99 (small blind) showed [Ad 2d] and won ($1.35) with two pair, Aces and Eights
Seat 3: Dorex2007 (big blind) folded before Flop
Seat 4: santibaron folded before Flop (didn't bet)
Seat 5: blopisanz folded before Flop (didn't bet)
Seat 6: Wilsonleite17 mucked [Qs 6s]
Seat 8: Nick4o619 folded before Flop
Seat 9: Gilberto2332 (button) folded before Flop (didn't bet)



PokerStars Hand #236950209985:  Hold'em No Limit ($0.01/$0.02 USD) - 2022/06/23 21:25:31 PT [2022/06/24 0:25:31 ET]
Table 'Ausonia II' 9-max Seat #2 is the button
Seat 1: GodLevel2019 ($2 in chips) 
Seat 2: Dubhe99 ($3.48 in chips) 
Seat 3: Dorex2007 ($3.29 in chips) 
Seat 4: santibaron ($3.23 in chips) 
Seat 5: blopisanz ($2.54 in chips) 
Seat 6: Wilsonleite17 ($1.24 in chips) 
Seat 8: Nick4o619 ($1.85 in chips) 
Seat 9: Gilberto2332 ($1.88 in chips) 
Dorex2007: posts small blind $0.01
santibaron: posts big blind $0.02
DaveK: sits out 
GodLevel2019: posts big blind $0.02
*** HOLE CARDS ***
Dealt to Dorex2007 [9d 3s]
blopisanz: folds 
Wilsonleite17: raises $0.04 to $0.06
Nick4o619: folds 
Gilberto2332: folds 
GodLevel2019: calls $0.04
Dubhe99: calls $0.06
Dorex2007: folds 
santibaron: calls $0.04
*** FLOP *** [4d 6d 5d]
santibaron: checks 
Wilsonleite17: bets $0.04
GodLevel2019: folds 
Dubhe99: calls $0.04
santibaron: calls $0.04
*** TURN *** [4d 6d 5d] [3h]
santibaron: checks 
Wilsonleite17: bets $0.14
Dubhe99: folds 
santibaron: folds 
Uncalled bet ($0.14) returned to Wilsonleite17
Wilsonleite17 collected $0.36 from pot
*** SUMMARY ***
Total pot $0.37 | Rake $0.01 
Board [4d 6d 5d 3h]
Seat 1: GodLevel2019 folded on the Flop
Seat 2: Dubhe99 (button) folded on the Turn
Seat 3: Dorex2007 (small blind) folded before Flop
Seat 4: santibaron (big blind) folded on the Turn
Seat 5: blopisanz folded before Flop (didn't bet)
Seat 6: Wilsonleite17 collected ($0.36)
Seat 8: Nick4o619 folded before Flop (didn't bet)
Seat 9: Gilberto2332 folded before Flop (didn't bet)



PokerStars Hand #236950218950:  Hold'em No Limit ($0.01/$0.02 USD) - 2022/06/23 21:26:39 PT [2022/06/24 0:26:39 ET]
Table 'Ausonia II' 9-max Seat #3 is the button
Seat 1: GodLevel2019 ($1.94 in chips) 
Seat 2: Dubhe99 ($3.38 in chips) 
Seat 3: Dorex2007 ($3.28 in chips) 
Seat 4: santibaron ($3.13 in chips) 
Seat 5: blopisanz ($2.54 in chips) 
Seat 6: Wilsonleite17 ($1.50 in chips) 
Seat 8: Nick4o619 ($1.85 in chips) 
Seat 9: Gilberto2332 ($1.88 in chips) 
santibaron: posts small blind $0.01
blopisanz: posts big blind $0.02
DaveK: sits out 
*** HOLE CARDS ***
Dealt to Dorex2007 [5h 4h]
Wilsonleite17: raises $0.02 to $0.04
Nick4o619: folds 
Gilberto2332: folds 
GodLevel2019: folds 
Dubhe99: calls $0.04
Dorex2007: folds 
santibaron: calls $0.03
blopisanz: raises $2.50 to $2.54 and is all-in
Wilsonleite17: folds 
Dubhe99: folds 
santibaron: folds 
Uncalled bet ($2.50) returned to blopisanz
blopisanz collected $0.16 from pot
*** SUMMARY ***
Total pot $0.16 | Rake $0 
Seat 1: GodLevel2019 folded before Flop (didn't bet)
Seat 2: Dubhe99 folded before Flop
Seat 3: Dorex2007 (button) folded before Flop (didn't bet)
Seat 4: santibaron (small blind) folded before Flop
Seat 5: blopisanz (big blind) collected ($0.16)
Seat 6: Wilsonleite17 folded before Flop
Seat 8: Nick4o619 folded before Flop (didn't bet)
Seat 9: Gilberto2332 folded before Flop (didn't bet)



PokerStars Hand #236950227019:  Hold'em No Limit ($0.01/$0.02 USD) - 2022/06/23 21:27:40 PT [2022/06/24 0:27:40 ET]
Table 'Ausonia II' 9-max Seat #4 is the button
Seat 1: GodLevel2019 ($1.94 in chips) 
Seat 2: Dubhe99 ($3.34 in chips) 
Seat 3: Dorex2007 ($3.28 in chips) 
Seat 4: santibaron ($3.09 in chips) 
Seat 5: blopisanz ($2.66 in chips) 
Seat 6: Wilsonleite17 ($1.46 in chips) 
Seat 8: Nick4o619 ($1.85 in chips) 
Seat 9: Gilberto2332 ($1.88 in chips) 
blopisanz: posts small blind $0.01
Wilsonleite17: posts big blind $0.02
DaveK: sits out 
*** HOLE CARDS ***
Dealt to Dorex2007 [6s Qd]
Nick4o619: calls $0.02
Gilberto2332: folds 
GodLevel2019: folds 
Dubhe99: raises $0.14 to $0.16
Dorex2007: folds 
santibaron: folds 
blopisanz: folds 
Wilsonleite17: folds 
Nick4o619: folds 
Uncalled bet ($0.14) returned to Dubhe99
Dubhe99 collected $0.07 from pot
*** SUMMARY ***
Total pot $0.07 | Rake $0 
Seat 1: GodLevel2019 folded before Flop (didn't bet)
Seat 2: Dubhe99 collected ($0.07)
Seat 3: Dorex2007 folded before Flop (didn't bet)
Seat 4: santibaron (button) folded before Flop (didn't bet)
Seat 5: blopisanz (small blind) folded before Flop
Seat 6: Wilsonleite17 (big blind) folded before Flop
Seat 8: Nick4o619 folded before Flop
Seat 9: Gilberto2332 folded before Flop (didn't bet)



PokerStars Hand #236950230973:  Hold'em No Limit ($0.01/$0.02 USD) - 2022/06/23 21:28:11 PT [2022/06/24 0:28:11 ET]
Table 'Ausonia II' 9-max Seat #5 is the button
Seat 1: GodLevel2019 ($1.94 in chips) 
Seat 2: Dubhe99 ($3.39 in chips) 
Seat 3: Dorex2007 ($3.28 in chips) 
Seat 4: santibaron ($3.09 in chips) 
Seat 5: blopisanz ($2.65 in chips) 
Seat 6: Wilsonleite17 ($1.44 in chips) 
Seat 7: DaveK ($2 in chips) 
Seat 8: Nick4o619 ($1.83 in chips) 
Seat 9: Gilberto2332 ($1.88 in chips) 
Wilsonleite17: posts small blind $0.01
DaveK: posts big blind $0.02
*** HOLE CARDS ***
Dealt to Dorex2007 [Kh 8c]
Nick4o619: raises $0.05 to $0.07
Gilberto2332: folds 
GodLevel2019: folds 
Dubhe99: folds 
Dorex2007: folds 
santibaron: folds 
blopisanz: folds 
Wilsonleite17: calls $0.06
DaveK: calls $0.05
*** FLOP *** [7c 2c Ks]
Wilsonleite17: checks 
DaveK: checks 
Nick4o619: checks 
*** TURN *** [7c 2c Ks] [6s]
Wilsonleite17: checks 
DaveK: checks 
Nick4o619: checks 
*** RIVER *** [7c 2c Ks 6s] [Qc]
Wilsonleite17: checks 
DaveK: checks 
Nick4o619: checks 
*** SHOW DOWN ***
Wilsonleite17: shows [Td Qd] (a pair of Queens)
DaveK: mucks hand 
Nick4o619: mucks hand 
Wilsonleite17 collected $0.20 from pot
*** SUMMARY ***
Total pot $0.21 | Rake $0.01 
Board [7c 2c Ks 6s Qc]
Seat 1: GodLevel2019 folded before Flop (didn't bet)
Seat 2: Dubhe99 folded before Flop (didn't bet)
Seat 3: Dorex2007 folded before Flop (didn't bet)
Seat 4: santibaron folded before Flop (didn't bet)
Seat 5: blopisanz (button) folded before Flop (didn't bet)
Seat 6: Wilsonleite17 (small blind) showed [Td Qd] and won ($0.20) with a pair of Queens
Seat 7: DaveK (big blind) mucked [Ah 3h]
Seat 8: Nick4o619 mucked [9d As]
Seat 9: Gilberto2332 folded before Flop (didn't bet)



PokerStars Hand #236950244527:  Hold'em No Limit ($0.01/$0.02 USD) - 2022/06/23 21:29:12 PT [2022/06/24 0:29:12 ET]
Table 'Ausonia II' 9-max Seat #6 is the button
Seat 1: GodLevel2019 ($1.94 in chips) 
Seat 2: Dubhe99 ($3.39 in chips) 
Seat 3: Dorex2007 ($3.28 in chips) 
Seat 4: santibaron ($3.09 in chips) 
Seat 5: blopisanz ($2.65 in chips) 
Seat 6: Wilsonleite17 ($1.57 in chips) 
Seat 7: DaveK ($1.93 in chips) 
Seat 8: Nick4o619 ($1.76 in chips) 
Seat 9: Gilberto2332 ($1.88 in chips) 
DaveK: posts small blind $0.01
Nick4o619: posts big blind $0.02
*** HOLE CARDS ***
Dealt to Dorex2007 [6s 2d]
Gilberto2332: folds 
GodLevel2019: raises $0.02 to $0.04
Dubhe99: folds 
Dorex2007: folds 
santibaron: folds 
blopisanz: folds 
Wilsonleite17: folds 
DaveK: folds 
Nick4o619: folds 
Uncalled bet ($0.02) returned to GodLevel2019
GodLevel2019 collected $0.05 from pot
*** SUMMARY ***
Total pot $0.05 | Rake $0 
Seat 1: GodLevel2019 collected ($0.05)
Seat 2: Dubhe99 folded before Flop (didn't bet)
Seat 3: Dorex2007 folded before Flop (didn't bet)
Seat 4: santibaron folded before Flop (didn't bet)
Seat 5: blopisanz folded before Flop (didn't bet)
Seat 6: Wilsonleite17 (button) folded before Flop (didn't bet)
Seat 7: DaveK (small blind) folded before Flop
Seat 8: Nick4o619 (big blind) folded before Flop
Seat 9: Gilberto2332 folded before Flop (didn't bet)



PokerStars Hand #236950248499:  Hold'em No Limit ($0.01/$0.02 USD) - 2022/06/23 21:29:43 PT [2022/06/24 0:29:43 ET]
Table 'Ausonia II' 9-max Seat #7 is the button
Seat 1: GodLevel2019 ($1.97 in chips) 
Seat 2: Dubhe99 ($3.39 in chips) 
Seat 3: Dorex2007 ($3.28 in chips) 
Seat 4: santibaron ($3.09 in chips) 
Seat 5: blopisanz ($2.65 in chips) 
Seat 6: Wilsonleite17 ($1.57 in chips) 
Seat 7: DaveK ($1.92 in chips) 
Seat 8: Nick4o619 ($1.74 in chips) 
Seat 9: Gilberto2332 ($1.88 in chips) 
Nick4o619: posts small blind $0.01
Gilberto2332: posts big blind $0.02
*** HOLE CARDS ***
Dealt to Dorex2007 [3h 6h]
GodLevel2019: folds 
Dubhe99: calls $0.02
Dorex2007: folds 
santibaron: folds 
blopisanz: folds 
Wilsonleite17: folds 
DaveK: folds 
Nick4o619: folds 
Gilberto2332: checks 
*** FLOP *** [9h Qc 4c]
Gilberto2332: checks 
Dubhe99: checks 
*** TURN *** [9h Qc 4c] [7s]
Gilberto2332: checks 
Dubhe99: checks 
*** RIVER *** [9h Qc 4c 7s] [2h]
Gilberto2332: bets $0.02
Dubhe99: folds 
Uncalled bet ($0.02) returned to Gilberto2332
Gilberto2332 collected $0.05 from pot
*** SUMMARY ***
Total pot $0.05 | Rake $0 
Board [9h Qc 4c 7s 2h]
Seat 1: GodLevel2019 folded before Flop (didn't bet)
Seat 2: Dubhe99 folded on the River
Seat 3: Dorex2007 folded before Flop (didn't bet)
Seat 4: santibaron folded before Flop (didn't bet)
Seat 5: blopisanz folded before Flop (didn't bet)
Seat 6: Wilsonleite17 folded before Flop (didn't bet)
Seat 7: DaveK (button) folded before Flop (didn't bet)
Seat 8: Nick4o619 (small blind) folded before Flop
Seat 9: Gilberto2332 (big blind) collected ($0.05)



PokerStars Hand #236950254615:  Hold'em No Limit ($0.01/$0.02 USD) - 2022/06/23 21:30:30 PT [2022/06/24 0:30:30 ET]
Table 'Ausonia II' 9-max Seat #8 is the button
Seat 1: GodLevel2019 ($1.97 in chips) 
Seat 2: Dubhe99 ($3.37 in chips) 
Seat 3: Dorex2007 ($3.28 in chips) 
Seat 4: santibaron ($3.09 in chips) 
Seat 5: blopisanz ($2.65 in chips) 
Seat 6: Wilsonleite17 ($1.57 in chips) 
Seat 7: DaveK ($1.92 in chips) 
Seat 8: Nick4o619 ($1.73 in chips) 
Seat 9: Gilberto2332 ($1.91 in chips) 
Gilberto2332: posts small blind $0.01
GodLevel2019: posts big blind $0.02
*** HOLE CARDS ***
Dealt to Dorex2007 [Td 9d]
Dubhe99: raises $0.02 to $0.04
Dorex2007: folds 
santibaron: folds 
blopisanz: folds 
Wilsonleite17: folds 
DaveK: folds 
Nick4o619 has timed out
Nick4o619: folds 
Gilberto2332: folds 
GodLevel2019: calls $0.02
*** FLOP *** [Ts 5c 6h]
GodLevel2019: checks 
Dubhe99: bets $0.09
GodLevel2019: folds 
Uncalled bet ($0.09) returned to Dubhe99
Dubhe99 collected $0.09 from pot
*** SUMMARY ***
Total pot $0.09 | Rake $0 
Board [Ts 5c 6h]
Seat 1: GodLevel2019 (big blind) folded on the Flop
Seat 2: Dubhe99 collected ($0.09)
Seat 3: Dorex2007 folded before Flop (didn't bet)
Seat 4: santibaron folded before Flop (didn't bet)
Seat 5: blopisanz folded before Flop (didn't bet)
Seat 6: Wilsonleite17 folded before Flop (didn't bet)
Seat 7: DaveK folded before Flop (didn't bet)
Seat 8: Nick4o619 (button) folded before Flop (didn't bet)
Seat 9: Gilberto2332 (small blind) folded before Flop



PokerStars Hand #236950260008:  Hold'em No Limit ($0.01/$0.02 USD) - 2022/06/23 21:31:12 PT [2022/06/24 0:31:12 ET]
Table 'Ausonia II' 9-max Seat #9 is the button
Seat 1: GodLevel2019 ($1.93 in chips) 
Seat 2: Dubhe99 ($3.42 in chips) 
Seat 3: Dorex2007 ($3.28 in chips) 
Seat 4: santibaron ($3.09 in chips) 
Seat 5: blopisanz ($2.65 in chips) 
Seat 6: Wilsonleite17 ($1.57 in chips) 
Seat 7: DaveK ($1.92 in chips) 
Seat 9: Gilberto2332 ($1.90 in chips) 
GodLevel2019: posts small blind $0.01
Dubhe99: posts big blind $0.02
*** HOLE CARDS ***
Dealt to Dorex2007 [7c 5s]
Dorex2007: folds 
santibaron: folds 
blopisanz: folds 
Wilsonleite17: calls $0.02
DaveK: folds 
Gilberto2332: calls $0.02
GodLevel2019: calls $0.01
Dubhe99: checks 
*** FLOP *** [7h 5h 8s]
GodLevel2019: bets $0.02
Dubhe99: folds 
Wilsonleite17: folds 
Gilberto2332: calls $0.02
*** TURN *** [7h 5h 8s] [2c]
GodLevel2019: checks 
Gilberto2332: bets $0.06
GodLevel2019: calls $0.06
*** RIVER *** [7h 5h 8s 2c] [6d]
GodLevel2019: checks 
Gilberto2332: checks 
*** SHOW DOWN ***
GodLevel2019: shows [5d 6c] (two pair, Sixes and Fives)
Gilberto2332: mucks hand 
GodLevel2019 collected $0.23 from pot
*** SUMMARY ***
Total pot $0.24 | Rake $0.01 
Board [7h 5h 8s 2c 6d]
Seat 1: GodLevel2019 (small blind) showed [5d 6c] and won ($0.23) with two pair, Sixes and Fives
Seat 2: Dubhe99 (big blind) folded on the Flop
Seat 3: Dorex2007 folded before Flop (didn't bet)
Seat 4: santibaron folded before Flop (didn't bet)
Seat 5: blopisanz folded before Flop (didn't bet)
Seat 6: Wilsonleite17 folded on the Flop
Seat 7: DaveK folded before Flop (didn't bet)
Seat 9: Gilberto2332 (button) mucked [7d Ad]



PokerStars Hand #236950266837:  Hold'em No Limit ($0.01/$0.02 USD) - 2022/06/23 21:32:05 PT [2022/06/24 0:32:05 ET]
Table 'Ausonia II' 9-max Seat #1 is the button
Seat 1: GodLevel2019 ($2.06 in chips) 
Seat 2: Dubhe99 ($3.40 in chips) 
Seat 3: Dorex2007 ($3.28 in chips) 
Seat 4: santibaron ($3.09 in chips) 
Seat 5: blopisanz ($2.65 in chips) 
Seat 6: Wilsonleite17 ($1.55 in chips) 
Seat 7: DaveK ($1.92 in chips) 
Seat 9: Gilberto2332 ($1.80 in chips) 
Dubhe99: posts small blind $0.01
Dorex2007: posts big blind $0.02
*** HOLE CARDS ***
Dealt to Dorex2007 [Th Qh]
santibaron: folds 
blopisanz: calls $0.02
Wilsonleite17: folds 
DaveK: folds 
Gilberto2332: folds 
GodLevel2019: calls $0.02
Dubhe99: folds 
Dorex2007: checks 
*** FLOP *** [As 2c Kh]
Dorex2007: checks 
blopisanz: checks 
GodLevel2019: checks 
*** TURN *** [As 2c Kh] [Qc]
Dorex2007: checks 
blopisanz: bets $0.03
GodLevel2019: folds 
Dorex2007: calls $0.03
*** RIVER *** [As 2c Kh Qc] [Ah]
Dorex2007: checks 
blopisanz: bets $0.08
Dorex2007: raises $0.14 to $0.22
blopisanz: calls $0.14
*** SHOW DOWN ***
Dorex2007: shows [Th Qh] (two pair, Aces and Queens)
blopisanz: shows [Tc Ad] (three of a kind, Aces)
blopisanz collected $0.55 from pot
*** SUMMARY ***
Total pot $0.57 | Rake $0.02 
Board [As 2c Kh Qc Ah]
Seat 1: GodLevel2019 (button) folded on the Turn
Seat 2: Dubhe99 (small blind) folded before Flop
Seat 3: Dorex2007 (big blind) showed [Th Qh] and lost with two pair, Aces and Queens
Seat 4: santibaron folded before Flop (didn't bet)
Seat 5: blopisanz showed [Tc Ad] and won ($0.55) with three of a kind, Aces
Seat 6: Wilsonleite17 folded before Flop (didn't bet)
Seat 7: DaveK folded before Flop (didn't bet)
Seat 9: Gilberto2332 folded before Flop (didn't bet)



PokerStars Hand #236950276988:  Hold'em No Limit ($0.01/$0.02 USD) - 2022/06/23 21:33:24 PT [2022/06/24 0:33:24 ET]
Table 'Ausonia II' 9-max Seat #2 is the button
Seat 1: GodLevel2019 ($2.04 in chips) 
Seat 2: Dubhe99 ($3.39 in chips) 
Seat 3: Dorex2007 ($3.01 in chips) 
Seat 4: santibaron ($3.09 in chips) 
Seat 5: blopisanz ($2.93 in chips) 
Seat 6: Wilsonleite17 ($1.55 in chips) 
Seat 7: DaveK ($1.92 in chips) 
Seat 9: Gilberto2332 ($1.80 in chips) 
Dorex2007: posts small blind $0.01
santibaron: posts big blind $0.02
*** HOLE CARDS ***
Dealt to Dorex2007 [9s Kc]
blopisanz has timed out
blopisanz: folds 
Wilsonleite17: calls $0.02
DaveK: folds 
Gilberto2332: raises $0.02 to $0.04
GodLevel2019: folds 
Dubhe99: folds 
Dorex2007: folds 
santibaron: calls $0.02
Wilsonleite17: calls $0.02
*** FLOP *** [Js 8h 6c]
santibaron: checks 
Wilsonleite17: checks 
Gilberto2332: checks 
*** TURN *** [Js 8h 6c] [4h]
santibaron: checks 
Wilsonleite17: checks 
Gilberto2332: checks 
*** RIVER *** [Js 8h 6c 4h] [2c]
santibaron: bets $0.08
Wilsonleite17: folds 
Gilberto2332: folds 
Uncalled bet ($0.08) returned to santibaron
santibaron collected $0.13 from pot
*** SUMMARY ***
Total pot $0.13 | Rake $0 
Board [Js 8h 6c 4h 2c]
Seat 1: GodLevel2019 folded before Flop (didn't bet)
Seat 2: Dubhe99 (button) folded before Flop (didn't bet)
Seat 3: Dorex2007 (small blind) folded before Flop
Seat 4: santibaron (big blind) collected ($0.13)
Seat 5: blopisanz folded before Flop (didn't bet)
Seat 6: Wilsonleite17 folded on the River
Seat 7: DaveK folded before Flop (didn't bet)
Seat 9: Gilberto2332 folded on the River



PokerStars Hand #236950285350:  Hold'em No Limit ($0.01/$0.02 USD) - 2022/06/23 21:34:29 PT [2022/06/24 0:34:29 ET]
Table 'Ausonia II' 9-max Seat #3 is the button
Seat 1: GodLevel2019 ($2.04 in chips) 
Seat 2: Dubhe99 ($3.39 in chips) 
Seat 3: Dorex2007 ($3 in chips) 
Seat 4: santibaron ($3.18 in chips) 
Seat 5: blopisanz ($2.93 in chips) 
Seat 6: Wilsonleite17 ($1.51 in chips) 
Seat 7: DaveK ($1.92 in chips) 
Seat 9: Gilberto2332 ($1.76 in chips) 
santibaron: posts small blind $0.01
blopisanz: posts big blind $0.02
*** HOLE CARDS ***
Dealt to Dorex2007 [Qh Ts]
Wilsonleite17: calls $0.02
DaveK: calls $0.02
Gilberto2332: folds 
GodLevel2019: calls $0.02
Dubhe99: folds 
Dorex2007: calls $0.02
santibaron: calls $0.01
blopisanz: checks 
*** FLOP *** [4d Ks 2c]
santibaron: checks 
blopisanz: checks 
Wilsonleite17: checks 
DaveK: checks 
GodLevel2019: checks 
Dorex2007: checks 
*** TURN *** [4d Ks 2c] [5h]
santibaron: checks 
blopisanz: checks 
Wilsonleite17: checks 
DaveK: checks 
GodLevel2019: bets $0.04
Dorex2007: folds 
santibaron: calls $0.04
blopisanz: folds 
Wilsonleite17: calls $0.04
DaveK: calls $0.04
*** RIVER *** [4d Ks 2c 5h] [2s]
santibaron: checks 
Wilsonleite17: checks 
DaveK: checks 
GodLevel2019: bets $0.09
santibaron: folds 
Wilsonleite17: folds 
DaveK: folds 
Uncalled bet ($0.09) returned to GodLevel2019
GodLevel2019 collected $0.27 from pot
*** SUMMARY ***
Total pot $0.28 | Rake $0.01 
Board [4d Ks 2c 5h 2s]
Seat 1: GodLevel2019 collected ($0.27)
Seat 2: Dubhe99 folded before Flop (didn't bet)
Seat 3: Dorex2007 (button) folded on the Turn
Seat 4: santibaron (small blind) folded on the River
Seat 5: blopisanz (big blind) folded on the Turn
Seat 6: Wilsonleite17 folded on the River
Seat 7: DaveK folded on the River
Seat 9: Gilberto2332 folded before Flop (didn't bet)



PokerStars Hand #236950298616:  Hold'em No Limit ($0.01/$0.02 USD) - 2022/06/23 21:36:13 PT [2022/06/24 0:36:13 ET]
Table 'Ausonia II' 9-max Seat #4 is the button
Seat 1: GodLevel2019 ($2.25 in chips) 
Seat 2: Dubhe99 ($3.39 in chips) 
Seat 3: Dorex2007 ($2.98 in chips) 
Seat 4: santibaron ($3.12 in chips) 
Seat 5: blopisanz ($2.91 in chips) 
Seat 6: Wilsonleite17 ($1.45 in chips) 
Seat 7: DaveK ($1.86 in chips) 
Seat 9: Gilberto2332 ($1.76 in chips) 
blopisanz: posts small blind $0.01
Wilsonleite17: posts big blind $0.02
*** HOLE CARDS ***
Dealt to Dorex2007 [4d 6c]
DaveK: folds 
Gilberto2332: folds 
GodLevel2019: folds 
Dubhe99: folds 
Dorex2007: folds 
santibaron: folds 
blopisanz: calls $0.01
Wilsonleite17: checks 
*** FLOP *** [7d 9c 5c]
blopisanz: bets $0.02
Wilsonleite17: calls $0.02
*** TURN *** [7d 9c 5c] [9h]
blopisanz: checks 
Wilsonleite17: checks 
*** RIVER *** [7d 9c 5c 9h] [3h]
blopisanz: checks 
Wilsonleite17: bets $0.08
blopisanz: folds 
Uncalled bet ($0.08) returned to Wilsonleite17
Wilsonleite17 collected $0.08 from pot
*** SUMMARY ***
Total pot $0.08 | Rake $0 
Board [7d 9c 5c 9h 3h]
Seat 1: GodLevel2019 folded before Flop (didn't bet)
Seat 2: Dubhe99 folded before Flop (didn't bet)
Seat 3: Dorex2007 folded before Flop (didn't bet)
Seat 4: santibaron (button) folded before Flop (didn't bet)
Seat 5: blopisanz (small blind) folded on the River
Seat 6: Wilsonleite17 (big blind) collected ($0.08)
Seat 7: DaveK folded before Flop (didn't bet)
Seat 9: Gilberto2332 folded before Flop (didn't bet)



PokerStars Hand #236950308661:  Hold'em No Limit ($0.01/$0.02 USD) - 2022/06/23 21:37:32 PT [2022/06/24 0:37:32 ET]
Table 'Ausonia II' 9-max Seat #5 is the button
Seat 1: GodLevel2019 ($2.25 in chips) 
Seat 2: Dubhe99 ($3.39 in chips) 
Seat 3: Dorex2007 ($2.98 in chips) 
Seat 4: santibaron ($3.12 in chips) 
Seat 5: blopisanz ($2.87 in chips) 
Seat 6: Wilsonleite17 ($1.49 in chips) 
Seat 7: DaveK ($1.86 in chips) 
Seat 9: Gilberto2332 ($1.76 in chips) 
Wilsonleite17: posts small blind $0.01
DaveK: posts big blind $0.02
*** HOLE CARDS ***
Dealt to Dorex2007 [9s Ah]
Gilberto2332: folds 
GodLevel2019: folds 
Dubhe99: raises $0.02 to $0.04
Dorex2007: folds 
santibaron: folds 
blopisanz: folds 
Wilsonleite17: folds 
DaveK: calls $0.02
*** FLOP *** [7h 5h 8h]
DaveK: checks 
Dubhe99: bets $0.06
DaveK: folds 
Uncalled bet ($0.06) returned to Dubhe99
Dubhe99 collected $0.09 from pot
*** SUMMARY ***
Total pot $0.09 | Rake $0 
Board [7h 5h 8h]
Seat 1: GodLevel2019 folded before Flop (didn't bet)
Seat 2: Dubhe99 collected ($0.09)
Seat 3: Dorex2007 folded before Flop (didn't bet)
Seat 4: santibaron folded before Flop (didn't bet)
Seat 5: blopisanz (button) folded before Flop (didn't bet)
Seat 6: Wilsonleite17 (small blind) folded before Flop
Seat 7: DaveK (big blind) folded on the Flop
Seat 9: Gilberto2332 folded before Flop (didn't bet)



PokerStars Hand #236950321236:  Hold'em No Limit ($0.01/$0.02 USD) - 2022/06/23 21:38:10 PT [2022/06/24 0:38:10 ET]
Table 'Ausonia II' 9-max Seat #6 is the button
Seat 1: GodLevel2019 ($2.25 in chips) 
Seat 2: Dubhe99 ($3.44 in chips) 
Seat 3: Dorex2007 ($2.98 in chips) 
Seat 4: santibaron ($3.12 in chips) 
Seat 5: blopisanz ($2.87 in chips) 
Seat 6: Wilsonleite17 ($1.48 in chips) 
Seat 7: DaveK ($1.82 in chips) 
Seat 9: Gilberto2332 ($1.76 in chips) 
DaveK: posts small blind $0.01
Gilberto2332: posts big blind $0.02
*** HOLE CARDS ***
Dealt to Dorex2007 [3d 5c]
GodLevel2019: folds 
Dubhe99: calls $0.02
Dorex2007: folds 
santibaron: folds 
blopisanz: folds 
Wilsonleite17: calls $0.02
DaveK: calls $0.01
Gilberto2332: checks 
*** FLOP *** [7d Ad 5h]
DaveK: checks 
Gilberto2332: bets $0.04
Dubhe99: folds 
Wilsonleite17: calls $0.04
DaveK: folds 
*** TURN *** [7d Ad 5h] [Jh]
Gilberto2332: bets $0.15
Wilsonleite17: calls $0.15
*** RIVER *** [7d Ad 5h Jh] [Qs]
Gilberto2332: bets $0.22
Wilsonleite17: folds 
Uncalled bet ($0.22) returned to Gilberto2332
Gilberto2332 collected $0.44 from pot
*** SUMMARY ***
Total pot $0.46 | Rake $0.02 
Board [7d Ad 5h Jh Qs]
Seat 1: GodLevel2019 folded before Flop (didn't bet)
Seat 2: Dubhe99 folded on the Flop
Seat 3: Dorex2007 folded before Flop (didn't bet)
Seat 4: santibaron folded before Flop (didn't bet)
Seat 5: blopisanz folded before Flop (didn't bet)
Seat 6: Wilsonleite17 (button) folded on the River
Seat 7: DaveK (small blind) folded on the Flop
Seat 9: Gilberto2332 (big blind) collected ($0.44)



PokerStars Hand #236950329184:  Hold'em No Limit ($0.01/$0.02 USD) - 2022/06/23 21:39:12 PT [2022/06/24 0:39:12 ET]
Table 'Ausonia II' 9-max Seat #7 is the button
Seat 1: GodLevel2019 ($2.25 in chips) 
Seat 2: Dubhe99 ($3.42 in chips) 
Seat 3: Dorex2007 ($2.98 in chips) 
Seat 4: santibaron ($3.12 in chips) 
Seat 5: blopisanz ($2.87 in chips) 
Seat 6: Wilsonleite17 ($1.27 in chips) 
Seat 7: DaveK ($1.80 in chips) 
Seat 9: Gilberto2332 ($1.99 in chips) 
Gilberto2332: posts small blind $0.01
GodLevel2019: posts big blind $0.02
*** HOLE CARDS ***
Dealt to Dorex2007 [2c Qh]
Dubhe99: raises $0.02 to $0.04
Dorex2007: folds 
santibaron: folds 
blopisanz: folds 
Wilsonleite17: folds 
DaveK: folds 
Gilberto2332: folds 
GodLevel2019: folds 
Uncalled bet ($0.02) returned to Dubhe99
Dubhe99 collected $0.05 from pot
*** SUMMARY ***
Total pot $0.05 | Rake $0 
Seat 1: GodLevel2019 (big blind) folded before Flop
Seat 2: Dubhe99 collected ($0.05)
Seat 3: Dorex2007 folded before Flop (didn't bet)
Seat 4: santibaron folded before Flop (didn't bet)
Seat 5: blopisanz folded before Flop (didn't bet)
Seat 6: Wilsonleite17 folded before Flop (didn't bet)
Seat 7: DaveK (button) folded before Flop (didn't bet)
Seat 9: Gilberto2332 (small blind) folded before Flop



PokerStars Hand #236950332666:  Hold'em No Limit ($0.01/$0.02 USD) - 2022/06/23 21:39:39 PT [2022/06/24 0:39:39 ET]
Table 'Ausonia II' 9-max Seat #9 is the button
Seat 1: GodLevel2019 ($2.23 in chips) 
Seat 2: Dubhe99 ($3.45 in chips) 
Seat 3: Dorex2007 ($2.98 in chips) 
Seat 4: santibaron ($3.12 in chips) 
Seat 5: blopisanz ($2.87 in chips) 
Seat 6: Wilsonleite17 ($1.27 in chips) 
Seat 7: DaveK ($1.80 in chips) 
Seat 9: Gilberto2332 ($1.98 in chips) 
GodLevel2019: posts small blind $0.01
Dubhe99: posts big blind $0.02
*** HOLE CARDS ***
Dealt to Dorex2007 [7d 6d]
Dorex2007: folds 
santibaron: folds 
blopisanz: folds 
Wilsonleite17: calls $0.02
DaveK: folds 
Gilberto2332: raises $0.04 to $0.06
GodLevel2019: folds 
Dubhe99: calls $0.04
Wilsonleite17: calls $0.04
*** FLOP *** [Kc 4h Tc]
Dubhe99: bets $0.18
Wilsonleite17: folds 
Gilberto2332: calls $0.18
*** TURN *** [Kc 4h Tc] [6s]
Dubhe99: bets $0.53
Gilberto2332: calls $0.53
*** RIVER *** [Kc 4h Tc 6s] [8c]
Dubhe99: bets $2.68 and is all-in
Gilberto2332: calls $1.21 and is all-in
Uncalled bet ($1.47) returned to Dubhe99
*** SHOW DOWN ***
Dubhe99: shows [5c 4c] (a flush, King high)
Gilberto2332: shows [Ad Kd] (a pair of Kings)
Dubhe99 collected $3.89 from pot
*** SUMMARY ***
Total pot $4.03 | Rake $0.14 
Board [Kc 4h Tc 6s 8c]
Seat 1: GodLevel2019 (small blind) folded before Flop
Seat 2: Dubhe99 (big blind) showed [5c 4c] and won ($3.89) with a flush, King high
Seat 3: Dorex2007 folded before Flop (didn't bet)
Seat 4: santibaron folded before Flop (didn't bet)
Seat 5: blopisanz folded before Flop (didn't bet)
Seat 6: Wilsonleite17 folded on the Flop
Seat 7: DaveK folded before Flop (didn't bet)
Seat 9: Gilberto2332 (button) showed [Ad Kd] and lost with a pair of Kings



PokerStars Hand #236950339574:  Hold'em No Limit ($0.01/$0.02 USD) - 2022/06/23 21:40:32 PT [2022/06/24 0:40:32 ET]
Table 'Ausonia II' 9-max Seat #1 is the button
Seat 1: GodLevel2019 ($2.22 in chips) 
Seat 2: Dubhe99 ($5.36 in chips) 
Seat 3: Dorex2007 ($2.98 in chips) 
Seat 4: santibaron ($3.12 in chips) 
Seat 5: blopisanz ($2.87 in chips) 
Seat 6: Wilsonleite17 ($1.21 in chips) 
Seat 7: DaveK ($1.80 in chips) 
Dubhe99: posts small blind $0.01
Dorex2007: posts big blind $0.02
*** HOLE CARDS ***
Dealt to Dorex2007 [5c 9s]
santibaron: folds 
blopisanz: folds 
Wilsonleite17: calls $0.02
DaveK: folds 
GodLevel2019: folds 
Dubhe99: folds 
Dorex2007: checks 
*** FLOP *** [3c Kd 9c]
Dorex2007: checks 
Wilsonleite17: bets $0.04
Dorex2007: calls $0.04
*** TURN *** [3c Kd 9c] [Th]
Dorex2007: checks 
Wilsonleite17: bets $0.08
Dorex2007: folds 
Uncalled bet ($0.08) returned to Wilsonleite17
Wilsonleite17 collected $0.13 from pot
*** SUMMARY ***
Total pot $0.13 | Rake $0 
Board [3c Kd 9c Th]
Seat 1: GodLevel2019 (button) folded before Flop (didn't bet)
Seat 2: Dubhe99 (small blind) folded before Flop
Seat 3: Dorex2007 (big blind) folded on the Turn
Seat 4: santibaron folded before Flop (didn't bet)
Seat 5: blopisanz folded before Flop (didn't bet)
Seat 6: Wilsonleite17 collected ($0.13)
Seat 7: DaveK folded before Flop (didn't bet)



PokerStars Hand #236950343909:  Hold'em No Limit ($0.01/$0.02 USD) - 2022/06/23 21:41:06 PT [2022/06/24 0:41:06 ET]
Table 'Ausonia II' 9-max Seat #2 is the button
Seat 1: GodLevel2019 ($2.22 in chips) 
Seat 2: Dubhe99 ($5.35 in chips) 
Seat 3: Dorex2007 ($2.92 in chips) 
Seat 4: santibaron ($3.12 in chips) 
Seat 5: blopisanz ($2.87 in chips) 
Seat 6: Wilsonleite17 ($1.28 in chips) 
Seat 7: DaveK ($1.80 in chips) 
Seat 9: Gilberto2332 ($2 in chips) 
Dorex2007: posts small blind $0.01
santibaron: posts big blind $0.02
*** HOLE CARDS ***
Dealt to Dorex2007 [3h 8h]
blopisanz: folds 
Wilsonleite17: calls $0.02
DaveK: folds 
Gilberto2332: raises $0.04 to $0.06
GodLevel2019 has timed out
GodLevel2019: folds 
Dubhe99: calls $0.06
Dorex2007: folds 
santibaron: calls $0.04
Wilsonleite17: calls $0.04
*** FLOP *** [8c Jd 6d]
santibaron: checks 
Wilsonleite17: checks 
Gilberto2332: bets $0.24
Dubhe99: calls $0.24
santibaron: folds 
Wilsonleite17: folds 
*** TURN *** [8c Jd 6d] [Tc]
Gilberto2332: bets $1.70 and is all-in
Dubhe99: folds 
Uncalled bet ($1.70) returned to Gilberto2332
Gilberto2332 collected $0.70 from pot
*** SUMMARY ***
Total pot $0.73 | Rake $0.03 
Board [8c Jd 6d Tc]
Seat 1: GodLevel2019 folded before Flop (didn't bet)
Seat 2: Dubhe99 (button) folded on the Turn
Seat 3: Dorex2007 (small blind) folded before Flop
Seat 4: santibaron (big blind) folded on the Flop
Seat 5: blopisanz folded before Flop (didn't bet)
Seat 6: Wilsonleite17 folded on the Flop
Seat 7: DaveK folded before Flop (didn't bet)
Seat 9: Gilberto2332 collected ($0.70)



PokerStars Hand #236950354147:  Hold'em No Limit ($0.01/$0.02 USD) - 2022/06/23 21:42:27 PT [2022/06/24 0:42:27 ET]
Table 'Ausonia II' 9-max Seat #3 is the button
Seat 2: Dubhe99 ($5.05 in chips) 
Seat 3: Dorex2007 ($2.91 in chips) 
Seat 4: santibaron ($3.06 in chips) 
Seat 5: blopisanz ($2.87 in chips) 
Seat 6: Wilsonleite17 ($1.22 in chips) 
Seat 7: DaveK ($1.80 in chips) 
Seat 9: Gilberto2332 ($2.40 in chips) 
santibaron: posts small blind $0.01
blopisanz: posts big blind $0.02
*** HOLE CARDS ***
Dealt to Dorex2007 [9h 5d]
Wilsonleite17: folds 
DaveK: calls $0.02
Gilberto2332: folds 
Dubhe99: folds 
Dorex2007: folds 
santibaron: folds 
blopisanz: checks 
*** FLOP *** [9c Qh Jd]
blopisanz: checks 
DaveK: bets $0.02
blopisanz: folds 
Uncalled bet ($0.02) returned to DaveK
DaveK collected $0.05 from pot
*** SUMMARY ***
Total pot $0.05 | Rake $0 
Board [9c Qh Jd]
Seat 2: Dubhe99 folded before Flop (didn't bet)
Seat 3: Dorex2007 (button) folded before Flop (didn't bet)
Seat 4: santibaron (small blind) folded before Flop
Seat 5: blopisanz (big blind) folded on the Flop
Seat 6: Wilsonleite17 folded before Flop (didn't bet)
Seat 7: DaveK collected ($0.05)
Seat 9: Gilberto2332 folded before Flop (didn't bet)



PokerStars Hand #236950359187:  Hold'em No Limit ($0.01/$0.02 USD) - 2022/06/23 21:43:06 PT [2022/06/24 0:43:06 ET]
Table 'Ausonia II' 9-max Seat #4 is the button
Seat 1: GodLevel2019 ($2.22 in chips) 
Seat 2: Dubhe99 ($5.05 in chips) 
Seat 3: Dorex2007 ($2.91 in chips) 
Seat 4: santibaron ($3.05 in chips) 
Seat 5: blopisanz ($2.85 in chips) 
Seat 6: Wilsonleite17 ($1.22 in chips) 
Seat 7: DaveK ($1.83 in chips) 
Seat 9: Gilberto2332 ($2.40 in chips) 
blopisanz: posts small blind $0.01
Wilsonleite17: posts big blind $0.02
*** HOLE CARDS ***
Dealt to Dorex2007 [Qs 4d]
DaveK: folds 
Gilberto2332: folds 
GodLevel2019: raises $0.02 to $0.04
Dubhe99: calls $0.04
Dorex2007: folds 
santibaron: folds 
blopisanz: folds 
Wilsonleite17: calls $0.02
*** FLOP *** [5h Js Jh]
Wilsonleite17: bets $0.04
GodLevel2019: calls $0.04
Dubhe99: folds 
*** TURN *** [5h Js Jh] [3c]
Wilsonleite17: checks 
GodLevel2019: bets $0.08
Wilsonleite17: calls $0.08
*** RIVER *** [5h Js Jh 3c] [5s]
Wilsonleite17: checks 
GodLevel2019: bets $0.13
Wilsonleite17: calls $0.13
*** SHOW DOWN ***
GodLevel2019: shows [Th 9d] (two pair, Jacks and Fives)
Wilsonleite17: shows [2h Kh] (two pair, Jacks and Fives - King kicker)
Wilsonleite17 collected $0.61 from pot
*** SUMMARY ***
Total pot $0.63 | Rake $0.02 
Board [5h Js Jh 3c 5s]
Seat 1: GodLevel2019 showed [Th 9d] and lost with two pair, Jacks and Fives
Seat 2: Dubhe99 folded on the Flop
Seat 3: Dorex2007 folded before Flop (didn't bet)
Seat 4: santibaron (button) folded before Flop (didn't bet)
Seat 5: blopisanz (small blind) folded before Flop
Seat 6: Wilsonleite17 (big blind) showed [2h Kh] and won ($0.61) with two pair, Jacks and Fives
Seat 7: DaveK folded before Flop (didn't bet)
Seat 9: Gilberto2332 folded before Flop (didn't bet)



PokerStars Hand #236950369745:  Hold'em No Limit ($0.01/$0.02 USD) - 2022/06/23 21:44:30 PT [2022/06/24 0:44:30 ET]
Table 'Ausonia II' 9-max Seat #5 is the button
Seat 1: GodLevel2019 ($1.93 in chips) 
Seat 2: Dubhe99 ($5.01 in chips) 
Seat 3: Dorex2007 ($2.91 in chips) 
Seat 4: santibaron ($3.05 in chips) 
Seat 5: blopisanz ($2.84 in chips) 
Seat 6: Wilsonleite17 ($1.54 in chips) 
Seat 7: DaveK ($1.83 in chips) 
Wilsonleite17: posts small blind $0.01
DaveK: posts big blind $0.02
Nick4o619: sits out 
*** HOLE CARDS ***
Dealt to Dorex2007 [Jc 3h]
GodLevel2019 has timed out
GodLevel2019: folds 
Dubhe99: raises $0.02 to $0.04
Dorex2007: folds 
santibaron: folds 
blopisanz: folds 
Wilsonleite17: calls $0.03
DaveK: folds 
*** FLOP *** [Qh Kd 9s]
Wilsonleite17: bets $0.04
Dubhe99: folds 
Uncalled bet ($0.04) returned to Wilsonleite17
Wilsonleite17 collected $0.10 from pot
*** SUMMARY ***
Total pot $0.10 | Rake $0 
Board [Qh Kd 9s]
Seat 1: GodLevel2019 folded before Flop (didn't bet)
Seat 2: Dubhe99 folded on the Flop
Seat 3: Dorex2007 folded before Flop (didn't bet)
Seat 4: santibaron folded before Flop (didn't bet)
Seat 5: blopisanz (button) folded before Flop (didn't bet)
Seat 6: Wilsonleite17 (small blind) collected ($0.10)
Seat 7: DaveK (big blind) folded before Flop



PokerStars Hand #236950374741:  Hold'em No Limit ($0.01/$0.02 USD) - 2022/06/23 21:45:09 PT [2022/06/24 0:45:09 ET]
Table 'Ausonia II' 9-max Seat #6 is the button
Seat 2: Dubhe99 ($4.97 in chips) 
Seat 3: Dorex2007 ($2.91 in chips) 
Seat 4: santibaron ($3.05 in chips) 
Seat 5: blopisanz ($2.84 in chips) 
Seat 6: Wilsonleite17 ($1.60 in chips) 
Seat 7: DaveK ($1.81 in chips) 
Seat 8: Nick4o619 ($1.73 in chips) 
DaveK: posts small blind $0.01
Nick4o619: posts big blind $0.02
*** HOLE CARDS ***
Dealt to Dorex2007 [7c Jh]
Dubhe99: calls $0.02
Dorex2007: folds 
santibaron: raises $0.03 to $0.05
blopisanz: folds 
Wilsonleite17: calls $0.05
DaveK: folds 
Nick4o619 has timed out
Nick4o619: folds 
Dubhe99: calls $0.03
*** FLOP *** [9s 8d 6h]
Dubhe99: checks 
santibaron: checks 
Wilsonleite17: checks 
*** TURN *** [9s 8d 6h] [2s]
Dubhe99: checks 
santibaron: checks 
Wilsonleite17: bets $0.10
Nick4o619 is disconnected 
Dubhe99: folds 
santibaron: folds 
Uncalled bet ($0.10) returned to Wilsonleite17
Wilsonleite17 collected $0.17 from pot
*** SUMMARY ***
Total pot $0.18 | Rake $0.01 
Board [9s 8d 6h 2s]
Seat 2: Dubhe99 folded on the Turn
Seat 3: Dorex2007 folded before Flop (didn't bet)
Seat 4: santibaron folded on the Turn
Seat 5: blopisanz folded before Flop (didn't bet)
Seat 6: Wilsonleite17 (button) collected ($0.17)
Seat 7: DaveK (small blind) folded before Flop
Seat 8: Nick4o619 (big blind) folded before Flop



PokerStars Hand #236950388278:  Hold'em No Limit ($0.01/$0.02 USD) - 2022/06/23 21:46:56 PT [2022/06/24 0:46:56 ET]
Table 'Ausonia II' 9-max Seat #7 is the button
Seat 1: GodLevel2019 ($1.93 in chips) 
Seat 2: Dubhe99 ($4.92 in chips) 
Seat 3: Dorex2007 ($2.91 in chips) 
Seat 4: santibaron ($3 in chips) 
Seat 5: blopisanz ($2.84 in chips) 
Seat 6: Wilsonleite17 ($1.72 in chips) 
Seat 7: DaveK ($1.80 in chips) 
Seat 9: Gilberto2332 ($2.40 in chips) 
Gilberto2332: posts small blind $0.01
GodLevel2019: posts big blind $0.02
*** HOLE CARDS ***
Dealt to Dorex2007 [3c 6s]
Dubhe99: calls $0.02
Dorex2007: folds 
santibaron: folds 
blopisanz: folds 
Wilsonleite17: calls $0.02
DaveK: folds 
Gilberto2332: calls $0.01
GodLevel2019: checks 
*** FLOP *** [6c Ah Qs]
Gilberto2332: checks 
GodLevel2019: checks 
Dubhe99: checks 
Wilsonleite17: bets $0.04
Gilberto2332: calls $0.04
GodLevel2019: folds 
Dubhe99: calls $0.04
*** TURN *** [6c Ah Qs] [9s]
Gilberto2332: checks 
Dubhe99: checks 
Wilsonleite17: bets $0.04
Gilberto2332: calls $0.04
Dubhe99: calls $0.04
*** RIVER *** [6c Ah Qs 9s] [5d]
Gilberto2332: checks 
Dubhe99: checks 
Wilsonleite17: bets $0.12
Gilberto2332: folds 
Dubhe99: folds 
Uncalled bet ($0.12) returned to Wilsonleite17
Wilsonleite17 collected $0.31 from pot
*** SUMMARY ***
Total pot $0.32 | Rake $0.01 
Board [6c Ah Qs 9s 5d]
Seat 1: GodLevel2019 (big blind) folded on the Flop
Seat 2: Dubhe99 folded on the River
Seat 3: Dorex2007 folded before Flop (didn't bet)
Seat 4: santibaron folded before Flop (didn't bet)
Seat 5: blopisanz folded before Flop (didn't bet)
Seat 6: Wilsonleite17 collected ($0.31)
Seat 7: DaveK (button) folded before Flop (didn't bet)
Seat 9: Gilberto2332 (small blind) folded on the River



PokerStars Hand #236950396513:  Hold'em No Limit ($0.01/$0.02 USD) - 2022/06/23 21:48:03 PT [2022/06/24 0:48:03 ET]
Table 'Ausonia II' 9-max Seat #9 is the button
Seat 1: GodLevel2019 ($1.91 in chips) 
Seat 2: Dubhe99 ($4.82 in chips) 
Seat 3: Dorex2007 ($2.91 in chips) 
Seat 4: santibaron ($3 in chips) 
Seat 5: blopisanz ($2.84 in chips) 
Seat 6: Wilsonleite17 ($1.93 in chips) 
Seat 7: DaveK ($1.80 in chips) 
Seat 9: Gilberto2332 ($2.30 in chips) 
GodLevel2019: posts small blind $0.01
Dubhe99: posts big blind $0.02
*** HOLE CARDS ***
Dealt to Dorex2007 [7h 6c]
Dorex2007: folds 
santibaron: calls $0.02
blopisanz: folds 
Wilsonleite17: calls $0.02
DaveK: folds 
Gilberto2332: raises $0.02 to $0.04
GodLevel2019: folds 
Dubhe99: folds 
santibaron: calls $0.02
Wilsonleite17: calls $0.02
*** FLOP *** [6d 8c 4d]
santibaron: checks 
Wilsonleite17: checks 
Gilberto2332: bets $0.07
santibaron: folds 
Wilsonleite17: calls $0.07
*** TURN *** [6d 8c 4d] [9h]
Wilsonleite17: checks 
Gilberto2332: checks 
*** RIVER *** [6d 8c 4d 9h] [6s]
Wilsonleite17: checks 
Gilberto2332: checks 
*** SHOW DOWN ***
Wilsonleite17: shows [7c Kh] (a pair of Sixes)
Gilberto2332: shows [2d Ad] (a pair of Sixes - Ace kicker)
Gilberto2332 collected $0.28 from pot
*** SUMMARY ***
Total pot $0.29 | Rake $0.01 
Board [6d 8c 4d 9h 6s]
Seat 1: GodLevel2019 (small blind) folded before Flop
Seat 2: Dubhe99 (big blind) folded before Flop
Seat 3: Dorex2007 folded before Flop (didn't bet)
Seat 4: santibaron folded on the Flop
Seat 5: blopisanz folded before Flop (didn't bet)
Seat 6: Wilsonleite17 showed [7c Kh] and lost with a pair of Sixes
Seat 7: DaveK folded before Flop (didn't bet)
Seat 9: Gilberto2332 (button) showed [2d Ad] and won ($0.28) with a pair of Sixes



PokerStars Hand #236950402762:  Hold'em No Limit ($0.01/$0.02 USD) - 2022/06/23 21:48:54 PT [2022/06/24 0:48:54 ET]
Table 'Ausonia II' 9-max Seat #1 is the button
Seat 1: GodLevel2019 ($1.90 in chips) 
Seat 2: Dubhe99 ($4.80 in chips) 
Seat 3: Dorex2007 ($2.91 in chips) 
Seat 4: santibaron ($2.96 in chips) 
Seat 5: blopisanz ($2.84 in chips) 
Seat 6: Wilsonleite17 ($1.82 in chips) 
Seat 7: DaveK ($1.80 in chips) 
Seat 9: Gilberto2332 ($2.47 in chips) 
Dubhe99: posts small blind $0.01
Dorex2007: posts big blind $0.02
*** HOLE CARDS ***
Dealt to Dorex2007 [Qc 3d]
santibaron: folds 
blopisanz: folds 
Wilsonleite17: calls $0.02
DaveK: folds 
Gilberto2332: calls $0.02
GodLevel2019: folds 
Dubhe99: folds 
Dorex2007: checks 
*** FLOP *** [7d 8h As]
Dorex2007: checks 
Wilsonleite17: checks 
Gilberto2332: checks 
*** TURN *** [7d 8h As] [6s]
Dorex2007: checks 
Wilsonleite17: checks 
Gilberto2332: checks 
*** RIVER *** [7d 8h As 6s] [Ac]
Dorex2007: checks 
Wilsonleite17: bets $0.06
Gilberto2332: folds 
Dorex2007: folds 
Uncalled bet ($0.06) returned to Wilsonleite17
Wilsonleite17 collected $0.07 from pot
*** SUMMARY ***
Total pot $0.07 | Rake $0 
Board [7d 8h As 6s Ac]
Seat 1: GodLevel2019 (button) folded before Flop (didn't bet)
Seat 2: Dubhe99 (small blind) folded before Flop
Seat 3: Dorex2007 (big blind) folded on the River
Seat 4: santibaron folded before Flop (didn't bet)
Seat 5: blopisanz folded before Flop (didn't bet)
Seat 6: Wilsonleite17 collected ($0.07)
Seat 7: DaveK folded before Flop (didn't bet)
Seat 9: Gilberto2332 folded on the River



PokerStars Hand #236950410000:  Hold'em No Limit ($0.01/$0.02 USD) - 2022/06/23 21:49:52 PT [2022/06/24 0:49:52 ET]
Table 'Ausonia II' 9-max Seat #2 is the button
Seat 1: GodLevel2019 ($1.90 in chips) 
Seat 2: Dubhe99 ($4.79 in chips) 
Seat 3: Dorex2007 ($2.89 in chips) 
Seat 4: santibaron ($2.96 in chips) 
Seat 5: blopisanz ($2.84 in chips) 
Seat 6: Wilsonleite17 ($1.87 in chips) 
Seat 7: DaveK ($1.80 in chips) 
Seat 9: Gilberto2332 ($2.45 in chips) 
Dorex2007: posts small blind $0.01
santibaron: posts big blind $0.02
*** HOLE CARDS ***
Dealt to Dorex2007 [Tc Ah]
blopisanz: folds 
Wilsonleite17: folds 
DaveK: calls $0.02
Gilberto2332: folds 
GodLevel2019: folds 
Dubhe99: folds 
Dorex2007: calls $0.01
santibaron: checks 
*** FLOP *** [5s 7h 5h]
Dorex2007: checks 
santibaron: checks 
DaveK: checks 
*** TURN *** [5s 7h 5h] [6c]
Dorex2007: checks 
santibaron: checks 
DaveK: checks 
*** RIVER *** [5s 7h 5h 6c] [2d]
Dorex2007: bets $0.04
santibaron: folds 
DaveK: folds 
Uncalled bet ($0.04) returned to Dorex2007
Dorex2007 collected $0.06 from pot
*** SUMMARY ***
Total pot $0.06 | Rake $0 
Board [5s 7h 5h 6c 2d]
Seat 1: GodLevel2019 folded before Flop (didn't bet)
Seat 2: Dubhe99 (button) folded before Flop (didn't bet)
Seat 3: Dorex2007 (small blind) collected ($0.06)
Seat 4: santibaron (big blind) folded on the River
Seat 5: blopisanz folded before Flop (didn't bet)
Seat 6: Wilsonleite17 folded before Flop (didn't bet)
Seat 7: DaveK folded on the River
Seat 9: Gilberto2332 folded before Flop (didn't bet)



PokerStars Hand #236950418243:  Hold'em No Limit ($0.01/$0.02 USD) - 2022/06/23 21:51:00 PT [2022/06/24 0:51:00 ET]
Table 'Ausonia II' 9-max Seat #3 is the button
Seat 1: GodLevel2019 ($1.90 in chips) 
Seat 2: Dubhe99 ($4.79 in chips) 
Seat 3: Dorex2007 ($2.93 in chips) 
Seat 4: santibaron ($2.94 in chips) 
Seat 5: blopisanz ($2.84 in chips) 
Seat 6: Wilsonleite17 ($1.87 in chips) 
Seat 7: DaveK ($1.78 in chips) 
Seat 9: Gilberto2332 ($2.45 in chips) 
santibaron: posts small blind $0.01
blopisanz: posts big blind $0.02
*** HOLE CARDS ***
Dealt to Dorex2007 [As 4h]
Wilsonleite17: calls $0.02
DaveK: folds 
Gilberto2332: folds 
GodLevel2019: raises $0.02 to $0.04
Dubhe99: folds 
Dorex2007: folds 
santibaron: folds 
blopisanz: calls $0.02
Wilsonleite17: calls $0.02
*** FLOP *** [Qs 3s Qd]
blopisanz: checks 
Wilsonleite17: checks 
GodLevel2019: checks 
*** TURN *** [Qs 3s Qd] [Kc]
blopisanz: bets $0.02
Wilsonleite17: folds 
GodLevel2019: calls $0.02
*** RIVER *** [Qs 3s Qd Kc] [2c]
blopisanz: checks 
GodLevel2019: bets $0.08
blopisanz: folds 
Uncalled bet ($0.08) returned to GodLevel2019
GodLevel2019 collected $0.16 from pot
*** SUMMARY ***
Total pot $0.17 | Rake $0.01 
Board [Qs 3s Qd Kc 2c]
Seat 1: GodLevel2019 collected ($0.16)
Seat 2: Dubhe99 folded before Flop (didn't bet)
Seat 3: Dorex2007 (button) folded before Flop (didn't bet)
Seat 4: santibaron (small blind) folded before Flop
Seat 5: blopisanz (big blind) folded on the River
Seat 6: Wilsonleite17 folded on the Turn
Seat 7: DaveK folded before Flop (didn't bet)
Seat 9: Gilberto2332 folded before Flop (didn't bet)



PokerStars Hand #236950427648:  Hold'em No Limit ($0.01/$0.02 USD) - 2022/06/23 21:52:17 PT [2022/06/24 0:52:17 ET]
Table 'Ausonia II' 9-max Seat #4 is the button
Seat 1: GodLevel2019 ($2 in chips) 
Seat 2: Dubhe99 ($4.79 in chips) 
Seat 3: Dorex2007 ($2.93 in chips) 
Seat 4: santibaron ($2.93 in chips) 
Seat 5: blopisanz ($2.78 in chips) 
Seat 6: Wilsonleite17 ($1.83 in chips) 
Seat 7: DaveK ($1.78 in chips) 
blopisanz: posts small blind $0.01
Wilsonleite17: posts big blind $0.02
*** HOLE CARDS ***
Dealt to Dorex2007 [6s 3c]
DaveK: folds 
GodLevel2019: raises $0.05 to $0.07
Dubhe99: calls $0.07
Dorex2007: folds 
santibaron: folds 
blopisanz: folds 
Wilsonleite17: calls $0.05
*** FLOP *** [3h Qc 8d]
Wilsonleite17: checks 
GodLevel2019: bets $0.06
Dubhe99: raises $0.44 to $0.50
Wilsonleite17: folds 
GodLevel2019: folds 
Uncalled bet ($0.44) returned to Dubhe99
Dubhe99 collected $0.33 from pot
*** SUMMARY ***
Total pot $0.34 | Rake $0.01 
Board [3h Qc 8d]
Seat 1: GodLevel2019 folded on the Flop
Seat 2: Dubhe99 collected ($0.33)
Seat 3: Dorex2007 folded before Flop (didn't bet)
Seat 4: santibaron (button) folded before Flop (didn't bet)
Seat 5: blopisanz (small blind) folded before Flop
Seat 6: Wilsonleite17 (big blind) folded on the Flop
Seat 7: DaveK folded before Flop (didn't bet)



PokerStars Hand #236950434822:  Hold'em No Limit ($0.01/$0.02 USD) - 2022/06/23 21:53:16 PT [2022/06/24 0:53:16 ET]
Table 'Ausonia II' 9-max Seat #5 is the button
Seat 1: GodLevel2019 ($1.87 in chips) 
Seat 2: Dubhe99 ($4.99 in chips) 
Seat 3: Dorex2007 ($2.93 in chips) 
Seat 4: santibaron ($2.93 in chips) 
Seat 5: blopisanz ($2.77 in chips) 
Seat 6: Wilsonleite17 ($1.76 in chips) 
Seat 7: DaveK ($1.78 in chips) 
Seat 9: Gilberto2332 ($2.45 in chips) 
Wilsonleite17: posts small blind $0.01
DaveK: posts big blind $0.02
*** HOLE CARDS ***
Dealt to Dorex2007 [4s 9c]
Gilberto2332: folds 
GodLevel2019: raises $0.05 to $0.07
Dubhe99: calls $0.07
Dorex2007: folds 
santibaron: folds 
blopisanz: folds 
Wilsonleite17: folds 
DaveK: folds 
*** FLOP *** [2d 8d 7c]
GodLevel2019: bets $0.08
Dubhe99: folds 
Uncalled bet ($0.08) returned to GodLevel2019
GodLevel2019 collected $0.16 from pot
*** SUMMARY ***
Total pot $0.17 | Rake $0.01 
Board [2d 8d 7c]
Seat 1: GodLevel2019 collected ($0.16)
Seat 2: Dubhe99 folded on the Flop
Seat 3: Dorex2007 folded before Flop (didn't bet)
Seat 4: santibaron folded before Flop (didn't bet)
Seat 5: blopisanz (button) folded before Flop (didn't bet)
Seat 6: Wilsonleite17 (small blind) folded before Flop
Seat 7: DaveK (big blind) folded before Flop
Seat 9: Gilberto2332 folded before Flop (didn't bet)



PokerStars Hand #236950438848:  Hold'em No Limit ($0.01/$0.02 USD) - 2022/06/23 21:53:49 PT [2022/06/24 0:53:49 ET]
Table 'Ausonia II' 9-max Seat #6 is the button
Seat 1: GodLevel2019 ($1.96 in chips) 
Seat 2: Dubhe99 ($4.92 in chips) 
Seat 3: Dorex2007 ($2.93 in chips) 
Seat 4: santibaron ($2.93 in chips) 
Seat 5: blopisanz ($2.77 in chips) 
Seat 6: Wilsonleite17 ($1.75 in chips) 
Seat 7: DaveK ($1.76 in chips) 
Seat 9: Gilberto2332 ($2.45 in chips) 
DaveK: posts small blind $0.01
Gilberto2332: posts big blind $0.02
*** HOLE CARDS ***
Dealt to Dorex2007 [2c Kd]
GodLevel2019: calls $0.02
Dubhe99: folds 
Dorex2007: folds 
santibaron: calls $0.02
blopisanz: calls $0.02
Wilsonleite17 has timed out
Wilsonleite17: folds 
DaveK: calls $0.01
Gilberto2332: raises $0.08 to $0.10
GodLevel2019: folds 
santibaron: calls $0.08
blopisanz: folds 
DaveK: folds 
*** FLOP *** [5s 9d Ad]
Gilberto2332: bets $0.12
santibaron: calls $0.12
*** TURN *** [5s 9d Ad] [9h]
Gilberto2332: checks 
santibaron: checks 
*** RIVER *** [5s 9d Ad 9h] [Jc]
Gilberto2332: checks 
santibaron: checks 
*** SHOW DOWN ***
Gilberto2332: shows [Qh Qd] (two pair, Queens and Nines)
santibaron: mucks hand 
Gilberto2332 collected $0.48 from pot
*** SUMMARY ***
Total pot $0.50 | Rake $0.02 
Board [5s 9d Ad 9h Jc]
Seat 1: GodLevel2019 folded before Flop
Seat 2: Dubhe99 folded before Flop (didn't bet)
Seat 3: Dorex2007 folded before Flop (didn't bet)
Seat 4: santibaron mucked [2d 2h]
Seat 5: blopisanz folded before Flop
Seat 6: Wilsonleite17 (button) folded before Flop (didn't bet)
Seat 7: DaveK (small blind) folded before Flop
Seat 9: Gilberto2332 (big blind) showed [Qh Qd] and won ($0.48) with two pair, Queens and Nines



PokerStars Hand #236950447758:  Hold'em No Limit ($0.01/$0.02 USD) - 2022/06/23 21:55:01 PT [2022/06/24 0:55:01 ET]
Table 'Ausonia II' 9-max Seat #7 is the button
Seat 1: GodLevel2019 ($1.94 in chips) 
Seat 2: Dubhe99 ($4.92 in chips) 
Seat 3: Dorex2007 ($2.93 in chips) 
Seat 4: santibaron ($2.71 in chips) 
Seat 5: blopisanz ($2.75 in chips) 
Seat 7: DaveK ($1.74 in chips) 
Seat 9: Gilberto2332 ($2.71 in chips) 
Gilberto2332: posts small blind $0.01
GodLevel2019: posts big blind $0.02
*** HOLE CARDS ***
Dealt to Dorex2007 [5c Qd]
Dubhe99: calls $0.02
Dorex2007: folds 
santibaron: folds 
blopisanz: folds 
DaveK: calls $0.02
Gilberto2332: folds 
GodLevel2019: checks 
*** FLOP *** [7c As Kc]
GodLevel2019: checks 
Dubhe99: bets $0.06
DaveK: calls $0.06
GodLevel2019: folds 
*** TURN *** [7c As Kc] [Ks]
Dubhe99: bets $0.06
DaveK: calls $0.06
*** RIVER *** [7c As Kc Ks] [9d]
Dubhe99: checks 
DaveK: checks 
*** SHOW DOWN ***
Dubhe99: shows [6d Ac] (two pair, Aces and Kings)
DaveK: shows [6s Ah] (two pair, Aces and Kings)
Dubhe99 collected $0.15 from pot
DaveK collected $0.15 from pot
*** SUMMARY ***
Total pot $0.31 | Rake $0.01 
Board [7c As Kc Ks 9d]
Seat 1: GodLevel2019 (big blind) folded on the Flop
Seat 2: Dubhe99 showed [6d Ac] and won ($0.15) with two pair, Aces and Kings
Seat 3: Dorex2007 folded before Flop (didn't bet)
Seat 4: santibaron folded before Flop (didn't bet)
Seat 5: blopisanz folded before Flop (didn't bet)
Seat 7: DaveK (button) showed [6s Ah] and won ($0.15) with two pair, Aces and Kings
Seat 9: Gilberto2332 (small blind) folded before Flop



PokerStars Hand #236950453584:  Hold'em No Limit ($0.01/$0.02 USD) - 2022/06/23 21:55:55 PT [2022/06/24 0:55:55 ET]
Table 'Ausonia II' 9-max Seat #9 is the button
Seat 1: GodLevel2019 ($1.92 in chips) 
Seat 2: Dubhe99 ($4.93 in chips) 
Seat 3: Dorex2007 ($2.93 in chips) 
Seat 4: santibaron ($2.71 in chips) 
Seat 5: blopisanz ($2.75 in chips) 
Seat 6: Wilsonleite17 ($1.75 in chips) 
Seat 7: DaveK ($1.75 in chips) 
Seat 9: Gilberto2332 ($2.70 in chips) 
GodLevel2019: posts small blind $0.01
Dubhe99: posts big blind $0.02
*** HOLE CARDS ***
Dealt to Dorex2007 [Qh Ah]
Dorex2007: raises $0.04 to $0.06
santibaron: folds 
blopisanz: folds 
Wilsonleite17: folds 
DaveK: folds 
Gilberto2332: folds 
GodLevel2019: raises $0.04 to $0.10
Dubhe99: calls $0.08
Dorex2007: calls $0.04
*** FLOP *** [Kd 3d 4s]
GodLevel2019: checks 
Nick4o619 leaves the table
Dubhe99: checks 
Dorex2007: bets $0.14
GodLevel2019: folds 
Dubhe99: folds 
Uncalled bet ($0.14) returned to Dorex2007
Dorex2007 collected $0.29 from pot
*** SUMMARY ***
Total pot $0.30 | Rake $0.01 
Board [Kd 3d 4s]
Seat 1: GodLevel2019 (small blind) folded on the Flop
Seat 2: Dubhe99 (big blind) folded on the Flop
Seat 3: Dorex2007 collected ($0.29)
Seat 4: santibaron folded before Flop (didn't bet)
Seat 5: blopisanz folded before Flop (didn't bet)
Seat 6: Wilsonleite17 folded before Flop (didn't bet)
Seat 7: DaveK folded before Flop (didn't bet)
Seat 9: Gilberto2332 (button) folded before Flop (didn't bet)



PokerStars Hand #236950460031:  Hold'em No Limit ($0.01/$0.02 USD) - 2022/06/23 21:56:55 PT [2022/06/24 0:56:55 ET]
Table 'Ausonia II' 9-max Seat #1 is the button
Seat 1: GodLevel2019 ($1.82 in chips) 
Seat 2: Dubhe99 ($4.83 in chips) 
Seat 3: Dorex2007 ($3.12 in chips) 
Seat 4: santibaron ($2.71 in chips) 
Seat 5: blopisanz ($2.75 in chips) 
Seat 6: Wilsonleite17 ($1.75 in chips) 
Seat 7: DaveK ($1.75 in chips) 
Seat 9: Gilberto2332 ($2.70 in chips) 
Dubhe99: posts small blind $0.01
Dorex2007: posts big blind $0.02
*** HOLE CARDS ***
Dealt to Dorex2007 [4c 5c]
santibaron: folds 
blopisanz: folds 
Wilsonleite17: calls $0.02
DaveK: folds 
Gilberto2332: folds 
GodLevel2019: raises $0.07 to $0.09
Dubhe99: folds 
Dorex2007: folds 
Wilsonleite17: calls $0.07
*** FLOP *** [2h Th Ad]
Wilsonleite17: checks 
GodLevel2019: bets $0.08
Wilsonleite17: calls $0.08
*** TURN *** [2h Th Ad] [6d]
Gilberto2332 leaves the table
Wilsonleite17: checks 
GodLevel2019: bets $0.24
Wilsonleite17: folds 
Uncalled bet ($0.24) returned to GodLevel2019
GodLevel2019 collected $0.36 from pot
*** SUMMARY ***
Total pot $0.37 | Rake $0.01 
Board [2h Th Ad 6d]
Seat 1: GodLevel2019 (button) collected ($0.36)
Seat 2: Dubhe99 (small blind) folded before Flop
Seat 3: Dorex2007 (big blind) folded before Flop
Seat 4: santibaron folded before Flop (didn't bet)
Seat 5: blopisanz folded before Flop (didn't bet)
Seat 6: Wilsonleite17 folded on the Turn
Seat 7: DaveK folded before Flop (didn't bet)
Seat 9: Gilberto2332 folded before Flop (didn't bet)



PokerStars Hand #236950465340:  Hold'em No Limit ($0.01/$0.02 USD) - 2022/06/23 21:57:44 PT [2022/06/24 0:57:44 ET]
Table 'Ausonia II' 9-max Seat #2 is the button
Seat 1: GodLevel2019 ($2.01 in chips) 
Seat 2: Dubhe99 ($4.82 in chips) 
Seat 3: Dorex2007 ($3.10 in chips) 
Seat 4: santibaron ($2.71 in chips) 
Seat 5: blopisanz ($2.75 in chips) 
Seat 6: Wilsonleite17 ($1.58 in chips) 
Seat 7: DaveK ($1.75 in chips) 
Dorex2007: posts small blind $0.01
santibaron: posts big blind $0.02
*** HOLE CARDS ***
Dealt to Dorex2007 [6s 4c]
blopisanz: folds 
Wilsonleite17: calls $0.02
DaveK: calls $0.02
GodLevel2019: raises $0.02 to $0.04
Dubhe99: folds 
Dorex2007: folds 
santibaron: folds 
Wilsonleite17: calls $0.02
DaveK: calls $0.02
*** FLOP *** [7s 4s 9c]
Wilsonleite17: bets $0.04
DaveK: calls $0.04
GodLevel2019: folds 
*** TURN *** [7s 4s 9c] [Qs]
INTIMIDATOR69 joins the table at seat #8 
Wilsonleite17: bets $0.06
DaveK: calls $0.06
*** RIVER *** [7s 4s 9c Qs] [9d]
xjcsilva joins the table at seat #9 
Wilsonleite17: checks 
DaveK: bets $0.17
Wilsonleite17: calls $0.17
*** SHOW DOWN ***
DaveK: shows [9s 9h] (four of a kind, Nines)
Wilsonleite17: mucks hand 
DaveK collected $0.67 from pot
*** SUMMARY ***
Total pot $0.69 | Rake $0.02 
Board [7s 4s 9c Qs 9d]
Seat 1: GodLevel2019 folded on the Flop
Seat 2: Dubhe99 (button) folded before Flop (didn't bet)
Seat 3: Dorex2007 (small blind) folded before Flop
Seat 4: santibaron (big blind) folded before Flop
Seat 5: blopisanz folded before Flop (didn't bet)
Seat 6: Wilsonleite17 mucked [Ah Js]
Seat 7: DaveK showed [9s 9h] and won ($0.67) with four of a kind, Nines



PokerStars Hand #236950472314:  Hold'em No Limit ($0.01/$0.02 USD) - 2022/06/23 21:58:48 PT [2022/06/24 0:58:48 ET]
Table 'Ausonia II' 9-max Seat #3 is the button
Seat 1: GodLevel2019 ($1.97 in chips) 
Seat 2: Dubhe99 ($4.82 in chips) 
Seat 3: Dorex2007 ($3.09 in chips) 
Seat 4: santibaron ($2.69 in chips) 
Seat 5: blopisanz ($2.75 in chips) 
Seat 6: Wilsonleite17 ($1.27 in chips) 
Seat 7: DaveK ($2.11 in chips) 
Seat 8: INTIMIDATOR69 ($1 in chips) 
santibaron: posts small blind $0.01
blopisanz: posts big blind $0.02
INTIMIDATOR69: posts big blind $0.02
xjcsilva: sits out 
*** HOLE CARDS ***
Dealt to Dorex2007 [4h Th]
Wilsonleite17: raises $0.02 to $0.04
DaveK: folds 
INTIMIDATOR69: folds 
GodLevel2019: folds 
Dubhe99: calls $0.04
Dorex2007: folds 
santibaron: raises $0.12 to $0.16
blopisanz: folds 
Wilsonleite17: calls $0.12
Dubhe99: folds 
*** FLOP *** [6s 7h 4s]
santibaron: checks 
Wilsonleite17: checks 
*** TURN *** [6s 7h 4s] [7d]
santibaron: checks 
Wilsonleite17: checks 
*** RIVER *** [6s 7h 4s 7d] [8c]
santibaron: checks 
Wilsonleite17: checks 
*** SHOW DOWN ***
santibaron: shows [Ad Kd] (a pair of Sevens)
Wilsonleite17: mucks hand 
santibaron collected $0.39 from pot
*** SUMMARY ***
Total pot $0.40 | Rake $0.01 
Board [6s 7h 4s 7d 8c]
Seat 1: GodLevel2019 folded before Flop (didn't bet)
Seat 2: Dubhe99 folded before Flop
Seat 3: Dorex2007 (button) folded before Flop (didn't bet)
Seat 4: santibaron (small blind) showed [Ad Kd] and won ($0.39) with a pair of Sevens
Seat 5: blopisanz (big blind) folded before Flop
Seat 6: Wilsonleite17 mucked [Js Qh]
Seat 7: DaveK folded before Flop (didn't bet)
Seat 8: INTIMIDATOR69 folded before Flop (didn't bet)



PokerStars Hand #236950482941:  Hold'em No Limit ($0.01/$0.02 USD) - 2022/06/23 22:00:26 PT [2022/06/24 1:00:26 ET]
Table 'Ausonia II' 9-max Seat #4 is the button
Seat 1: GodLevel2019 ($1.97 in chips) 
Seat 2: Dubhe99 ($4.78 in chips) 
Seat 3: Dorex2007 ($3.09 in chips) 
Seat 4: santibaron ($2.92 in chips) 
Seat 5: blopisanz ($2.73 in chips) 
Seat 6: Wilsonleite17 ($1.11 in chips) 
Seat 7: DaveK ($2.11 in chips) 
Seat 8: INTIMIDATOR69 ($1 in chips) 
blopisanz: posts small blind $0.01
Wilsonleite17: posts big blind $0.02
xjcsilva: sits out 
*** HOLE CARDS ***
Dealt to Dorex2007 [7h Ts]
DaveK: folds 
INTIMIDATOR69: folds 
GodLevel2019: raises $0.04 to $0.06
Dubhe99: calls $0.06
Dorex2007: folds 
santibaron: folds 
blopisanz has timed out
blopisanz: folds 
Wilsonleite17: folds 
*** FLOP *** [9c Tc Js]
GodLevel2019: bets $0.07
blopisanz is disconnected 
Dubhe99: raises $0.07 to $0.14
GodLevel2019: calls $0.07
*** TURN *** [9c Tc Js] [5c]
GodLevel2019: bets $0.12
Dubhe99: raises $0.33 to $0.45
GodLevel2019: calls $0.33
*** RIVER *** [9c Tc Js 5c] [4h]
GodLevel2019: bets $0.44
Dubhe99: raises $3.69 to $4.13 and is all-in
GodLevel2019: calls $0.88 and is all-in
Uncalled bet ($2.81) returned to Dubhe99
*** SHOW DOWN ***
Dubhe99: shows [Kc 3c] (a flush, King high)
GodLevel2019: shows [Qc Kh] (a straight, Nine to King)
Dubhe99 collected $3.83 from pot
*** SUMMARY ***
Total pot $3.97 | Rake $0.14 
Board [9c Tc Js 5c 4h]
Seat 1: GodLevel2019 showed [Qc Kh] and lost with a straight, Nine to King
Seat 2: Dubhe99 showed [Kc 3c] and won ($3.83) with a flush, King high
Seat 3: Dorex2007 folded before Flop (didn't bet)
Seat 4: santibaron (button) folded before Flop (didn't bet)
Seat 5: blopisanz (small blind) folded before Flop
Seat 6: Wilsonleite17 (big blind) folded before Flop
Seat 7: DaveK folded before Flop (didn't bet)
Seat 8: INTIMIDATOR69 folded before Flop (didn't bet)



PokerStars Hand #236950499324:  Hold'em No Limit ($0.01/$0.02 USD) - 2022/06/23 22:02:43 PT [2022/06/24 1:02:43 ET]
Table 'Ausonia II' 9-max Seat #6 is the button
Seat 2: Dubhe99 ($6.64 in chips) 
Seat 3: Dorex2007 ($3.09 in chips) 
Seat 4: santibaron ($2.92 in chips) 
Seat 6: Wilsonleite17 ($1.09 in chips) 
Seat 7: DaveK ($2.11 in chips) 
Seat 8: INTIMIDATOR69 ($1 in chips) 
DaveK: posts small blind $0.01
INTIMIDATOR69: posts big blind $0.02
xjcsilva: sits out 
*** HOLE CARDS ***
Dealt to Dorex2007 [2d 3s]
Dubhe99: calls $0.02
Dorex2007: folds 
santibaron: folds 
Wilsonleite17: calls $0.02
DaveK: calls $0.01
INTIMIDATOR69: checks 
*** FLOP *** [6c 8c 5c]
DaveK: checks 
INTIMIDATOR69: checks 
GodLevel2019 leaves the table
Dubhe99: checks 
Wilsonleite17: checks 
*** TURN *** [6c 8c 5c] [5s]
DaveK: checks 
INTIMIDATOR69: bets $0.08
Dubhe99: folds 
Wilsonleite17: calls $0.08
DaveK: folds 
*** RIVER *** [6c 8c 5c 5s] [Js]
INTIMIDATOR69: bets $0.23
Wilsonleite17: folds 
Uncalled bet ($0.23) returned to INTIMIDATOR69
INTIMIDATOR69 collected $0.23 from pot
*** SUMMARY ***
Total pot $0.24 | Rake $0.01 
Board [6c 8c 5c 5s Js]
Seat 2: Dubhe99 folded on the Turn
Seat 3: Dorex2007 folded before Flop (didn't bet)
Seat 4: santibaron folded before Flop (didn't bet)
Seat 6: Wilsonleite17 (button) folded on the River
Seat 7: DaveK (small blind) folded on the Turn
Seat 8: INTIMIDATOR69 (big blind) collected ($0.23)



PokerStars Hand #236950504989:  Hold'em No Limit ($0.01/$0.02 USD) - 2022/06/23 22:03:30 PT [2022/06/24 1:03:30 ET]
Table 'Ausonia II' 9-max Seat #7 is the button
Seat 2: Dubhe99 ($6.62 in chips) 
Seat 3: Dorex2007 ($3.09 in chips) 
Seat 4: santibaron ($2.92 in chips) 
Seat 6: Wilsonleite17 ($0.99 in chips) 
Seat 7: DaveK ($2.09 in chips) 
Seat 8: INTIMIDATOR69 ($1.13 in chips) 
Seat 9: xjcsilva ($2 in chips) 
INTIMIDATOR69: posts small blind $0.01
xjcsilva: posts big blind $0.02
*** HOLE CARDS ***
Dealt to Dorex2007 [3h Jd]
Dubhe99: calls $0.02
Dorex2007: folds 
santibaron: folds 
Wilsonleite17: folds 
DaveK: calls $0.02
INTIMIDATOR69: calls $0.01
xjcsilva: checks 
*** FLOP *** [8s Js 7h]
INTIMIDATOR69: checks 
xjcsilva: checks 
Dubhe99: checks 
DaveK: checks 
*** TURN *** [8s Js 7h] [4c]
INTIMIDATOR69: checks 
xjcsilva: checks 
Dubhe99: checks 
DaveK: bets $0.04
INTIMIDATOR69: folds 
xjcsilva: folds 
Dubhe99: calls $0.04
*** RIVER *** [8s Js 7h 4c] [3s]
Dubhe99: checks 
DaveK: checks 
*** SHOW DOWN ***
Dubhe99: shows [Qh Ts] (high card Queen)
DaveK: shows [Qd 4d] (a pair of Fours)
DaveK collected $0.15 from pot
*** SUMMARY ***
Total pot $0.16 | Rake $0.01 
Board [8s Js 7h 4c 3s]
Seat 2: Dubhe99 showed [Qh Ts] and lost with high card Queen
Seat 3: Dorex2007 folded before Flop (didn't bet)
Seat 4: santibaron folded before Flop (didn't bet)
Seat 6: Wilsonleite17 folded before Flop (didn't bet)
Seat 7: DaveK (button) showed [Qd 4d] and won ($0.15) with a pair of Fours
Seat 8: INTIMIDATOR69 (small blind) folded on the Turn
Seat 9: xjcsilva (big blind) folded on the Turn



PokerStars Hand #236950511868:  Hold'em No Limit ($0.01/$0.02 USD) - 2022/06/23 22:04:27 PT [2022/06/24 1:04:27 ET]
Table 'Ausonia II' 9-max Seat #8 is the button
Seat 2: Dubhe99 ($6.56 in chips) 
Seat 3: Dorex2007 ($3.09 in chips) 
Seat 4: santibaron ($2.92 in chips) 
Seat 6: Wilsonleite17 ($0.99 in chips) 
Seat 7: DaveK ($2.18 in chips) 
Seat 8: INTIMIDATOR69 ($1.11 in chips) 
Seat 9: xjcsilva ($1.98 in chips) 
xjcsilva: posts small blind $0.01
Dubhe99: posts big blind $0.02
*** HOLE CARDS ***
Dealt to Dorex2007 [4s 4c]
Dorex2007 has timed out
Dorex2007: folds 
santibaron: calls $0.02
Wilsonleite17: raises $0.02 to $0.04
DaveK: folds 
INTIMIDATOR69: calls $0.04
xjcsilva: calls $0.03
Dubhe99: calls $0.02
santibaron: calls $0.02
*** FLOP *** [Kc 6d 3c]
xjcsilva: checks 
Dubhe99: checks 
santibaron: checks 
Wilsonleite17: bets $0.04
INTIMIDATOR69: raises $0.27 to $0.31
xjcsilva: folds 
Dubhe99: folds 
santibaron: folds 
Wilsonleite17: calls $0.27
*** TURN *** [Kc 6d 3c] [4d]
Wilsonleite17: checks 
INTIMIDATOR69: checks 
*** RIVER *** [Kc 6d 3c 4d] [Kd]
Wilsonleite17: bets $0.30
INTIMIDATOR69: raises $0.46 to $0.76 and is all-in
Wilsonleite17: calls $0.34 and is all-in
Uncalled bet ($0.12) returned to INTIMIDATOR69
*** SHOW DOWN ***
INTIMIDATOR69: shows [5h Kh] (three of a kind, Kings)
Wilsonleite17: shows [Ks Ac] (three of a kind, Kings - Ace kicker)
Wilsonleite17 collected $2.03 from pot
*** SUMMARY ***
Total pot $2.10 | Rake $0.07 
Board [Kc 6d 3c 4d Kd]
Seat 2: Dubhe99 (big blind) folded on the Flop
Seat 3: Dorex2007 folded before Flop (didn't bet)
Seat 4: santibaron folded on the Flop
Seat 6: Wilsonleite17 showed [Ks Ac] and won ($2.03) with three of a kind, Kings
Seat 7: DaveK folded before Flop (didn't bet)
Seat 8: INTIMIDATOR69 (button) showed [5h Kh] and lost with three of a kind, Kings
Seat 9: xjcsilva (small blind) folded on the Flop



PokerStars Hand #236950521846:  Hold'em No Limit ($0.01/$0.02 USD) - 2022/06/23 22:05:49 PT [2022/06/24 1:05:49 ET]
Table 'Ausonia II' 9-max Seat #9 is the button
Seat 2: Dubhe99 ($6.52 in chips) 
Seat 3: Dorex2007 ($3.09 in chips) 
Seat 4: santibaron ($2.88 in chips) 
Seat 6: Wilsonleite17 ($2.03 in chips) 
Seat 7: DaveK ($2.18 in chips) 
Seat 8: INTIMIDATOR69 ($1 in chips) 
Seat 9: xjcsilva ($1.94 in chips) 
Dubhe99: posts small blind $0.01
Dorex2007: posts big blind $0.02
*** HOLE CARDS ***
Dealt to Dorex2007 [8s Qc]
santibaron: folds 
Wilsonleite17: calls $0.02
DaveK: folds 
INTIMIDATOR69: raises $0.16 to $0.18
xjcsilva: folds 
Dubhe99: folds 
Dorex2007: folds 
Wilsonleite17: folds 
Uncalled bet ($0.16) returned to INTIMIDATOR69
INTIMIDATOR69 collected $0.07 from pot
*** SUMMARY ***
Total pot $0.07 | Rake $0 
Seat 2: Dubhe99 (small blind) folded before Flop
Seat 3: Dorex2007 (big blind) folded before Flop
Seat 4: santibaron folded before Flop (didn't bet)
Seat 6: Wilsonleite17 folded before Flop
Seat 7: DaveK folded before Flop (didn't bet)
Seat 8: INTIMIDATOR69 collected ($0.07)
Seat 9: xjcsilva (button) folded before Flop (didn't bet)



PokerStars Hand #236950524465:  Hold'em No Limit ($0.01/$0.02 USD) - 2022/06/23 22:06:11 PT [2022/06/24 1:06:11 ET]
Table 'Ausonia II' 9-max Seat #2 is the button
Seat 2: Dubhe99 ($6.51 in chips) 
Seat 3: Dorex2007 ($3.07 in chips) 
Seat 4: santibaron ($2.88 in chips) 
Seat 6: Wilsonleite17 ($2.01 in chips) 
Seat 7: DaveK ($2.18 in chips) 
Seat 8: INTIMIDATOR69 ($1.05 in chips) 
Seat 9: xjcsilva ($1.94 in chips) 
Dorex2007: posts small blind $0.01
santibaron: posts big blind $0.02
*** HOLE CARDS ***
Dealt to Dorex2007 [4c 6d]
Wilsonleite17: folds 
DaveK: folds 
INTIMIDATOR69: folds 
xjcsilva: folds 
Dubhe99: calls $0.02
Dorex2007: folds 
santibaron: checks 
*** FLOP *** [Ah 9c Td]
santibaron: checks 
Dubhe99: bets $0.02
santibaron: folds 
Uncalled bet ($0.02) returned to Dubhe99
Dubhe99 collected $0.05 from pot
*** SUMMARY ***
Total pot $0.05 | Rake $0 
Board [Ah 9c Td]
Seat 2: Dubhe99 (button) collected ($0.05)
Seat 3: Dorex2007 (small blind) folded before Flop
Seat 4: santibaron (big blind) folded on the Flop
Seat 6: Wilsonleite17 folded before Flop (didn't bet)
Seat 7: DaveK folded before Flop (didn't bet)
Seat 8: INTIMIDATOR69 folded before Flop (didn't bet)
Seat 9: xjcsilva folded before Flop (didn't bet)



PokerStars Hand #236950527066:  Hold'em No Limit ($0.01/$0.02 USD) - 2022/06/23 22:06:33 PT [2022/06/24 1:06:33 ET]
Table 'Ausonia II' 9-max Seat #3 is the button
Seat 2: Dubhe99 ($6.54 in chips) 
Seat 3: Dorex2007 ($3.06 in chips) 
Seat 4: santibaron ($2.86 in chips) 
Seat 6: Wilsonleite17 ($2.01 in chips) 
Seat 7: DaveK ($2.18 in chips) 
Seat 8: INTIMIDATOR69 ($1.05 in chips) 
Seat 9: xjcsilva ($1.94 in chips) 
santibaron: posts small blind $0.01
Wilsonleite17: posts big blind $0.02
*** HOLE CARDS ***
Dealt to Dorex2007 [Jd 8c]
beerdoh joins the table at seat #1 
DaveK: folds 
INTIMIDATOR69: folds 
xjcsilva: folds 
Dubhe99: calls $0.02
Dorex2007: calls $0.02
santibaron: calls $0.01
Wilsonleite17: checks 
*** FLOP *** [Tc 4h Kc]
santibaron: checks 
Wilsonleite17: checks 
Dubhe99: checks 
Dorex2007: checks 
*** TURN *** [Tc 4h Kc] [6c]
santibaron: checks 
Wilsonleite17: checks 
Dubhe99: checks 
Dorex2007: bets $0.04
santibaron: calls $0.04
Wilsonleite17: folds 
Dubhe99: calls $0.04
*** RIVER *** [Tc 4h Kc 6c] [9c]
santibaron: checks 
Dubhe99: checks 
Dorex2007: bets $0.09
santibaron: folds 
beerdoh leaves the table
Kavmay joins the table at seat #1 
Dubhe99: folds 
Uncalled bet ($0.09) returned to Dorex2007
Dorex2007 collected $0.19 from pot
*** SUMMARY ***
Total pot $0.20 | Rake $0.01 
Board [Tc 4h Kc 6c 9c]
Seat 2: Dubhe99 folded on the River
Seat 3: Dorex2007 (button) collected ($0.19)
Seat 4: santibaron (small blind) folded on the River
Seat 6: Wilsonleite17 (big blind) folded on the Turn
Seat 7: DaveK folded before Flop (didn't bet)
Seat 8: INTIMIDATOR69 folded before Flop (didn't bet)
Seat 9: xjcsilva folded before Flop (didn't bet)



PokerStars Hand #236950541019:  Hold'em No Limit ($0.01/$0.02 USD) - 2022/06/23 22:07:54 PT [2022/06/24 1:07:54 ET]
Table 'Ausonia II' 9-max Seat #4 is the button
Seat 2: Dubhe99 ($6.48 in chips) 
Seat 3: Dorex2007 ($3.19 in chips) 
Seat 4: santibaron ($2.80 in chips) 
Seat 6: Wilsonleite17 ($1.99 in chips) 
Seat 8: INTIMIDATOR69 ($1.05 in chips) 
Seat 9: xjcsilva ($1.94 in chips) 
Wilsonleite17: posts small blind $0.01
DaveK: is sitting out 
INTIMIDATOR69: posts big blind $0.02
Kavmay: sits out 
*** HOLE CARDS ***
Dealt to Dorex2007 [3d Ad]
xjcsilva: folds 
DaveK leaves the table
Dubhe99: calls $0.02
Dorex2007: calls $0.02
santibaron: folds 
Wilsonleite17: calls $0.01
INTIMIDATOR69: checks 
*** FLOP *** [6c Kc 3c]
blopisanz leaves the table
Wilsonleite17: checks 
INTIMIDATOR69: checks 
Dubhe99: checks 
Dorex2007: checks 
*** TURN *** [6c Kc 3c] [Jc]
Wilsonleite17: checks 
INTIMIDATOR69: checks 
Dubhe99: checks 
Dorex2007: checks 
*** RIVER *** [6c Kc 3c Jc] [4h]
Wilsonleite17: checks 
INTIMIDATOR69: checks 
Dubhe99: checks 
Dorex2007: checks 
*** SHOW DOWN ***
Wilsonleite17: shows [Kh 7h] (a pair of Kings)
INTIMIDATOR69: mucks hand 
Dubhe99: mucks hand 
Dorex2007: mucks hand 
Wilsonleite17 collected $0.08 from pot
*** SUMMARY ***
Total pot $0.08 | Rake $0 
Board [6c Kc 3c Jc 4h]
Seat 2: Dubhe99 mucked [Ah 3s]
Seat 3: Dorex2007 mucked [3d Ad]
Seat 4: santibaron (button) folded before Flop (didn't bet)
Seat 6: Wilsonleite17 (small blind) showed [Kh 7h] and won ($0.08) with a pair of Kings
Seat 8: INTIMIDATOR69 (big blind) mucked [5h As]
Seat 9: xjcsilva folded before Flop (didn't bet)



PokerStars Hand #236950547283:  Hold'em No Limit ($0.01/$0.02 USD) - 2022/06/23 22:08:46 PT [2022/06/24 1:08:46 ET]
Table 'Ausonia II' 9-max Seat #6 is the button
Seat 1: Kavmay ($1 in chips) 
Seat 2: Dubhe99 ($6.46 in chips) 
Seat 3: Dorex2007 ($3.17 in chips) 
Seat 4: santibaron ($2.80 in chips) 
Seat 6: Wilsonleite17 ($2.05 in chips) 
Seat 8: INTIMIDATOR69 ($1.03 in chips) 
INTIMIDATOR69: posts small blind $0.01
xjcsilva: is sitting out 
Kavmay: posts big blind $0.02
*** HOLE CARDS ***
Dealt to Dorex2007 [7d Td]
Dubhe99: folds 
Dorex2007: folds 
xjcsilva leaves the table
santibaron: folds 
Wilsonleite17: raises $0.04 to $0.06
INTIMIDATOR69: calls $0.05
Kavmay: calls $0.04
*** FLOP *** [2s 7h 8s]
INTIMIDATOR69: checks 
Kavmay: checks 
Wilsonleite17: checks 
*** TURN *** [2s 7h 8s] [6c]
INTIMIDATOR69: checks 
Kavmay: checks 
Wilsonleite17: checks 
*** RIVER *** [2s 7h 8s 6c] [Jd]
INTIMIDATOR69: checks 
Kavmay: checks 
Wilsonleite17: bets $0.08
INTIMIDATOR69: folds 
Kavmay: folds 
Uncalled bet ($0.08) returned to Wilsonleite17
Wilsonleite17 collected $0.17 from pot
*** SUMMARY ***
Total pot $0.18 | Rake $0.01 
Board [2s 7h 8s 6c Jd]
Seat 1: Kavmay (big blind) folded on the River
Seat 2: Dubhe99 folded before Flop (didn't bet)
Seat 3: Dorex2007 folded before Flop (didn't bet)
Seat 4: santibaron folded before Flop (didn't bet)
Seat 6: Wilsonleite17 (button) collected ($0.17)
Seat 8: INTIMIDATOR69 (small blind) folded on the River



PokerStars Hand #236950552242:  Hold'em No Limit ($0.01/$0.02 USD) - 2022/06/23 22:09:28 PT [2022/06/24 1:09:28 ET]
Table 'Ausonia II' 9-max Seat #8 is the button
Seat 1: Kavmay ($0.94 in chips) 
Seat 2: Dubhe99 ($6.46 in chips) 
Seat 3: Dorex2007 ($3.17 in chips) 
Seat 4: santibaron ($2.80 in chips) 
Seat 6: Wilsonleite17 ($2.16 in chips) 
Seat 8: INTIMIDATOR69 ($1 in chips) 
Kavmay: posts small blind $0.01
Dubhe99: posts big blind $0.02
*** HOLE CARDS ***
Dealt to Dorex2007 [2h 5s]
Dorex2007: folds 
santibaron: folds 
IndigoShirt joins the table at seat #9 
Wilsonleite17: raises $0.04 to $0.06
INTIMIDATOR69: calls $0.06
Kavmay: folds 
Dubhe99: raises $0.19 to $0.25
Wilsonleite17: calls $0.19
INTIMIDATOR69: calls $0.19
*** FLOP *** [7s Ks Qh]
Dubhe99: bets $1.46
Wilsonleite17: folds 
INTIMIDATOR69: calls $0.75 and is all-in
Uncalled bet ($0.71) returned to Dubhe99
*** TURN *** [7s Ks Qh] [3d]
*** RIVER *** [7s Ks Qh 3d] [Js]
*** SHOW DOWN ***
Dubhe99: shows [Ac Kh] (a pair of Kings)
INTIMIDATOR69: shows [Jd As] (a pair of Jacks)
Dubhe99 collected $2.18 from pot
*** SUMMARY ***
Total pot $2.26 | Rake $0.08 
Board [7s Ks Qh 3d Js]
Seat 1: Kavmay (small blind) folded before Flop
Seat 2: Dubhe99 (big blind) showed [Ac Kh] and won ($2.18) with a pair of Kings
Seat 3: Dorex2007 folded before Flop (didn't bet)
Seat 4: santibaron folded before Flop (didn't bet)
Seat 6: Wilsonleite17 folded on the Flop
Seat 8: INTIMIDATOR69 (button) showed [Jd As] and lost with a pair of Jacks



PokerStars Hand #236950561365:  Hold'em No Limit ($0.01/$0.02 USD) - 2022/06/23 22:10:44 PT [2022/06/24 1:10:44 ET]
Table 'Ausonia II' 9-max Seat #1 is the button
Seat 1: Kavmay ($0.93 in chips) 
Seat 2: Dubhe99 ($7.64 in chips) 
Seat 3: Dorex2007 ($3.17 in chips) 
Seat 4: santibaron ($2.80 in chips) 
Seat 6: Wilsonleite17 ($1.91 in chips) 
Seat 8: INTIMIDATOR69 ($1 in chips) 
Dubhe99: posts small blind $0.01
Dorex2007: posts big blind $0.02
IndigoShirt: sits out 
*** HOLE CARDS ***
Dealt to Dorex2007 [Ks Js]
santibaron: folds 
Wilsonleite17: calls $0.02
INTIMIDATOR69: calls $0.02
Kavmay: folds 
Dubhe99: calls $0.01
Dorex2007: checks 
*** FLOP *** [5d 5h Qs]
segueuvinha joins the table at seat #5 
Dubhe99: bets $0.10
Dorex2007: folds 
Wilsonleite17: calls $0.10
INTIMIDATOR69: folds 
*** TURN *** [5d 5h Qs] [8h]
JD080880 joins the table at seat #7 
Dubhe99: bets $0.08
Wilsonleite17: calls $0.08
*** RIVER *** [5d 5h Qs 8h] [6s]
JD080880 leaves the table
Dubhe99: bets $0.04
Wilsonleite17: calls $0.04
*** SHOW DOWN ***
Dubhe99: shows [4d Qd] (two pair, Queens and Fives)
Wilsonleite17: mucks hand 
Dubhe99 collected $0.50 from pot
*** SUMMARY ***
Total pot $0.52 | Rake $0.02 
Board [5d 5h Qs 8h 6s]
Seat 1: Kavmay (button) folded before Flop (didn't bet)
Seat 2: Dubhe99 (small blind) showed [4d Qd] and won ($0.50) with two pair, Queens and Fives
Seat 3: Dorex2007 (big blind) folded on the Flop
Seat 4: santibaron folded before Flop (didn't bet)
Seat 6: Wilsonleite17 mucked [Tc Jd]
Seat 8: INTIMIDATOR69 folded on the Flop



PokerStars Hand #236950566393:  Hold'em No Limit ($0.01/$0.02 USD) - 2022/06/23 22:11:26 PT [2022/06/24 1:11:26 ET]
Table 'Ausonia II' 9-max Seat #2 is the button
Seat 1: Kavmay ($0.93 in chips) 
Seat 2: Dubhe99 ($7.90 in chips) 
Seat 3: Dorex2007 ($3.15 in chips) 
Seat 4: santibaron ($2.80 in chips) 
Seat 6: Wilsonleite17 ($1.67 in chips) 
Seat 8: INTIMIDATOR69 ($1 in chips) 
Dorex2007: posts small blind $0.01
santibaron: posts big blind $0.02
segueuvinha: sits out 
IndigoShirt: sits out 
*** HOLE CARDS ***
Dealt to Dorex2007 [As 8c]
Wilsonleite17: raises $0.02 to $0.04
INTIMIDATOR69: folds 
Kavmay: raises $0.17 to $0.21
Dubhe99: folds 
Dorex2007: folds 
santibaron: folds 
Wilsonleite17: calls $0.17
*** FLOP *** [Kd 3c 5c]
Wilsonleite17: checks 
shisho9le joins the table at seat #7 
Kavmay: bets $0.72 and is all-in
Wilsonleite17: calls $0.72
*** TURN *** [Kd 3c 5c] [2c]
*** RIVER *** [Kd 3c 5c 2c] [8s]
*** SHOW DOWN ***
Wilsonleite17: shows [3h Kh] (two pair, Kings and Threes)
Kavmay: shows [Jd Js] (a pair of Jacks)
Wilsonleite17 collected $1.82 from pot
*** SUMMARY ***
Total pot $1.89 | Rake $0.07 
Board [Kd 3c 5c 2c 8s]
Seat 1: Kavmay showed [Jd Js] and lost with a pair of Jacks
Seat 2: Dubhe99 (button) folded before Flop (didn't bet)
Seat 3: Dorex2007 (small blind) folded before Flop
Seat 4: santibaron (big blind) folded before Flop
Seat 6: Wilsonleite17 showed [3h Kh] and won ($1.82) with two pair, Kings and Threes
Seat 8: INTIMIDATOR69 folded before Flop (didn't bet)



PokerStars Hand #236950571557:  Hold'em No Limit ($0.01/$0.02 USD) - 2022/06/23 22:12:10 PT [2022/06/24 1:12:10 ET]
Table 'Ausonia II' 9-max Seat #3 is the button
Seat 1: Kavmay ($1 in chips) 
Seat 2: Dubhe99 ($7.90 in chips) 
Seat 3: Dorex2007 ($3.14 in chips) 
Seat 4: santibaron ($2.78 in chips) 
Seat 5: segueuvinha ($0.80 in chips) 
Seat 6: Wilsonleite17 ($2.56 in chips) 
Seat 8: INTIMIDATOR69 ($1 in chips) 
santibaron: posts small blind $0.01
segueuvinha: posts big blind $0.02
shisho9le: sits out 
IndigoShirt: sits out 
*** HOLE CARDS ***
Dealt to Dorex2007 [5h Ac]
Wilsonleite17: calls $0.02
INTIMIDATOR69: calls $0.02
Kavmay: folds 
Dubhe99: raises $0.02 to $0.04
Dorex2007: folds 
santibaron: calls $0.03
segueuvinha: folds 
Wilsonleite17: calls $0.02
INTIMIDATOR69: calls $0.02
*** FLOP *** [Kd 6s Tc]
santibaron: checks 
Wilsonleite17: bets $0.04
INTIMIDATOR69: folds 
Dubhe99: calls $0.04
santibaron: calls $0.04
*** TURN *** [Kd 6s Tc] [4d]
santibaron: checks 
Wilsonleite17: bets $0.04
Dubhe99: folds 
santibaron: calls $0.04
*** RIVER *** [Kd 6s Tc 4d] [9c]
santibaron: checks 
Wilsonleite17: bets $0.22
santibaron: folds 
Uncalled bet ($0.22) returned to Wilsonleite17
Wilsonleite17 collected $0.37 from pot
*** SUMMARY ***
Total pot $0.38 | Rake $0.01 
Board [Kd 6s Tc 4d 9c]
Seat 1: Kavmay folded before Flop (didn't bet)
Seat 2: Dubhe99 folded on the Turn
Seat 3: Dorex2007 (button) folded before Flop (didn't bet)
Seat 4: santibaron (small blind) folded on the River
Seat 5: segueuvinha (big blind) folded before Flop
Seat 6: Wilsonleite17 collected ($0.37)
Seat 8: INTIMIDATOR69 folded on the Flop



PokerStars Hand #236950579962:  Hold'em No Limit ($0.01/$0.02 USD) - 2022/06/23 22:13:22 PT [2022/06/24 1:13:22 ET]
Table 'Ausonia II' 9-max Seat #4 is the button
Seat 1: Kavmay ($1 in chips) 
Seat 2: Dubhe99 ($7.82 in chips) 
Seat 3: Dorex2007 ($3.14 in chips) 
Seat 4: santibaron ($2.66 in chips) 
Seat 5: segueuvinha ($0.78 in chips) 
Seat 6: Wilsonleite17 ($2.81 in chips) 
Seat 7: shisho9le ($2 in chips) 
Seat 8: INTIMIDATOR69 ($1 in chips) 
segueuvinha: posts small blind $0.01
Wilsonleite17: posts big blind $0.02
shisho9le: posts big blind $0.02
IndigoShirt: sits out 
*** HOLE CARDS ***
Dealt to Dorex2007 [4d Ah]
shisho9le: checks 
INTIMIDATOR69: calls $0.02
Kavmay: folds 
Dubhe99: folds 
Dorex2007: folds 
santibaron: folds 
segueuvinha: raises $0.02 to $0.04
Wilsonleite17: calls $0.02
shisho9le: folds 
INTIMIDATOR69: calls $0.02
*** FLOP *** [Js Qc 7h]
segueuvinha: bets $0.04
Wilsonleite17: folds 
INTIMIDATOR69: folds 
Uncalled bet ($0.04) returned to segueuvinha
segueuvinha collected $0.14 from pot
*** SUMMARY ***
Total pot $0.14 | Rake $0 
Board [Js Qc 7h]
Seat 1: Kavmay folded before Flop (didn't bet)
Seat 2: Dubhe99 folded before Flop (didn't bet)
Seat 3: Dorex2007 folded before Flop (didn't bet)
Seat 4: santibaron (button) folded before Flop (didn't bet)
Seat 5: segueuvinha (small blind) collected ($0.14)
Seat 6: Wilsonleite17 (big blind) folded on the Flop
Seat 7: shisho9le folded before Flop (didn't bet)
Seat 8: INTIMIDATOR69 folded on the Flop



PokerStars Hand #236950585661:  Hold'em No Limit ($0.01/$0.02 USD) - 2022/06/23 22:14:11 PT [2022/06/24 1:14:11 ET]
Table 'Ausonia II' 9-max Seat #5 is the button
Seat 1: Kavmay ($1 in chips) 
Seat 2: Dubhe99 ($7.82 in chips) 
Seat 3: Dorex2007 ($3.14 in chips) 
Seat 4: santibaron ($2.66 in chips) 
Seat 5: segueuvinha ($0.88 in chips) 
Seat 6: Wilsonleite17 ($2.77 in chips) 
Seat 7: shisho9le ($1.98 in chips) 
Seat 8: INTIMIDATOR69 ($1 in chips) 
Wilsonleite17: posts small blind $0.01
shisho9le: posts big blind $0.02
IndigoShirt: sits out 
*** HOLE CARDS ***
Dealt to Dorex2007 [Ts 4c]
INTIMIDATOR69: folds 
Kavmay: folds 
Dubhe99: folds 
Dorex2007: folds 
santibaron: raises $0.04 to $0.06
segueuvinha: folds 
Wilsonleite17: folds 
shisho9le: folds 
Uncalled bet ($0.04) returned to santibaron
shisho9le leaves the table
santibaron collected $0.05 from pot
*** SUMMARY ***
Total pot $0.05 | Rake $0 
Seat 1: Kavmay folded before Flop (didn't bet)
Seat 2: Dubhe99 folded before Flop (didn't bet)
Seat 3: Dorex2007 folded before Flop (didn't bet)
Seat 4: santibaron collected ($0.05)
Seat 5: segueuvinha (button) folded before Flop (didn't bet)
Seat 6: Wilsonleite17 (small blind) folded before Flop
Seat 7: shisho9le (big blind) folded before Flop
Seat 8: INTIMIDATOR69 folded before Flop (didn't bet)



PokerStars Hand #236950591479:  Hold'em No Limit ($0.01/$0.02 USD) - 2022/06/23 22:14:27 PT [2022/06/24 1:14:27 ET]
Table 'Ausonia II' 9-max Seat #6 is the button
Seat 1: Kavmay ($1 in chips) 
Seat 2: Dubhe99 ($7.82 in chips) 
Seat 3: Dorex2007 ($3.14 in chips) 
Seat 4: santibaron ($2.69 in chips) 
Seat 5: segueuvinha ($0.88 in chips) 
Seat 6: Wilsonleite17 ($2.76 in chips) 
Seat 8: INTIMIDATOR69 ($1 in chips) 
Seat 9: IndigoShirt ($2 in chips) 
INTIMIDATOR69: posts small blind $0.01
IndigoShirt: posts big blind $0.02
*** HOLE CARDS ***
Dealt to Dorex2007 [Kc 2s]
Kavmay: folds 
Dubhe99: calls $0.02
Dorex2007: folds 
santibaron: folds 
segueuvinha: folds 
Wilsonleite17: folds 
INTIMIDATOR69: calls $0.01
MaXiDe05 joins the table at seat #7 
IndigoShirt: raises $0.14 to $0.16
Dubhe99: folds 
INTIMIDATOR69: folds 
Uncalled bet ($0.14) returned to IndigoShirt
IndigoShirt collected $0.06 from pot
*** SUMMARY ***
Total pot $0.06 | Rake $0 
Seat 1: Kavmay folded before Flop (didn't bet)
Seat 2: Dubhe99 folded before Flop
Seat 3: Dorex2007 folded before Flop (didn't bet)
Seat 4: santibaron folded before Flop (didn't bet)
Seat 5: segueuvinha folded before Flop (didn't bet)
Seat 6: Wilsonleite17 (button) folded before Flop (didn't bet)
Seat 8: INTIMIDATOR69 (small blind) folded before Flop
Seat 9: IndigoShirt (big blind) collected ($0.06)



PokerStars Hand #236950594740:  Hold'em No Limit ($0.01/$0.02 USD) - 2022/06/23 22:14:55 PT [2022/06/24 1:14:55 ET]
Table 'Ausonia II' 9-max Seat #8 is the button
Seat 1: Kavmay ($1 in chips) 
Seat 2: Dubhe99 ($7.80 in chips) 
Seat 3: Dorex2007 ($3.14 in chips) 
Seat 4: santibaron ($2.69 in chips) 
Seat 5: segueuvinha ($0.88 in chips) 
Seat 6: Wilsonleite17 ($2.76 in chips) 
Seat 8: INTIMIDATOR69 ($1 in chips) 
Seat 9: IndigoShirt ($2.04 in chips) 
IndigoShirt: posts small blind $0.01
Kavmay: posts big blind $0.02
MaXiDe05: sits out 
*** HOLE CARDS ***
Dealt to Dorex2007 [Td Kd]
Dubhe99: calls $0.02
Dorex2007: calls $0.02
santibaron: folds 
segueuvinha: folds 
Wilsonleite17: folds 
INTIMIDATOR69: calls $0.02
IndigoShirt: folds 
Kavmay: checks 
*** FLOP *** [8c Ah 4d]
Kavmay: checks 
Dubhe99: bets $0.08
Dorex2007: folds 
INTIMIDATOR69: calls $0.08
Kavmay: folds 
*** TURN *** [8c Ah 4d] [6d]
Dubhe99: checks 
INTIMIDATOR69: bets $0.24
Dubhe99: folds 
Uncalled bet ($0.24) returned to INTIMIDATOR69
INTIMIDATOR69 collected $0.24 from pot
*** SUMMARY ***
Total pot $0.25 | Rake $0.01 
Board [8c Ah 4d 6d]
Seat 1: Kavmay (big blind) folded on the Flop
Seat 2: Dubhe99 folded on the Turn
Seat 3: Dorex2007 folded on the Flop
Seat 4: santibaron folded before Flop (didn't bet)
Seat 5: segueuvinha folded before Flop (didn't bet)
Seat 6: Wilsonleite17 folded before Flop (didn't bet)
Seat 8: INTIMIDATOR69 (button) collected ($0.24)
Seat 9: IndigoShirt (small blind) folded before Flop



PokerStars Hand #236950600877:  Hold'em No Limit ($0.01/$0.02 USD) - 2022/06/23 22:15:48 PT [2022/06/24 1:15:48 ET]
Table 'Ausonia II' 9-max Seat #9 is the button
Seat 1: Kavmay ($0.98 in chips) 
Seat 2: Dubhe99 ($7.70 in chips) 
Seat 3: Dorex2007 ($3.12 in chips) 
Seat 4: santibaron ($2.69 in chips) 
Seat 5: segueuvinha ($0.88 in chips) 
Seat 6: Wilsonleite17 ($2.76 in chips) 
Seat 7: MaXiDe05 ($2 in chips) 
Seat 8: INTIMIDATOR69 ($1.14 in chips) 
Seat 9: IndigoShirt ($2.03 in chips) 
Kavmay: posts small blind $0.01
Dubhe99: posts big blind $0.02
MaXiDe05: posts big blind $0.02
*** HOLE CARDS ***
Dealt to Dorex2007 [Ks 8s]
Dorex2007: folds 
santibaron: folds 
segueuvinha: folds 
Wilsonleite17: calls $0.02
MaXiDe05: checks 
INTIMIDATOR69: calls $0.02
IndigoShirt: raises $0.11 to $0.13
Kavmay: folds 
Dubhe99: folds 
Wilsonleite17: folds 
MaXiDe05: folds 
INTIMIDATOR69: calls $0.11
*** FLOP *** [Jh Qc 3h]
INTIMIDATOR69: checks 
IndigoShirt: checks 
*** TURN *** [Jh Qc 3h] [7s]
INTIMIDATOR69: bets $0.32
IndigoShirt: folds 
Uncalled bet ($0.32) returned to INTIMIDATOR69
INTIMIDATOR69 collected $0.32 from pot
*** SUMMARY ***
Total pot $0.33 | Rake $0.01 
Board [Jh Qc 3h 7s]
Seat 1: Kavmay (small blind) folded before Flop
Seat 2: Dubhe99 (big blind) folded before Flop
Seat 3: Dorex2007 folded before Flop (didn't bet)
Seat 4: santibaron folded before Flop (didn't bet)
Seat 5: segueuvinha folded before Flop (didn't bet)
Seat 6: Wilsonleite17 folded before Flop
Seat 7: MaXiDe05 folded before Flop (didn't bet)
Seat 8: INTIMIDATOR69 collected ($0.32)
Seat 9: IndigoShirt (button) folded on the Turn



PokerStars Hand #236950607417:  Hold'em No Limit ($0.01/$0.02 USD) - 2022/06/23 22:16:44 PT [2022/06/24 1:16:44 ET]
Table 'Ausonia II' 9-max Seat #2 is the button
Seat 2: Dubhe99 ($7.68 in chips) 
Seat 3: Dorex2007 ($3.12 in chips) 
Seat 4: santibaron ($2.69 in chips) 
Seat 5: segueuvinha ($0.88 in chips) 
Seat 6: Wilsonleite17 ($2.74 in chips) 
Seat 7: MaXiDe05 ($1.98 in chips) 
Seat 8: INTIMIDATOR69 ($1.33 in chips) 
Seat 9: IndigoShirt ($2 in chips) 
Dorex2007: posts small blind $0.01
santibaron: posts big blind $0.02
*** HOLE CARDS ***
Dealt to Dorex2007 [5s Tc]
segueuvinha: folds 
Wilsonleite17: folds 
MaXiDe05: calls $0.02
INTIMIDATOR69: folds 
IndigoShirt: folds 
Dubhe99: folds 
Dorex2007: folds 
santibaron: checks 
*** FLOP *** [Ah 3c Qs]
santibaron: checks 
MaXiDe05: checks 
*** TURN *** [Ah 3c Qs] [Js]
santibaron: checks 
MaXiDe05: bets $0.02
santibaron: folds 
Uncalled bet ($0.02) returned to MaXiDe05
MaXiDe05 collected $0.05 from pot
*** SUMMARY ***
Total pot $0.05 | Rake $0 
Board [Ah 3c Qs Js]
Seat 2: Dubhe99 (button) folded before Flop (didn't bet)
Seat 3: Dorex2007 (small blind) folded before Flop
Seat 4: santibaron (big blind) folded on the Turn
Seat 5: segueuvinha folded before Flop (didn't bet)
Seat 6: Wilsonleite17 folded before Flop (didn't bet)
Seat 7: MaXiDe05 collected ($0.05)
Seat 8: INTIMIDATOR69 folded before Flop (didn't bet)
Seat 9: IndigoShirt folded before Flop (didn't bet)



PokerStars Hand #236950612548:  Hold'em No Limit ($0.01/$0.02 USD) - 2022/06/23 22:17:27 PT [2022/06/24 1:17:27 ET]
Table 'Ausonia II' 9-max Seat #3 is the button
Seat 2: Dubhe99 ($7.68 in chips) 
Seat 3: Dorex2007 ($3.11 in chips) 
Seat 4: santibaron ($2.67 in chips) 
Seat 5: segueuvinha ($0.88 in chips) 
Seat 6: Wilsonleite17 ($2.74 in chips) 
Seat 7: MaXiDe05 ($2.01 in chips) 
Seat 8: INTIMIDATOR69 ($1.33 in chips) 
Seat 9: IndigoShirt ($2 in chips) 
santibaron: posts small blind $0.01
segueuvinha: posts big blind $0.02
*** HOLE CARDS ***
Dealt to Dorex2007 [9h 5s]
Wilsonleite17: folds 
MaXiDe05: calls $0.02
INTIMIDATOR69: folds 
IndigoShirt: folds 
Dubhe99: folds 
Dorex2007: folds 
santibaron: raises $0.06 to $0.08
segueuvinha: folds 
MaXiDe05: calls $0.06
*** FLOP *** [5h 4c 9d]
santibaron: checks 
MaXiDe05: checks 
*** TURN *** [5h 4c 9d] [Jh]
santibaron: checks 
MaXiDe05: bets $0.08
santibaron: calls $0.08
*** RIVER *** [5h 4c 9d Jh] [2d]
santibaron: checks 
MaXiDe05: bets $0.33
santibaron: folds 
Uncalled bet ($0.33) returned to MaXiDe05
MaXiDe05 collected $0.33 from pot
*** SUMMARY ***
Total pot $0.34 | Rake $0.01 
Board [5h 4c 9d Jh 2d]
Seat 2: Dubhe99 folded before Flop (didn't bet)
Seat 3: Dorex2007 (button) folded before Flop (didn't bet)
Seat 4: santibaron (small blind) folded on the River
Seat 5: segueuvinha (big blind) folded before Flop
Seat 6: Wilsonleite17 folded before Flop (didn't bet)
Seat 7: MaXiDe05 collected ($0.33)
Seat 8: INTIMIDATOR69 folded before Flop (didn't bet)
Seat 9: IndigoShirt folded before Flop (didn't bet)



PokerStars Hand #236950622577:  Hold'em No Limit ($0.01/$0.02 USD) - 2022/06/23 22:18:52 PT [2022/06/24 1:18:52 ET]
Table 'Ausonia II' 9-max Seat #4 is the button
Seat 2: Dubhe99 ($7.68 in chips) 
Seat 3: Dorex2007 ($3.11 in chips) 
Seat 4: santibaron ($2.51 in chips) 
Seat 5: segueuvinha ($0.86 in chips) 
Seat 6: Wilsonleite17 ($2.74 in chips) 
Seat 7: MaXiDe05 ($2.18 in chips) 
Seat 8: INTIMIDATOR69 ($1.33 in chips) 
Seat 9: IndigoShirt ($2 in chips) 
segueuvinha: posts small blind $0.01
Wilsonleite17: posts big blind $0.02
*** HOLE CARDS ***
Dealt to Dorex2007 [9h Jc]
MaXiDe05: folds 
INTIMIDATOR69: folds 
IndigoShirt: folds 
Dubhe99: calls $0.02
Dorex2007: folds 
santibaron: folds 
segueuvinha: raises $0.02 to $0.04
Wilsonleite17: folds 
Dubhe99: calls $0.02
*** FLOP *** [6c Qd 7s]
segueuvinha: bets $0.04
Dubhe99: calls $0.04
*** TURN *** [6c Qd 7s] [6s]
segueuvinha: bets $0.12
Dubhe99: calls $0.12
*** RIVER *** [6c Qd 7s 6s] [Qh]
segueuvinha: bets $0.08
Dubhe99: calls $0.08
*** SHOW DOWN ***
segueuvinha: shows [Kd 7d] (two pair, Queens and Sevens)
Dubhe99: mucks hand 
segueuvinha collected $0.56 from pot
*** SUMMARY ***
Total pot $0.58 | Rake $0.02 
Board [6c Qd 7s 6s Qh]
Seat 2: Dubhe99 mucked [Td 7h]
Seat 3: Dorex2007 folded before Flop (didn't bet)
Seat 4: santibaron (button) folded before Flop (didn't bet)
Seat 5: segueuvinha (small blind) showed [Kd 7d] and won ($0.56) with two pair, Queens and Sevens
Seat 6: Wilsonleite17 (big blind) folded before Flop
Seat 7: MaXiDe05 folded before Flop (didn't bet)
Seat 8: INTIMIDATOR69 folded before Flop (didn't bet)
Seat 9: IndigoShirt folded before Flop (didn't bet)



