PokerStars Hand #228015286038:  Hold'em No Limit ($0.01/$0.02 USD) - 2021/07/02 21:02:43 PT [2021/07/03 0:02:43 ET]
Table 'Laodica III' 9-max Seat #5 is the button
Seat 1: Ben2000616 ($2.17 in chips) 
Seat 2: kiling1 ($1.57 in chips) 
Seat 3: Dorex2007 ($2 in chips) 
Seat 4: icara78 ($5.41 in chips) 
Seat 5: chacalay1 ($2 in chips) 
Seat 6: JimmyTheShow ($2.13 in chips) 
Seat 7: bübchen24 ($3.65 in chips) 
Seat 8: pogomonstar ($2.26 in chips) 
Seat 9: Silverislets ($1.48 in chips) 
JimmyTheShow: posts small blind $0.01
bübchen24: posts big blind $0.02
Dorex2007: posts big blind $0.02
*** HOLE CARDS ***
Dealt to Dorex2007 [Qc 4d]
pogomonstar: folds 
Silverislets: calls $0.02
Ben2000616: folds 
kiling1: folds 
Dorex2007: checks 
icara78: folds 
chacalay1: raises $0.10 to $0.12
JimmyTheShow: folds 
bübchen24: calls $0.10
Silverislets: folds 
Dorex2007: folds 
*** FLOP *** [7s 9h 8s]
JimmyTheShow leaves the table
bübchen24: checks 
chacalay1: bets $0.28
bübchen24: calls $0.28
*** TURN *** [7s 9h 8s] [6c]
bübchen24: checks 
chacalay1: checks 
*** RIVER *** [7s 9h 8s 6c] [Ad]
bübchen24: bets $0.62
chacalay1: calls $0.62
*** SHOW DOWN ***
bübchen24: shows [Kc Tc] (a straight, Six to Ten)
chacalay1: mucks hand 
bübchen24 collected $2 from pot
*** SUMMARY ***
Total pot $2.09 | Rake $0.09 
Board [7s 9h 8s 6c Ad]
Seat 1: Ben2000616 folded before Flop (didn't bet)
Seat 2: kiling1 folded before Flop (didn't bet)
Seat 3: Dorex2007 folded before Flop (didn't bet)
Seat 4: icara78 folded before Flop (didn't bet)
Seat 5: chacalay1 (button) mucked [Ks Kd]
Seat 6: JimmyTheShow (small blind) folded before Flop
Seat 7: bübchen24 (big blind) showed [Kc Tc] and won ($2) with a straight, Six to Ten
Seat 8: pogomonstar folded before Flop (didn't bet)
Seat 9: Silverislets folded before Flop



PokerStars Hand #228015298825:  Hold'em No Limit ($0.01/$0.02 USD) - 2021/07/02 21:03:54 PT [2021/07/03 0:03:54 ET]
Table 'Laodica III' 9-max Seat #7 is the button
Seat 1: Ben2000616 ($2.17 in chips) 
Seat 2: kiling1 ($1.57 in chips) 
Seat 3: Dorex2007 ($1.98 in chips) 
Seat 4: icara78 ($5.41 in chips) 
Seat 5: chacalay1 ($0.98 in chips) 
Seat 7: bübchen24 ($4.63 in chips) 
Seat 8: pogomonstar ($2.26 in chips) 
Seat 9: Silverislets ($1.46 in chips) 
pogomonstar: posts small blind $0.01
Silverislets: posts big blind $0.02
*** HOLE CARDS ***
Dealt to Dorex2007 [Ah 4c]
Ben2000616: folds 
kiling1: folds 
Dorex2007: calls $0.02
icara78: raises $5.39 to $5.41 and is all-in
chacalay1: folds 
bübchen24: folds 
pogomonstar: folds 
Silverislets: folds 
Dorex2007: folds 
Uncalled bet ($5.39) returned to icara78
icara78 collected $0.07 from pot
icara78: doesn't show hand 
*** SUMMARY ***
Total pot $0.07 | Rake $0 
Seat 1: Ben2000616 folded before Flop (didn't bet)
Seat 2: kiling1 folded before Flop (didn't bet)
Seat 3: Dorex2007 folded before Flop
Seat 4: icara78 collected ($0.07)
Seat 5: chacalay1 folded before Flop (didn't bet)
Seat 7: bübchen24 (button) folded before Flop (didn't bet)
Seat 8: pogomonstar (small blind) folded before Flop
Seat 9: Silverislets (big blind) folded before Flop



