PokerStars Hand #232722604002:  Hold'em No Limit ($0.01/$0.02 USD) - 2022/01/01 12:57:02 PT [2022/01/01 15:57:02 ET]
Table 'Geometria III' 9-max Seat #2 is the button
Seat 1: Dorex2007 ($2 in chips) 
Seat 2: Stepler17 ($0.97 in chips) 
Seat 3: dr voorgang ($1.07 in chips) 
Seat 4: Andorrior ($0.70 in chips) 
Seat 5: dazza12373 ($2.02 in chips) 
Seat 6: hecman70 ($2.36 in chips) 
Seat 8: stanfordPB ($1.51 in chips) 
Seat 9: GHenribeiro ($0.92 in chips) 
dr voorgang: posts small blind $0.01
Andorrior: posts big blind $0.02
Dorex2007: posts big blind $0.02
*** HOLE CARDS ***
Dealt to Dorex2007 [Kd Jc]
dazza12373: folds 
hecman70: folds 
stanfordPB: calls $0.02
GHenribeiro: folds 
Dorex2007: checks 
Stepler17: folds 
dr voorgang: calls $0.01
Andorrior: checks 
*** FLOP *** [Ad 7h 6c]
dr voorgang: bets $0.04
Andorrior: folds 
stanfordPB: folds 
Dorex2007: folds 
Uncalled bet ($0.04) returned to dr voorgang
dr voorgang collected $0.08 from pot
dr voorgang: doesn't show hand 
*** SUMMARY ***
Total pot $0.08 | Rake $0 
Board [Ad 7h 6c]
Seat 1: Dorex2007 folded on the Flop (didn't bet)
Seat 2: Stepler17 (button) folded before Flop (didn't bet)
Seat 3: dr voorgang (small blind) collected ($0.08)
Seat 4: Andorrior (big blind) folded on the Flop
Seat 5: dazza12373 folded before Flop (didn't bet)
Seat 6: hecman70 folded before Flop (didn't bet)
Seat 8: stanfordPB folded on the Flop
Seat 9: GHenribeiro folded before Flop (didn't bet)



PokerStars Hand #232722620360:  Hold'em No Limit ($0.01/$0.02 USD) - 2022/01/01 12:57:43 PT [2022/01/01 15:57:43 ET]
Table 'Geometria III' 9-max Seat #3 is the button
Seat 1: Dorex2007 ($2 in chips) 
Seat 2: Stepler17 ($0.97 in chips) 
Seat 3: dr voorgang ($1.13 in chips) 
Seat 4: Andorrior ($0.68 in chips) 
Seat 5: dazza12373 ($2.02 in chips) 
Seat 6: hecman70 ($2.36 in chips) 
Seat 8: stanfordPB ($1.49 in chips) 
Seat 9: GHenribeiro ($0.92 in chips) 
Andorrior: posts small blind $0.01
dazza12373: posts big blind $0.02
*** HOLE CARDS ***
Dealt to Dorex2007 [Jc Jd]
hecman70: calls $0.02
stanfordPB: folds 
GHenribeiro: folds 
Dorex2007: raises $0.04 to $0.06
Stepler17: folds 
dr voorgang: folds 
Andorrior: folds 
dazza12373: calls $0.04
hecman70: calls $0.04
*** FLOP *** [Ah 5h Ks]
dazza12373: checks 
hecman70: checks 
Dorex2007: checks 
*** TURN *** [Ah 5h Ks] [3s]
dazza12373: checks 
hecman70: checks 
Dorex2007: bets $0.09
dazza12373: calls $0.09
hecman70: folds 
*** RIVER *** [Ah 5h Ks 3s] [9s]
dazza12373: checks 
Dorex2007: bets $0.18
dazza12373: folds 
Uncalled bet ($0.18) returned to Dorex2007
Dorex2007 collected $0.36 from pot
Dorex2007: doesn't show hand 
*** SUMMARY ***
Total pot $0.37 | Rake $0.01 
Board [Ah 5h Ks 3s 9s]
Seat 1: Dorex2007 collected ($0.36)
Seat 2: Stepler17 folded before Flop (didn't bet)
Seat 3: dr voorgang (button) folded before Flop (didn't bet)
Seat 4: Andorrior (small blind) folded before Flop
Seat 5: dazza12373 (big blind) folded on the River
Seat 6: hecman70 folded on the Turn
Seat 8: stanfordPB folded before Flop (didn't bet)
Seat 9: GHenribeiro folded before Flop (didn't bet)



PokerStars Hand #232722643762:  Hold'em No Limit ($0.01/$0.02 USD) - 2022/01/01 12:58:40 PT [2022/01/01 15:58:40 ET]
Table 'Geometria III' 9-max Seat #4 is the button
Seat 1: Dorex2007 ($2.21 in chips) 
Seat 2: Stepler17 ($0.97 in chips) 
Seat 3: dr voorgang ($1.13 in chips) 
Seat 4: Andorrior ($0.67 in chips) 
Seat 5: dazza12373 ($1.87 in chips) 
Seat 6: hecman70 ($2.30 in chips) 
Seat 8: stanfordPB ($1.49 in chips) 
Seat 9: GHenribeiro ($0.92 in chips) 
dazza12373: posts small blind $0.01
hecman70: posts big blind $0.02
AndyMs1985: sits out 
*** HOLE CARDS ***
Dealt to Dorex2007 [8d 9h]
stanfordPB: folds 
GHenribeiro: calls $0.02
Dorex2007: folds 
Stepler17: folds 
dr voorgang: folds 
Andorrior: folds 
dazza12373: raises $0.28 to $0.30
hecman70: folds 
GHenribeiro: folds 
Uncalled bet ($0.28) returned to dazza12373
dazza12373 collected $0.06 from pot
dazza12373: doesn't show hand 
*** SUMMARY ***
Total pot $0.06 | Rake $0 
Seat 1: Dorex2007 folded before Flop (didn't bet)
Seat 2: Stepler17 folded before Flop (didn't bet)
Seat 3: dr voorgang folded before Flop (didn't bet)
Seat 4: Andorrior (button) folded before Flop (didn't bet)
Seat 5: dazza12373 (small blind) collected ($0.06)
Seat 6: hecman70 (big blind) folded before Flop
Seat 8: stanfordPB folded before Flop (didn't bet)
Seat 9: GHenribeiro folded before Flop



PokerStars Hand #232722654978:  Hold'em No Limit ($0.01/$0.02 USD) - 2022/01/01 12:59:08 PT [2022/01/01 15:59:08 ET]
Table 'Geometria III' 9-max Seat #5 is the button
Seat 1: Dorex2007 ($2.21 in chips) 
Seat 2: Stepler17 ($0.97 in chips) 
Seat 3: dr voorgang ($1.13 in chips) 
Seat 4: Andorrior ($0.67 in chips) 
Seat 5: dazza12373 ($1.91 in chips) 
Seat 6: hecman70 ($2.28 in chips) 
Seat 7: AndyMs1985 ($1.50 in chips) 
Seat 8: stanfordPB ($1.49 in chips) 
Seat 9: GHenribeiro ($0.90 in chips) 
hecman70: posts small blind $0.01
AndyMs1985: posts big blind $0.02
*** HOLE CARDS ***
Dealt to Dorex2007 [3h Th]
stanfordPB has timed out
stanfordPB: folds 
GHenribeiro: folds 
Dorex2007: folds 
Stepler17: raises $0.02 to $0.04
dr voorgang: folds 
Andorrior: folds 
dazza12373: calls $0.04
hecman70: calls $0.03
AndyMs1985: calls $0.02
*** FLOP *** [2c 8d 6s]
hecman70: checks 
GHenribeiro leaves the table
AndyMs1985: checks 
Stepler17: bets $0.06
dazza12373: folds 
hecman70: calls $0.06
AndyMs1985: folds 
*** TURN *** [2c 8d 6s] [Kd]
hecman70: checks 
hivasohhani joins the table at seat #9 
Stepler17: checks 
*** RIVER *** [2c 8d 6s Kd] [Jc]
hecman70: bets $0.13
Stepler17: folds 
Uncalled bet ($0.13) returned to hecman70
hecman70 collected $0.27 from pot
hecman70: doesn't show hand 
*** SUMMARY ***
Total pot $0.28 | Rake $0.01 
Board [2c 8d 6s Kd Jc]
Seat 1: Dorex2007 folded before Flop (didn't bet)
Seat 2: Stepler17 folded on the River
Seat 3: dr voorgang folded before Flop (didn't bet)
Seat 4: Andorrior folded before Flop (didn't bet)
Seat 5: dazza12373 (button) folded on the Flop
Seat 6: hecman70 (small blind) collected ($0.27)
Seat 7: AndyMs1985 (big blind) folded on the Flop
Seat 8: stanfordPB folded before Flop (didn't bet)
Seat 9: GHenribeiro folded before Flop (didn't bet)



PokerStars Hand #232722678899:  Hold'em No Limit ($0.01/$0.02 USD) - 2022/01/01 13:00:05 PT [2022/01/01 16:00:05 ET]
Table 'Geometria III' 9-max Seat #6 is the button
Seat 1: Dorex2007 ($2.21 in chips) 
Seat 2: Stepler17 ($0.87 in chips) 
Seat 3: dr voorgang ($1.13 in chips) 
Seat 4: Andorrior ($0.67 in chips) 
Seat 5: dazza12373 ($1.87 in chips) 
Seat 6: hecman70 ($2.45 in chips) 
Seat 7: AndyMs1985 ($1.46 in chips) 
Seat 8: stanfordPB ($1.49 in chips) 
AndyMs1985: posts small blind $0.01
stanfordPB: posts big blind $0.02
hivasohhani: sits out 
*** HOLE CARDS ***
Dealt to Dorex2007 [6s Js]
Dorex2007: folds 
Stepler17: folds 
dr voorgang: folds 
Andorrior: folds 
dazza12373: folds 
hecman70: folds 
AndyMs1985: raises $0.04 to $0.06
stanfordPB: folds 
Uncalled bet ($0.04) returned to AndyMs1985
AndyMs1985 collected $0.04 from pot
AndyMs1985: doesn't show hand 
*** SUMMARY ***
Total pot $0.04 | Rake $0 
Seat 1: Dorex2007 folded before Flop (didn't bet)
Seat 2: Stepler17 folded before Flop (didn't bet)
Seat 3: dr voorgang folded before Flop (didn't bet)
Seat 4: Andorrior folded before Flop (didn't bet)
Seat 5: dazza12373 folded before Flop (didn't bet)
Seat 6: hecman70 (button) folded before Flop (didn't bet)
Seat 7: AndyMs1985 (small blind) collected ($0.04)
Seat 8: stanfordPB (big blind) folded before Flop



PokerStars Hand #232722685803:  Hold'em No Limit ($0.01/$0.02 USD) - 2022/01/01 13:00:21 PT [2022/01/01 16:00:21 ET]
Table 'Geometria III' 9-max Seat #7 is the button
Seat 1: Dorex2007 ($2.21 in chips) 
Seat 2: Stepler17 ($0.87 in chips) 
Seat 3: dr voorgang ($1.13 in chips) 
Seat 4: Andorrior ($0.67 in chips) 
Seat 5: dazza12373 ($1.87 in chips) 
Seat 6: hecman70 ($2.45 in chips) 
Seat 7: AndyMs1985 ($1.48 in chips) 
Seat 8: stanfordPB ($1.47 in chips) 
Seat 9: hivasohhani ($1 in chips) 
stanfordPB: posts small blind $0.01
hivasohhani: posts big blind $0.02
*** HOLE CARDS ***
Dealt to Dorex2007 [Th 2d]
Dorex2007: folds 
Stepler17: raises $0.02 to $0.04
dr voorgang: folds 
Andorrior: folds 
dazza12373: folds 
hecman70: folds 
AndyMs1985: folds 
stanfordPB: calls $0.03
hivasohhani: calls $0.02
*** FLOP *** [6s 2h 7c]
stanfordPB: checks 
hivasohhani: checks 
Stepler17: bets $0.06
stanfordPB: folds 
hivasohhani: calls $0.06
*** TURN *** [6s 2h 7c] [5s]
hivasohhani: checks 
Stepler17: checks 
*** RIVER *** [6s 2h 7c 5s] [4c]
hivasohhani: bets $0.23
Stepler17: folds 
Uncalled bet ($0.23) returned to hivasohhani
hivasohhani collected $0.23 from pot
hivasohhani: doesn't show hand 
*** SUMMARY ***
Total pot $0.24 | Rake $0.01 
Board [6s 2h 7c 5s 4c]
Seat 1: Dorex2007 folded before Flop (didn't bet)
Seat 2: Stepler17 folded on the River
Seat 3: dr voorgang folded before Flop (didn't bet)
Seat 4: Andorrior folded before Flop (didn't bet)
Seat 5: dazza12373 folded before Flop (didn't bet)
Seat 6: hecman70 folded before Flop (didn't bet)
Seat 7: AndyMs1985 (button) folded before Flop (didn't bet)
Seat 8: stanfordPB (small blind) folded on the Flop
Seat 9: hivasohhani (big blind) collected ($0.23)



PokerStars Hand #232722713494:  Hold'em No Limit ($0.01/$0.02 USD) - 2022/01/01 13:01:19 PT [2022/01/01 16:01:19 ET]
Table 'Geometria III' 9-max Seat #8 is the button
Seat 1: Dorex2007 ($2.21 in chips) 
Seat 2: Stepler17 ($0.77 in chips) 
Seat 3: dr voorgang ($1.13 in chips) 
Seat 4: Andorrior ($0.67 in chips) 
Seat 5: dazza12373 ($1.87 in chips) 
Seat 6: hecman70 ($2.45 in chips) 
Seat 7: AndyMs1985 ($1.48 in chips) 
Seat 8: stanfordPB ($1.43 in chips) 
Seat 9: hivasohhani ($1.13 in chips) 
hivasohhani: posts small blind $0.01
Dorex2007: posts big blind $0.02
*** HOLE CARDS ***
Dealt to Dorex2007 [Ks Jh]
Stepler17: raises $0.02 to $0.04
dr voorgang: folds 
Andorrior: folds 
dazza12373: folds 
hecman70: calls $0.04
AndyMs1985: calls $0.04
stanfordPB: folds 
hivasohhani: folds 
Dorex2007: calls $0.02
*** FLOP *** [2s 4s 8s]
Dorex2007: checks 
Stepler17: checks 
hecman70: checks 
AndyMs1985: checks 
*** TURN *** [2s 4s 8s] [2d]
Dorex2007: bets $0.08
Stepler17: folds 
hecman70: folds 
AndyMs1985: folds 
Uncalled bet ($0.08) returned to Dorex2007
Dorex2007 collected $0.16 from pot
Dorex2007: doesn't show hand 
*** SUMMARY ***
Total pot $0.17 | Rake $0.01 
Board [2s 4s 8s 2d]
Seat 1: Dorex2007 (big blind) collected ($0.16)
Seat 2: Stepler17 folded on the Turn
Seat 3: dr voorgang folded before Flop (didn't bet)
Seat 4: Andorrior folded before Flop (didn't bet)
Seat 5: dazza12373 folded before Flop (didn't bet)
Seat 6: hecman70 folded on the Turn
Seat 7: AndyMs1985 folded on the Turn
Seat 8: stanfordPB (button) folded before Flop (didn't bet)
Seat 9: hivasohhani (small blind) folded before Flop



PokerStars Hand #232722735443:  Hold'em No Limit ($0.01/$0.02 USD) - 2022/01/01 13:02:00 PT [2022/01/01 16:02:00 ET]
Table 'Geometria III' 9-max Seat #9 is the button
Seat 1: Dorex2007 ($2.33 in chips) 
Seat 2: Stepler17 ($0.73 in chips) 
Seat 3: dr voorgang ($1.13 in chips) 
Seat 4: Andorrior ($0.67 in chips) 
Seat 5: dazza12373 ($1.87 in chips) 
Seat 6: hecman70 ($2.41 in chips) 
Seat 7: AndyMs1985 ($1.44 in chips) 
Seat 8: stanfordPB ($1.43 in chips) 
Seat 9: hivasohhani ($1.12 in chips) 
Dorex2007: posts small blind $0.01
Stepler17: posts big blind $0.02
*** HOLE CARDS ***
Dealt to Dorex2007 [7h 3s]
dr voorgang: folds 
Andorrior: folds 
dazza12373: folds 
hecman70: folds 
AndyMs1985: folds 
stanfordPB: folds 
hivasohhani: calls $0.02
Dorex2007: folds 
Stepler17: checks 
*** FLOP *** [9s Ad 6c]
Stepler17: bets $0.02
hivasohhani has timed out
hivasohhani: folds 
Uncalled bet ($0.02) returned to Stepler17
Stepler17 collected $0.05 from pot
Stepler17: doesn't show hand 
*** SUMMARY ***
Total pot $0.05 | Rake $0 
Board [9s Ad 6c]
Seat 1: Dorex2007 (small blind) folded before Flop
Seat 2: Stepler17 (big blind) collected ($0.05)
Seat 3: dr voorgang folded before Flop (didn't bet)
Seat 4: Andorrior folded before Flop (didn't bet)
Seat 5: dazza12373 folded before Flop (didn't bet)
Seat 6: hecman70 folded before Flop (didn't bet)
Seat 7: AndyMs1985 folded before Flop (didn't bet)
Seat 8: stanfordPB folded before Flop (didn't bet)
Seat 9: hivasohhani (button) folded on the Flop



PokerStars Hand #232722765270:  Hold'em No Limit ($0.01/$0.02 USD) - 2022/01/01 13:02:51 PT [2022/01/01 16:02:51 ET]
Table 'Geometria III' 9-max Seat #1 is the button
Seat 1: Dorex2007 ($2.32 in chips) 
Seat 2: Stepler17 ($0.76 in chips) 
Seat 3: dr voorgang ($1.13 in chips) 
Seat 4: Andorrior ($0.67 in chips) 
Seat 5: dazza12373 ($1.87 in chips) 
Seat 6: hecman70 ($2.41 in chips) 
Seat 7: AndyMs1985 ($1.44 in chips) 
Seat 8: stanfordPB ($1.43 in chips) 
Seat 9: hivasohhani ($1.10 in chips) 
Stepler17: posts small blind $0.01
dr voorgang: posts big blind $0.02
*** HOLE CARDS ***
Dealt to Dorex2007 [As 7c]
Andorrior: folds 
dazza12373: folds 
hecman70: calls $0.02
AndyMs1985: folds 
stanfordPB: raises $0.04 to $0.06
hivasohhani is disconnected 
hivasohhani has timed out while disconnected
hivasohhani: folds 
Dorex2007: folds 
Stepler17: folds 
dr voorgang: folds 
hecman70: calls $0.04
*** FLOP *** [4c Kh 3d]
hecman70: checks 
stanfordPB: bets $1.37 and is all-in
hecman70: folds 
Uncalled bet ($1.37) returned to stanfordPB
stanfordPB collected $0.14 from pot
stanfordPB: doesn't show hand 
*** SUMMARY ***
Total pot $0.15 | Rake $0.01 
Board [4c Kh 3d]
Seat 1: Dorex2007 (button) folded before Flop (didn't bet)
Seat 2: Stepler17 (small blind) folded before Flop
Seat 3: dr voorgang (big blind) folded before Flop
Seat 4: Andorrior folded before Flop (didn't bet)
Seat 5: dazza12373 folded before Flop (didn't bet)
Seat 6: hecman70 folded on the Flop
Seat 7: AndyMs1985 folded before Flop (didn't bet)
Seat 8: stanfordPB collected ($0.14)
Seat 9: hivasohhani folded before Flop (didn't bet)



PokerStars Hand #232722797718:  Hold'em No Limit ($0.01/$0.02 USD) - 2022/01/01 13:03:46 PT [2022/01/01 16:03:46 ET]
Table 'Geometria III' 9-max Seat #2 is the button
Seat 1: Dorex2007 ($2.32 in chips) 
Seat 2: Stepler17 ($0.75 in chips) 
Seat 3: dr voorgang ($1.11 in chips) 
Seat 4: Andorrior ($0.67 in chips) 
Seat 5: dazza12373 ($1.87 in chips) 
Seat 6: hecman70 ($2.35 in chips) 
Seat 7: AndyMs1985 ($1.44 in chips) 
Seat 8: stanfordPB ($1.51 in chips) 
dr voorgang: posts small blind $0.01
Andorrior: posts big blind $0.02
*** HOLE CARDS ***
Dealt to Dorex2007 [Kc 5s]
dazza12373: raises $0.02 to $0.04
hecman70: folds 
AndyMs1985: folds 
stanfordPB: folds 
Dorex2007: folds 
Stepler17: folds 
dr voorgang: folds 
Andorrior: folds 
Uncalled bet ($0.02) returned to dazza12373
dazza12373 collected $0.05 from pot
dazza12373: doesn't show hand 
*** SUMMARY ***
Total pot $0.05 | Rake $0 
Seat 1: Dorex2007 folded before Flop (didn't bet)
Seat 2: Stepler17 (button) folded before Flop (didn't bet)
Seat 3: dr voorgang (small blind) folded before Flop
Seat 4: Andorrior (big blind) folded before Flop
Seat 5: dazza12373 collected ($0.05)
Seat 6: hecman70 folded before Flop (didn't bet)
Seat 7: AndyMs1985 folded before Flop (didn't bet)
Seat 8: stanfordPB folded before Flop (didn't bet)



PokerStars Hand #232722809803:  Hold'em No Limit ($0.01/$0.02 USD) - 2022/01/01 13:04:06 PT [2022/01/01 16:04:06 ET]
Table 'Geometria III' 9-max Seat #3 is the button
Seat 1: Dorex2007 ($2.32 in chips) 
Seat 2: Stepler17 ($0.75 in chips) 
Seat 3: dr voorgang ($1.10 in chips) 
Seat 4: Andorrior ($0.65 in chips) 
Seat 5: dazza12373 ($1.90 in chips) 
Seat 6: hecman70 ($2.35 in chips) 
Seat 7: AndyMs1985 ($1.44 in chips) 
Seat 8: stanfordPB ($1.51 in chips) 
Seat 9: hivasohhani ($1.10 in chips) 
Andorrior: posts small blind $0.01
dazza12373: posts big blind $0.02
*** HOLE CARDS ***
Dealt to Dorex2007 [7h 5h]
hecman70: calls $0.02
AndyMs1985: folds 
stanfordPB: folds 
hivasohhani: folds 
Dorex2007: folds 
Stepler17: calls $0.02
dr voorgang: folds 
Andorrior: folds 
dazza12373: checks 
*** FLOP *** [8h 3s 9h]
dazza12373: checks 
hecman70: checks 
Stepler17: bets $0.02
dazza12373: calls $0.02
hecman70: calls $0.02
*** TURN *** [8h 3s 9h] [3c]
dazza12373: checks 
hecman70: checks 
Stepler17: bets $0.06
dazza12373: folds 
hecman70: folds 
Uncalled bet ($0.06) returned to Stepler17
Stepler17 collected $0.13 from pot
Stepler17: doesn't show hand 
*** SUMMARY ***
Total pot $0.13 | Rake $0 
Board [8h 3s 9h 3c]
Seat 1: Dorex2007 folded before Flop (didn't bet)
Seat 2: Stepler17 collected ($0.13)
Seat 3: dr voorgang (button) folded before Flop (didn't bet)
Seat 4: Andorrior (small blind) folded before Flop
Seat 5: dazza12373 (big blind) folded on the Turn
Seat 6: hecman70 folded on the Turn
Seat 7: AndyMs1985 folded before Flop (didn't bet)
Seat 8: stanfordPB folded before Flop (didn't bet)
Seat 9: hivasohhani folded before Flop (didn't bet)



PokerStars Hand #232722837866:  Hold'em No Limit ($0.01/$0.02 USD) - 2022/01/01 13:04:52 PT [2022/01/01 16:04:52 ET]
Table 'Geometria III' 9-max Seat #4 is the button
Seat 1: Dorex2007 ($2.32 in chips) 
Seat 2: Stepler17 ($0.84 in chips) 
Seat 3: dr voorgang ($1.10 in chips) 
Seat 4: Andorrior ($0.64 in chips) 
Seat 5: dazza12373 ($1.86 in chips) 
Seat 6: hecman70 ($2.31 in chips) 
Seat 7: AndyMs1985 ($1.44 in chips) 
Seat 8: stanfordPB ($1.51 in chips) 
Seat 9: hivasohhani ($1.10 in chips) 
dazza12373: posts small blind $0.01
hecman70: posts big blind $0.02
*** HOLE CARDS ***
Dealt to Dorex2007 [Ad 5c]
AndyMs1985: folds 
stanfordPB: folds 
hivasohhani: folds 
Dorex2007: folds 
Stepler17: raises $0.04 to $0.06
dr voorgang: folds 
Andorrior: folds 
dazza12373: calls $0.05
hecman70: calls $0.04
*** FLOP *** [3s Kh 7c]
dazza12373: checks 
hecman70: checks 
Stepler17: bets $0.09
dazza12373: folds 
hecman70: folds 
Uncalled bet ($0.09) returned to Stepler17
Stepler17 collected $0.17 from pot
Stepler17: doesn't show hand 
*** SUMMARY ***
Total pot $0.18 | Rake $0.01 
Board [3s Kh 7c]
Seat 1: Dorex2007 folded before Flop (didn't bet)
Seat 2: Stepler17 collected ($0.17)
Seat 3: dr voorgang folded before Flop (didn't bet)
Seat 4: Andorrior (button) folded before Flop (didn't bet)
Seat 5: dazza12373 (small blind) folded on the Flop
Seat 6: hecman70 (big blind) folded on the Flop
Seat 7: AndyMs1985 folded before Flop (didn't bet)
Seat 8: stanfordPB folded before Flop (didn't bet)
Seat 9: hivasohhani folded before Flop (didn't bet)



PokerStars Hand #232722869811:  Hold'em No Limit ($0.01/$0.02 USD) - 2022/01/01 13:05:44 PT [2022/01/01 16:05:44 ET]
Table 'Geometria III' 9-max Seat #5 is the button
Seat 1: Dorex2007 ($2.32 in chips) 
Seat 2: Stepler17 ($0.95 in chips) 
Seat 3: dr voorgang ($1.10 in chips) 
Seat 4: Andorrior ($0.64 in chips) 
Seat 5: dazza12373 ($1.80 in chips) 
Seat 6: hecman70 ($2.25 in chips) 
Seat 7: AndyMs1985 ($1.44 in chips) 
Seat 8: stanfordPB ($1.51 in chips) 
Seat 9: hivasohhani ($1.10 in chips) 
hecman70: posts small blind $0.01
AndyMs1985: posts big blind $0.02
*** HOLE CARDS ***
Dealt to Dorex2007 [8h 4s]
stanfordPB: raises $0.02 to $0.04
hivasohhani: folds 
Dorex2007: folds 
Stepler17: calls $0.04
dr voorgang: folds 
Andorrior: folds 
dazza12373: folds 
hecman70: calls $0.03
AndyMs1985: calls $0.02
*** FLOP *** [Ac 4d Jd]
hecman70: checks 
AndyMs1985: checks 
stanfordPB: bets $0.15
Stepler17: folds 
hecman70: folds 
AndyMs1985: folds 
Uncalled bet ($0.15) returned to stanfordPB
stanfordPB collected $0.15 from pot
stanfordPB: doesn't show hand 
*** SUMMARY ***
Total pot $0.16 | Rake $0.01 
Board [Ac 4d Jd]
Seat 1: Dorex2007 folded before Flop (didn't bet)
Seat 2: Stepler17 folded on the Flop
Seat 3: dr voorgang folded before Flop (didn't bet)
Seat 4: Andorrior folded before Flop (didn't bet)
Seat 5: dazza12373 (button) folded before Flop (didn't bet)
Seat 6: hecman70 (small blind) folded on the Flop
Seat 7: AndyMs1985 (big blind) folded on the Flop
Seat 8: stanfordPB collected ($0.15)
Seat 9: hivasohhani folded before Flop (didn't bet)



PokerStars Hand #232722901761:  Hold'em No Limit ($0.01/$0.02 USD) - 2022/01/01 13:06:37 PT [2022/01/01 16:06:37 ET]
Table 'Geometria III' 9-max Seat #6 is the button
Seat 1: Dorex2007 ($2.32 in chips) 
Seat 2: Stepler17 ($0.91 in chips) 
Seat 3: dr voorgang ($1.10 in chips) 
Seat 4: Andorrior ($0.64 in chips) 
Seat 5: dazza12373 ($1.80 in chips) 
Seat 6: hecman70 ($2.21 in chips) 
Seat 7: AndyMs1985 ($1.40 in chips) 
Seat 8: stanfordPB ($1.62 in chips) 
Seat 9: hivasohhani ($1.10 in chips) 
AndyMs1985: posts small blind $0.01
stanfordPB: posts big blind $0.02
*** HOLE CARDS ***
Dealt to Dorex2007 [9s 8d]
hivasohhani has timed out
hivasohhani: folds 
Dorex2007: folds 
Stepler17: folds 
dr voorgang: folds 
Andorrior: folds 
dazza12373: raises $0.02 to $0.04
hecman70: folds 
AndyMs1985: folds 
stanfordPB: calls $0.02
*** FLOP *** [5d Js 5s]
stanfordPB: bets $0.09
dazza12373: calls $0.09
*** TURN *** [5d Js 5s] [9h]
stanfordPB: bets $0.26
dazza12373: calls $0.26
*** RIVER *** [5d Js 5s 9h] [Kc]
stanfordPB: bets $1.23 and is all-in
dazza12373: folds 
Uncalled bet ($1.23) returned to stanfordPB
stanfordPB collected $0.76 from pot
stanfordPB: doesn't show hand 
*** SUMMARY ***
Total pot $0.79 | Rake $0.03 
Board [5d Js 5s 9h Kc]
Seat 1: Dorex2007 folded before Flop (didn't bet)
Seat 2: Stepler17 folded before Flop (didn't bet)
Seat 3: dr voorgang folded before Flop (didn't bet)
Seat 4: Andorrior folded before Flop (didn't bet)
Seat 5: dazza12373 folded on the River
Seat 6: hecman70 (button) folded before Flop (didn't bet)
Seat 7: AndyMs1985 (small blind) folded before Flop
Seat 8: stanfordPB (big blind) collected ($0.76)
Seat 9: hivasohhani folded before Flop (didn't bet)



PokerStars Hand #232722937727:  Hold'em No Limit ($0.01/$0.02 USD) - 2022/01/01 13:07:37 PT [2022/01/01 16:07:37 ET]
Table 'Geometria III' 9-max Seat #7 is the button
Seat 1: Dorex2007 ($2.32 in chips) 
Seat 2: Stepler17 ($0.91 in chips) 
Seat 3: dr voorgang ($1.10 in chips) 
Seat 4: Andorrior ($0.64 in chips) 
Seat 5: dazza12373 ($1.41 in chips) 
Seat 6: hecman70 ($2.21 in chips) 
Seat 7: AndyMs1985 ($1.39 in chips) 
Seat 8: stanfordPB ($1.99 in chips) 
Seat 9: hivasohhani ($1.10 in chips) 
stanfordPB: posts small blind $0.01
hivasohhani: posts big blind $0.02
*** HOLE CARDS ***
Dealt to Dorex2007 [Tc 6d]
Dorex2007: folds 
Stepler17: raises $0.02 to $0.04
dr voorgang: folds 
Andorrior: folds 
dazza12373: folds 
hecman70: folds 
AndyMs1985: folds 
stanfordPB: calls $0.03
hivasohhani: folds 
*** FLOP *** [4d 6c As]
stanfordPB: checks 
Stepler17: bets $0.02
stanfordPB: calls $0.02
*** TURN *** [4d 6c As] [9c]
stanfordPB: checks 
Stepler17: bets $0.07
stanfordPB: calls $0.07
*** RIVER *** [4d 6c As 9c] [8c]
stanfordPB: bets $0.27
Stepler17: calls $0.27
*** SHOW DOWN ***
stanfordPB: shows [3c Ac] (a flush, Ace high)
Stepler17: mucks hand 
stanfordPB collected $0.79 from pot
*** SUMMARY ***
Total pot $0.82 | Rake $0.03 
Board [4d 6c As 9c 8c]
Seat 1: Dorex2007 folded before Flop (didn't bet)
Seat 2: Stepler17 mucked [7s 5s]
Seat 3: dr voorgang folded before Flop (didn't bet)
Seat 4: Andorrior folded before Flop (didn't bet)
Seat 5: dazza12373 folded before Flop (didn't bet)
Seat 6: hecman70 folded before Flop (didn't bet)
Seat 7: AndyMs1985 (button) folded before Flop (didn't bet)
Seat 8: stanfordPB (small blind) showed [3c Ac] and won ($0.79) with a flush, Ace high
Seat 9: hivasohhani (big blind) folded before Flop



PokerStars Hand #232722974853:  Hold'em No Limit ($0.01/$0.02 USD) - 2022/01/01 13:08:24 PT [2022/01/01 16:08:24 ET]
Table 'Geometria III' 9-max Seat #8 is the button
Seat 1: Dorex2007 ($2.32 in chips) 
Seat 2: Stepler17 ($0.51 in chips) 
Seat 3: dr voorgang ($1.10 in chips) 
Seat 4: Andorrior ($0.64 in chips) 
Seat 5: dazza12373 ($1.41 in chips) 
Seat 6: hecman70 ($2.21 in chips) 
Seat 7: AndyMs1985 ($1.39 in chips) 
Seat 8: stanfordPB ($2.38 in chips) 
Seat 9: hivasohhani ($1.08 in chips) 
hivasohhani: posts small blind $0.01
Dorex2007: posts big blind $0.02
*** HOLE CARDS ***
Dealt to Dorex2007 [3c Qs]
Stepler17: folds 
dr voorgang: folds 
Andorrior: folds 
dazza12373: raises $0.05 to $0.07
hecman70: folds 
AndyMs1985: folds 
stanfordPB: folds 
hivasohhani: folds 
Dorex2007: folds 
Uncalled bet ($0.05) returned to dazza12373
dazza12373 collected $0.05 from pot
dazza12373: doesn't show hand 
*** SUMMARY ***
Total pot $0.05 | Rake $0 
Seat 1: Dorex2007 (big blind) folded before Flop
Seat 2: Stepler17 folded before Flop (didn't bet)
Seat 3: dr voorgang folded before Flop (didn't bet)
Seat 4: Andorrior folded before Flop (didn't bet)
Seat 5: dazza12373 collected ($0.05)
Seat 6: hecman70 folded before Flop (didn't bet)
Seat 7: AndyMs1985 folded before Flop (didn't bet)
Seat 8: stanfordPB (button) folded before Flop (didn't bet)
Seat 9: hivasohhani (small blind) folded before Flop



PokerStars Hand #232722983987:  Hold'em No Limit ($0.01/$0.02 USD) - 2022/01/01 13:08:40 PT [2022/01/01 16:08:40 ET]
Table 'Geometria III' 9-max Seat #9 is the button
Seat 1: Dorex2007 ($2.30 in chips) 
Seat 2: Stepler17 ($0.51 in chips) 
Seat 3: dr voorgang ($1.10 in chips) 
Seat 4: Andorrior ($0.64 in chips) 
Seat 5: dazza12373 ($1.44 in chips) 
Seat 6: hecman70 ($2.21 in chips) 
Seat 7: AndyMs1985 ($1.39 in chips) 
Seat 8: stanfordPB ($2.38 in chips) 
Seat 9: hivasohhani ($1.07 in chips) 
Dorex2007: posts small blind $0.01
Stepler17: posts big blind $0.02
*** HOLE CARDS ***
Dealt to Dorex2007 [7d Qs]
dr voorgang: folds 
Andorrior: folds 
dazza12373: folds 
hecman70: folds 
AndyMs1985: folds 
stanfordPB: raises $0.04 to $0.06
hivasohhani: folds 
Dorex2007: folds 
Stepler17: folds 
Uncalled bet ($0.04) returned to stanfordPB
stanfordPB collected $0.05 from pot
stanfordPB: doesn't show hand 
*** SUMMARY ***
Total pot $0.05 | Rake $0 
Seat 1: Dorex2007 (small blind) folded before Flop
Seat 2: Stepler17 (big blind) folded before Flop
Seat 3: dr voorgang folded before Flop (didn't bet)
Seat 4: Andorrior folded before Flop (didn't bet)
Seat 5: dazza12373 folded before Flop (didn't bet)
Seat 6: hecman70 folded before Flop (didn't bet)
Seat 7: AndyMs1985 folded before Flop (didn't bet)
Seat 8: stanfordPB collected ($0.05)
Seat 9: hivasohhani (button) folded before Flop (didn't bet)



PokerStars Hand #232723006610:  Hold'em No Limit ($0.01/$0.02 USD) - 2022/01/01 13:09:02 PT [2022/01/01 16:09:02 ET]
Table 'Geometria III' 9-max Seat #1 is the button
Seat 1: Dorex2007 ($2.29 in chips) 
Seat 2: Stepler17 ($0.49 in chips) 
Seat 3: dr voorgang ($1.10 in chips) 
Seat 4: Andorrior ($0.64 in chips) 
Seat 5: dazza12373 ($1.44 in chips) 
Seat 6: hecman70 ($2.21 in chips) 
Seat 7: AndyMs1985 ($1.39 in chips) 
Seat 8: stanfordPB ($2.41 in chips) 
Seat 9: hivasohhani ($1.07 in chips) 
Stepler17: posts small blind $0.01
dr voorgang: posts big blind $0.02
*** HOLE CARDS ***
Dealt to Dorex2007 [Jc 3s]
Andorrior: calls $0.02
dazza12373: folds 
hecman70: calls $0.02
AndyMs1985: folds 
stanfordPB: folds 
hivasohhani: folds 
hivasohhani leaves the table
Dorex2007: folds 
Stepler17: calls $0.01
dr voorgang: checks 
*** FLOP *** [7d Ac Tc]
Stepler17: checks 
dr voorgang: bets $0.04
Andorrior: folds 
hecman70: calls $0.04
Stepler17: folds 
*** TURN *** [7d Ac Tc] [8s]
dr voorgang: bets $0.08
hecman70: raises $0.16 to $0.24
dr voorgang: folds [Ad]
Uncalled bet ($0.16) returned to hecman70
hecman70 collected $0.31 from pot
hecman70: doesn't show hand 
*** SUMMARY ***
Total pot $0.32 | Rake $0.01 
Board [7d Ac Tc 8s]
Seat 1: Dorex2007 (button) folded before Flop (didn't bet)
Seat 2: Stepler17 (small blind) folded on the Flop
Seat 3: dr voorgang (big blind) folded on the Turn
Seat 4: Andorrior folded on the Flop
Seat 5: dazza12373 folded before Flop (didn't bet)
Seat 6: hecman70 collected ($0.31)
Seat 7: AndyMs1985 folded before Flop (didn't bet)
Seat 8: stanfordPB folded before Flop (didn't bet)
Seat 9: hivasohhani folded before Flop (didn't bet)



PokerStars Hand #232723039530:  Hold'em No Limit ($0.01/$0.02 USD) - 2022/01/01 13:09:57 PT [2022/01/01 16:09:57 ET]
Table 'Geometria III' 9-max Seat #2 is the button
Seat 1: Dorex2007 ($2.29 in chips) 
Seat 2: Stepler17 ($0.47 in chips) 
Seat 3: dr voorgang ($0.96 in chips) 
Seat 4: Andorrior ($0.62 in chips) 
Seat 5: dazza12373 ($1.44 in chips) 
Seat 6: hecman70 ($2.38 in chips) 
Seat 7: AndyMs1985 ($1.39 in chips) 
Seat 8: stanfordPB ($2.41 in chips) 
dr voorgang: posts small blind $0.01
Andorrior: posts big blind $0.02
*** HOLE CARDS ***
Dealt to Dorex2007 [4s 6c]
dazza12373: folds 
hecman70: folds 
AndyMs1985: folds 
stanfordPB: raises $0.02 to $0.04
Dorex2007: folds 
Stepler17: folds 
dr voorgang: folds 
Andorrior: folds 
Uncalled bet ($0.02) returned to stanfordPB
stanfordPB collected $0.05 from pot
stanfordPB: doesn't show hand 
*** SUMMARY ***
Total pot $0.05 | Rake $0 
Seat 1: Dorex2007 folded before Flop (didn't bet)
Seat 2: Stepler17 (button) folded before Flop (didn't bet)
Seat 3: dr voorgang (small blind) folded before Flop
Seat 4: Andorrior (big blind) folded before Flop
Seat 5: dazza12373 folded before Flop (didn't bet)
Seat 6: hecman70 folded before Flop (didn't bet)
Seat 7: AndyMs1985 folded before Flop (didn't bet)
Seat 8: stanfordPB collected ($0.05)



PokerStars Hand #232723056474:  Hold'em No Limit ($0.01/$0.02 USD) - 2022/01/01 13:10:25 PT [2022/01/01 16:10:25 ET]
Table 'Geometria III' 9-max Seat #3 is the button
Seat 1: Dorex2007 ($2.29 in chips) 
Seat 2: Stepler17 ($0.47 in chips) 
Seat 3: dr voorgang ($0.95 in chips) 
Seat 4: Andorrior ($0.60 in chips) 
Seat 5: dazza12373 ($1.44 in chips) 
Seat 6: hecman70 ($2.38 in chips) 
Seat 7: AndyMs1985 ($1.39 in chips) 
Seat 8: stanfordPB ($2.44 in chips) 
Andorrior: posts small blind $0.01
dazza12373: posts big blind $0.02
*** HOLE CARDS ***
Dealt to Dorex2007 [5h Td]
hecman70: folds 
AndyMs1985: folds 
stanfordPB: calls $0.02
Dorex2007: folds 
Stepler17: calls $0.02
dr voorgang: folds 
Andorrior: folds 
dazza12373: checks 
*** FLOP *** [Ac 5d 4d]
dazza12373: checks 
stanfordPB: bets $0.09
Stepler17: folds 
dazza12373: folds 
Uncalled bet ($0.09) returned to stanfordPB
stanfordPB collected $0.07 from pot
stanfordPB: doesn't show hand 
*** SUMMARY ***
Total pot $0.07 | Rake $0 
Board [Ac 5d 4d]
Seat 1: Dorex2007 folded before Flop (didn't bet)
Seat 2: Stepler17 folded on the Flop
Seat 3: dr voorgang (button) folded before Flop (didn't bet)
Seat 4: Andorrior (small blind) folded before Flop
Seat 5: dazza12373 (big blind) folded on the Flop
Seat 6: hecman70 folded before Flop (didn't bet)
Seat 7: AndyMs1985 folded before Flop (didn't bet)
Seat 8: stanfordPB collected ($0.07)



PokerStars Hand #232723077133:  Hold'em No Limit ($0.01/$0.02 USD) - 2022/01/01 13:10:59 PT [2022/01/01 16:10:59 ET]
Table 'Geometria III' 9-max Seat #4 is the button
Seat 1: Dorex2007 ($2.29 in chips) 
Seat 2: Stepler17 ($1.98 in chips) 
Seat 3: dr voorgang ($0.95 in chips) 
Seat 4: Andorrior ($0.59 in chips) 
Seat 5: dazza12373 ($1.42 in chips) 
Seat 6: hecman70 ($2.38 in chips) 
Seat 7: AndyMs1985 ($1.39 in chips) 
Seat 8: stanfordPB ($2.49 in chips) 
dazza12373: posts small blind $0.01
hecman70: posts big blind $0.02
*** HOLE CARDS ***
Dealt to Dorex2007 [Ad 9h]
AndyMs1985: folds 
stanfordPB: calls $0.02
Dorex2007: folds 
Stepler17: folds 
dr voorgang: folds 
Andorrior: calls $0.02
grigorio7777777 joins the table at seat #9 
dazza12373: raises $0.08 to $0.10
hecman70: folds 
stanfordPB: folds 
Andorrior: folds 
Uncalled bet ($0.08) returned to dazza12373
dazza12373 collected $0.08 from pot
dazza12373: doesn't show hand 
*** SUMMARY ***
Total pot $0.08 | Rake $0 
Seat 1: Dorex2007 folded before Flop (didn't bet)
Seat 2: Stepler17 folded before Flop (didn't bet)
Seat 3: dr voorgang folded before Flop (didn't bet)
Seat 4: Andorrior (button) folded before Flop
Seat 5: dazza12373 (small blind) collected ($0.08)
Seat 6: hecman70 (big blind) folded before Flop
Seat 7: AndyMs1985 folded before Flop (didn't bet)
Seat 8: stanfordPB folded before Flop



PokerStars Hand #232723104002:  Hold'em No Limit ($0.01/$0.02 USD) - 2022/01/01 13:11:45 PT [2022/01/01 16:11:45 ET]
Table 'Geometria III' 9-max Seat #5 is the button
Seat 1: Dorex2007 ($2.29 in chips) 
Seat 2: Stepler17 ($1.98 in chips) 
Seat 3: dr voorgang ($0.95 in chips) 
Seat 4: Andorrior ($0.57 in chips) 
Seat 5: dazza12373 ($1.48 in chips) 
Seat 6: hecman70 ($2.36 in chips) 
Seat 7: AndyMs1985 ($1.39 in chips) 
Seat 8: stanfordPB ($2.47 in chips) 
hecman70: posts small blind $0.01
AndyMs1985: posts big blind $0.02
grigorio7777777: sits out 
*** HOLE CARDS ***
Dealt to Dorex2007 [Jh 8h]
stanfordPB: folds 
Dorex2007: folds 
Stepler17: raises $0.05 to $0.07
dr voorgang: folds 
Andorrior: folds 
dazza12373: folds 
hecman70: calls $0.06
AndyMs1985: calls $0.05
*** FLOP *** [Qh 9c 7s]
hecman70: checks 
AndyMs1985: checks 
Stepler17: bets $0.10
hecman70: folds 
AndyMs1985: folds 
Uncalled bet ($0.10) returned to Stepler17
Stepler17 collected $0.20 from pot
Stepler17: doesn't show hand 
*** SUMMARY ***
Total pot $0.21 | Rake $0.01 
Board [Qh 9c 7s]
Seat 1: Dorex2007 folded before Flop (didn't bet)
Seat 2: Stepler17 collected ($0.20)
Seat 3: dr voorgang folded before Flop (didn't bet)
Seat 4: Andorrior folded before Flop (didn't bet)
Seat 5: dazza12373 (button) folded before Flop (didn't bet)
Seat 6: hecman70 (small blind) folded on the Flop
Seat 7: AndyMs1985 (big blind) folded on the Flop
Seat 8: stanfordPB folded before Flop (didn't bet)



PokerStars Hand #232723130681:  Hold'em No Limit ($0.01/$0.02 USD) - 2022/01/01 13:12:31 PT [2022/01/01 16:12:31 ET]
Table 'Geometria III' 9-max Seat #6 is the button
Seat 1: Dorex2007 ($2.29 in chips) 
Seat 2: Stepler17 ($2.11 in chips) 
Seat 3: dr voorgang ($0.95 in chips) 
Seat 4: Andorrior ($0.57 in chips) 
Seat 5: dazza12373 ($1.48 in chips) 
Seat 6: hecman70 ($2.29 in chips) 
Seat 7: AndyMs1985 ($1.32 in chips) 
Seat 8: stanfordPB ($2.47 in chips) 
AndyMs1985: posts small blind $0.01
stanfordPB: posts big blind $0.02
grigorio7777777: sits out 
*** HOLE CARDS ***
Dealt to Dorex2007 [Ks 7s]
Dorex2007: folds 
Stepler17: folds 
dr voorgang: folds 
Andorrior: folds 
dazza12373: folds 
hecman70: calls $0.02
AndyMs1985: calls $0.01
stanfordPB: checks 
*** FLOP *** [Ah Jc 6s]
AndyMs1985: checks 
stanfordPB: checks 
hecman70: bets $0.02
AndyMs1985: folds 
stanfordPB: folds 
Uncalled bet ($0.02) returned to hecman70
hecman70 collected $0.06 from pot
hecman70: doesn't show hand 
*** SUMMARY ***
Total pot $0.06 | Rake $0 
Board [Ah Jc 6s]
Seat 1: Dorex2007 folded before Flop (didn't bet)
Seat 2: Stepler17 folded before Flop (didn't bet)
Seat 3: dr voorgang folded before Flop (didn't bet)
Seat 4: Andorrior folded before Flop (didn't bet)
Seat 5: dazza12373 folded before Flop (didn't bet)
Seat 6: hecman70 (button) collected ($0.06)
Seat 7: AndyMs1985 (small blind) folded on the Flop
Seat 8: stanfordPB (big blind) folded on the Flop



PokerStars Hand #232723154721:  Hold'em No Limit ($0.01/$0.02 USD) - 2022/01/01 13:13:11 PT [2022/01/01 16:13:11 ET]
Table 'Geometria III' 9-max Seat #7 is the button
Seat 1: Dorex2007 ($2.29 in chips) 
Seat 2: Stepler17 ($2.11 in chips) 
Seat 3: dr voorgang ($0.95 in chips) 
Seat 4: Andorrior ($0.57 in chips) 
Seat 5: dazza12373 ($1.48 in chips) 
Seat 6: hecman70 ($2.33 in chips) 
Seat 7: AndyMs1985 ($1.30 in chips) 
Seat 8: stanfordPB ($2.45 in chips) 
Seat 9: grigorio7777777 ($2 in chips) 
stanfordPB: posts small blind $0.01
grigorio7777777: posts big blind $0.02
*** HOLE CARDS ***
Dealt to Dorex2007 [Jd 3h]
Dorex2007: folds 
Stepler17: raises $0.04 to $0.06
dr voorgang: folds 
Andorrior: folds 
dazza12373: folds 
hecman70: folds 
AndyMs1985: folds 
stanfordPB: folds 
grigorio7777777: calls $0.04
*** FLOP *** [9c 6d 3s]
grigorio7777777: checks 
Stepler17: bets $0.07
grigorio7777777: folds 
Uncalled bet ($0.07) returned to Stepler17
Stepler17 collected $0.13 from pot
Stepler17: doesn't show hand 
*** SUMMARY ***
Total pot $0.13 | Rake $0 
Board [9c 6d 3s]
Seat 1: Dorex2007 folded before Flop (didn't bet)
Seat 2: Stepler17 collected ($0.13)
Seat 3: dr voorgang folded before Flop (didn't bet)
Seat 4: Andorrior folded before Flop (didn't bet)
Seat 5: dazza12373 folded before Flop (didn't bet)
Seat 6: hecman70 folded before Flop (didn't bet)
Seat 7: AndyMs1985 (button) folded before Flop (didn't bet)
Seat 8: stanfordPB (small blind) folded before Flop
Seat 9: grigorio7777777 (big blind) folded on the Flop



PokerStars Hand #232723180873:  Hold'em No Limit ($0.01/$0.02 USD) - 2022/01/01 13:13:55 PT [2022/01/01 16:13:55 ET]
Table 'Geometria III' 9-max Seat #8 is the button
Seat 1: Dorex2007 ($2.29 in chips) 
Seat 2: Stepler17 ($2.18 in chips) 
Seat 3: dr voorgang ($0.95 in chips) 
Seat 4: Andorrior ($0.57 in chips) 
Seat 5: dazza12373 ($1.48 in chips) 
Seat 6: hecman70 ($2.33 in chips) 
Seat 7: AndyMs1985 ($1.30 in chips) 
Seat 8: stanfordPB ($2.44 in chips) 
Seat 9: grigorio7777777 ($1.94 in chips) 
grigorio7777777: posts small blind $0.01
Dorex2007: posts big blind $0.02
*** HOLE CARDS ***
Dealt to Dorex2007 [Ks Kd]
Stepler17: folds 
dr voorgang has timed out
dr voorgang: folds 
Andorrior: folds 
dazza12373: folds 
hecman70: folds 
AndyMs1985: folds 
stanfordPB: folds 
grigorio7777777: calls $0.01
Dorex2007: raises $0.06 to $0.08
grigorio7777777: calls $0.06
*** FLOP *** [3s Js Kh]
grigorio7777777: checks 
Dorex2007: bets $2.21 and is all-in
grigorio7777777: calls $1.86 and is all-in
Uncalled bet ($0.35) returned to Dorex2007
*** TURN *** [3s Js Kh] [8c]
*** RIVER *** [3s Js Kh 8c] [Ad]
*** SHOW DOWN ***
grigorio7777777: shows [Qs 9h] (high card Ace)
Dorex2007: shows [Ks Kd] (three of a kind, Kings)
Dorex2007 cashed out the hand for $3.22 | Cash Out Fee $0.03
*** SUMMARY ***
Total pot $3.88 | Rake $0.14 
Board [3s Js Kh 8c Ad]
Seat 1: Dorex2007 (big blind) showed [Ks Kd] and won ($3.74) with three of a kind, Kings (pot not awarded as player cashed out)
Seat 2: Stepler17 folded before Flop (didn't bet)
Seat 3: dr voorgang folded before Flop (didn't bet)
Seat 4: Andorrior folded before Flop (didn't bet)
Seat 5: dazza12373 folded before Flop (didn't bet)
Seat 6: hecman70 folded before Flop (didn't bet)
Seat 7: AndyMs1985 folded before Flop (didn't bet)
Seat 8: stanfordPB (button) folded before Flop (didn't bet)
Seat 9: grigorio7777777 (small blind) showed [Qs 9h] and lost with high card Ace



PokerStars Hand #232723223603:  Hold'em No Limit ($0.01/$0.02 USD) - 2022/01/01 13:15:07 PT [2022/01/01 16:15:07 ET]
Table 'Geometria III' 9-max Seat #1 is the button
Seat 1: Dorex2007 ($3.57 in chips) 
Seat 2: Stepler17 ($2.18 in chips) 
Seat 4: Andorrior ($0.57 in chips) 
Seat 5: dazza12373 ($1.48 in chips) 
Seat 6: hecman70 ($2.33 in chips) 
Seat 7: AndyMs1985 ($1.30 in chips) 
Seat 8: stanfordPB ($2.44 in chips) 
Stepler17: posts small blind $0.01
Andorrior: posts big blind $0.02
*** HOLE CARDS ***
Dealt to Dorex2007 [7c Kd]
dazza12373: folds 
hecman70: folds 
AndyMs1985: folds 
stanfordPB: raises $0.04 to $0.06
Dorex2007: folds 
Stepler17: folds 
Andorrior: folds 
Uncalled bet ($0.04) returned to stanfordPB
stanfordPB collected $0.05 from pot
stanfordPB: doesn't show hand 
*** SUMMARY ***
Total pot $0.05 | Rake $0 
Seat 1: Dorex2007 (button) folded before Flop (didn't bet)
Seat 2: Stepler17 (small blind) folded before Flop
Seat 4: Andorrior (big blind) folded before Flop
Seat 5: dazza12373 folded before Flop (didn't bet)
Seat 6: hecman70 folded before Flop (didn't bet)
Seat 7: AndyMs1985 folded before Flop (didn't bet)
Seat 8: stanfordPB collected ($0.05)



PokerStars Hand #232723235704:  Hold'em No Limit ($0.01/$0.02 USD) - 2022/01/01 13:15:27 PT [2022/01/01 16:15:27 ET]
Table 'Geometria III' 9-max Seat #2 is the button
Seat 1: Dorex2007 ($3.57 in chips) 
Seat 2: Stepler17 ($2.17 in chips) 
Seat 4: Andorrior ($0.55 in chips) 
Seat 5: dazza12373 ($1.48 in chips) 
Seat 6: hecman70 ($2.33 in chips) 
Seat 7: AndyMs1985 ($1.30 in chips) 
Seat 8: stanfordPB ($2.47 in chips) 
Seat 9: grigorio7777777 ($2 in chips) 
Andorrior: posts small blind $0.01
dazza12373: posts big blind $0.02
*** HOLE CARDS ***
Dealt to Dorex2007 [5d 3d]
hecman70: folds 
AndyMs1985: folds 
stanfordPB: folds 
grigorio7777777: folds 
Dorex2007: folds 
Stepler17: raises $0.04 to $0.06
Andorrior: folds 
dazza12373: calls $0.04
*** FLOP *** [Ah 2d 2s]
dazza12373: checks 
Stepler17: bets $0.04
dazza12373: folds 
Uncalled bet ($0.04) returned to Stepler17
Stepler17 collected $0.13 from pot
Stepler17: doesn't show hand 
*** SUMMARY ***
Total pot $0.13 | Rake $0 
Board [Ah 2d 2s]
Seat 1: Dorex2007 folded before Flop (didn't bet)
Seat 2: Stepler17 (button) collected ($0.13)
Seat 4: Andorrior (small blind) folded before Flop
Seat 5: dazza12373 (big blind) folded on the Flop
Seat 6: hecman70 folded before Flop (didn't bet)
Seat 7: AndyMs1985 folded before Flop (didn't bet)
Seat 8: stanfordPB folded before Flop (didn't bet)
Seat 9: grigorio7777777 folded before Flop (didn't bet)



PokerStars Hand #232723257673:  Hold'em No Limit ($0.01/$0.02 USD) - 2022/01/01 13:16:03 PT [2022/01/01 16:16:03 ET]
Table 'Geometria III' 9-max Seat #4 is the button
Seat 1: Dorex2007 ($3.57 in chips) 
Seat 2: Stepler17 ($2.24 in chips) 
Seat 4: Andorrior ($0.54 in chips) 
Seat 5: dazza12373 ($1.42 in chips) 
Seat 6: hecman70 ($2.33 in chips) 
Seat 7: AndyMs1985 ($1.30 in chips) 
Seat 8: stanfordPB ($2.47 in chips) 
Seat 9: grigorio7777777 ($2 in chips) 
dazza12373: posts small blind $0.01
hecman70: posts big blind $0.02
*** HOLE CARDS ***
Dealt to Dorex2007 [Kd 5h]
AndyMs1985 has timed out
AndyMs1985: folds 
stanfordPB: folds 
grigorio7777777: folds 
Dorex2007: folds 
Stepler17: raises $0.02 to $0.04
Andorrior: folds 
dazza12373: folds 
hecman70: calls $0.02
*** FLOP *** [6d Jh 8c]
hecman70: checks 
Stepler17: checks 
*** TURN *** [6d Jh 8c] [Ks]
hecman70: checks 
Stepler17: bets $0.06
hecman70: folds 
Uncalled bet ($0.06) returned to Stepler17
Stepler17 collected $0.09 from pot
Stepler17: doesn't show hand 
*** SUMMARY ***
Total pot $0.09 | Rake $0 
Board [6d Jh 8c Ks]
Seat 1: Dorex2007 folded before Flop (didn't bet)
Seat 2: Stepler17 collected ($0.09)
Seat 4: Andorrior (button) folded before Flop (didn't bet)
Seat 5: dazza12373 (small blind) folded before Flop
Seat 6: hecman70 (big blind) folded on the Turn
Seat 7: AndyMs1985 folded before Flop (didn't bet)
Seat 8: stanfordPB folded before Flop (didn't bet)
Seat 9: grigorio7777777 folded before Flop (didn't bet)



PokerStars Hand #232723291513:  Hold'em No Limit ($0.01/$0.02 USD) - 2022/01/01 13:16:58 PT [2022/01/01 16:16:58 ET]
Table 'Geometria III' 9-max Seat #5 is the button
Seat 1: Dorex2007 ($3.57 in chips) 
Seat 2: Stepler17 ($2.29 in chips) 
Seat 4: Andorrior ($0.54 in chips) 
Seat 5: dazza12373 ($1.41 in chips) 
Seat 6: hecman70 ($2.29 in chips) 
Seat 7: AndyMs1985 ($1.30 in chips) 
Seat 8: stanfordPB ($2.47 in chips) 
Seat 9: grigorio7777777 ($2 in chips) 
hecman70: posts small blind $0.01
AndyMs1985: posts big blind $0.02
*** HOLE CARDS ***
Dealt to Dorex2007 [5s 7h]
stanfordPB: calls $0.02
grigorio7777777: folds 
Dorex2007: folds 
Stepler17: folds 
Andorrior: folds 
dazza12373: folds 
hecman70: folds 
AndyMs1985: checks 
*** FLOP *** [6s Kc 9h]
AndyMs1985: checks 
stanfordPB: checks 
*** TURN *** [6s Kc 9h] [4h]
AndyMs1985: bets $0.04
stanfordPB: calls $0.04
*** RIVER *** [6s Kc 9h 4h] [9s]
AndyMs1985: bets $0.06
stanfordPB: calls $0.06
*** SHOW DOWN ***
AndyMs1985: shows [Kh 8c] (two pair, Kings and Nines)
stanfordPB: mucks hand 
AndyMs1985 collected $0.24 from pot
*** SUMMARY ***
Total pot $0.25 | Rake $0.01 
Board [6s Kc 9h 4h 9s]
Seat 1: Dorex2007 folded before Flop (didn't bet)
Seat 2: Stepler17 folded before Flop (didn't bet)
Seat 4: Andorrior folded before Flop (didn't bet)
Seat 5: dazza12373 (button) folded before Flop (didn't bet)
Seat 6: hecman70 (small blind) folded before Flop
Seat 7: AndyMs1985 (big blind) showed [Kh 8c] and won ($0.24) with two pair, Kings and Nines
Seat 8: stanfordPB mucked [4c 3c]
Seat 9: grigorio7777777 folded before Flop (didn't bet)



PokerStars Hand #232723312492:  Hold'em No Limit ($0.01/$0.02 USD) - 2022/01/01 13:17:32 PT [2022/01/01 16:17:32 ET]
Table 'Geometria III' 9-max Seat #6 is the button
Seat 1: Dorex2007 ($3.57 in chips) 
Seat 2: Stepler17 ($2.29 in chips) 
Seat 4: Andorrior ($0.54 in chips) 
Seat 5: dazza12373 ($1.41 in chips) 
Seat 6: hecman70 ($2.28 in chips) 
Seat 7: AndyMs1985 ($1.42 in chips) 
Seat 9: grigorio7777777 ($2 in chips) 
AndyMs1985: posts small blind $0.01
stanfordPB: is sitting out 
grigorio7777777: posts big blind $0.02
*** HOLE CARDS ***
Dealt to Dorex2007 [As Qs]
Dorex2007: raises $0.04 to $0.06
Stepler17: folds 
Andorrior: folds 
dazza12373: folds 
hecman70: folds 
AndyMs1985: folds 
grigorio7777777: folds 
Uncalled bet ($0.04) returned to Dorex2007
Dorex2007 collected $0.05 from pot
Dorex2007: doesn't show hand 
*** SUMMARY ***
Total pot $0.05 | Rake $0 
Seat 1: Dorex2007 collected ($0.05)
Seat 2: Stepler17 folded before Flop (didn't bet)
Seat 4: Andorrior folded before Flop (didn't bet)
Seat 5: dazza12373 folded before Flop (didn't bet)
Seat 6: hecman70 (button) folded before Flop (didn't bet)
Seat 7: AndyMs1985 (small blind) folded before Flop
Seat 9: grigorio7777777 (big blind) folded before Flop



PokerStars Hand #232723326940:  Hold'em No Limit ($0.01/$0.02 USD) - 2022/01/01 13:17:56 PT [2022/01/01 16:17:56 ET]
Table 'Geometria III' 9-max Seat #7 is the button
Seat 1: Dorex2007 ($3.60 in chips) 
Seat 2: Stepler17 ($2.29 in chips) 
Seat 4: Andorrior ($0.54 in chips) 
Seat 5: dazza12373 ($1.41 in chips) 
Seat 6: hecman70 ($2.28 in chips) 
Seat 7: AndyMs1985 ($1.41 in chips) 
Seat 9: grigorio7777777 ($1.98 in chips) 
grigorio7777777: posts small blind $0.01
Dorex2007: posts big blind $0.02
*** HOLE CARDS ***
Dealt to Dorex2007 [Tc Ts]
Stepler17: folds 
Andorrior: folds 
dazza12373: folds 
hecman70: calls $0.02
AndyMs1985: calls $0.02
grigorio7777777: calls $0.01
Dorex2007: checks 
*** FLOP *** [6d 9c Ad]
grigorio7777777: checks 
Dorex2007: checks 
hecman70: checks 
AndyMs1985: checks 
*** TURN *** [6d 9c Ad] [Jd]
grigorio7777777: checks 
Dorex2007: bets $0.05
hecman70: calls $0.05
AndyMs1985: folds 
grigorio7777777: folds 
*** RIVER *** [6d 9c Ad Jd] [3s]
Dorex2007: bets $0.09
hecman70: folds 
Uncalled bet ($0.09) returned to Dorex2007
Dorex2007 collected $0.17 from pot
Dorex2007: doesn't show hand 
*** SUMMARY ***
Total pot $0.18 | Rake $0.01 
Board [6d 9c Ad Jd 3s]
Seat 1: Dorex2007 (big blind) collected ($0.17)
Seat 2: Stepler17 folded before Flop (didn't bet)
Seat 4: Andorrior folded before Flop (didn't bet)
Seat 5: dazza12373 folded before Flop (didn't bet)
Seat 6: hecman70 folded on the River
Seat 7: AndyMs1985 (button) folded on the Turn
Seat 9: grigorio7777777 (small blind) folded on the Turn



PokerStars Hand #232723365870:  Hold'em No Limit ($0.01/$0.02 USD) - 2022/01/01 13:18:47 PT [2022/01/01 16:18:47 ET]
Table 'Geometria III' 9-max Seat #9 is the button
Seat 1: Dorex2007 ($3.70 in chips) 
Seat 2: Stepler17 ($2.29 in chips) 
Seat 4: Andorrior ($0.54 in chips) 
Seat 5: dazza12373 ($1.41 in chips) 
Seat 6: hecman70 ($2.21 in chips) 
Seat 7: AndyMs1985 ($1.39 in chips) 
Seat 8: stanfordPB ($2.35 in chips) 
Seat 9: grigorio7777777 ($1.96 in chips) 
Dorex2007: posts small blind $0.01
Stepler17: posts big blind $0.02
stanfordPB: posts small & big blinds $0.03
*** HOLE CARDS ***
Dealt to Dorex2007 [Qh 5d]
Andorrior: folds 
dazza12373: raises $0.02 to $0.04
hecman70: calls $0.04
AndyMs1985: folds 
stanfordPB: folds 
grigorio7777777: calls $0.04
Dorex2007: folds 
Stepler17: calls $0.02
*** FLOP *** [Qd 4d 8d]
Stepler17: checks 
dazza12373: checks 
hecman70: checks 
grigorio7777777: checks 
*** TURN *** [Qd 4d 8d] [Qc]
Stepler17: checks 
dazza12373: checks 
hecman70: bets $0.09
grigorio7777777: calls $0.09
Stepler17: folds 
dazza12373: folds 
*** RIVER *** [Qd 4d 8d Qc] [5h]
hecman70: bets $0.18
grigorio7777777: folds 
Uncalled bet ($0.18) returned to hecman70
hecman70 collected $0.37 from pot
hecman70: doesn't show hand 
*** SUMMARY ***
Total pot $0.38 | Rake $0.01 
Board [Qd 4d 8d Qc 5h]
Seat 1: Dorex2007 (small blind) folded before Flop
Seat 2: Stepler17 (big blind) folded on the Turn
Seat 4: Andorrior folded before Flop (didn't bet)
Seat 5: dazza12373 folded on the Turn
Seat 6: hecman70 collected ($0.37)
Seat 7: AndyMs1985 folded before Flop (didn't bet)
Seat 8: stanfordPB folded before Flop (didn't bet)
Seat 9: grigorio7777777 (button) folded on the River



PokerStars Hand #232723406203:  Hold'em No Limit ($0.01/$0.02 USD) - 2022/01/01 13:19:54 PT [2022/01/01 16:19:54 ET]
Table 'Geometria III' 9-max Seat #1 is the button
Seat 1: Dorex2007 ($3.69 in chips) 
Seat 2: Stepler17 ($2.25 in chips) 
Seat 4: Andorrior ($0.54 in chips) 
Seat 5: dazza12373 ($1.37 in chips) 
Seat 6: hecman70 ($2.45 in chips) 
Seat 7: AndyMs1985 ($1.39 in chips) 
Seat 8: stanfordPB ($2.32 in chips) 
Seat 9: grigorio7777777 ($1.83 in chips) 
Stepler17: posts small blind $0.01
Andorrior: posts big blind $0.02
*** HOLE CARDS ***
Dealt to Dorex2007 [9d Qh]
dazza12373: folds 
hecman70: folds 
AndyMs1985: folds 
stanfordPB: folds 
grigorio7777777: calls $0.02
Dorex2007: folds 
Stepler17: raises $0.06 to $0.08
Andorrior: folds 
grigorio7777777: calls $0.06
*** FLOP *** [Ad 4h 4c]
Stepler17: bets $0.17
grigorio7777777: calls $0.17
*** TURN *** [Ad 4h 4c] [5c]
Stepler17: bets $0.06
grigorio7777777: calls $0.06
*** RIVER *** [Ad 4h 4c 5c] [Qc]
Stepler17: checks 
grigorio7777777: checks 
*** SHOW DOWN ***
Stepler17: shows [6c 6h] (two pair, Sixes and Fours)
grigorio7777777: mucks hand 
Stepler17 collected $0.62 from pot
*** SUMMARY ***
Total pot $0.64 | Rake $0.02 
Board [Ad 4h 4c 5c Qc]
Seat 1: Dorex2007 (button) folded before Flop (didn't bet)
Seat 2: Stepler17 (small blind) showed [6c 6h] and won ($0.62) with two pair, Sixes and Fours
Seat 4: Andorrior (big blind) folded before Flop
Seat 5: dazza12373 folded before Flop (didn't bet)
Seat 6: hecman70 folded before Flop (didn't bet)
Seat 7: AndyMs1985 folded before Flop (didn't bet)
Seat 8: stanfordPB folded before Flop (didn't bet)
Seat 9: grigorio7777777 mucked [5h 2s]



PokerStars Hand #232723439749:  Hold'em No Limit ($0.01/$0.02 USD) - 2022/01/01 13:20:48 PT [2022/01/01 16:20:48 ET]
Table 'Geometria III' 9-max Seat #2 is the button
Seat 1: Dorex2007 ($3.69 in chips) 
Seat 2: Stepler17 ($2.56 in chips) 
Seat 4: Andorrior ($0.52 in chips) 
Seat 5: dazza12373 ($1.37 in chips) 
Seat 6: hecman70 ($2.45 in chips) 
Seat 7: AndyMs1985 ($1.39 in chips) 
Seat 8: stanfordPB ($2.32 in chips) 
Seat 9: grigorio7777777 ($1.52 in chips) 
Andorrior: posts small blind $0.01
dazza12373: posts big blind $0.02
*** HOLE CARDS ***
Dealt to Dorex2007 [6s Ad]
hecman70: folds 
AndyMs1985: folds 
stanfordPB: folds 
grigorio7777777: calls $0.02
Dorex2007: folds 
Stepler17: raises $0.07 to $0.09
Andorrior: folds 
dazza12373: folds 
grigorio7777777: calls $0.07
*** FLOP *** [3s Ks 7s]
grigorio7777777: checks 
Stepler17: bets $0.10
grigorio7777777: calls $0.10
*** TURN *** [3s Ks 7s] [9c]
grigorio7777777: checks 
Stepler17: bets $0.10
grigorio7777777: raises $0.30 to $0.40
Stepler17: calls $0.30
*** RIVER *** [3s Ks 7s 9c] [2s]
grigorio7777777: bets $0.93 and is all-in
Stepler17: calls $0.93
*** SHOW DOWN ***
grigorio7777777: shows [9s As] (a flush, Ace high)
Stepler17: shows [Ts Th] (a flush, King high)
grigorio7777777 collected $2.96 from pot
*** SUMMARY ***
Total pot $3.07 | Rake $0.11 
Board [3s Ks 7s 9c 2s]
Seat 1: Dorex2007 folded before Flop (didn't bet)
Seat 2: Stepler17 (button) showed [Ts Th] and lost with a flush, King high
Seat 4: Andorrior (small blind) folded before Flop
Seat 5: dazza12373 (big blind) folded before Flop
Seat 6: hecman70 folded before Flop (didn't bet)
Seat 7: AndyMs1985 folded before Flop (didn't bet)
Seat 8: stanfordPB folded before Flop (didn't bet)
Seat 9: grigorio7777777 showed [9s As] and won ($2.96) with a flush, Ace high



PokerStars Hand #232723484051:  Hold'em No Limit ($0.01/$0.02 USD) - 2022/01/01 13:22:02 PT [2022/01/01 16:22:02 ET]
Table 'Geometria III' 9-max Seat #4 is the button
Seat 1: Dorex2007 ($3.69 in chips) 
Seat 2: Stepler17 ($1.04 in chips) 
Seat 3: dr voorgang ($0.95 in chips) 
Seat 4: Andorrior ($0.51 in chips) 
Seat 5: dazza12373 ($1.35 in chips) 
Seat 6: hecman70 ($2.45 in chips) 
Seat 7: AndyMs1985 ($1.39 in chips) 
Seat 8: stanfordPB ($2.32 in chips) 
Seat 9: grigorio7777777 ($2.96 in chips) 
dazza12373: posts small blind $0.01
hecman70: posts big blind $0.02
dr voorgang: posts small & big blinds $0.03
*** HOLE CARDS ***
Dealt to Dorex2007 [Ac 5c]
AndyMs1985 has timed out
AndyMs1985: folds 
stanfordPB: raises $0.02 to $0.04
grigorio7777777: folds 
Dorex2007: folds 
Stepler17: folds 
Stepler17 leaves the table
dr voorgang: folds 
Andorrior: folds 
dazza12373: folds 
hecman70: calls $0.02
*** FLOP *** [Kd 3s 3h]
Kerpesamana joins the table at seat #2 
hecman70: checks 
stanfordPB: checks 
*** TURN *** [Kd 3s 3h] [Jh]
hecman70: checks 
stanfordPB: bets $0.12
hecman70: folds 
Uncalled bet ($0.12) returned to stanfordPB
stanfordPB collected $0.12 from pot
stanfordPB: doesn't show hand 
*** SUMMARY ***
Total pot $0.12 | Rake $0 
Board [Kd 3s 3h Jh]
Seat 1: Dorex2007 folded before Flop (didn't bet)
Seat 2: Stepler17 folded before Flop (didn't bet)
Seat 3: dr voorgang folded before Flop (didn't bet)
Seat 4: Andorrior (button) folded before Flop (didn't bet)
Seat 5: dazza12373 (small blind) folded before Flop
Seat 6: hecman70 (big blind) folded on the Turn
Seat 7: AndyMs1985 folded before Flop (didn't bet)
Seat 8: stanfordPB collected ($0.12)
Seat 9: grigorio7777777 folded before Flop (didn't bet)



PokerStars Hand #232723530648:  Hold'em No Limit ($0.01/$0.02 USD) - 2022/01/01 13:23:19 PT [2022/01/01 16:23:19 ET]
Table 'Geometria III' 9-max Seat #5 is the button
Seat 1: Dorex2007 ($3.69 in chips) 
Seat 2: Kerpesamana ($1 in chips) 
Seat 3: dr voorgang ($0.92 in chips) 
Seat 4: Andorrior ($0.51 in chips) 
Seat 5: dazza12373 ($1.34 in chips) 
Seat 6: hecman70 ($2.41 in chips) 
Seat 7: AndyMs1985 ($1.39 in chips) 
Seat 8: stanfordPB ($2.40 in chips) 
Seat 9: grigorio7777777 ($2.96 in chips) 
hecman70: posts small blind $0.01
AndyMs1985: posts big blind $0.02
Kerpesamana: posts big blind $0.02
*** HOLE CARDS ***
Dealt to Dorex2007 [7c Th]
stanfordPB: folds 
grigorio7777777: folds 
Dorex2007: folds 
Kerpesamana: checks 
dr voorgang: folds 
Andorrior: folds 
dazza12373: raises $0.04 to $0.06
hecman70: folds 
AndyMs1985: folds 
Kerpesamana: raises $0.12 to $0.18
dazza12373: calls $0.12
*** FLOP *** [Jd 4s 3h]
Kerpesamana: checks 
dazza12373: bets $1.16 and is all-in
Kerpesamana: folds 
Uncalled bet ($1.16) returned to dazza12373
dazza12373 collected $0.38 from pot
dazza12373: doesn't show hand 
*** SUMMARY ***
Total pot $0.39 | Rake $0.01 
Board [Jd 4s 3h]
Seat 1: Dorex2007 folded before Flop (didn't bet)
Seat 2: Kerpesamana folded on the Flop
Seat 3: dr voorgang folded before Flop (didn't bet)
Seat 4: Andorrior folded before Flop (didn't bet)
Seat 5: dazza12373 (button) collected ($0.38)
Seat 6: hecman70 (small blind) folded before Flop
Seat 7: AndyMs1985 (big blind) folded before Flop
Seat 8: stanfordPB folded before Flop (didn't bet)
Seat 9: grigorio7777777 folded before Flop (didn't bet)



PokerStars Hand #232723552622:  Hold'em No Limit ($0.01/$0.02 USD) - 2022/01/01 13:23:55 PT [2022/01/01 16:23:55 ET]
Table 'Geometria III' 9-max Seat #6 is the button
Seat 1: Dorex2007 ($3.69 in chips) 
Seat 2: Kerpesamana ($0.82 in chips) 
Seat 3: dr voorgang ($0.92 in chips) 
Seat 4: Andorrior ($0.51 in chips) 
Seat 5: dazza12373 ($1.54 in chips) 
Seat 6: hecman70 ($2.40 in chips) 
Seat 7: AndyMs1985 ($1.37 in chips) 
Seat 8: stanfordPB ($2.40 in chips) 
Seat 9: grigorio7777777 ($2.96 in chips) 
AndyMs1985: posts small blind $0.01
stanfordPB: posts big blind $0.02
*** HOLE CARDS ***
Dealt to Dorex2007 [4c 6h]
grigorio7777777: calls $0.02
Dorex2007: folds 
Kerpesamana: folds 
dr voorgang: folds 
Andorrior: folds 
dazza12373: folds 
hecman70: folds 
AndyMs1985: calls $0.01
stanfordPB: checks 
*** FLOP *** [Kh 8s Jd]
AndyMs1985: checks 
stanfordPB: checks 
grigorio7777777: checks 
*** TURN *** [Kh 8s Jd] [Ad]
AndyMs1985: checks 
stanfordPB: bets $0.06
grigorio7777777: folds 
AndyMs1985: folds 
Uncalled bet ($0.06) returned to stanfordPB
stanfordPB collected $0.06 from pot
stanfordPB: doesn't show hand 
*** SUMMARY ***
Total pot $0.06 | Rake $0 
Board [Kh 8s Jd Ad]
Seat 1: Dorex2007 folded before Flop (didn't bet)
Seat 2: Kerpesamana folded before Flop (didn't bet)
Seat 3: dr voorgang folded before Flop (didn't bet)
Seat 4: Andorrior folded before Flop (didn't bet)
Seat 5: dazza12373 folded before Flop (didn't bet)
Seat 6: hecman70 (button) folded before Flop (didn't bet)
Seat 7: AndyMs1985 (small blind) folded on the Turn
Seat 8: stanfordPB (big blind) collected ($0.06)
Seat 9: grigorio7777777 folded on the Turn



PokerStars Hand #232723588183:  Hold'em No Limit ($0.01/$0.02 USD) - 2022/01/01 13:24:53 PT [2022/01/01 16:24:53 ET]
Table 'Geometria III' 9-max Seat #7 is the button
Seat 1: Dorex2007 ($3.69 in chips) 
Seat 2: Kerpesamana ($0.82 in chips) 
Seat 3: dr voorgang ($0.92 in chips) 
Seat 4: Andorrior ($0.51 in chips) 
Seat 5: dazza12373 ($1.54 in chips) 
Seat 6: hecman70 ($2.40 in chips) 
Seat 7: AndyMs1985 ($1.35 in chips) 
Seat 8: stanfordPB ($2.44 in chips) 
Seat 9: grigorio7777777 ($2.94 in chips) 
stanfordPB: posts small blind $0.01
grigorio7777777: posts big blind $0.02
*** HOLE CARDS ***
Dealt to Dorex2007 [3d Kc]
Dorex2007: folds 
Kerpesamana: folds 
dr voorgang: folds 
Andorrior: folds 
dazza12373: folds 
hecman70: folds 
AndyMs1985: folds 
stanfordPB: calls $0.01
grigorio7777777: checks 
*** FLOP *** [4d 6d 6h]
stanfordPB: checks 
grigorio7777777: checks 
*** TURN *** [4d 6d 6h] [6s]
stanfordPB: bets $0.06
grigorio7777777: folds 
Uncalled bet ($0.06) returned to stanfordPB
stanfordPB collected $0.04 from pot
stanfordPB: doesn't show hand 
*** SUMMARY ***
Total pot $0.04 | Rake $0 
Board [4d 6d 6h 6s]
Seat 1: Dorex2007 folded before Flop (didn't bet)
Seat 2: Kerpesamana folded before Flop (didn't bet)
Seat 3: dr voorgang folded before Flop (didn't bet)
Seat 4: Andorrior folded before Flop (didn't bet)
Seat 5: dazza12373 folded before Flop (didn't bet)
Seat 6: hecman70 folded before Flop (didn't bet)
Seat 7: AndyMs1985 (button) folded before Flop (didn't bet)
Seat 8: stanfordPB (small blind) collected ($0.04)
Seat 9: grigorio7777777 (big blind) folded on the Turn



PokerStars Hand #232723619106:  Hold'em No Limit ($0.01/$0.02 USD) - 2022/01/01 13:25:45 PT [2022/01/01 16:25:45 ET]
Table 'Geometria III' 9-max Seat #8 is the button
Seat 1: Dorex2007 ($3.69 in chips) 
Seat 2: Kerpesamana ($0.82 in chips) 
Seat 3: dr voorgang ($0.92 in chips) 
Seat 4: Andorrior ($0.51 in chips) 
Seat 5: dazza12373 ($1.54 in chips) 
Seat 6: hecman70 ($2.40 in chips) 
Seat 7: AndyMs1985 ($1.35 in chips) 
Seat 8: stanfordPB ($2.46 in chips) 
Seat 9: grigorio7777777 ($2.92 in chips) 
grigorio7777777: posts small blind $0.01
Dorex2007: posts big blind $0.02
*** HOLE CARDS ***
Dealt to Dorex2007 [Ah 7d]
Kerpesamana: folds 
dr voorgang: folds 
Andorrior: folds 
dazza12373: folds 
hecman70: folds 
AndyMs1985: folds 
stanfordPB: calls $0.02
grigorio7777777: calls $0.01
Dorex2007: checks 
*** FLOP *** [Ts 7c 3h]
grigorio7777777: checks 
Dorex2007: checks 
stanfordPB: checks 
*** TURN *** [Ts 7c 3h] [3c]
grigorio7777777: checks 
Dorex2007: bets $0.04
stanfordPB: folds 
grigorio7777777: folds 
Uncalled bet ($0.04) returned to Dorex2007
Dorex2007 collected $0.06 from pot
Dorex2007: doesn't show hand 
*** SUMMARY ***
Total pot $0.06 | Rake $0 
Board [Ts 7c 3h 3c]
Seat 1: Dorex2007 (big blind) collected ($0.06)
Seat 2: Kerpesamana folded before Flop (didn't bet)
Seat 3: dr voorgang folded before Flop (didn't bet)
Seat 4: Andorrior folded before Flop (didn't bet)
Seat 5: dazza12373 folded before Flop (didn't bet)
Seat 6: hecman70 folded before Flop (didn't bet)
Seat 7: AndyMs1985 folded before Flop (didn't bet)
Seat 8: stanfordPB (button) folded on the Turn
Seat 9: grigorio7777777 (small blind) folded on the Turn



PokerStars Hand #232723643696:  Hold'em No Limit ($0.01/$0.02 USD) - 2022/01/01 13:26:25 PT [2022/01/01 16:26:25 ET]
Table 'Geometria III' 9-max Seat #9 is the button
Seat 1: Dorex2007 ($3.73 in chips) 
Seat 2: Kerpesamana ($0.82 in chips) 
Seat 3: dr voorgang ($0.92 in chips) 
Seat 4: Andorrior ($0.51 in chips) 
Seat 5: dazza12373 ($1.54 in chips) 
Seat 6: hecman70 ($2.40 in chips) 
Seat 7: AndyMs1985 ($1.35 in chips) 
Seat 8: stanfordPB ($2.44 in chips) 
Seat 9: grigorio7777777 ($2.90 in chips) 
Dorex2007: posts small blind $0.01
Kerpesamana: posts big blind $0.02
*** HOLE CARDS ***
Dealt to Dorex2007 [Js 9d]
dr voorgang: folds 
Andorrior: folds 
dazza12373: folds 
hecman70: folds 
AndyMs1985: raises $0.04 to $0.06
stanfordPB: folds 
grigorio7777777: folds 
Dorex2007: folds 
Kerpesamana: folds 
Uncalled bet ($0.04) returned to AndyMs1985
AndyMs1985 collected $0.05 from pot
AndyMs1985: doesn't show hand 
*** SUMMARY ***
Total pot $0.05 | Rake $0 
Seat 1: Dorex2007 (small blind) folded before Flop
Seat 2: Kerpesamana (big blind) folded before Flop
Seat 3: dr voorgang folded before Flop (didn't bet)
Seat 4: Andorrior folded before Flop (didn't bet)
Seat 5: dazza12373 folded before Flop (didn't bet)
Seat 6: hecman70 folded before Flop (didn't bet)
Seat 7: AndyMs1985 collected ($0.05)
Seat 8: stanfordPB folded before Flop (didn't bet)
Seat 9: grigorio7777777 (button) folded before Flop (didn't bet)



PokerStars Hand #232723658571:  Hold'em No Limit ($0.01/$0.02 USD) - 2022/01/01 13:26:50 PT [2022/01/01 16:26:50 ET]
Table 'Geometria III' 9-max Seat #1 is the button
Seat 1: Dorex2007 ($3.72 in chips) 
Seat 2: Kerpesamana ($0.80 in chips) 
Seat 3: dr voorgang ($0.92 in chips) 
Seat 4: Andorrior ($0.51 in chips) 
Seat 5: dazza12373 ($1.54 in chips) 
Seat 6: hecman70 ($2.40 in chips) 
Seat 7: AndyMs1985 ($1.38 in chips) 
Seat 8: stanfordPB ($2.44 in chips) 
Seat 9: grigorio7777777 ($2.90 in chips) 
Kerpesamana: posts small blind $0.01
dr voorgang: posts big blind $0.02
*** HOLE CARDS ***
Dealt to Dorex2007 [3h 7d]
Andorrior: calls $0.02
dazza12373: folds 
hecman70: folds 
AndyMs1985: folds 
stanfordPB has timed out
stanfordPB: folds 
grigorio7777777: folds 
Dorex2007: folds 
Kerpesamana: calls $0.01
dr voorgang: checks 
*** FLOP *** [Jd 7s 4d]
Kerpesamana: checks 
dr voorgang: checks 
Andorrior: checks 
*** TURN *** [Jd 7s 4d] [5s]
Kerpesamana: checks 
dr voorgang: checks 
Andorrior: checks 
*** RIVER *** [Jd 7s 4d 5s] [2s]
Kerpesamana: bets $0.04
dr voorgang: calls $0.04
Andorrior: calls $0.04
*** SHOW DOWN ***
Kerpesamana: shows [3s 7c] (a pair of Sevens)
dr voorgang: shows [3d Jc] (a pair of Jacks)
Andorrior: mucks hand 
dr voorgang collected $0.17 from pot
*** SUMMARY ***
Total pot $0.18 | Rake $0.01 
Board [Jd 7s 4d 5s 2s]
Seat 1: Dorex2007 (button) folded before Flop (didn't bet)
Seat 2: Kerpesamana (small blind) showed [3s 7c] and lost with a pair of Sevens
Seat 3: dr voorgang (big blind) showed [3d Jc] and won ($0.17) with a pair of Jacks
Seat 4: Andorrior mucked [Ts Td]
Seat 5: dazza12373 folded before Flop (didn't bet)
Seat 6: hecman70 folded before Flop (didn't bet)
Seat 7: AndyMs1985 folded before Flop (didn't bet)
Seat 8: stanfordPB folded before Flop (didn't bet)
Seat 9: grigorio7777777 folded before Flop (didn't bet)



PokerStars Hand #232723701964:  Hold'em No Limit ($0.01/$0.02 USD) - 2022/01/01 13:28:02 PT [2022/01/01 16:28:02 ET]
Table 'Geometria III' 9-max Seat #2 is the button
Seat 1: Dorex2007 ($3.72 in chips) 
Seat 2: Kerpesamana ($0.74 in chips) 
Seat 3: dr voorgang ($1.03 in chips) 
Seat 4: Andorrior ($0.45 in chips) 
Seat 5: dazza12373 ($1.54 in chips) 
Seat 6: hecman70 ($2.40 in chips) 
Seat 7: AndyMs1985 ($1.38 in chips) 
Seat 8: stanfordPB ($2.44 in chips) 
Seat 9: grigorio7777777 ($2.90 in chips) 
dr voorgang: posts small blind $0.01
Andorrior: posts big blind $0.02
*** HOLE CARDS ***
Dealt to Dorex2007 [4d 2d]
dazza12373: folds 
hecman70: folds 
AndyMs1985: folds 
stanfordPB: folds 
grigorio7777777: calls $0.02
Dorex2007: folds 
Kerpesamana: raises $0.03 to $0.05
dr voorgang: folds 
Andorrior: folds 
grigorio7777777: folds 
Uncalled bet ($0.03) returned to Kerpesamana
Kerpesamana collected $0.07 from pot
Kerpesamana: doesn't show hand 
*** SUMMARY ***
Total pot $0.07 | Rake $0 
Seat 1: Dorex2007 folded before Flop (didn't bet)
Seat 2: Kerpesamana (button) collected ($0.07)
Seat 3: dr voorgang (small blind) folded before Flop
Seat 4: Andorrior (big blind) folded before Flop
Seat 5: dazza12373 folded before Flop (didn't bet)
Seat 6: hecman70 folded before Flop (didn't bet)
Seat 7: AndyMs1985 folded before Flop (didn't bet)
Seat 8: stanfordPB folded before Flop (didn't bet)
Seat 9: grigorio7777777 folded before Flop



PokerStars Hand #232723722990:  Hold'em No Limit ($0.01/$0.02 USD) - 2022/01/01 13:28:37 PT [2022/01/01 16:28:37 ET]
Table 'Geometria III' 9-max Seat #3 is the button
Seat 1: Dorex2007 ($3.72 in chips) 
Seat 2: Kerpesamana ($0.79 in chips) 
Seat 3: dr voorgang ($1.02 in chips) 
Seat 4: Andorrior ($0.43 in chips) 
Seat 5: dazza12373 ($1.54 in chips) 
Seat 6: hecman70 ($2.40 in chips) 
Seat 7: AndyMs1985 ($1.38 in chips) 
Seat 8: stanfordPB ($2.44 in chips) 
Seat 9: grigorio7777777 ($2.88 in chips) 
Andorrior: posts small blind $0.01
dazza12373: posts big blind $0.02
*** HOLE CARDS ***
Dealt to Dorex2007 [6s As]
hecman70: folds 
AndyMs1985: folds 
stanfordPB has timed out
stanfordPB: folds 
grigorio7777777: calls $0.02
Dorex2007: folds 
Kerpesamana: folds 
dr voorgang: folds 
Andorrior: folds 
dazza12373: checks 
*** FLOP *** [Qh Js 2s]
dazza12373: checks 
grigorio7777777: checks 
*** TURN *** [Qh Js 2s] [Kc]
dazza12373: checks 
grigorio7777777: checks 
*** RIVER *** [Qh Js 2s Kc] [3h]
dazza12373: bets $0.02
grigorio7777777: calls $0.02
*** SHOW DOWN ***
dazza12373: shows [Jd 3s] (two pair, Jacks and Threes)
grigorio7777777: mucks hand 
dazza12373 collected $0.09 from pot
*** SUMMARY ***
Total pot $0.09 | Rake $0 
Board [Qh Js 2s Kc 3h]
Seat 1: Dorex2007 folded before Flop (didn't bet)
Seat 2: Kerpesamana folded before Flop (didn't bet)
Seat 3: dr voorgang (button) folded before Flop (didn't bet)
Seat 4: Andorrior (small blind) folded before Flop
Seat 5: dazza12373 (big blind) showed [Jd 3s] and won ($0.09) with two pair, Jacks and Threes
Seat 6: hecman70 folded before Flop (didn't bet)
Seat 7: AndyMs1985 folded before Flop (didn't bet)
Seat 8: stanfordPB folded before Flop (didn't bet)
Seat 9: grigorio7777777 mucked [6c Ac]



PokerStars Hand #232723744820:  Hold'em No Limit ($0.01/$0.02 USD) - 2022/01/01 13:29:14 PT [2022/01/01 16:29:14 ET]
Table 'Geometria III' 9-max Seat #4 is the button
Seat 1: Dorex2007 ($3.72 in chips) 
Seat 2: Kerpesamana ($0.79 in chips) 
Seat 3: dr voorgang ($1.02 in chips) 
Seat 4: Andorrior ($0.42 in chips) 
Seat 5: dazza12373 ($1.59 in chips) 
Seat 6: hecman70 ($2.40 in chips) 
Seat 7: AndyMs1985 ($1.38 in chips) 
Seat 8: stanfordPB ($2.44 in chips) 
Seat 9: grigorio7777777 ($2.84 in chips) 
dazza12373: posts small blind $0.01
hecman70: posts big blind $0.02
*** HOLE CARDS ***
Dealt to Dorex2007 [Ah 4s]
AndyMs1985: folds 
stanfordPB: calls $0.02
grigorio7777777: folds 
Dorex2007: folds 
Kerpesamana: folds 
dr voorgang: raises $0.04 to $0.06
Andorrior: folds 
dazza12373: folds 
hecman70: calls $0.04
stanfordPB: calls $0.04
*** FLOP *** [Ad Jc Qd]
hecman70: checks 
stanfordPB: bets $0.18
dr voorgang: folds 
hecman70: folds 
Uncalled bet ($0.18) returned to stanfordPB
stanfordPB collected $0.18 from pot
stanfordPB: doesn't show hand 
*** SUMMARY ***
Total pot $0.19 | Rake $0.01 
Board [Ad Jc Qd]
Seat 1: Dorex2007 folded before Flop (didn't bet)
Seat 2: Kerpesamana folded before Flop (didn't bet)
Seat 3: dr voorgang folded on the Flop
Seat 4: Andorrior (button) folded before Flop (didn't bet)
Seat 5: dazza12373 (small blind) folded before Flop
Seat 6: hecman70 (big blind) folded on the Flop
Seat 7: AndyMs1985 folded before Flop (didn't bet)
Seat 8: stanfordPB collected ($0.18)
Seat 9: grigorio7777777 folded before Flop (didn't bet)



PokerStars Hand #232723771925:  Hold'em No Limit ($0.01/$0.02 USD) - 2022/01/01 13:29:59 PT [2022/01/01 16:29:59 ET]
Table 'Geometria III' 9-max Seat #5 is the button
Seat 1: Dorex2007 ($3.72 in chips) 
Seat 2: Kerpesamana ($0.79 in chips) 
Seat 3: dr voorgang ($0.96 in chips) 
Seat 4: Andorrior ($0.42 in chips) 
Seat 5: dazza12373 ($1.58 in chips) 
Seat 6: hecman70 ($2.34 in chips) 
Seat 8: stanfordPB ($2.56 in chips) 
Seat 9: grigorio7777777 ($2.84 in chips) 
hecman70: posts small blind $0.01
stanfordPB: posts big blind $0.02
*** HOLE CARDS ***
Dealt to Dorex2007 [3d 8c]
grigorio7777777: calls $0.02
Dorex2007: folds 
Kerpesamana: folds 
dr voorgang: folds 
Andorrior: folds 
dazza12373: folds 
hecman70: folds 
stanfordPB: checks 
*** FLOP *** [7c 9h 7h]
stanfordPB: checks 
grigorio7777777: checks 
*** TURN *** [7c 9h 7h] [2s]
stanfordPB: checks 
grigorio7777777: checks 
*** RIVER *** [7c 9h 7h 2s] [5d]
stanfordPB: bets $0.05
grigorio7777777: folds 
Uncalled bet ($0.05) returned to stanfordPB
stanfordPB collected $0.05 from pot
stanfordPB: doesn't show hand 
*** SUMMARY ***
Total pot $0.05 | Rake $0 
Board [7c 9h 7h 2s 5d]
Seat 1: Dorex2007 folded before Flop (didn't bet)
Seat 2: Kerpesamana folded before Flop (didn't bet)
Seat 3: dr voorgang folded before Flop (didn't bet)
Seat 4: Andorrior folded before Flop (didn't bet)
Seat 5: dazza12373 (button) folded before Flop (didn't bet)
Seat 6: hecman70 (small blind) folded before Flop
Seat 8: stanfordPB (big blind) collected ($0.05)
Seat 9: grigorio7777777 folded on the River



PokerStars Hand #232723796008:  Hold'em No Limit ($0.01/$0.02 USD) - 2022/01/01 13:30:39 PT [2022/01/01 16:30:39 ET]
Table 'Geometria III' 9-max Seat #6 is the button
Seat 1: Dorex2007 ($3.72 in chips) 
Seat 2: Kerpesamana ($0.79 in chips) 
Seat 3: dr voorgang ($0.96 in chips) 
Seat 4: Andorrior ($0.42 in chips) 
Seat 5: dazza12373 ($1.58 in chips) 
Seat 6: hecman70 ($2.33 in chips) 
Seat 8: stanfordPB ($2.59 in chips) 
Seat 9: grigorio7777777 ($2.82 in chips) 
stanfordPB: posts small blind $0.01
grigorio7777777: posts big blind $0.02
*** HOLE CARDS ***
Dealt to Dorex2007 [3d 7d]
Dorex2007: folds 
Kerpesamana: folds 
dr voorgang: raises $0.04 to $0.06
Andorrior: folds 
dazza12373: folds 
hecman70: calls $0.06
stanfordPB: calls $0.05
grigorio7777777: folds 
*** FLOP *** [2h 8s Qc]
stanfordPB: checks 
dr voorgang: checks 
hecman70: checks 
*** TURN *** [2h 8s Qc] [Qs]
stanfordPB: bets $0.09
dr voorgang: folds 
hecman70: calls $0.09
*** RIVER *** [2h 8s Qc Qs] [9h]
stanfordPB: checks 
hecman70: checks 
*** SHOW DOWN ***
stanfordPB: shows [Jd Ah] (a pair of Queens)
hecman70: shows [Td Th] (two pair, Queens and Tens)
hecman70 collected $0.37 from pot
*** SUMMARY ***
Total pot $0.38 | Rake $0.01 
Board [2h 8s Qc Qs 9h]
Seat 1: Dorex2007 folded before Flop (didn't bet)
Seat 2: Kerpesamana folded before Flop (didn't bet)
Seat 3: dr voorgang folded on the Turn
Seat 4: Andorrior folded before Flop (didn't bet)
Seat 5: dazza12373 folded before Flop (didn't bet)
Seat 6: hecman70 (button) showed [Td Th] and won ($0.37) with two pair, Queens and Tens
Seat 8: stanfordPB (small blind) showed [Jd Ah] and lost with a pair of Queens
Seat 9: grigorio7777777 (big blind) folded before Flop



PokerStars Hand #232723830832:  Hold'em No Limit ($0.01/$0.02 USD) - 2022/01/01 13:31:37 PT [2022/01/01 16:31:37 ET]
Table 'Geometria III' 9-max Seat #8 is the button
Seat 1: Dorex2007 ($3.72 in chips) 
Seat 2: Kerpesamana ($0.79 in chips) 
Seat 3: dr voorgang ($0.90 in chips) 
Seat 4: Andorrior ($0.42 in chips) 
Seat 5: dazza12373 ($1.58 in chips) 
Seat 6: hecman70 ($2.55 in chips) 
Seat 8: stanfordPB ($2.44 in chips) 
Seat 9: grigorio7777777 ($2.80 in chips) 
grigorio7777777: posts small blind $0.01
Dorex2007: posts big blind $0.02
*** HOLE CARDS ***
Dealt to Dorex2007 [9h Jd]
Kerpesamana: folds 
dr voorgang: folds 
Andorrior: folds 
dazza12373: folds 
hecman70: folds 
stanfordPB: calls $0.02
grigorio7777777: calls $0.01
Dorex2007: checks 
*** FLOP *** [3d Th Ah]
grigorio7777777: checks 
Dorex2007: checks 
stanfordPB: bets $0.06
grigorio7777777: calls $0.06
Dorex2007: folds 
*** TURN *** [3d Th Ah] [Jh]
grigorio7777777: checks 
stanfordPB: bets $0.08
grigorio7777777: folds 
Uncalled bet ($0.08) returned to stanfordPB
stanfordPB collected $0.17 from pot
stanfordPB: doesn't show hand 
*** SUMMARY ***
Total pot $0.18 | Rake $0.01 
Board [3d Th Ah Jh]
Seat 1: Dorex2007 (big blind) folded on the Flop
Seat 2: Kerpesamana folded before Flop (didn't bet)
Seat 3: dr voorgang folded before Flop (didn't bet)
Seat 4: Andorrior folded before Flop (didn't bet)
Seat 5: dazza12373 folded before Flop (didn't bet)
Seat 6: hecman70 folded before Flop (didn't bet)
Seat 8: stanfordPB (button) collected ($0.17)
Seat 9: grigorio7777777 (small blind) folded on the Turn



PokerStars Hand #232723863630:  Hold'em No Limit ($0.01/$0.02 USD) - 2022/01/01 13:32:32 PT [2022/01/01 16:32:32 ET]
Table 'Geometria III' 9-max Seat #9 is the button
Seat 1: Dorex2007 ($3.70 in chips) 
Seat 2: Kerpesamana ($0.79 in chips) 
Seat 3: dr voorgang ($0.90 in chips) 
Seat 4: Andorrior ($0.42 in chips) 
Seat 5: dazza12373 ($1.58 in chips) 
Seat 6: hecman70 ($2.55 in chips) 
Seat 8: stanfordPB ($2.53 in chips) 
Seat 9: grigorio7777777 ($2.72 in chips) 
Dorex2007: posts small blind $0.01
Kerpesamana: posts big blind $0.02
*** HOLE CARDS ***
Dealt to Dorex2007 [6h 5s]
dr voorgang: folds 
Andorrior: folds 
dazza12373: folds 
hecman70: folds 
stanfordPB: folds 
grigorio7777777: calls $0.02
Dorex2007: folds 
Kerpesamana: checks 
*** FLOP *** [6s 9d 8d]
Kerpesamana: checks 
grigorio7777777: checks 
*** TURN *** [6s 9d 8d] [7d]
Kerpesamana: bets $0.05
grigorio7777777: calls $0.05
*** RIVER *** [6s 9d 8d 7d] [4h]
Kerpesamana: bets $0.07
grigorio7777777: calls $0.07
*** SHOW DOWN ***
Kerpesamana: shows [5d 4s] (a straight, Five to Nine)
grigorio7777777: mucks hand 
Kerpesamana collected $0.28 from pot
*** SUMMARY ***
Total pot $0.29 | Rake $0.01 
Board [6s 9d 8d 7d 4h]
Seat 1: Dorex2007 (small blind) folded before Flop
Seat 2: Kerpesamana (big blind) showed [5d 4s] and won ($0.28) with a straight, Five to Nine
Seat 3: dr voorgang folded before Flop (didn't bet)
Seat 4: Andorrior folded before Flop (didn't bet)
Seat 5: dazza12373 folded before Flop (didn't bet)
Seat 6: hecman70 folded before Flop (didn't bet)
Seat 8: stanfordPB folded before Flop (didn't bet)
Seat 9: grigorio7777777 (button) mucked [8s Kd]



PokerStars Hand #232723891651:  Hold'em No Limit ($0.01/$0.02 USD) - 2022/01/01 13:33:20 PT [2022/01/01 16:33:20 ET]
Table 'Geometria III' 9-max Seat #1 is the button
Seat 1: Dorex2007 ($3.69 in chips) 
Seat 2: Kerpesamana ($0.93 in chips) 
Seat 3: dr voorgang ($0.90 in chips) 
Seat 4: Andorrior ($0.42 in chips) 
Seat 5: dazza12373 ($1.58 in chips) 
Seat 6: hecman70 ($2.55 in chips) 
Seat 8: stanfordPB ($2.53 in chips) 
Seat 9: grigorio7777777 ($2.58 in chips) 
Kerpesamana: posts small blind $0.01
dr voorgang: posts big blind $0.02
*** HOLE CARDS ***
Dealt to Dorex2007 [3s 6c]
Andorrior: folds 
dazza12373: folds 
hecman70: folds 
stanfordPB: folds 
grigorio7777777: folds 
Dorex2007: folds 
Kerpesamana: calls $0.01
dr voorgang: checks 
*** FLOP *** [7d 7c Jh]
Kerpesamana: checks 
dr voorgang: checks 
*** TURN *** [7d 7c Jh] [4h]
Kerpesamana: bets $0.04
dr voorgang: folds 
Uncalled bet ($0.04) returned to Kerpesamana
Kerpesamana collected $0.04 from pot
Kerpesamana: doesn't show hand 
*** SUMMARY ***
Total pot $0.04 | Rake $0 
Board [7d 7c Jh 4h]
Seat 1: Dorex2007 (button) folded before Flop (didn't bet)
Seat 2: Kerpesamana (small blind) collected ($0.04)
Seat 3: dr voorgang (big blind) folded on the Turn
Seat 4: Andorrior folded before Flop (didn't bet)
Seat 5: dazza12373 folded before Flop (didn't bet)
Seat 6: hecman70 folded before Flop (didn't bet)
Seat 8: stanfordPB folded before Flop (didn't bet)
Seat 9: grigorio7777777 folded before Flop (didn't bet)



PokerStars Hand #232723918335:  Hold'em No Limit ($0.01/$0.02 USD) - 2022/01/01 13:34:05 PT [2022/01/01 16:34:05 ET]
Table 'Geometria III' 9-max Seat #2 is the button
Seat 1: Dorex2007 ($3.69 in chips) 
Seat 2: Kerpesamana ($0.95 in chips) 
Seat 3: dr voorgang ($0.88 in chips) 
Seat 4: Andorrior ($0.42 in chips) 
Seat 5: dazza12373 ($1.58 in chips) 
Seat 6: hecman70 ($2.55 in chips) 
Seat 8: stanfordPB ($2.53 in chips) 
Seat 9: grigorio7777777 ($2.58 in chips) 
dr voorgang: posts small blind $0.01
Andorrior: posts big blind $0.02
*** HOLE CARDS ***
Dealt to Dorex2007 [4c 2c]
dazza12373: folds 
hecman70: folds 
stanfordPB has timed out
stanfordPB: folds 
grigorio7777777: calls $0.02
Dorex2007: folds 
Kerpesamana: folds 
dr voorgang: raises $0.04 to $0.06
Andorrior: folds 
grigorio7777777: calls $0.04
*** FLOP *** [Qc 4h 3c]
dr voorgang: checks 
grigorio7777777: checks 
*** TURN *** [Qc 4h 3c] [Kh]
dr voorgang: checks 
grigorio7777777: checks 
*** RIVER *** [Qc 4h 3c Kh] [6h]
dr voorgang: checks 
grigorio7777777: bets $0.06
dr voorgang: calls $0.06
*** SHOW DOWN ***
grigorio7777777: shows [Jh 9c] (high card King)
dr voorgang: shows [Ah Kc] (a pair of Kings)
dr voorgang collected $0.25 from pot
*** SUMMARY ***
Total pot $0.26 | Rake $0.01 
Board [Qc 4h 3c Kh 6h]
Seat 1: Dorex2007 folded before Flop (didn't bet)
Seat 2: Kerpesamana (button) folded before Flop (didn't bet)
Seat 3: dr voorgang (small blind) showed [Ah Kc] and won ($0.25) with a pair of Kings
Seat 4: Andorrior (big blind) folded before Flop
Seat 5: dazza12373 folded before Flop (didn't bet)
Seat 6: hecman70 folded before Flop (didn't bet)
Seat 8: stanfordPB folded before Flop (didn't bet)
Seat 9: grigorio7777777 showed [Jh 9c] and lost with high card King



PokerStars Hand #232723952546:  Hold'em No Limit ($0.01/$0.02 USD) - 2022/01/01 13:35:04 PT [2022/01/01 16:35:04 ET]
Table 'Geometria III' 9-max Seat #3 is the button
Seat 1: Dorex2007 ($3.69 in chips) 
Seat 2: Kerpesamana ($0.95 in chips) 
Seat 3: dr voorgang ($1.01 in chips) 
Seat 4: Andorrior ($0.40 in chips) 
Seat 5: dazza12373 ($1.58 in chips) 
Seat 6: hecman70 ($2.55 in chips) 
Seat 8: stanfordPB ($2.53 in chips) 
Seat 9: grigorio7777777 ($2.46 in chips) 
Andorrior: posts small blind $0.01
dazza12373: posts big blind $0.02
*** HOLE CARDS ***
Dealt to Dorex2007 [2c 5h]
hecman70: folds 
stanfordPB: folds 
grigorio7777777: calls $0.02
Dorex2007: folds 
Kerpesamana: raises $0.04 to $0.06
dr voorgang: folds 
Andorrior: folds 
dazza12373: calls $0.04
grigorio7777777: folds 
*** FLOP *** [7d Js Jd]
dazza12373: bets $0.02
Kerpesamana: calls $0.02
*** TURN *** [7d Js Jd] [Ah]
dazza12373: checks 
Kerpesamana: checks 
*** RIVER *** [7d Js Jd Ah] [Jc]
dazza12373: checks 
Kerpesamana: bets $0.06
dazza12373: folds 
Uncalled bet ($0.06) returned to Kerpesamana
Kerpesamana collected $0.18 from pot
Kerpesamana: doesn't show hand 
*** SUMMARY ***
Total pot $0.19 | Rake $0.01 
Board [7d Js Jd Ah Jc]
Seat 1: Dorex2007 folded before Flop (didn't bet)
Seat 2: Kerpesamana collected ($0.18)
Seat 3: dr voorgang (button) folded before Flop (didn't bet)
Seat 4: Andorrior (small blind) folded before Flop
Seat 5: dazza12373 (big blind) folded on the River
Seat 6: hecman70 folded before Flop (didn't bet)
Seat 8: stanfordPB folded before Flop (didn't bet)
Seat 9: grigorio7777777 folded before Flop



PokerStars Hand #232723976937:  Hold'em No Limit ($0.01/$0.02 USD) - 2022/01/01 13:35:45 PT [2022/01/01 16:35:45 ET]
Table 'Geometria III' 9-max Seat #4 is the button
Seat 1: Dorex2007 ($3.69 in chips) 
Seat 2: Kerpesamana ($1.05 in chips) 
Seat 3: dr voorgang ($1.01 in chips) 
Seat 4: Andorrior ($0.39 in chips) 
Seat 5: dazza12373 ($1.50 in chips) 
Seat 6: hecman70 ($2.55 in chips) 
Seat 8: stanfordPB ($2.53 in chips) 
Seat 9: grigorio7777777 ($2.44 in chips) 
dazza12373: posts small blind $0.01
hecman70: posts big blind $0.02
AndyMs1985: sits out 
*** HOLE CARDS ***
Dealt to Dorex2007 [Qd 8c]
stanfordPB: folds 
grigorio7777777: calls $0.02
Dorex2007: folds 
Kerpesamana: folds 
dr voorgang: folds 
Andorrior: folds 
dazza12373: folds 
hecman70: checks 
*** FLOP *** [Kh 2h 3c]
hecman70: checks 
grigorio7777777: checks 
*** TURN *** [Kh 2h 3c] [6d]
hecman70: checks 
grigorio7777777: checks 
*** RIVER *** [Kh 2h 3c 6d] [9s]
hecman70: checks 
grigorio7777777: checks 
*** SHOW DOWN ***
hecman70: shows [7c Jd] (high card King)
grigorio7777777: shows [9c 8h] (a pair of Nines)
grigorio7777777 collected $0.05 from pot
*** SUMMARY ***
Total pot $0.05 | Rake $0 
Board [Kh 2h 3c 6d 9s]
Seat 1: Dorex2007 folded before Flop (didn't bet)
Seat 2: Kerpesamana folded before Flop (didn't bet)
Seat 3: dr voorgang folded before Flop (didn't bet)
Seat 4: Andorrior (button) folded before Flop (didn't bet)
Seat 5: dazza12373 (small blind) folded before Flop
Seat 6: hecman70 (big blind) showed [7c Jd] and lost with high card King
Seat 8: stanfordPB folded before Flop (didn't bet)
Seat 9: grigorio7777777 showed [9c 8h] and won ($0.05) with a pair of Nines



PokerStars Hand #232724002143:  Hold'em No Limit ($0.01/$0.02 USD) - 2022/01/01 13:36:17 PT [2022/01/01 16:36:17 ET]
Table 'Geometria III' 9-max Seat #5 is the button
Seat 1: Dorex2007 ($3.69 in chips) 
Seat 2: Kerpesamana ($1.05 in chips) 
Seat 3: dr voorgang ($1.01 in chips) 
Seat 4: Andorrior ($0.39 in chips) 
Seat 5: dazza12373 ($1.49 in chips) 
Seat 6: hecman70 ($2.53 in chips) 
Seat 7: AndyMs1985 ($1.38 in chips) 
Seat 8: stanfordPB ($2.53 in chips) 
Seat 9: grigorio7777777 ($2.47 in chips) 
hecman70: posts small blind $0.01
AndyMs1985: posts big blind $0.02
*** HOLE CARDS ***
Dealt to Dorex2007 [Ts Qd]
stanfordPB: folds 
grigorio7777777: calls $0.02
Dorex2007: folds 
Kerpesamana: folds 
dr voorgang: folds 
Andorrior: folds 
dazza12373: folds 
hecman70: folds 
AndyMs1985: checks 
*** FLOP *** [As 2d 6h]
AndyMs1985: checks 
grigorio7777777: checks 
*** TURN *** [As 2d 6h] [9s]
AndyMs1985: checks 
grigorio7777777: checks 
*** RIVER *** [As 2d 6h 9s] [Qc]
AndyMs1985: checks 
grigorio7777777: bets $0.05
AndyMs1985: folds 
Uncalled bet ($0.05) returned to grigorio7777777
grigorio7777777 collected $0.05 from pot
grigorio7777777: doesn't show hand 
*** SUMMARY ***
Total pot $0.05 | Rake $0 
Board [As 2d 6h 9s Qc]
Seat 1: Dorex2007 folded before Flop (didn't bet)
Seat 2: Kerpesamana folded before Flop (didn't bet)
Seat 3: dr voorgang folded before Flop (didn't bet)
Seat 4: Andorrior folded before Flop (didn't bet)
Seat 5: dazza12373 (button) folded before Flop (didn't bet)
Seat 6: hecman70 (small blind) folded before Flop
Seat 7: AndyMs1985 (big blind) folded on the River
Seat 8: stanfordPB folded before Flop (didn't bet)
Seat 9: grigorio7777777 collected ($0.05)



PokerStars Hand #232724022510:  Hold'em No Limit ($0.01/$0.02 USD) - 2022/01/01 13:36:52 PT [2022/01/01 16:36:52 ET]
Table 'Geometria III' 9-max Seat #6 is the button
Seat 1: Dorex2007 ($3.69 in chips) 
Seat 2: Kerpesamana ($1.05 in chips) 
Seat 3: dr voorgang ($1.01 in chips) 
Seat 4: Andorrior ($0.39 in chips) 
Seat 5: dazza12373 ($1.49 in chips) 
Seat 6: hecman70 ($2.52 in chips) 
Seat 7: AndyMs1985 ($1.36 in chips) 
Seat 8: stanfordPB ($2.53 in chips) 
Seat 9: grigorio7777777 ($2.50 in chips) 
AndyMs1985: posts small blind $0.01
stanfordPB: posts big blind $0.02
*** HOLE CARDS ***
Dealt to Dorex2007 [9h Qh]
grigorio7777777: folds 
Dorex2007: folds 
Kerpesamana: folds 
dr voorgang: calls $0.02
Andorrior: folds 
dazza12373: folds 
hecman70: raises $0.04 to $0.06
AndyMs1985: folds 
stanfordPB: calls $0.04
dr voorgang: calls $0.04
*** FLOP *** [8d 9c 3c]
stanfordPB: checks 
dr voorgang: bets $0.09
hecman70: calls $0.09
stanfordPB: calls $0.09
*** TURN *** [8d 9c 3c] [5c]
stanfordPB: checks 
dr voorgang: checks 
hecman70: checks 
*** RIVER *** [8d 9c 3c 5c] [7h]
stanfordPB: bets $0.22
dr voorgang: folds 
hecman70: folds 
Uncalled bet ($0.22) returned to stanfordPB
stanfordPB collected $0.44 from pot
stanfordPB: doesn't show hand 
*** SUMMARY ***
Total pot $0.46 | Rake $0.02 
Board [8d 9c 3c 5c 7h]
Seat 1: Dorex2007 folded before Flop (didn't bet)
Seat 2: Kerpesamana folded before Flop (didn't bet)
Seat 3: dr voorgang folded on the River
Seat 4: Andorrior folded before Flop (didn't bet)
Seat 5: dazza12373 folded before Flop (didn't bet)
Seat 6: hecman70 (button) folded on the River
Seat 7: AndyMs1985 (small blind) folded before Flop
Seat 8: stanfordPB (big blind) collected ($0.44)
Seat 9: grigorio7777777 folded before Flop (didn't bet)



PokerStars Hand #232724063517:  Hold'em No Limit ($0.01/$0.02 USD) - 2022/01/01 13:38:03 PT [2022/01/01 16:38:03 ET]
Table 'Geometria III' 9-max Seat #7 is the button
Seat 1: Dorex2007 ($3.69 in chips) 
Seat 2: Kerpesamana ($1.05 in chips) 
Seat 3: dr voorgang ($0.86 in chips) 
Seat 4: Andorrior ($0.39 in chips) 
Seat 5: dazza12373 ($1.49 in chips) 
Seat 6: hecman70 ($2.37 in chips) 
Seat 7: AndyMs1985 ($1.35 in chips) 
Seat 8: stanfordPB ($2.82 in chips) 
Seat 9: grigorio7777777 ($2.50 in chips) 
stanfordPB: posts small blind $0.01
grigorio7777777: posts big blind $0.02
*** HOLE CARDS ***
Dealt to Dorex2007 [3d 6h]
Dorex2007: folds 
Kerpesamana: raises $0.03 to $0.05
dr voorgang: folds 
Andorrior: folds 
dazza12373: calls $0.05
hecman70: folds 
AndyMs1985: folds 
stanfordPB: folds 
grigorio7777777: calls $0.03
*** FLOP *** [Ad Td Jh]
grigorio7777777: checks 
Kerpesamana: checks 
dazza12373: checks 
*** TURN *** [Ad Td Jh] [8c]
grigorio7777777: checks 
Kerpesamana: bets $0.08
dazza12373: calls $0.08
grigorio7777777: folds 
*** RIVER *** [Ad Td Jh 8c] [2c]
Kerpesamana: bets $0.40
stanfordPB is disconnected 
dazza12373: folds 
Uncalled bet ($0.40) returned to Kerpesamana
Kerpesamana collected $0.31 from pot
Kerpesamana: doesn't show hand 
*** SUMMARY ***
Total pot $0.32 | Rake $0.01 
Board [Ad Td Jh 8c 2c]
Seat 1: Dorex2007 folded before Flop (didn't bet)
Seat 2: Kerpesamana collected ($0.31)
Seat 3: dr voorgang folded before Flop (didn't bet)
Seat 4: Andorrior folded before Flop (didn't bet)
Seat 5: dazza12373 folded on the River
Seat 6: hecman70 folded before Flop (didn't bet)
Seat 7: AndyMs1985 (button) folded before Flop (didn't bet)
Seat 8: stanfordPB (small blind) folded before Flop
Seat 9: grigorio7777777 (big blind) folded on the Turn



PokerStars Hand #232724098418:  Hold'em No Limit ($0.01/$0.02 USD) - 2022/01/01 13:38:55 PT [2022/01/01 16:38:55 ET]
Table 'Geometria III' 9-max Seat #8 is the button
Seat 1: Dorex2007 ($3.69 in chips) 
Seat 2: Kerpesamana ($1.23 in chips) 
Seat 3: dr voorgang ($0.86 in chips) 
Seat 4: Andorrior ($0.39 in chips) 
Seat 5: dazza12373 ($1.36 in chips) 
Seat 6: hecman70 ($2.37 in chips) 
Seat 7: AndyMs1985 ($1.35 in chips) 
Seat 8: stanfordPB ($2.81 in chips) 
Seat 9: grigorio7777777 ($2.45 in chips) 
grigorio7777777: posts small blind $0.01
Dorex2007: posts big blind $0.02
*** HOLE CARDS ***
Dealt to Dorex2007 [Js 4c]
Kerpesamana: folds 
dr voorgang: folds 
Andorrior: folds 
dazza12373: raises $0.05 to $0.07
hecman70: folds 
AndyMs1985: folds 
stanfordPB is connected 
stanfordPB has timed out
stanfordPB: folds 
grigorio7777777: calls $0.06
Dorex2007: folds 
*** FLOP *** [5d 9c Tc]
grigorio7777777: checks 
dazza12373: bets $0.07
grigorio7777777: folds 
Uncalled bet ($0.07) returned to dazza12373
dazza12373 collected $0.15 from pot
dazza12373: doesn't show hand 
*** SUMMARY ***
Total pot $0.16 | Rake $0.01 
Board [5d 9c Tc]
Seat 1: Dorex2007 (big blind) folded before Flop
Seat 2: Kerpesamana folded before Flop (didn't bet)
Seat 3: dr voorgang folded before Flop (didn't bet)
Seat 4: Andorrior folded before Flop (didn't bet)
Seat 5: dazza12373 collected ($0.15)
Seat 6: hecman70 folded before Flop (didn't bet)
Seat 7: AndyMs1985 folded before Flop (didn't bet)
Seat 8: stanfordPB (button) folded before Flop (didn't bet)
Seat 9: grigorio7777777 (small blind) folded on the Flop



PokerStars Hand #232724128104:  Hold'em No Limit ($0.01/$0.02 USD) - 2022/01/01 13:39:46 PT [2022/01/01 16:39:46 ET]
Table 'Geometria III' 9-max Seat #9 is the button
Seat 1: Dorex2007 ($3.67 in chips) 
Seat 2: Kerpesamana ($1.23 in chips) 
Seat 3: dr voorgang ($0.86 in chips) 
Seat 4: Andorrior ($0.39 in chips) 
Seat 5: dazza12373 ($1.44 in chips) 
Seat 6: hecman70 ($2.37 in chips) 
Seat 7: AndyMs1985 ($1.35 in chips) 
Seat 8: stanfordPB ($2.81 in chips) 
Seat 9: grigorio7777777 ($2.38 in chips) 
Dorex2007: posts small blind $0.01
Kerpesamana: posts big blind $0.02
*** HOLE CARDS ***
Dealt to Dorex2007 [2s Kc]
dr voorgang: folds 
Andorrior: folds 
dazza12373: folds 
hecman70: folds 
AndyMs1985: raises $0.04 to $0.06
stanfordPB: folds 
grigorio7777777: folds 
Dorex2007: folds 
Kerpesamana: calls $0.04
*** FLOP *** [5s Ah Qc]
Kerpesamana: checks 
AndyMs1985: bets $0.08
Kerpesamana: calls $0.08
*** TURN *** [5s Ah Qc] [7d]
Kerpesamana: checks 
AndyMs1985: checks 
*** RIVER *** [5s Ah Qc 7d] [Qh]
Kerpesamana: checks 
AndyMs1985: checks 
*** SHOW DOWN ***
Kerpesamana: shows [Js Ts] (a pair of Queens)
AndyMs1985: shows [6d As] (two pair, Aces and Queens)
AndyMs1985 collected $0.28 from pot
*** SUMMARY ***
Total pot $0.29 | Rake $0.01 
Board [5s Ah Qc 7d Qh]
Seat 1: Dorex2007 (small blind) folded before Flop
Seat 2: Kerpesamana (big blind) showed [Js Ts] and lost with a pair of Queens
Seat 3: dr voorgang folded before Flop (didn't bet)
Seat 4: Andorrior folded before Flop (didn't bet)
Seat 5: dazza12373 folded before Flop (didn't bet)
Seat 6: hecman70 folded before Flop (didn't bet)
Seat 7: AndyMs1985 showed [6d As] and won ($0.28) with two pair, Aces and Queens
Seat 8: stanfordPB folded before Flop (didn't bet)
Seat 9: grigorio7777777 (button) folded before Flop (didn't bet)



PokerStars Hand #232724159453:  Hold'em No Limit ($0.01/$0.02 USD) - 2022/01/01 13:40:40 PT [2022/01/01 16:40:40 ET]
Table 'Geometria III' 9-max Seat #1 is the button
Seat 1: Dorex2007 ($3.66 in chips) 
Seat 2: Kerpesamana ($1.09 in chips) 
Seat 3: dr voorgang ($0.86 in chips) 
Seat 4: Andorrior ($0.39 in chips) 
Seat 5: dazza12373 ($1.44 in chips) 
Seat 6: hecman70 ($2.37 in chips) 
Seat 7: AndyMs1985 ($1.49 in chips) 
Seat 8: stanfordPB ($2.81 in chips) 
Seat 9: grigorio7777777 ($2.38 in chips) 
Kerpesamana: posts small blind $0.01
dr voorgang: posts big blind $0.02
*** HOLE CARDS ***
Dealt to Dorex2007 [5c Tc]
Andorrior: folds 
dazza12373: raises $0.02 to $0.04
hecman70: folds 
AndyMs1985: folds 
stanfordPB: folds 
grigorio7777777: calls $0.04
Dorex2007: folds 
Kerpesamana: calls $0.03
dr voorgang: calls $0.02
*** FLOP *** [As 8c 4h]
Kerpesamana: checks 
dr voorgang: checks 
dazza12373: checks 
grigorio7777777: checks 
*** TURN *** [As 8c 4h] [7d]
Kerpesamana: checks 
dr voorgang: checks 
dazza12373: checks 
grigorio7777777: checks 
*** RIVER *** [As 8c 4h 7d] [Kh]
Kerpesamana: bets $0.10
dr voorgang: folds 
dazza12373: calls $0.10
grigorio7777777: folds 
*** SHOW DOWN ***
Kerpesamana: shows [6c Ah] (a pair of Aces)
dazza12373: mucks hand 
Kerpesamana collected $0.35 from pot
*** SUMMARY ***
Total pot $0.36 | Rake $0.01 
Board [As 8c 4h 7d Kh]
Seat 1: Dorex2007 (button) folded before Flop (didn't bet)
Seat 2: Kerpesamana (small blind) showed [6c Ah] and won ($0.35) with a pair of Aces
Seat 3: dr voorgang (big blind) folded on the River
Seat 4: Andorrior folded before Flop (didn't bet)
Seat 5: dazza12373 mucked [Kd Qh]
Seat 6: hecman70 folded before Flop (didn't bet)
Seat 7: AndyMs1985 folded before Flop (didn't bet)
Seat 8: stanfordPB folded before Flop (didn't bet)
Seat 9: grigorio7777777 folded on the River



PokerStars Hand #232724185072:  Hold'em No Limit ($0.01/$0.02 USD) - 2022/01/01 13:41:24 PT [2022/01/01 16:41:24 ET]
Table 'Geometria III' 9-max Seat #2 is the button
Seat 1: Dorex2007 ($3.66 in chips) 
Seat 2: Kerpesamana ($1.30 in chips) 
Seat 3: dr voorgang ($0.82 in chips) 
Seat 4: Andorrior ($0.39 in chips) 
Seat 5: dazza12373 ($1.30 in chips) 
Seat 6: hecman70 ($2.37 in chips) 
Seat 7: AndyMs1985 ($1.49 in chips) 
Seat 8: stanfordPB ($2.81 in chips) 
Seat 9: grigorio7777777 ($2.34 in chips) 
dr voorgang: posts small blind $0.01
Andorrior: posts big blind $0.02
*** HOLE CARDS ***
Dealt to Dorex2007 [Th 6h]
dazza12373: folds 
hecman70: folds 
AndyMs1985: folds 
stanfordPB: folds 
grigorio7777777: calls $0.02
Dorex2007: folds 
Kerpesamana: calls $0.02
dr voorgang: calls $0.01
Andorrior: checks 
*** FLOP *** [Ad Js Kd]
dr voorgang: checks 
Andorrior: checks 
grigorio7777777: checks 
Kerpesamana: checks 
*** TURN *** [Ad Js Kd] [Jh]
dr voorgang: checks 
Andorrior: checks 
grigorio7777777: checks 
Kerpesamana: bets $0.04
dr voorgang: calls $0.04
Andorrior: folds 
grigorio7777777: folds 
*** RIVER *** [Ad Js Kd Jh] [Kc]
dr voorgang: checks 
Kerpesamana: bets $0.06
dr voorgang: folds 
Uncalled bet ($0.06) returned to Kerpesamana
Kerpesamana collected $0.15 from pot
Kerpesamana: doesn't show hand 
*** SUMMARY ***
Total pot $0.16 | Rake $0.01 
Board [Ad Js Kd Jh Kc]
Seat 1: Dorex2007 folded before Flop (didn't bet)
Seat 2: Kerpesamana (button) collected ($0.15)
Seat 3: dr voorgang (small blind) folded on the River
Seat 4: Andorrior (big blind) folded on the Turn
Seat 5: dazza12373 folded before Flop (didn't bet)
Seat 6: hecman70 folded before Flop (didn't bet)
Seat 7: AndyMs1985 folded before Flop (didn't bet)
Seat 8: stanfordPB folded before Flop (didn't bet)
Seat 9: grigorio7777777 folded on the Turn



PokerStars Hand #232724238802:  Hold'em No Limit ($0.01/$0.02 USD) - 2022/01/01 13:42:55 PT [2022/01/01 16:42:55 ET]
Table 'Geometria III' 9-max Seat #3 is the button
Seat 1: Dorex2007 ($3.66 in chips) 
Seat 2: Kerpesamana ($1.39 in chips) 
Seat 3: dr voorgang ($0.76 in chips) 
Seat 4: Andorrior ($0.37 in chips) 
Seat 5: dazza12373 ($1.30 in chips) 
Seat 6: hecman70 ($2.37 in chips) 
Seat 7: AndyMs1985 ($1.49 in chips) 
Seat 8: stanfordPB ($2.81 in chips) 
Seat 9: grigorio7777777 ($2.32 in chips) 
Andorrior: posts small blind $0.01
dazza12373: posts big blind $0.02
*** HOLE CARDS ***
Dealt to Dorex2007 [7h 6c]
hecman70: folds 
AndyMs1985: raises $0.04 to $0.06
stanfordPB: folds 
grigorio7777777: folds 
Dorex2007: folds 
Kerpesamana: folds 
dr voorgang: folds 
Andorrior: folds 
dazza12373: calls $0.04
*** FLOP *** [8h Qd Js]
dazza12373: checks 
AndyMs1985: bets $0.10
dazza12373: calls $0.10
*** TURN *** [8h Qd Js] [3c]
dazza12373: checks 
AndyMs1985: checks 
*** RIVER *** [8h Qd Js 3c] [7d]
dazza12373: checks 
AndyMs1985: checks 
*** SHOW DOWN ***
dazza12373: shows [Ad 8d] (a pair of Eights)
AndyMs1985: mucks hand 
dazza12373 collected $0.32 from pot
*** SUMMARY ***
Total pot $0.33 | Rake $0.01 
Board [8h Qd Js 3c 7d]
Seat 1: Dorex2007 folded before Flop (didn't bet)
Seat 2: Kerpesamana folded before Flop (didn't bet)
Seat 3: dr voorgang (button) folded before Flop (didn't bet)
Seat 4: Andorrior (small blind) folded before Flop
Seat 5: dazza12373 (big blind) showed [Ad 8d] and won ($0.32) with a pair of Eights
Seat 6: hecman70 folded before Flop (didn't bet)
Seat 7: AndyMs1985 mucked [As Kd]
Seat 8: stanfordPB folded before Flop (didn't bet)
Seat 9: grigorio7777777 folded before Flop (didn't bet)



PokerStars Hand #232724259419:  Hold'em No Limit ($0.01/$0.02 USD) - 2022/01/01 13:43:31 PT [2022/01/01 16:43:31 ET]
Table 'Geometria III' 9-max Seat #4 is the button
Seat 1: Dorex2007 ($3.66 in chips) 
Seat 2: Kerpesamana ($1.39 in chips) 
Seat 3: dr voorgang ($0.76 in chips) 
Seat 4: Andorrior ($0.36 in chips) 
Seat 5: dazza12373 ($1.46 in chips) 
Seat 6: hecman70 ($2.37 in chips) 
Seat 7: AndyMs1985 ($1.33 in chips) 
Seat 8: stanfordPB ($2.81 in chips) 
Seat 9: grigorio7777777 ($2.32 in chips) 
dazza12373: posts small blind $0.01
hecman70: posts big blind $0.02
*** HOLE CARDS ***
Dealt to Dorex2007 [5s Th]
AndyMs1985: folds 
stanfordPB: folds 
grigorio7777777: calls $0.02
Dorex2007: folds 
Kerpesamana: folds 
dr voorgang: raises $0.04 to $0.06
Andorrior: folds 
dazza12373: folds 
hecman70: calls $0.04
grigorio7777777: calls $0.04
*** FLOP *** [Ks Js Qh]
hecman70: checks 
grigorio7777777: checks 
dr voorgang: bets $0.09
hecman70: calls $0.09
grigorio7777777: folds 
*** TURN *** [Ks Js Qh] [9h]
hecman70: checks 
dr voorgang: bets $0.18
hecman70: folds 
Uncalled bet ($0.18) returned to dr voorgang
dr voorgang collected $0.36 from pot
dr voorgang: doesn't show hand 
*** SUMMARY ***
Total pot $0.37 | Rake $0.01 
Board [Ks Js Qh 9h]
Seat 1: Dorex2007 folded before Flop (didn't bet)
Seat 2: Kerpesamana folded before Flop (didn't bet)
Seat 3: dr voorgang collected ($0.36)
Seat 4: Andorrior (button) folded before Flop (didn't bet)
Seat 5: dazza12373 (small blind) folded before Flop
Seat 6: hecman70 (big blind) folded on the Turn
Seat 7: AndyMs1985 folded before Flop (didn't bet)
Seat 8: stanfordPB folded before Flop (didn't bet)
Seat 9: grigorio7777777 folded on the Flop



PokerStars Hand #232724295862:  Hold'em No Limit ($0.01/$0.02 USD) - 2022/01/01 13:44:34 PT [2022/01/01 16:44:34 ET]
Table 'Geometria III' 9-max Seat #5 is the button
Seat 1: Dorex2007 ($3.66 in chips) 
Seat 2: Kerpesamana ($1.39 in chips) 
Seat 3: dr voorgang ($0.97 in chips) 
Seat 4: Andorrior ($0.36 in chips) 
Seat 5: dazza12373 ($1.45 in chips) 
Seat 6: hecman70 ($2.22 in chips) 
Seat 7: AndyMs1985 ($1.33 in chips) 
Seat 8: stanfordPB ($2.81 in chips) 
Seat 9: grigorio7777777 ($2.26 in chips) 
hecman70: posts small blind $0.01
AndyMs1985: posts big blind $0.02
*** HOLE CARDS ***
Dealt to Dorex2007 [2h 8s]
stanfordPB: calls $0.02
grigorio7777777: calls $0.02
Dorex2007: folds 
Kerpesamana: calls $0.02
dr voorgang: folds 
Andorrior: calls $0.02
dazza12373: calls $0.02
hecman70: folds 
AndyMs1985: checks 
*** FLOP *** [Tc Th Qs]
AndyMs1985: checks 
stanfordPB: checks 
grigorio7777777: checks 
Kerpesamana: checks 
Andorrior: checks 
dazza12373: checks 
*** TURN *** [Tc Th Qs] [Jd]
AndyMs1985: checks 
stanfordPB: bets $2.79 and is all-in
grigorio7777777: folds 
Kerpesamana: folds 
Andorrior: folds 
dazza12373: folds 
AndyMs1985: folds 
Uncalled bet ($2.79) returned to stanfordPB
stanfordPB collected $0.13 from pot
stanfordPB: doesn't show hand 
*** SUMMARY ***
Total pot $0.13 | Rake $0 
Board [Tc Th Qs Jd]
Seat 1: Dorex2007 folded before Flop (didn't bet)
Seat 2: Kerpesamana folded on the Turn
Seat 3: dr voorgang folded before Flop (didn't bet)
Seat 4: Andorrior folded on the Turn
Seat 5: dazza12373 (button) folded on the Turn
Seat 6: hecman70 (small blind) folded before Flop
Seat 7: AndyMs1985 (big blind) folded on the Turn
Seat 8: stanfordPB collected ($0.13)
Seat 9: grigorio7777777 folded on the Turn



PokerStars Hand #232724339553:  Hold'em No Limit ($0.01/$0.02 USD) - 2022/01/01 13:45:48 PT [2022/01/01 16:45:48 ET]
Table 'Geometria III' 9-max Seat #6 is the button
Seat 1: Dorex2007 ($3.66 in chips) 
Seat 2: Kerpesamana ($1.37 in chips) 
Seat 3: dr voorgang ($0.97 in chips) 
Seat 4: Andorrior ($0.34 in chips) 
Seat 5: dazza12373 ($1.43 in chips) 
Seat 6: hecman70 ($2.21 in chips) 
Seat 7: AndyMs1985 ($1.31 in chips) 
Seat 9: grigorio7777777 ($2.24 in chips) 
AndyMs1985: posts small blind $0.01
grigorio7777777: posts big blind $0.02
*** HOLE CARDS ***
Dealt to Dorex2007 [6c Ac]
Dorex2007: folds 
Kerpesamana: raises $0.03 to $0.05
dr voorgang: folds 
Andorrior: folds 
dazza12373: folds 
hecman70: calls $0.05
AndyMs1985: calls $0.04
grigorio7777777: folds 
*** FLOP *** [Qs 8s 9d]
AndyMs1985: bets $0.10
Kerpesamana: calls $0.10
hecman70: calls $0.10
*** TURN *** [Qs 8s 9d] [9s]
AndyMs1985: bets $0.45
Kerpesamana: folds 
dazza12373 leaves the table
hecman70: folds 
Uncalled bet ($0.45) returned to AndyMs1985
AndyMs1985 collected $0.45 from pot
AndyMs1985: doesn't show hand 
*** SUMMARY ***
Total pot $0.47 | Rake $0.02 
Board [Qs 8s 9d 9s]
Seat 1: Dorex2007 folded before Flop (didn't bet)
Seat 2: Kerpesamana folded on the Turn
Seat 3: dr voorgang folded before Flop (didn't bet)
Seat 4: Andorrior folded before Flop (didn't bet)
Seat 5: dazza12373 folded before Flop (didn't bet)
Seat 6: hecman70 (button) folded on the Turn
Seat 7: AndyMs1985 (small blind) collected ($0.45)
Seat 9: grigorio7777777 (big blind) folded before Flop



PokerStars Hand #232724367791:  Hold'em No Limit ($0.01/$0.02 USD) - 2022/01/01 13:46:35 PT [2022/01/01 16:46:35 ET]
Table 'Geometria III' 9-max Seat #7 is the button
Seat 1: Dorex2007 ($3.66 in chips) 
Seat 2: Kerpesamana ($1.22 in chips) 
Seat 3: dr voorgang ($0.97 in chips) 
Seat 4: Andorrior ($0.34 in chips) 
Seat 6: hecman70 ($2.06 in chips) 
Seat 7: AndyMs1985 ($1.61 in chips) 
Seat 9: grigorio7777777 ($2.22 in chips) 
grigorio7777777: posts small blind $0.01
Dorex2007: posts big blind $0.02
*** HOLE CARDS ***
Dealt to Dorex2007 [7h 3h]
Kerpesamana: folds 
dr voorgang: folds 
Andorrior: folds 
hecman70: folds 
AndyMs1985: folds 
grigorio7777777: calls $0.01
Dorex2007: checks 
*** FLOP *** [Ts 5c 9h]
grigorio7777777: checks 
Dorex2007: checks 
*** TURN *** [Ts 5c 9h] [Qs]
grigorio7777777: checks 
Dorex2007: checks 
*** RIVER *** [Ts 5c 9h Qs] [2h]
grigorio7777777: checks 
Dorex2007: bets $0.04
grigorio7777777: folds 
Uncalled bet ($0.04) returned to Dorex2007
Dorex2007 collected $0.04 from pot
Dorex2007: doesn't show hand 
*** SUMMARY ***
Total pot $0.04 | Rake $0 
Board [Ts 5c 9h Qs 2h]
Seat 1: Dorex2007 (big blind) collected ($0.04)
Seat 2: Kerpesamana folded before Flop (didn't bet)
Seat 3: dr voorgang folded before Flop (didn't bet)
Seat 4: Andorrior folded before Flop (didn't bet)
Seat 6: hecman70 folded before Flop (didn't bet)
Seat 7: AndyMs1985 (button) folded before Flop (didn't bet)
Seat 9: grigorio7777777 (small blind) folded on the River



PokerStars Hand #232724387063:  Hold'em No Limit ($0.01/$0.02 USD) - 2022/01/01 13:47:08 PT [2022/01/01 16:47:08 ET]
Table 'Geometria III' 9-max Seat #9 is the button
Seat 1: Dorex2007 ($3.68 in chips) 
Seat 2: Kerpesamana ($1.22 in chips) 
Seat 3: dr voorgang ($0.97 in chips) 
Seat 4: Andorrior ($0.34 in chips) 
Seat 6: hecman70 ($2.06 in chips) 
Seat 7: AndyMs1985 ($1.61 in chips) 
Seat 9: grigorio7777777 ($2.20 in chips) 
Dorex2007: posts small blind $0.01
Kerpesamana: posts big blind $0.02
*** HOLE CARDS ***
Dealt to Dorex2007 [Qc Kc]
dr voorgang: folds 
Andorrior: folds 
hecman70: calls $0.02
AndyMs1985: folds 
grigorio7777777: folds 
Dorex2007: raises $0.04 to $0.06
Kerpesamana: folds 
hecman70: calls $0.04
*** FLOP *** [Td 9c Kh]
Dorex2007: bets $0.07
hecman70: calls $0.07
*** TURN *** [Td 9c Kh] [Ad]
Dorex2007: bets $0.14
hecman70: folds 
Uncalled bet ($0.14) returned to Dorex2007
Dorex2007 collected $0.27 from pot
Dorex2007: doesn't show hand 
*** SUMMARY ***
Total pot $0.28 | Rake $0.01 
Board [Td 9c Kh Ad]
Seat 1: Dorex2007 (small blind) collected ($0.27)
Seat 2: Kerpesamana (big blind) folded before Flop
Seat 3: dr voorgang folded before Flop (didn't bet)
Seat 4: Andorrior folded before Flop (didn't bet)
Seat 6: hecman70 folded on the Turn
Seat 7: AndyMs1985 folded before Flop (didn't bet)
Seat 9: grigorio7777777 (button) folded before Flop (didn't bet)



PokerStars Hand #232724415755:  Hold'em No Limit ($0.01/$0.02 USD) - 2022/01/01 13:47:57 PT [2022/01/01 16:47:57 ET]
Table 'Geometria III' 9-max Seat #1 is the button
Seat 1: Dorex2007 ($3.82 in chips) 
Seat 2: Kerpesamana ($1.20 in chips) 
Seat 3: dr voorgang ($0.97 in chips) 
Seat 4: Andorrior ($0.34 in chips) 
Seat 6: hecman70 ($1.93 in chips) 
Seat 7: AndyMs1985 ($1.61 in chips) 
Seat 8: stanfordPB ($2.92 in chips) 
Seat 9: grigorio7777777 ($2.20 in chips) 
Kerpesamana: posts small blind $0.01
dr voorgang: posts big blind $0.02
stanfordPB: posts small & big blinds $0.03
*** HOLE CARDS ***
Dealt to Dorex2007 [9h Qh]
Andorrior: folds 
hecman70: folds 
hecman70 leaves the table
AndyMs1985: raises $0.06 to $0.08
stanfordPB: folds 
grigorio7777777: folds 
Dorex2007: folds 
Kerpesamana: calls $0.07
dr voorgang: folds 
*** FLOP *** [Jd Ts 2h]
Kerpesamana: checks 
AndyMs1985: checks 
*** TURN *** [Jd Ts 2h] [5s]
Kerpesamana: bets $0.08
AndyMs1985: folds 
Uncalled bet ($0.08) returned to Kerpesamana
Kerpesamana collected $0.20 from pot
Kerpesamana: doesn't show hand 
*** SUMMARY ***
Total pot $0.21 | Rake $0.01 
Board [Jd Ts 2h 5s]
Seat 1: Dorex2007 (button) folded before Flop (didn't bet)
Seat 2: Kerpesamana (small blind) collected ($0.20)
Seat 3: dr voorgang (big blind) folded before Flop
Seat 4: Andorrior folded before Flop (didn't bet)
Seat 6: hecman70 folded before Flop (didn't bet)
Seat 7: AndyMs1985 folded on the Turn
Seat 8: stanfordPB folded before Flop (didn't bet)
Seat 9: grigorio7777777 folded before Flop (didn't bet)



PokerStars Hand #232724445425:  Hold'em No Limit ($0.01/$0.02 USD) - 2022/01/01 13:48:34 PT [2022/01/01 16:48:34 ET]
Table 'Geometria III' 9-max Seat #2 is the button
Seat 1: Dorex2007 ($3.82 in chips) 
Seat 2: Kerpesamana ($1.32 in chips) 
Seat 3: dr voorgang ($0.95 in chips) 
Seat 4: Andorrior ($0.34 in chips) 
Seat 7: AndyMs1985 ($1.53 in chips) 
Seat 8: stanfordPB ($2.89 in chips) 
Seat 9: grigorio7777777 ($2.20 in chips) 
dr voorgang: posts small blind $0.01
Andorrior: posts big blind $0.02
*** HOLE CARDS ***
Dealt to Dorex2007 [Jc 2s]
AndyMs1985: folds 
stanfordPB: folds 
grigorio7777777 is disconnected 
zejithegreat joins the table at seat #5 
grigorio7777777 has timed out while being disconnected
grigorio7777777: folds 
Dorex2007: folds 
Kerpesamana: folds 
dr voorgang: raises $0.04 to $0.06
Andorrior: folds 
Uncalled bet ($0.04) returned to dr voorgang
dr voorgang collected $0.04 from pot
dr voorgang: doesn't show hand 
*** SUMMARY ***
Total pot $0.04 | Rake $0 
Seat 1: Dorex2007 folded before Flop (didn't bet)
Seat 2: Kerpesamana (button) folded before Flop (didn't bet)
Seat 3: dr voorgang (small blind) collected ($0.04)
Seat 4: Andorrior (big blind) folded before Flop
Seat 7: AndyMs1985 folded before Flop (didn't bet)
Seat 8: stanfordPB folded before Flop (didn't bet)
Seat 9: grigorio7777777 folded before Flop (didn't bet)



PokerStars Hand #232724465082:  Hold'em No Limit ($0.01/$0.02 USD) - 2022/01/01 13:49:07 PT [2022/01/01 16:49:07 ET]
Table 'Geometria III' 9-max Seat #3 is the button
Seat 1: Dorex2007 ($3.82 in chips) 
Seat 2: Kerpesamana ($1.32 in chips) 
Seat 3: dr voorgang ($0.97 in chips) 
Seat 4: Andorrior ($0.32 in chips) 
Seat 5: zejithegreat ($2 in chips) 
Seat 7: AndyMs1985 ($1.53 in chips) 
Seat 8: stanfordPB ($2.89 in chips) 
Andorrior: posts small blind $0.01
zejithegreat: posts big blind $0.02
*** HOLE CARDS ***
Dealt to Dorex2007 [6d Ah]
AndyMs1985: folds 
stanfordPB: folds 
Dorex2007: folds 
Kerpesamana: raises $0.03 to $0.05
dr voorgang: calls $0.05
Andorrior: folds 
zejithegreat: calls $0.03
*** FLOP *** [3c Jh Ac]
zejithegreat: bets $0.08
Kerpesamana: folds 
dr voorgang: folds 
Uncalled bet ($0.08) returned to zejithegreat
zejithegreat collected $0.15 from pot
zejithegreat: doesn't show hand 
*** SUMMARY ***
Total pot $0.16 | Rake $0.01 
Board [3c Jh Ac]
Seat 1: Dorex2007 folded before Flop (didn't bet)
Seat 2: Kerpesamana folded on the Flop
Seat 3: dr voorgang (button) folded on the Flop
Seat 4: Andorrior (small blind) folded before Flop
Seat 5: zejithegreat (big blind) collected ($0.15)
Seat 7: AndyMs1985 folded before Flop (didn't bet)
Seat 8: stanfordPB folded before Flop (didn't bet)



PokerStars Hand #232724777690:  Hold'em No Limit ($0.01/$0.02 USD) - 2022/01/01 13:58:58 PT [2022/01/01 16:58:58 ET]
Table 'Geometria III' 9-max Seat #2 is the button
Seat 1: Dorex2007 ($3.82 in chips) 
Seat 2: Kerpesamana ($0.73 in chips) 
Seat 3: dr voorgang ($1.72 in chips) 
Seat 4: Andorrior ($0.28 in chips) 
Seat 5: zejithegreat ($3.97 in chips) 
Seat 6: prost09 ($2.32 in chips) 
dr voorgang: posts small blind $0.01
Andorrior: posts big blind $0.02
Lao Tsy: sits out 
Dorex2007: posts small & big blinds $0.03
*** HOLE CARDS ***
Dealt to Dorex2007 [3s 8d]
zejithegreat: raises $0.08 to $0.10
prost09: folds 
Dorex2007: folds 
Kerpesamana: folds 
dr voorgang: folds 
Andorrior: folds 
Uncalled bet ($0.08) returned to zejithegreat
zejithegreat collected $0.08 from pot
zejithegreat: doesn't show hand 
*** SUMMARY ***
Total pot $0.08 | Rake $0 
Seat 1: Dorex2007 folded before Flop (didn't bet)
Seat 2: Kerpesamana (button) folded before Flop (didn't bet)
Seat 3: dr voorgang (small blind) folded before Flop
Seat 4: Andorrior (big blind) folded before Flop
Seat 5: zejithegreat collected ($0.08)
Seat 6: prost09 folded before Flop (didn't bet)



PokerStars Hand #232724783806:  Hold'em No Limit ($0.01/$0.02 USD) - 2022/01/01 13:59:13 PT [2022/01/01 16:59:13 ET]
Table 'Geometria III' 9-max Seat #3 is the button
Seat 1: Dorex2007 ($3.79 in chips) 
Seat 2: Kerpesamana ($0.73 in chips) 
Seat 3: dr voorgang ($1.71 in chips) 
Seat 4: Andorrior ($0.26 in chips) 
Seat 5: zejithegreat ($4.03 in chips) 
Seat 6: prost09 ($2.32 in chips) 
Andorrior: posts small blind $0.01
zejithegreat: posts big blind $0.02
Lao Tsy: sits out 
*** HOLE CARDS ***
Dealt to Dorex2007 [5h Jh]
prost09: folds 
Dorex2007: folds 
Kerpesamana: folds 
dr voorgang: folds 
Andorrior: folds 
Uncalled bet ($0.01) returned to zejithegreat
zejithegreat collected $0.02 from pot
zejithegreat: doesn't show hand 
*** SUMMARY ***
Total pot $0.02 | Rake $0 
Seat 1: Dorex2007 folded before Flop (didn't bet)
Seat 2: Kerpesamana folded before Flop (didn't bet)
Seat 3: dr voorgang (button) folded before Flop (didn't bet)
Seat 4: Andorrior (small blind) folded before Flop
Seat 5: zejithegreat (big blind) collected ($0.02)
Seat 6: prost09 folded before Flop (didn't bet)



PokerStars Hand #232724789396:  Hold'em No Limit ($0.01/$0.02 USD) - 2022/01/01 13:59:27 PT [2022/01/01 16:59:27 ET]
Table 'Geometria III' 9-max Seat #4 is the button
Seat 1: Dorex2007 ($3.79 in chips) 
Seat 2: Kerpesamana ($0.73 in chips) 
Seat 3: dr voorgang ($1.71 in chips) 
Seat 4: Andorrior ($0.25 in chips) 
Seat 5: zejithegreat ($4.04 in chips) 
Seat 6: prost09 ($2.32 in chips) 
zejithegreat: posts small blind $0.01
prost09: posts big blind $0.02
Lao Tsy: sits out 
*** HOLE CARDS ***
Dealt to Dorex2007 [Ad 3h]
Dorex2007: folds 
Kerpesamana: folds 
dr voorgang: folds 
Andorrior: folds 
zejithegreat: raises $0.06 to $0.08
prost09: calls $0.06
*** FLOP *** [Tc Ts 4d]
zejithegreat: checks 
prost09: checks 
*** TURN *** [Tc Ts 4d] [Qc]
zejithegreat: bets $0.10
prost09: calls $0.10
*** RIVER *** [Tc Ts 4d Qc] [7s]
zejithegreat: checks 
prost09: bets $0.16
zejithegreat: folds 
Uncalled bet ($0.16) returned to prost09
prost09 collected $0.35 from pot
prost09: doesn't show hand 
*** SUMMARY ***
Total pot $0.36 | Rake $0.01 
Board [Tc Ts 4d Qc 7s]
Seat 1: Dorex2007 folded before Flop (didn't bet)
Seat 2: Kerpesamana folded before Flop (didn't bet)
Seat 3: dr voorgang folded before Flop (didn't bet)
Seat 4: Andorrior (button) folded before Flop (didn't bet)
Seat 5: zejithegreat (small blind) folded on the River
Seat 6: prost09 (big blind) collected ($0.35)



PokerStars Hand #232724803122:  Hold'em No Limit ($0.01/$0.02 USD) - 2022/01/01 14:00:01 PT [2022/01/01 17:00:01 ET]
Table 'Geometria III' 9-max Seat #5 is the button
Seat 1: Dorex2007 ($3.79 in chips) 
Seat 2: Kerpesamana ($0.73 in chips) 
Seat 3: dr voorgang ($1.71 in chips) 
Seat 4: Andorrior ($0.25 in chips) 
Seat 5: zejithegreat ($3.86 in chips) 
Seat 6: prost09 ($2.49 in chips) 
Seat 8: Lao Tsy ($2 in chips) 
prost09: posts small blind $0.01
Lao Tsy: posts big blind $0.02
*** HOLE CARDS ***
Dealt to Dorex2007 [Kh 7c]
Dorex2007: folds 
Kerpesamana: raises $0.03 to $0.05
dr voorgang: folds 
Andorrior: folds 
zejithegreat: calls $0.05
prost09: folds 
Lao Tsy: folds 
*** FLOP *** [Ad Qc Ts]
Kerpesamana: checks 
zejithegreat: checks 
*** TURN *** [Ad Qc Ts] [6h]
Kerpesamana: bets $0.09
zejithegreat: raises $0.13 to $0.22
Kerpesamana: raises $0.46 to $0.68 and is all-in
zejithegreat: calls $0.46
*** RIVER *** [Ad Qc Ts 6h] [Kc]
*** SHOW DOWN ***
Kerpesamana: shows [Ah 7d] (a pair of Aces)
zejithegreat: shows [As 9c] (a pair of Aces)
Kerpesamana collected $0.72 from pot
zejithegreat collected $0.72 from pot
*** SUMMARY ***
Total pot $1.49 | Rake $0.05 
Board [Ad Qc Ts 6h Kc]
Seat 1: Dorex2007 folded before Flop (didn't bet)
Seat 2: Kerpesamana showed [Ah 7d] and won ($0.72) with a pair of Aces
Seat 3: dr voorgang folded before Flop (didn't bet)
Seat 4: Andorrior folded before Flop (didn't bet)
Seat 5: zejithegreat (button) showed [As 9c] and won ($0.72) with a pair of Aces
Seat 6: prost09 (small blind) folded before Flop
Seat 8: Lao Tsy (big blind) folded before Flop



PokerStars Hand #232724821712:  Hold'em No Limit ($0.01/$0.02 USD) - 2022/01/01 14:00:45 PT [2022/01/01 17:00:45 ET]
Table 'Geometria III' 9-max Seat #6 is the button
Seat 1: Dorex2007 ($3.79 in chips) 
Seat 2: Kerpesamana ($0.72 in chips) 
Seat 3: dr voorgang ($1.71 in chips) 
Seat 4: Andorrior ($0.25 in chips) 
Seat 5: zejithegreat ($3.85 in chips) 
Seat 6: prost09 ($2.48 in chips) 
Seat 8: Lao Tsy ($2 in chips) 
Lao Tsy: posts small blind $0.01
Dorex2007: posts big blind $0.02
*** HOLE CARDS ***
Dealt to Dorex2007 [3h 7d]
Kerpesamana: folds 
dr voorgang: raises $0.04 to $0.06
Andorrior: folds 
zejithegreat: folds 
prost09: folds 
Lao Tsy: folds 
Dorex2007: folds 
Uncalled bet ($0.04) returned to dr voorgang
dr voorgang collected $0.05 from pot
dr voorgang: doesn't show hand 
*** SUMMARY ***
Total pot $0.05 | Rake $0 
Seat 1: Dorex2007 (big blind) folded before Flop
Seat 2: Kerpesamana folded before Flop (didn't bet)
Seat 3: dr voorgang collected ($0.05)
Seat 4: Andorrior folded before Flop (didn't bet)
Seat 5: zejithegreat folded before Flop (didn't bet)
Seat 6: prost09 (button) folded before Flop (didn't bet)
Seat 8: Lao Tsy (small blind) folded before Flop



PokerStars Hand #232724831836:  Hold'em No Limit ($0.01/$0.02 USD) - 2022/01/01 14:01:07 PT [2022/01/01 17:01:07 ET]
Table 'Geometria III' 9-max Seat #8 is the button
Seat 1: Dorex2007 ($3.77 in chips) 
Seat 2: Kerpesamana ($0.72 in chips) 
Seat 3: dr voorgang ($1.74 in chips) 
Seat 4: Andorrior ($0.25 in chips) 
Seat 5: zejithegreat ($3.85 in chips) 
Seat 6: prost09 ($2.48 in chips) 
Seat 8: Lao Tsy ($2 in chips) 
Dorex2007: posts small blind $0.01
Kerpesamana: posts big blind $0.02
AndyMs1985: sits out 
*** HOLE CARDS ***
Dealt to Dorex2007 [Ts 2h]
dr voorgang: folds 
Andorrior: folds 
zejithegreat: folds 
prost09: folds 
Lao Tsy: folds 
Dorex2007: folds 
Uncalled bet ($0.01) returned to Kerpesamana
Kerpesamana collected $0.02 from pot
Kerpesamana: doesn't show hand 
*** SUMMARY ***
Total pot $0.02 | Rake $0 
Seat 1: Dorex2007 (small blind) folded before Flop
Seat 2: Kerpesamana (big blind) collected ($0.02)
Seat 3: dr voorgang folded before Flop (didn't bet)
Seat 4: Andorrior folded before Flop (didn't bet)
Seat 5: zejithegreat folded before Flop (didn't bet)
Seat 6: prost09 folded before Flop (didn't bet)
Seat 8: Lao Tsy (button) folded before Flop (didn't bet)



PokerStars Hand #232724840952:  Hold'em No Limit ($0.01/$0.02 USD) - 2022/01/01 14:01:25 PT [2022/01/01 17:01:25 ET]
Table 'Geometria III' 9-max Seat #1 is the button
Seat 1: Dorex2007 ($3.76 in chips) 
Seat 2: Kerpesamana ($0.73 in chips) 
Seat 3: dr voorgang ($1.74 in chips) 
Seat 4: Andorrior ($0.25 in chips) 
Seat 5: zejithegreat ($3.85 in chips) 
Seat 6: prost09 ($2.48 in chips) 
Seat 8: Lao Tsy ($2 in chips) 
Kerpesamana: posts small blind $0.01
dr voorgang: posts big blind $0.02
AndyMs1985: sits out 
*** HOLE CARDS ***
Dealt to Dorex2007 [2d 9h]
Andorrior: folds 
zejithegreat: calls $0.02
prost09: folds 
Lao Tsy: folds 
Dorex2007: folds 
Kerpesamana: calls $0.01
dr voorgang: checks 
*** FLOP *** [As Kd Qc]
Kerpesamana: checks 
dr voorgang: checks 
zejithegreat: bets $0.10
Kerpesamana: folds 
dr voorgang: folds 
Uncalled bet ($0.10) returned to zejithegreat
zejithegreat collected $0.06 from pot
zejithegreat: doesn't show hand 
*** SUMMARY ***
Total pot $0.06 | Rake $0 
Board [As Kd Qc]
Seat 1: Dorex2007 (button) folded before Flop (didn't bet)
Seat 2: Kerpesamana (small blind) folded on the Flop
Seat 3: dr voorgang (big blind) folded on the Flop
Seat 4: Andorrior folded before Flop (didn't bet)
Seat 5: zejithegreat collected ($0.06)
Seat 6: prost09 folded before Flop (didn't bet)
Seat 8: Lao Tsy folded before Flop (didn't bet)



PokerStars Hand #232724866748:  Hold'em No Limit ($0.01/$0.02 USD) - 2022/01/01 14:02:01 PT [2022/01/01 17:02:01 ET]
Table 'Geometria III' 9-max Seat #2 is the button
Seat 1: Dorex2007 ($3.76 in chips) 
Seat 2: Kerpesamana ($0.71 in chips) 
Seat 3: dr voorgang ($1.72 in chips) 
Seat 4: Andorrior ($0.25 in chips) 
Seat 5: zejithegreat ($3.89 in chips) 
Seat 6: prost09 ($2.48 in chips) 
Seat 8: Lao Tsy ($2 in chips) 
dr voorgang: posts small blind $0.01
Andorrior: posts big blind $0.02
AndyMs1985: sits out 
*** HOLE CARDS ***
Dealt to Dorex2007 [8d 3h]
zejithegreat: folds 
prost09: folds 
Lao Tsy: folds 
Dorex2007: folds 
Kerpesamana: raises $0.03 to $0.05
dr voorgang: calls $0.04
Andorrior: folds 
*** FLOP *** [3c 6d 2d]
dr voorgang: bets $0.06
Kerpesamana: calls $0.06
*** TURN *** [3c 6d 2d] [4c]
dr voorgang: bets $0.12
Kerpesamana: folds 
Uncalled bet ($0.12) returned to dr voorgang
dr voorgang collected $0.23 from pot
dr voorgang: doesn't show hand 
*** SUMMARY ***
Total pot $0.24 | Rake $0.01 
Board [3c 6d 2d 4c]
Seat 1: Dorex2007 folded before Flop (didn't bet)
Seat 2: Kerpesamana (button) folded on the Turn
Seat 3: dr voorgang (small blind) collected ($0.23)
Seat 4: Andorrior (big blind) folded before Flop
Seat 5: zejithegreat folded before Flop (didn't bet)
Seat 6: prost09 folded before Flop (didn't bet)
Seat 8: Lao Tsy folded before Flop (didn't bet)



PokerStars Hand #232724891609:  Hold'em No Limit ($0.01/$0.02 USD) - 2022/01/01 14:02:46 PT [2022/01/01 17:02:46 ET]
Table 'Geometria III' 9-max Seat #3 is the button
Seat 1: Dorex2007 ($3.76 in chips) 
Seat 2: Kerpesamana ($0.60 in chips) 
Seat 3: dr voorgang ($1.84 in chips) 
Seat 4: Andorrior ($0.23 in chips) 
Seat 5: zejithegreat ($3.89 in chips) 
Seat 6: prost09 ($2.48 in chips) 
Seat 8: Lao Tsy ($2 in chips) 
Andorrior: posts small blind $0.01
zejithegreat: posts big blind $0.02
AndyMs1985: sits out 
*** HOLE CARDS ***
Dealt to Dorex2007 [6c 2d]
prost09: folds 
Lao Tsy: folds 
Dorex2007: folds 
Kerpesamana: folds 
dr voorgang: raises $0.04 to $0.06
Andorrior: folds 
zejithegreat: calls $0.04
*** FLOP *** [3d 8d 9s]
zejithegreat: checks 
dr voorgang: checks 
*** TURN *** [3d 8d 9s] [7h]
zejithegreat: bets $0.10
dr voorgang: folds 
Uncalled bet ($0.10) returned to zejithegreat
zejithegreat collected $0.13 from pot
zejithegreat: doesn't show hand 
*** SUMMARY ***
Total pot $0.13 | Rake $0 
Board [3d 8d 9s 7h]
Seat 1: Dorex2007 folded before Flop (didn't bet)
Seat 2: Kerpesamana folded before Flop (didn't bet)
Seat 3: dr voorgang (button) folded on the Turn
Seat 4: Andorrior (small blind) folded before Flop
Seat 5: zejithegreat (big blind) collected ($0.13)
Seat 6: prost09 folded before Flop (didn't bet)
Seat 8: Lao Tsy folded before Flop (didn't bet)



PokerStars Hand #232724915092:  Hold'em No Limit ($0.01/$0.02 USD) - 2022/01/01 14:03:26 PT [2022/01/01 17:03:26 ET]
Table 'Geometria III' 9-max Seat #4 is the button
Seat 1: Dorex2007 ($3.76 in chips) 
Seat 2: Kerpesamana ($0.60 in chips) 
Seat 3: dr voorgang ($1.78 in chips) 
Seat 4: Andorrior ($0.22 in chips) 
Seat 5: zejithegreat ($3.96 in chips) 
Seat 7: AndyMs1985 ($2 in chips) 
Seat 8: Lao Tsy ($2 in chips) 
zejithegreat: posts small blind $0.01
prost09: is sitting out 
AndyMs1985: posts big blind $0.02
*** HOLE CARDS ***
Dealt to Dorex2007 [Kh Jc]
Lao Tsy: folds 
Dorex2007: folds 
prost09 leaves the table
Kerpesamana: folds 
dr voorgang: folds 
Andorrior: calls $0.02
zejithegreat: calls $0.01
AndyMs1985: checks 
*** FLOP *** [5h 2h 5c]
zejithegreat: checks 
AndyMs1985: bets $0.04
Andorrior: folds 
zejithegreat: folds 
Uncalled bet ($0.04) returned to AndyMs1985
AndyMs1985 collected $0.06 from pot
AndyMs1985: doesn't show hand 
*** SUMMARY ***
Total pot $0.06 | Rake $0 
Board [5h 2h 5c]
Seat 1: Dorex2007 folded before Flop (didn't bet)
Seat 2: Kerpesamana folded before Flop (didn't bet)
Seat 3: dr voorgang folded before Flop (didn't bet)
Seat 4: Andorrior (button) folded on the Flop
Seat 5: zejithegreat (small blind) folded on the Flop
Seat 7: AndyMs1985 (big blind) collected ($0.06)
Seat 8: Lao Tsy folded before Flop (didn't bet)



PokerStars Hand #232724932380:  Hold'em No Limit ($0.01/$0.02 USD) - 2022/01/01 14:03:57 PT [2022/01/01 17:03:57 ET]
Table 'Geometria III' 9-max Seat #5 is the button
Seat 1: Dorex2007 ($3.76 in chips) 
Seat 2: Kerpesamana ($0.60 in chips) 
Seat 3: dr voorgang ($1.78 in chips) 
Seat 4: Andorrior ($0.20 in chips) 
Seat 5: zejithegreat ($3.94 in chips) 
Seat 7: AndyMs1985 ($2.04 in chips) 
Seat 8: Lao Tsy ($2 in chips) 
AndyMs1985: posts small blind $0.01
Lao Tsy: posts big blind $0.02
*** HOLE CARDS ***
Dealt to Dorex2007 [2h 4s]
Dorex2007: folds 
Kerpesamana: folds 
dr voorgang: folds 
Andorrior: folds 
zejithegreat: calls $0.02
AndyMs1985: calls $0.01
Lao Tsy: checks 
*** FLOP *** [7s 3c Qc]
AndyMs1985: checks 
Lao Tsy: checks 
zejithegreat: bets $0.10
AndyMs1985: folds 
Lao Tsy: folds 
Uncalled bet ($0.10) returned to zejithegreat
zejithegreat collected $0.06 from pot
zejithegreat: doesn't show hand 
*** SUMMARY ***
Total pot $0.06 | Rake $0 
Board [7s 3c Qc]
Seat 1: Dorex2007 folded before Flop (didn't bet)
Seat 2: Kerpesamana folded before Flop (didn't bet)
Seat 3: dr voorgang folded before Flop (didn't bet)
Seat 4: Andorrior folded before Flop (didn't bet)
Seat 5: zejithegreat (button) collected ($0.06)
Seat 7: AndyMs1985 (small blind) folded on the Flop
Seat 8: Lao Tsy (big blind) folded on the Flop



PokerStars Hand #232724951078:  Hold'em No Limit ($0.01/$0.02 USD) - 2022/01/01 14:04:29 PT [2022/01/01 17:04:29 ET]
Table 'Geometria III' 9-max Seat #7 is the button
Seat 1: Dorex2007 ($3.76 in chips) 
Seat 2: Kerpesamana ($0.60 in chips) 
Seat 3: dr voorgang ($1.78 in chips) 
Seat 4: Andorrior ($0.20 in chips) 
Seat 7: AndyMs1985 ($2.02 in chips) 
Seat 8: Lao Tsy ($2 in chips) 
Lao Tsy: posts small blind $0.01
Dorex2007: posts big blind $0.02
*** HOLE CARDS ***
Dealt to Dorex2007 [As 2c]
Kerpesamana: raises $0.03 to $0.05
dr voorgang: folds 
Andorrior: folds 
AndyMs1985: calls $0.05
Lao Tsy: folds 
Dorex2007: folds 
*** FLOP *** [Qc 9s 6s]
Kerpesamana: checks 
AndyMs1985: bets $0.08
Kerpesamana: calls $0.08
*** TURN *** [Qc 9s 6s] [Kd]
Kerpesamana: checks 
AndyMs1985: bets $0.14
Kerpesamana: calls $0.14
*** RIVER *** [Qc 9s 6s Kd] [4h]
Kerpesamana: checks 
AndyMs1985: bets $0.34
Kerpesamana: calls $0.33 and is all-in
Uncalled bet ($0.01) returned to AndyMs1985
*** SHOW DOWN ***
AndyMs1985: shows [5h Kh] (a pair of Kings)
Kerpesamana: shows [Kc Ah] (a pair of Kings - Ace kicker)
Kerpesamana collected $1.19 from pot
*** SUMMARY ***
Total pot $1.23 | Rake $0.04 
Board [Qc 9s 6s Kd 4h]
Seat 1: Dorex2007 (big blind) folded before Flop
Seat 2: Kerpesamana showed [Kc Ah] and won ($1.19) with a pair of Kings
Seat 3: dr voorgang folded before Flop (didn't bet)
Seat 4: Andorrior folded before Flop (didn't bet)
Seat 7: AndyMs1985 (button) showed [5h Kh] and lost with a pair of Kings
Seat 8: Lao Tsy (small blind) folded before Flop



PokerStars Hand #232724979518:  Hold'em No Limit ($0.01/$0.02 USD) - 2022/01/01 14:05:19 PT [2022/01/01 17:05:19 ET]
Table 'Geometria III' 9-max Seat #8 is the button
Seat 1: Dorex2007 ($3.74 in chips) 
Seat 2: Kerpesamana ($1.19 in chips) 
Seat 3: dr voorgang ($1.78 in chips) 
Seat 4: Andorrior ($0.20 in chips) 
Seat 7: AndyMs1985 ($1.42 in chips) 
Seat 8: Lao Tsy ($2 in chips) 
Dorex2007: posts small blind $0.01
Kerpesamana: posts big blind $0.02
*** HOLE CARDS ***
Dealt to Dorex2007 [Td 4h]
dr voorgang has timed out
dr voorgang: folds 
rand81 joins the table at seat #6 
Andorrior has timed out
Andorrior: folds 
AndyMs1985: folds 
Lao Tsy: raises $0.04 to $0.06
Dorex2007: folds 
Kerpesamana: calls $0.04
*** FLOP *** [Ah Qc 8d]
Kerpesamana: checks 
Lao Tsy: bets $0.08
Kerpesamana: folds 
Uncalled bet ($0.08) returned to Lao Tsy
Lao Tsy collected $0.13 from pot
Lao Tsy: doesn't show hand 
*** SUMMARY ***
Total pot $0.13 | Rake $0 
Board [Ah Qc 8d]
Seat 1: Dorex2007 (small blind) folded before Flop
Seat 2: Kerpesamana (big blind) folded on the Flop
Seat 3: dr voorgang folded before Flop (didn't bet)
Seat 4: Andorrior folded before Flop (didn't bet)
Seat 7: AndyMs1985 folded before Flop (didn't bet)
Seat 8: Lao Tsy (button) collected ($0.13)



PokerStars Hand #232725005852:  Hold'em No Limit ($0.01/$0.02 USD) - 2022/01/01 14:06:05 PT [2022/01/01 17:06:05 ET]
Table 'Geometria III' 9-max Seat #1 is the button
Seat 1: Dorex2007 ($3.73 in chips) 
Seat 2: Kerpesamana ($1.13 in chips) 
Seat 3: dr voorgang ($1.78 in chips) 
Seat 5: zejithegreat ($3.98 in chips) 
Seat 7: AndyMs1985 ($1.60 in chips) 
Seat 8: Lao Tsy ($2.07 in chips) 
Kerpesamana: posts small blind $0.01
dr voorgang: posts big blind $0.02
rand81: sits out 
*** HOLE CARDS ***
Dealt to Dorex2007 [5c 3h]
zejithegreat: raises $0.02 to $0.04
AndyMs1985: folds 
Lao Tsy: folds 
Dorex2007: folds 
Kerpesamana: calls $0.03
dr voorgang: calls $0.02
*** FLOP *** [4s 9h 2h]
Kerpesamana: checks 
dr voorgang: checks 
zejithegreat: checks 
*** TURN *** [4s 9h 2h] [2s]
Kerpesamana: bets $0.06
dr voorgang: folds 
zejithegreat: calls $0.06
*** RIVER *** [4s 9h 2h 2s] [5h]
Kerpesamana: bets $0.12
zejithegreat: calls $0.12
*** SHOW DOWN ***
Kerpesamana: shows [Ah Ad] (two pair, Aces and Deuces)
zejithegreat: mucks hand 
Kerpesamana collected $0.46 from pot
*** SUMMARY ***
Total pot $0.48 | Rake $0.02 
Board [4s 9h 2h 2s 5h]
Seat 1: Dorex2007 (button) folded before Flop (didn't bet)
Seat 2: Kerpesamana (small blind) showed [Ah Ad] and won ($0.46) with two pair, Aces and Deuces
Seat 3: dr voorgang (big blind) folded on the Turn
Seat 5: zejithegreat mucked [6s Ac]
Seat 7: AndyMs1985 folded before Flop (didn't bet)
Seat 8: Lao Tsy folded before Flop (didn't bet)



PokerStars Hand #232725033617:  Hold'em No Limit ($0.01/$0.02 USD) - 2022/01/01 14:06:54 PT [2022/01/01 17:06:54 ET]
Table 'Geometria III' 9-max Seat #2 is the button
Seat 1: Dorex2007 ($3.73 in chips) 
Seat 2: Kerpesamana ($1.37 in chips) 
Seat 3: dr voorgang ($1.74 in chips) 
Seat 4: Andorrior ($0.20 in chips) 
Seat 5: zejithegreat ($3.76 in chips) 
Seat 7: AndyMs1985 ($1.60 in chips) 
Seat 8: Lao Tsy ($2.07 in chips) 
dr voorgang: posts small blind $0.01
Andorrior: posts big blind $0.02
rand81: sits out 
*** HOLE CARDS ***
Dealt to Dorex2007 [Jh 2h]
zejithegreat: raises $0.02 to $0.04
AndyMs1985: folds 
Lao Tsy: folds 
Dorex2007: folds 
Kerpesamana: folds 
dr voorgang: folds 
Andorrior: folds 
Uncalled bet ($0.02) returned to zejithegreat
zejithegreat collected $0.05 from pot
zejithegreat: doesn't show hand 
*** SUMMARY ***
Total pot $0.05 | Rake $0 
Seat 1: Dorex2007 folded before Flop (didn't bet)
Seat 2: Kerpesamana (button) folded before Flop (didn't bet)
Seat 3: dr voorgang (small blind) folded before Flop
Seat 4: Andorrior (big blind) folded before Flop
Seat 5: zejithegreat collected ($0.05)
Seat 7: AndyMs1985 folded before Flop (didn't bet)
Seat 8: Lao Tsy folded before Flop (didn't bet)



PokerStars Hand #232725043868:  Hold'em No Limit ($0.01/$0.02 USD) - 2022/01/01 14:07:11 PT [2022/01/01 17:07:11 ET]
Table 'Geometria III' 9-max Seat #3 is the button
Seat 1: Dorex2007 ($3.73 in chips) 
Seat 2: Kerpesamana ($1.37 in chips) 
Seat 3: dr voorgang ($1.73 in chips) 
Seat 4: Andorrior ($0.18 in chips) 
Seat 5: zejithegreat ($3.79 in chips) 
Seat 7: AndyMs1985 ($1.60 in chips) 
Seat 8: Lao Tsy ($2.07 in chips) 
Andorrior: posts small blind $0.01
zejithegreat: posts big blind $0.02
rand81: sits out 
*** HOLE CARDS ***
Dealt to Dorex2007 [6s 7h]
AndyMs1985: folds 
Lao Tsy: folds 
Dorex2007: folds 
Kerpesamana: folds 
dr voorgang: raises $0.04 to $0.06
Andorrior: folds 
zejithegreat: folds 
Uncalled bet ($0.04) returned to dr voorgang
dr voorgang collected $0.05 from pot
dr voorgang: doesn't show hand 
*** SUMMARY ***
Total pot $0.05 | Rake $0 
Seat 1: Dorex2007 folded before Flop (didn't bet)
Seat 2: Kerpesamana folded before Flop (didn't bet)
Seat 3: dr voorgang (button) collected ($0.05)
Seat 4: Andorrior (small blind) folded before Flop
Seat 5: zejithegreat (big blind) folded before Flop
Seat 7: AndyMs1985 folded before Flop (didn't bet)
Seat 8: Lao Tsy folded before Flop (didn't bet)



PokerStars Hand #232725053991:  Hold'em No Limit ($0.01/$0.02 USD) - 2022/01/01 14:07:29 PT [2022/01/01 17:07:29 ET]
Table 'Geometria III' 9-max Seat #4 is the button
Seat 1: Dorex2007 ($3.73 in chips) 
Seat 2: Kerpesamana ($1.37 in chips) 
Seat 3: dr voorgang ($1.76 in chips) 
Seat 4: Andorrior ($0.17 in chips) 
Seat 5: zejithegreat ($3.77 in chips) 
Seat 6: rand81 ($2 in chips) 
Seat 7: AndyMs1985 ($1.60 in chips) 
Seat 8: Lao Tsy ($2.07 in chips) 
zejithegreat: posts small blind $0.01
rand81: posts big blind $0.02
*** HOLE CARDS ***
Dealt to Dorex2007 [7h 8c]
AndyMs1985: folds 
Lao Tsy: folds 
Dorex2007: folds 
Kerpesamana: folds 
dr voorgang: folds 
Andorrior: folds 
zejithegreat: calls $0.01
rand81: checks 
*** FLOP *** [5h Qh 9d]
zejithegreat: checks 
rand81: checks 
*** TURN *** [5h Qh 9d] [Js]
zejithegreat: bets $0.14
rand81: folds 
Uncalled bet ($0.14) returned to zejithegreat
zejithegreat collected $0.04 from pot
zejithegreat: doesn't show hand 
*** SUMMARY ***
Total pot $0.04 | Rake $0 
Board [5h Qh 9d Js]
Seat 1: Dorex2007 folded before Flop (didn't bet)
Seat 2: Kerpesamana folded before Flop (didn't bet)
Seat 3: dr voorgang folded before Flop (didn't bet)
Seat 4: Andorrior (button) folded before Flop (didn't bet)
Seat 5: zejithegreat (small blind) collected ($0.04)
Seat 6: rand81 (big blind) folded on the Turn
Seat 7: AndyMs1985 folded before Flop (didn't bet)
Seat 8: Lao Tsy folded before Flop (didn't bet)



PokerStars Hand #232725075429:  Hold'em No Limit ($0.01/$0.02 USD) - 2022/01/01 14:08:07 PT [2022/01/01 17:08:07 ET]
Table 'Geometria III' 9-max Seat #5 is the button
Seat 1: Dorex2007 ($3.73 in chips) 
Seat 2: Kerpesamana ($1.37 in chips) 
Seat 3: dr voorgang ($1.76 in chips) 
Seat 4: Andorrior ($0.17 in chips) 
Seat 5: zejithegreat ($3.79 in chips) 
Seat 6: rand81 ($2 in chips) 
Seat 7: AndyMs1985 ($1.60 in chips) 
Seat 8: Lao Tsy ($2.07 in chips) 
rand81: posts small blind $0.01
AndyMs1985: posts big blind $0.02
*** HOLE CARDS ***
Dealt to Dorex2007 [6d Th]
Lao Tsy: folds 
Dorex2007: folds 
Kerpesamana: folds 
dr voorgang: folds 
Andorrior: folds 
zejithegreat: folds 
rand81: raises $0.04 to $0.06
AndyMs1985: calls $0.04
*** FLOP *** [4s Td Tc]
rand81: bets $0.04
AndyMs1985: raises $0.12 to $0.16
grigorio7777777 leaves the table
rand81: folds 
Uncalled bet ($0.12) returned to AndyMs1985
AndyMs1985 collected $0.19 from pot
AndyMs1985: doesn't show hand 
*** SUMMARY ***
Total pot $0.20 | Rake $0.01 
Board [4s Td Tc]
Seat 1: Dorex2007 folded before Flop (didn't bet)
Seat 2: Kerpesamana folded before Flop (didn't bet)
Seat 3: dr voorgang folded before Flop (didn't bet)
Seat 4: Andorrior folded before Flop (didn't bet)
Seat 5: zejithegreat (button) folded before Flop (didn't bet)
Seat 6: rand81 (small blind) folded on the Flop
Seat 7: AndyMs1985 (big blind) collected ($0.19)
Seat 8: Lao Tsy folded before Flop (didn't bet)



PokerStars Hand #232725102292:  Hold'em No Limit ($0.01/$0.02 USD) - 2022/01/01 14:08:54 PT [2022/01/01 17:08:54 ET]
Table 'Geometria III' 9-max Seat #6 is the button
Seat 1: Dorex2007 ($3.73 in chips) 
Seat 2: Kerpesamana ($1.37 in chips) 
Seat 3: dr voorgang ($1.76 in chips) 
Seat 4: Andorrior ($0.17 in chips) 
Seat 5: zejithegreat ($3.79 in chips) 
Seat 6: rand81 ($2 in chips) 
Seat 7: AndyMs1985 ($1.69 in chips) 
Seat 8: Lao Tsy ($2.07 in chips) 
AndyMs1985: posts small blind $0.01
Lao Tsy: posts big blind $0.02
*** HOLE CARDS ***
Dealt to Dorex2007 [8c 2c]
Dorex2007: folds 
Kerpesamana: folds 
dr voorgang: folds 
D.Madrich joins the table at seat #9 
Andorrior: folds 
zejithegreat has timed out
zejithegreat: folds 
rand81: raises $0.03 to $0.05
AndyMs1985: folds 
Lao Tsy: folds 
Uncalled bet ($0.03) returned to rand81
rand81 collected $0.05 from pot
rand81: doesn't show hand 
*** SUMMARY ***
Total pot $0.05 | Rake $0 
Seat 1: Dorex2007 folded before Flop (didn't bet)
Seat 2: Kerpesamana folded before Flop (didn't bet)
Seat 3: dr voorgang folded before Flop (didn't bet)
Seat 4: Andorrior folded before Flop (didn't bet)
Seat 5: zejithegreat folded before Flop (didn't bet)
Seat 6: rand81 (button) collected ($0.05)
Seat 7: AndyMs1985 (small blind) folded before Flop
Seat 8: Lao Tsy (big blind) folded before Flop



PokerStars Hand #232725123628:  Hold'em No Limit ($0.01/$0.02 USD) - 2022/01/01 14:09:32 PT [2022/01/01 17:09:32 ET]
Table 'Geometria III' 9-max Seat #8 is the button
Seat 1: Dorex2007 ($3.73 in chips) 
Seat 2: Kerpesamana ($1.37 in chips) 
Seat 3: dr voorgang ($1.76 in chips) 
Seat 4: Andorrior ($0.17 in chips) 
Seat 6: rand81 ($2.03 in chips) 
Seat 8: Lao Tsy ($2.05 in chips) 
Dorex2007: posts small blind $0.01
Kerpesamana: posts big blind $0.02
*** HOLE CARDS ***
Dealt to Dorex2007 [Kh Ts]
dr voorgang: raises $0.04 to $0.06
Andorrior: folds 
rand81: folds 
Lao Tsy: folds 
Dorex2007: folds 
Kerpesamana: folds 
Uncalled bet ($0.04) returned to dr voorgang
dr voorgang collected $0.05 from pot
dr voorgang: doesn't show hand 
*** SUMMARY ***
Total pot $0.05 | Rake $0 
Seat 1: Dorex2007 (small blind) folded before Flop
Seat 2: Kerpesamana (big blind) folded before Flop
Seat 3: dr voorgang collected ($0.05)
Seat 4: Andorrior folded before Flop (didn't bet)
Seat 6: rand81 folded before Flop (didn't bet)
Seat 8: Lao Tsy (button) folded before Flop (didn't bet)



PokerStars Hand #232725132208:  Hold'em No Limit ($0.01/$0.02 USD) - 2022/01/01 14:09:47 PT [2022/01/01 17:09:47 ET]
Table 'Geometria III' 9-max Seat #1 is the button
Seat 1: Dorex2007 ($3.72 in chips) 
Seat 2: Kerpesamana ($1.35 in chips) 
Seat 3: dr voorgang ($1.79 in chips) 
Seat 4: Andorrior ($0.17 in chips) 
Seat 6: rand81 ($2.03 in chips) 
Seat 8: Lao Tsy ($2.05 in chips) 
Seat 9: D.Madrich ($2 in chips) 
Kerpesamana: posts small blind $0.01
dr voorgang: posts big blind $0.02
D.Madrich: posts big blind $0.02
*** HOLE CARDS ***
Dealt to Dorex2007 [7d 6h]
Andorrior: folds 
rand81: folds 
Lao Tsy: raises $0.07 to $0.09
D.Madrich: folds 
Dorex2007: folds 
Kerpesamana: folds 
dr voorgang: folds 
Uncalled bet ($0.07) returned to Lao Tsy
Lao Tsy collected $0.07 from pot
Lao Tsy: doesn't show hand 
*** SUMMARY ***
Total pot $0.07 | Rake $0 
Seat 1: Dorex2007 (button) folded before Flop (didn't bet)
Seat 2: Kerpesamana (small blind) folded before Flop
Seat 3: dr voorgang (big blind) folded before Flop
Seat 4: Andorrior folded before Flop (didn't bet)
Seat 6: rand81 folded before Flop (didn't bet)
Seat 8: Lao Tsy collected ($0.07)
Seat 9: D.Madrich folded before Flop (didn't bet)



PokerStars Hand #232725139381:  Hold'em No Limit ($0.01/$0.02 USD) - 2022/01/01 14:10:00 PT [2022/01/01 17:10:00 ET]
Table 'Geometria III' 9-max Seat #2 is the button
Seat 1: Dorex2007 ($3.72 in chips) 
Seat 2: Kerpesamana ($1.34 in chips) 
Seat 3: dr voorgang ($1.77 in chips) 
Seat 4: Andorrior ($0.17 in chips) 
Seat 6: rand81 ($2.03 in chips) 
Seat 7: AndyMs1985 ($1.68 in chips) 
Seat 8: Lao Tsy ($2.10 in chips) 
Seat 9: D.Madrich ($1.98 in chips) 
dr voorgang: posts small blind $0.01
Andorrior: posts big blind $0.02
*** HOLE CARDS ***
Dealt to Dorex2007 [9d Kd]
rand81: folds 
AndyMs1985: folds 
Lao Tsy: folds 
D.Madrich: calls $0.02
Dorex2007: folds 
Kerpesamana: folds 
dr voorgang: calls $0.01
Andorrior: checks 
*** FLOP *** [6d Ad Th]
dr voorgang: bets $0.03
Andorrior: folds 
D.Madrich: calls $0.03
*** TURN *** [6d Ad Th] [7h]
dr voorgang: checks 
D.Madrich: checks 
*** RIVER *** [6d Ad Th 7h] [Kc]
dr voorgang: checks 
D.Madrich: bets $0.06
dr voorgang: calls $0.06
*** SHOW DOWN ***
D.Madrich: shows [5h 5d] (a pair of Fives)
dr voorgang: shows [5c Ac] (a pair of Aces)
dr voorgang collected $0.23 from pot
*** SUMMARY ***
Total pot $0.24 | Rake $0.01 
Board [6d Ad Th 7h Kc]
Seat 1: Dorex2007 folded before Flop (didn't bet)
Seat 2: Kerpesamana (button) folded before Flop (didn't bet)
Seat 3: dr voorgang (small blind) showed [5c Ac] and won ($0.23) with a pair of Aces
Seat 4: Andorrior (big blind) folded on the Flop
Seat 6: rand81 folded before Flop (didn't bet)
Seat 7: AndyMs1985 folded before Flop (didn't bet)
Seat 8: Lao Tsy folded before Flop (didn't bet)
Seat 9: D.Madrich showed [5h 5d] and lost with a pair of Fives



PokerStars Hand #232725166026:  Hold'em No Limit ($0.01/$0.02 USD) - 2022/01/01 14:10:47 PT [2022/01/01 17:10:47 ET]
Table 'Geometria III' 9-max Seat #3 is the button
Seat 1: Dorex2007 ($3.72 in chips) 
Seat 2: Kerpesamana ($1.34 in chips) 
Seat 3: dr voorgang ($1.89 in chips) 
Seat 4: Andorrior ($0.15 in chips) 
Seat 6: rand81 ($2.03 in chips) 
Seat 7: AndyMs1985 ($1.68 in chips) 
Seat 8: Lao Tsy ($2.10 in chips) 
Seat 9: D.Madrich ($1.87 in chips) 
Andorrior: posts small blind $0.01
rand81: posts big blind $0.02
*** HOLE CARDS ***
Dealt to Dorex2007 [Ah 7h]
AndyMs1985: folds 
Lao Tsy: raises $0.04 to $0.06
D.Madrich: folds 
Dorex2007: folds 
Kerpesamana: folds 
dr voorgang: calls $0.06
Andorrior: folds 
rand81: folds 
*** FLOP *** [6d 3h 5c]
Lao Tsy: bets $0.11
dr voorgang: calls $0.11
*** TURN *** [6d 3h 5c] [8h]
Lao Tsy: bets $0.27
dr voorgang: calls $0.27
*** RIVER *** [6d 3h 5c 8h] [5s]
Lao Tsy: bets $0.88
dr voorgang: folds 
Uncalled bet ($0.88) returned to Lao Tsy
Lao Tsy collected $0.88 from pot
Lao Tsy: doesn't show hand 
*** SUMMARY ***
Total pot $0.91 | Rake $0.03 
Board [6d 3h 5c 8h 5s]
Seat 1: Dorex2007 folded before Flop (didn't bet)
Seat 2: Kerpesamana folded before Flop (didn't bet)
Seat 3: dr voorgang (button) folded on the River
Seat 4: Andorrior (small blind) folded before Flop
Seat 6: rand81 (big blind) folded before Flop
Seat 7: AndyMs1985 folded before Flop (didn't bet)
Seat 8: Lao Tsy collected ($0.88)
Seat 9: D.Madrich folded before Flop (didn't bet)



PokerStars Hand #232725192861:  Hold'em No Limit ($0.01/$0.02 USD) - 2022/01/01 14:11:34 PT [2022/01/01 17:11:34 ET]
Table 'Geometria III' 9-max Seat #4 is the button
Seat 1: Dorex2007 ($3.72 in chips) 
Seat 2: Kerpesamana ($1.34 in chips) 
Seat 3: dr voorgang ($1.45 in chips) 
Seat 4: Andorrior ($0.14 in chips) 
Seat 6: rand81 ($2.01 in chips) 
Seat 7: AndyMs1985 ($1.68 in chips) 
Seat 8: Lao Tsy ($2.54 in chips) 
Seat 9: D.Madrich ($1.87 in chips) 
rand81: posts small blind $0.01
AndyMs1985: posts big blind $0.02
*** HOLE CARDS ***
Dealt to Dorex2007 [Ah Qh]
Lao Tsy: folds 
D.Madrich: calls $0.02
Dorex2007: raises $0.04 to $0.06
Kerpesamana: folds 
dr voorgang: folds 
Andorrior: folds 
rand81: folds 
AndyMs1985: folds 
D.Madrich: calls $0.04
*** FLOP *** [Jd 2h Th]
D.Madrich: checks 
Dorex2007: bets $0.14
D.Madrich: calls $0.14
*** TURN *** [Jd 2h Th] [6s]
D.Madrich: checks 
Dorex2007: checks 
*** RIVER *** [Jd 2h Th 6s] [8s]
D.Madrich: bets $0.20
Dorex2007: folds 
Uncalled bet ($0.20) returned to D.Madrich
D.Madrich collected $0.41 from pot
D.Madrich: doesn't show hand 
*** SUMMARY ***
Total pot $0.43 | Rake $0.02 
Board [Jd 2h Th 6s 8s]
Seat 1: Dorex2007 folded on the River
Seat 2: Kerpesamana folded before Flop (didn't bet)
Seat 3: dr voorgang folded before Flop (didn't bet)
Seat 4: Andorrior (button) folded before Flop (didn't bet)
Seat 6: rand81 (small blind) folded before Flop
Seat 7: AndyMs1985 (big blind) folded before Flop
Seat 8: Lao Tsy folded before Flop (didn't bet)
Seat 9: D.Madrich collected ($0.41)



PokerStars Hand #232725218618:  Hold'em No Limit ($0.01/$0.02 USD) - 2022/01/01 14:12:19 PT [2022/01/01 17:12:19 ET]
Table 'Geometria III' 9-max Seat #6 is the button
Seat 1: Dorex2007 ($3.52 in chips) 
Seat 2: Kerpesamana ($1.34 in chips) 
Seat 3: dr voorgang ($1.45 in chips) 
Seat 4: Andorrior ($0.14 in chips) 
Seat 6: rand81 ($2 in chips) 
Seat 7: AndyMs1985 ($1.66 in chips) 
Seat 8: Lao Tsy ($2.54 in chips) 
Seat 9: D.Madrich ($2.08 in chips) 
AndyMs1985: posts small blind $0.01
Lao Tsy: posts big blind $0.02
zejithegreat: sits out 
*** HOLE CARDS ***
Dealt to Dorex2007 [9c 3c]
D.Madrich: calls $0.02
Dorex2007: folds 
Kerpesamana: folds 
dr voorgang: folds 
Andorrior: calls $0.02
rand81: folds 
AndyMs1985: calls $0.01
Lao Tsy: checks 
*** FLOP *** [4d Js As]
AndyMs1985: checks 
Lao Tsy: checks 
D.Madrich: checks 
Andorrior: checks 
*** TURN *** [4d Js As] [Kh]
AndyMs1985: bets $0.04
Lao Tsy: folds 
D.Madrich: raises $0.04 to $0.08
Andorrior: folds 
AndyMs1985: raises $0.14 to $0.22
D.Madrich: raises $0.14 to $0.36
AndyMs1985: raises $1.28 to $1.64 and is all-in
D.Madrich: calls $1.28
*** RIVER *** [4d Js As Kh] [9d]
*** SHOW DOWN ***
AndyMs1985: shows [Ts Qd] (a straight, Ten to Ace)
D.Madrich: shows [Ad 4h] (two pair, Aces and Fours)
AndyMs1985 collected $3.21 from pot
*** SUMMARY ***
Total pot $3.36 | Rake $0.15 
Board [4d Js As Kh 9d]
Seat 1: Dorex2007 folded before Flop (didn't bet)
Seat 2: Kerpesamana folded before Flop (didn't bet)
Seat 3: dr voorgang folded before Flop (didn't bet)
Seat 4: Andorrior folded on the Turn
Seat 6: rand81 (button) folded before Flop (didn't bet)
Seat 7: AndyMs1985 (small blind) showed [Ts Qd] and won ($3.21) with a straight, Ten to Ace
Seat 8: Lao Tsy (big blind) folded on the Turn
Seat 9: D.Madrich showed [Ad 4h] and lost with two pair, Aces and Fours



PokerStars Hand #232725256094:  Hold'em No Limit ($0.01/$0.02 USD) - 2022/01/01 14:13:20 PT [2022/01/01 17:13:20 ET]
Table 'Geometria III' 9-max Seat #7 is the button
Seat 1: Dorex2007 ($3.52 in chips) 
Seat 2: Kerpesamana ($1.34 in chips) 
Seat 3: dr voorgang ($1.45 in chips) 
Seat 4: Andorrior ($0.12 in chips) 
Seat 6: rand81 ($2 in chips) 
Seat 7: AndyMs1985 ($3.21 in chips) 
Seat 8: Lao Tsy ($2.52 in chips) 
Seat 9: D.Madrich ($0.42 in chips) 
Lao Tsy: posts small blind $0.01
D.Madrich: posts big blind $0.02
zejithegreat: sits out 
*** HOLE CARDS ***
Dealt to Dorex2007 [3h 9d]
Dorex2007: folds 
Kerpesamana: folds 
dr voorgang: folds 
Andorrior: folds 
rand81: raises $0.03 to $0.05
AndyMs1985: folds 
Lao Tsy: raises $0.19 to $0.24
D.Madrich: raises $0.18 to $0.42 and is all-in
rand81: folds 
Lao Tsy: calls $0.18
*** FLOP *** [8c 4c 6s]
*** TURN *** [8c 4c 6s] [Js]
*** RIVER *** [8c 4c 6s Js] [5d]
*** SHOW DOWN ***
Lao Tsy: shows [As Qs] (high card Ace)
D.Madrich: shows [Ah Th] (high card Ace - lower kicker)
Lao Tsy collected $0.86 from pot
*** SUMMARY ***
Total pot $0.89 | Rake $0.03 
Board [8c 4c 6s Js 5d]
Seat 1: Dorex2007 folded before Flop (didn't bet)
Seat 2: Kerpesamana folded before Flop (didn't bet)
Seat 3: dr voorgang folded before Flop (didn't bet)
Seat 4: Andorrior folded before Flop (didn't bet)
Seat 6: rand81 folded before Flop
Seat 7: AndyMs1985 (button) folded before Flop (didn't bet)
Seat 8: Lao Tsy (small blind) showed [As Qs] and won ($0.86) with high card Ace
Seat 9: D.Madrich (big blind) showed [Ah Th] and lost with high card Ace



PokerStars Hand #232725278325:  Hold'em No Limit ($0.01/$0.02 USD) - 2022/01/01 14:13:59 PT [2022/01/01 17:13:59 ET]
Table 'Geometria III' 9-max Seat #8 is the button
Seat 1: Dorex2007 ($3.52 in chips) 
Seat 2: Kerpesamana ($1.34 in chips) 
Seat 3: dr voorgang ($1.45 in chips) 
Seat 4: Andorrior ($0.12 in chips) 
Seat 6: rand81 ($2 in chips) 
Seat 7: AndyMs1985 ($3.21 in chips) 
Seat 8: Lao Tsy ($2.96 in chips) 
Dorex2007: posts small blind $0.01
Kerpesamana: posts big blind $0.02
zejithegreat: sits out 
*** HOLE CARDS ***
Dealt to Dorex2007 [3s 2s]
dr voorgang: folds 
Andorrior: folds 
rand81: folds 
AndyMs1985: folds 
Lao Tsy: raises $0.04 to $0.06
Dorex2007: folds 
Kerpesamana: calls $0.04
*** FLOP *** [2d Ad 7d]
Kerpesamana: checks 
Lao Tsy: bets $0.04
Kerpesamana: calls $0.04
*** TURN *** [2d Ad 7d] [Qh]
Kerpesamana: checks 
Lao Tsy: bets $0.06
Kerpesamana: calls $0.06
*** RIVER *** [2d Ad 7d Qh] [6h]
Kerpesamana: bets $0.06
Lao Tsy: calls $0.06
*** SHOW DOWN ***
Kerpesamana: shows [Tc Kh] (high card Ace)
Lao Tsy: shows [Qs As] (two pair, Aces and Queens)
Lao Tsy collected $0.43 from pot
*** SUMMARY ***
Total pot $0.45 | Rake $0.02 
Board [2d Ad 7d Qh 6h]
Seat 1: Dorex2007 (small blind) folded before Flop
Seat 2: Kerpesamana (big blind) showed [Tc Kh] and lost with high card Ace
Seat 3: dr voorgang folded before Flop (didn't bet)
Seat 4: Andorrior folded before Flop (didn't bet)
Seat 6: rand81 folded before Flop (didn't bet)
Seat 7: AndyMs1985 folded before Flop (didn't bet)
Seat 8: Lao Tsy (button) showed [Qs As] and won ($0.43) with two pair, Aces and Queens



PokerStars Hand #232725304503:  Hold'em No Limit ($0.01/$0.02 USD) - 2022/01/01 14:14:46 PT [2022/01/01 17:14:46 ET]
Table 'Geometria III' 9-max Seat #1 is the button
Seat 1: Dorex2007 ($3.51 in chips) 
Seat 2: Kerpesamana ($1.12 in chips) 
Seat 3: dr voorgang ($1.45 in chips) 
Seat 4: Andorrior ($0.12 in chips) 
Seat 6: rand81 ($2 in chips) 
Seat 7: AndyMs1985 ($3.21 in chips) 
Seat 8: Lao Tsy ($3.17 in chips) 
Seat 9: D.Madrich ($2 in chips) 
Kerpesamana: posts small blind $0.01
dr voorgang: posts big blind $0.02
zejithegreat: sits out 
D.Madrich: posts small blind $0.01
*** HOLE CARDS ***
Dealt to Dorex2007 [Jc 3c]
Andorrior: folds 
rand81: folds 
AndyMs1985: folds 
Lao Tsy: folds 
D.Madrich: calls $0.02
Dorex2007: folds 
Kerpesamana: calls $0.01
dr voorgang: checks 
*** FLOP *** [8s Kc 6s]
Kerpesamana: checks 
dr voorgang: checks 
D.Madrich: bets $0.02
Kerpesamana: folds 
dr voorgang: calls $0.02
*** TURN *** [8s Kc 6s] [Js]
dr voorgang: checks 
D.Madrich: bets $0.02
dr voorgang: calls $0.02
*** RIVER *** [8s Kc 6s Js] [6c]
dr voorgang: checks 
D.Madrich: bets $0.07
dr voorgang: folds 
Uncalled bet ($0.07) returned to D.Madrich
D.Madrich collected $0.14 from pot
D.Madrich: doesn't show hand 
*** SUMMARY ***
Total pot $0.15 | Rake $0.01 
Board [8s Kc 6s Js 6c]
Seat 1: Dorex2007 (button) folded before Flop (didn't bet)
Seat 2: Kerpesamana (small blind) folded on the Flop
Seat 3: dr voorgang (big blind) folded on the River
Seat 4: Andorrior folded before Flop (didn't bet)
Seat 6: rand81 folded before Flop (didn't bet)
Seat 7: AndyMs1985 folded before Flop (didn't bet)
Seat 8: Lao Tsy folded before Flop (didn't bet)
Seat 9: D.Madrich collected ($0.14)



PokerStars Hand #232725327778:  Hold'em No Limit ($0.01/$0.02 USD) - 2022/01/01 14:15:27 PT [2022/01/01 17:15:27 ET]
Table 'Geometria III' 9-max Seat #2 is the button
Seat 1: Dorex2007 ($3.51 in chips) 
Seat 2: Kerpesamana ($1.10 in chips) 
Seat 3: dr voorgang ($1.39 in chips) 
Seat 5: zejithegreat ($3.79 in chips) 
Seat 6: rand81 ($2 in chips) 
Seat 7: AndyMs1985 ($3.21 in chips) 
Seat 8: Lao Tsy ($3.17 in chips) 
Seat 9: D.Madrich ($2.07 in chips) 
dr voorgang: posts small blind $0.01
zejithegreat: posts big blind $0.02
*** HOLE CARDS ***
Dealt to Dorex2007 [5d 6h]
rand81: folds 
AndyMs1985: folds 
Lao Tsy: raises $0.04 to $0.06
D.Madrich: calls $0.06
Dorex2007: folds 
Kerpesamana: calls $0.06
dr voorgang: folds 
zejithegreat: folds 
*** FLOP *** [8s Kc 2h]
Lao Tsy: checks 
D.Madrich: checks 
Kerpesamana: checks 
*** TURN *** [8s Kc 2h] [Qc]
Lao Tsy: bets $0.15
D.Madrich: folds 
Kerpesamana: folds 
Uncalled bet ($0.15) returned to Lao Tsy
Lao Tsy collected $0.20 from pot
Lao Tsy: doesn't show hand 
*** SUMMARY ***
Total pot $0.21 | Rake $0.01 
Board [8s Kc 2h Qc]
Seat 1: Dorex2007 folded before Flop (didn't bet)
Seat 2: Kerpesamana (button) folded on the Turn
Seat 3: dr voorgang (small blind) folded before Flop
Seat 5: zejithegreat (big blind) folded before Flop
Seat 6: rand81 folded before Flop (didn't bet)
Seat 7: AndyMs1985 folded before Flop (didn't bet)
Seat 8: Lao Tsy collected ($0.20)
Seat 9: D.Madrich folded on the Turn



PokerStars Hand #232725353882:  Hold'em No Limit ($0.01/$0.02 USD) - 2022/01/01 14:16:06 PT [2022/01/01 17:16:06 ET]
Table 'Geometria III' 9-max Seat #3 is the button
Seat 1: Dorex2007 ($3.51 in chips) 
Seat 2: Kerpesamana ($1.04 in chips) 
Seat 3: dr voorgang ($1.38 in chips) 
Seat 5: zejithegreat ($3.77 in chips) 
Seat 6: rand81 ($2 in chips) 
Seat 7: AndyMs1985 ($3.21 in chips) 
Seat 8: Lao Tsy ($3.31 in chips) 
Seat 9: D.Madrich ($2.01 in chips) 
zejithegreat: posts small blind $0.01
rand81: posts big blind $0.02
*** HOLE CARDS ***
Dealt to Dorex2007 [6c 2h]
AndyMs1985: folds 
Lao Tsy: folds 
D.Madrich: folds 
Dorex2007: folds 
Kerpesamana: folds 
dr voorgang: folds 
zejithegreat: calls $0.01
rand81: checks 
*** FLOP *** [2c 9h Jd]
zejithegreat: checks 
rand81: bets $0.03
zejithegreat: folds 
Uncalled bet ($0.03) returned to rand81
rand81 collected $0.04 from pot
rand81: doesn't show hand 
*** SUMMARY ***
Total pot $0.04 | Rake $0 
Board [2c 9h Jd]
Seat 1: Dorex2007 folded before Flop (didn't bet)
Seat 2: Kerpesamana folded before Flop (didn't bet)
Seat 3: dr voorgang (button) folded before Flop (didn't bet)
Seat 5: zejithegreat (small blind) folded on the Flop
Seat 6: rand81 (big blind) collected ($0.04)
Seat 7: AndyMs1985 folded before Flop (didn't bet)
Seat 8: Lao Tsy folded before Flop (didn't bet)
Seat 9: D.Madrich folded before Flop (didn't bet)



PokerStars Hand #232725375622:  Hold'em No Limit ($0.01/$0.02 USD) - 2022/01/01 14:16:45 PT [2022/01/01 17:16:45 ET]
Table 'Geometria III' 9-max Seat #5 is the button
Seat 1: Dorex2007 ($3.51 in chips) 
Seat 2: Kerpesamana ($1.04 in chips) 
Seat 3: dr voorgang ($1.38 in chips) 
Seat 5: zejithegreat ($3.75 in chips) 
Seat 6: rand81 ($2.02 in chips) 
Seat 7: AndyMs1985 ($3.21 in chips) 
Seat 8: Lao Tsy ($3.31 in chips) 
Seat 9: D.Madrich ($2.01 in chips) 
rand81: posts small blind $0.01
AndyMs1985: posts big blind $0.02
*** HOLE CARDS ***
Dealt to Dorex2007 [4d Js]
Lao Tsy: folds 
D.Madrich: calls $0.02
Dorex2007: folds 
Kerpesamana: raises $0.03 to $0.05
dr voorgang: folds 
zejithegreat: folds 
rand81: calls $0.04
AndyMs1985: folds 
D.Madrich: calls $0.03
*** FLOP *** [9s 7h 5d]
rand81: checks 
D.Madrich: checks 
Kerpesamana: bets $0.08
rand81: calls $0.08
D.Madrich: calls $0.08
*** TURN *** [9s 7h 5d] [Jh]
rand81: checks 
D.Madrich: checks 
Kerpesamana: checks 
*** RIVER *** [9s 7h 5d Jh] [8h]
rand81: checks 
D.Madrich: bets $0.20
Kerpesamana: folds 
rand81: folds 
Uncalled bet ($0.20) returned to D.Madrich
D.Madrich collected $0.40 from pot
D.Madrich: doesn't show hand 
*** SUMMARY ***
Total pot $0.41 | Rake $0.01 
Board [9s 7h 5d Jh 8h]
Seat 1: Dorex2007 folded before Flop (didn't bet)
Seat 2: Kerpesamana folded on the River
Seat 3: dr voorgang folded before Flop (didn't bet)
Seat 5: zejithegreat (button) folded before Flop (didn't bet)
Seat 6: rand81 (small blind) folded on the River
Seat 7: AndyMs1985 (big blind) folded before Flop
Seat 8: Lao Tsy folded before Flop (didn't bet)
Seat 9: D.Madrich collected ($0.40)



PokerStars Hand #232725419326:  Hold'em No Limit ($0.01/$0.02 USD) - 2022/01/01 14:18:03 PT [2022/01/01 17:18:03 ET]
Table 'Geometria III' 9-max Seat #6 is the button
Seat 1: Dorex2007 ($3.51 in chips) 
Seat 2: Kerpesamana ($0.91 in chips) 
Seat 3: dr voorgang ($1.38 in chips) 
Seat 5: zejithegreat ($3.75 in chips) 
Seat 6: rand81 ($2 in chips) 
Seat 7: AndyMs1985 ($3.19 in chips) 
Seat 8: Lao Tsy ($3.31 in chips) 
Seat 9: D.Madrich ($2.28 in chips) 
AndyMs1985: posts small blind $0.01
Lao Tsy: posts big blind $0.02
Andorrior: sits out 
*** HOLE CARDS ***
Dealt to Dorex2007 [8h Ah]
D.Madrich: calls $0.02
Dorex2007: folds 
Kerpesamana: folds 
dr voorgang: calls $0.02
zejithegreat: calls $0.02
rand81: folds 
AndyMs1985: calls $0.01
Lao Tsy: checks 
*** FLOP *** [Qs 9c Qh]
AndyMs1985: checks 
Lao Tsy: checks 
D.Madrich: checks 
dr voorgang: checks 
zejithegreat: bets $0.08
AndyMs1985: folds 
Lao Tsy: folds 
D.Madrich: calls $0.08
dr voorgang: folds 
*** TURN *** [Qs 9c Qh] [3c]
D.Madrich: checks 
zejithegreat: checks 
*** RIVER *** [Qs 9c Qh 3c] [2c]
D.Madrich: bets $0.12
zejithegreat: folds 
Uncalled bet ($0.12) returned to D.Madrich
D.Madrich collected $0.25 from pot
D.Madrich: doesn't show hand 
*** SUMMARY ***
Total pot $0.26 | Rake $0.01 
Board [Qs 9c Qh 3c 2c]
Seat 1: Dorex2007 folded before Flop (didn't bet)
Seat 2: Kerpesamana folded before Flop (didn't bet)
Seat 3: dr voorgang folded on the Flop
Seat 5: zejithegreat folded on the River
Seat 6: rand81 (button) folded before Flop (didn't bet)
Seat 7: AndyMs1985 (small blind) folded on the Flop
Seat 8: Lao Tsy (big blind) folded on the Flop
Seat 9: D.Madrich collected ($0.25)



PokerStars Hand #232725464729:  Hold'em No Limit ($0.01/$0.02 USD) - 2022/01/01 14:19:24 PT [2022/01/01 17:19:24 ET]
Table 'Geometria III' 9-max Seat #7 is the button
Seat 1: Dorex2007 ($3.51 in chips) 
Seat 2: Kerpesamana ($0.91 in chips) 
Seat 3: dr voorgang ($1.36 in chips) 
Seat 5: zejithegreat ($3.65 in chips) 
Seat 6: rand81 ($2 in chips) 
Seat 7: AndyMs1985 ($3.17 in chips) 
Seat 8: Lao Tsy ($3.29 in chips) 
Seat 9: D.Madrich ($2.43 in chips) 
Lao Tsy: posts small blind $0.01
D.Madrich: posts big blind $0.02
Andorrior: sits out 
*** HOLE CARDS ***
Dealt to Dorex2007 [8c 2c]
Dorex2007: folds 
Kerpesamana: folds 
dr voorgang: folds 
zejithegreat: calls $0.02
rand81: raises $0.06 to $0.08
AndyMs1985: calls $0.08
Lao Tsy: calls $0.07
D.Madrich: calls $0.06
zejithegreat: calls $0.06
*** FLOP *** [Qd Th 3d]
Lao Tsy: checks 
D.Madrich: checks 
zejithegreat: checks 
rand81: checks 
AndyMs1985: checks 
*** TURN *** [Qd Th 3d] [Kh]
Lao Tsy: checks 
D.Madrich: checks 
zejithegreat: checks 
rand81: checks 
AndyMs1985: bets $0.20
Lao Tsy: folds 
D.Madrich: folds 
zejithegreat: folds 
rand81: folds 
Uncalled bet ($0.20) returned to AndyMs1985
AndyMs1985 collected $0.39 from pot
AndyMs1985: doesn't show hand 
*** SUMMARY ***
Total pot $0.40 | Rake $0.01 
Board [Qd Th 3d Kh]
Seat 1: Dorex2007 folded before Flop (didn't bet)
Seat 2: Kerpesamana folded before Flop (didn't bet)
Seat 3: dr voorgang folded before Flop (didn't bet)
Seat 5: zejithegreat folded on the Turn
Seat 6: rand81 folded on the Turn
Seat 7: AndyMs1985 (button) collected ($0.39)
Seat 8: Lao Tsy (small blind) folded on the Turn
Seat 9: D.Madrich (big blind) folded on the Turn



