PokerStars Hand #223805761020:  Hold'em No Limit ($0.01/$0.02 USD) - 2021/02/14 8:26:29 PT [2021/02/14 11:26:29 ET]
Table 'Coppelia VI' 9-max Seat #4 is the button
Seat 1: PUTNICA ($1.75 in chips) 
Seat 2: dimon880018 ($1.83 in chips) 
Seat 3: lefo21x ($2.39 in chips) 
Seat 4: BeerDude514 ($2.29 in chips) 
Seat 5: ezzeARG ($0.98 in chips) 
Seat 6: Dorex2007 ($1.50 in chips) 
Seat 7: leon220871 ($2.68 in chips) 
Seat 8: Denis1887922 ($1.98 in chips) 
Seat 9: Onrus009 ($4.41 in chips) 
ezzeARG: posts small blind $0.01
Dorex2007: posts big blind $0.02
*** HOLE CARDS ***
Dealt to Dorex2007 [3h Td]
leon220871: folds 
Denis1887922: calls $0.02
Onrus009 has timed out
Onrus009: folds 
PUTNICA: folds 
dimon880018: folds 
lefo21x: folds 
BeerDude514: folds 
ezzeARG: folds 
Dorex2007: checks 
*** FLOP *** [3d Ah Kd]
Dorex2007: checks 
Denis1887922: checks 
*** TURN *** [3d Ah Kd] [Jc]
Dorex2007: bets $0.05
Denis1887922: folds 
Uncalled bet ($0.05) returned to Dorex2007
Dorex2007 collected $0.05 from pot
Dorex2007: doesn't show hand 
*** SUMMARY ***
Total pot $0.05 | Rake $0 
Board [3d Ah Kd Jc]
Seat 1: PUTNICA folded before Flop (didn't bet)
Seat 2: dimon880018 folded before Flop (didn't bet)
Seat 3: lefo21x folded before Flop (didn't bet)
Seat 4: BeerDude514 (button) folded before Flop (didn't bet)
Seat 5: ezzeARG (small blind) folded before Flop
Seat 6: Dorex2007 (big blind) collected ($0.05)
Seat 7: leon220871 folded before Flop (didn't bet)
Seat 8: Denis1887922 folded on the Turn
Seat 9: Onrus009 folded before Flop (didn't bet)



PokerStars Hand #223805794064:  Hold'em No Limit ($0.01/$0.02 USD) - 2021/02/14 8:27:20 PT [2021/02/14 11:27:20 ET]
Table 'Coppelia VI' 9-max Seat #5 is the button
Seat 1: PUTNICA ($1.75 in chips) 
Seat 2: dimon880018 ($1.83 in chips) 
Seat 3: lefo21x ($2.39 in chips) 
Seat 4: BeerDude514 ($2.29 in chips) 
Seat 5: ezzeARG ($0.97 in chips) 
Seat 6: Dorex2007 ($1.53 in chips) 
Seat 7: leon220871 ($2.68 in chips) 
Seat 8: Denis1887922 ($1.96 in chips) 
Seat 9: Onrus009 ($4.41 in chips) 
Dorex2007: posts small blind $0.01
leon220871: posts big blind $0.02
*** HOLE CARDS ***
Dealt to Dorex2007 [3h 4h]
Denis1887922: calls $0.02
Onrus009: calls $0.02
PUTNICA: raises $0.02 to $0.04
dimon880018: folds 
lefo21x: folds 
BeerDude514: folds 
ezzeARG: folds 
Dorex2007: folds 
leon220871: folds 
Denis1887922: calls $0.02
Onrus009: calls $0.02
*** FLOP *** [3d Jd Qs]
Denis1887922: bets $0.04
Onrus009: calls $0.04
PUTNICA: folds 
*** TURN *** [3d Jd Qs] [Tc]
Denis1887922: bets $0.04
Onrus009: raises $0.04 to $0.08
Denis1887922: calls $0.04
*** RIVER *** [3d Jd Qs Tc] [Qd]
Denis1887922: bets $0.04
Onrus009: raises $4.21 to $4.25 and is all-in
Denis1887922: folds 
Uncalled bet ($4.21) returned to Onrus009
Onrus009 collected $0.45 from pot
Onrus009: doesn't show hand 
*** SUMMARY ***
Total pot $0.47 | Rake $0.02 
Board [3d Jd Qs Tc Qd]
Seat 1: PUTNICA folded on the Flop
Seat 2: dimon880018 folded before Flop (didn't bet)
Seat 3: lefo21x folded before Flop (didn't bet)
Seat 4: BeerDude514 folded before Flop (didn't bet)
Seat 5: ezzeARG (button) folded before Flop (didn't bet)
Seat 6: Dorex2007 (small blind) folded before Flop
Seat 7: leon220871 (big blind) folded before Flop
Seat 8: Denis1887922 folded on the River
Seat 9: Onrus009 collected ($0.45)



PokerStars Hand #223805832509:  Hold'em No Limit ($0.01/$0.02 USD) - 2021/02/14 8:28:19 PT [2021/02/14 11:28:19 ET]
Table 'Coppelia VI' 9-max Seat #6 is the button
Seat 1: PUTNICA ($1.71 in chips) 
Seat 2: dimon880018 ($1.83 in chips) 
Seat 3: lefo21x ($2.39 in chips) 
Seat 4: BeerDude514 ($2.29 in chips) 
Seat 5: ezzeARG ($0.97 in chips) 
Seat 6: Dorex2007 ($1.52 in chips) 
Seat 7: leon220871 ($2.66 in chips) 
Seat 8: Denis1887922 ($1.76 in chips) 
Seat 9: Onrus009 ($4.66 in chips) 
leon220871: posts small blind $0.01
Denis1887922: posts big blind $0.02
*** HOLE CARDS ***
Dealt to Dorex2007 [4c 9s]
Onrus009: calls $0.02
PUTNICA: folds 
dimon880018: raises $0.06 to $0.08
lefo21x: folds 
BeerDude514: folds 
ezzeARG: folds 
Dorex2007: folds 
leon220871: folds 
Denis1887922: calls $0.06
Onrus009: calls $0.06
*** FLOP *** [5s Tc 2s]
Denis1887922: bets $0.06
Onrus009: calls $0.06
dimon880018: folds 
*** TURN *** [5s Tc 2s] [8s]
Denis1887922: bets $0.06
Onrus009: calls $0.06
*** RIVER *** [5s Tc 2s 8s] [9h]
Denis1887922: bets $0.06
Onrus009: calls $0.06
*** SHOW DOWN ***
Denis1887922: shows [8h 7s] (a pair of Eights)
Onrus009: shows [Td Qs] (a pair of Tens)
Onrus009 collected $0.59 from pot
*** SUMMARY ***
Total pot $0.61 | Rake $0.02 
Board [5s Tc 2s 8s 9h]
Seat 1: PUTNICA folded before Flop (didn't bet)
Seat 2: dimon880018 folded on the Flop
Seat 3: lefo21x folded before Flop (didn't bet)
Seat 4: BeerDude514 folded before Flop (didn't bet)
Seat 5: ezzeARG folded before Flop (didn't bet)
Seat 6: Dorex2007 (button) folded before Flop (didn't bet)
Seat 7: leon220871 (small blind) folded before Flop
Seat 8: Denis1887922 (big blind) showed [8h 7s] and lost with a pair of Eights
Seat 9: Onrus009 showed [Td Qs] and won ($0.59) with a pair of Tens



PokerStars Hand #223805872135:  Hold'em No Limit ($0.01/$0.02 USD) - 2021/02/14 8:29:19 PT [2021/02/14 11:29:19 ET]
Table 'Coppelia VI' 9-max Seat #7 is the button
Seat 1: PUTNICA ($1.71 in chips) 
Seat 2: dimon880018 ($1.75 in chips) 
Seat 3: lefo21x ($2.39 in chips) 
Seat 4: BeerDude514 ($2.29 in chips) 
Seat 5: ezzeARG ($0.97 in chips) 
Seat 6: Dorex2007 ($1.52 in chips) 
Seat 7: leon220871 ($2.65 in chips) 
Seat 8: Denis1887922 ($1.50 in chips) 
Seat 9: Onrus009 ($4.99 in chips) 
Denis1887922: posts small blind $0.01
Onrus009: posts big blind $0.02
*** HOLE CARDS ***
Dealt to Dorex2007 [Ks Js]
PUTNICA: folds 
dimon880018: folds 
lefo21x: raises $0.04 to $0.06
BeerDude514: folds 
ezzeARG: folds 
Dorex2007: raises $0.06 to $0.12
leon220871: folds 
Denis1887922: calls $0.11
Onrus009: folds 
lefo21x: calls $0.06
*** FLOP *** [2c 9s 7c]
Denis1887922: bets $0.06
lefo21x: calls $0.06
Dorex2007: raises $0.28 to $0.34
Denis1887922: folds 
lefo21x: calls $0.28
*** TURN *** [2c 9s 7c] [3c]
lefo21x: checks 
Dorex2007: bets $1.06 and is all-in
lefo21x: calls $1.06
*** RIVER *** [2c 9s 7c 3c] [2h]
*** SHOW DOWN ***
lefo21x: shows [Jc Jh] (two pair, Jacks and Deuces)
Dorex2007: shows [Ks Js] (a pair of Deuces)
lefo21x cashed out the hand for $2.96 | Cash Out Fee $0.03
*** SUMMARY ***
Total pot $3.24 | Rake $0.11 
Board [2c 9s 7c 3c 2h]
Seat 1: PUTNICA folded before Flop (didn't bet)
Seat 2: dimon880018 folded before Flop (didn't bet)
Seat 3: lefo21x showed [Jc Jh] and won ($3.13) with two pair, Jacks and Deuces (pot not awarded as player cashed out)
Seat 4: BeerDude514 folded before Flop (didn't bet)
Seat 5: ezzeARG folded before Flop (didn't bet)
Seat 6: Dorex2007 showed [Ks Js] and lost with a pair of Deuces
Seat 7: leon220871 (button) folded before Flop (didn't bet)
Seat 8: Denis1887922 (small blind) folded on the Flop
Seat 9: Onrus009 (big blind) folded before Flop



PokerStars Hand #223806358751:  Hold'em No Limit ($0.01/$0.02 USD) - 2021/02/14 8:41:22 PT [2021/02/14 11:41:22 ET]
Table 'Coppelia VI' 9-max Seat #3 is the button
Seat 1: PUTNICA ($1.68 in chips) 
Seat 2: Annu_91 ($1.57 in chips) 
Seat 3: lefo21x ($4.34 in chips) 
Seat 5: ezzeARG ($0.96 in chips) 
Seat 6: Dorex2007 ($1.50 in chips) 
Seat 7: leon220871 ($2.20 in chips) 
Seat 8: Denis1887922 ($1.52 in chips) 
Seat 9: Onrus009 ($4.59 in chips) 
ezzeARG: posts small blind $0.01
Dorex2007: posts big blind $0.02
*** HOLE CARDS ***
Dealt to Dorex2007 [Qh 8s]
leon220871: folds 
Denis1887922: calls $0.02
Onrus009 has timed out
Onrus009: folds 
PUTNICA: folds 
Annu_91: folds 
lefo21x: folds 
ezzeARG: folds 
Dorex2007: checks 
*** FLOP *** [4c Kc 2d]
Dorex2007: checks 
Denis1887922: checks 
*** TURN *** [4c Kc 2d] [Jh]
Dorex2007: checks 
Denis1887922: bets $0.04
Dorex2007: folds 
Uncalled bet ($0.04) returned to Denis1887922
Denis1887922 collected $0.05 from pot
Denis1887922: doesn't show hand 
*** SUMMARY ***
Total pot $0.05 | Rake $0 
Board [4c Kc 2d Jh]
Seat 1: PUTNICA folded before Flop (didn't bet)
Seat 2: Annu_91 folded before Flop (didn't bet)
Seat 3: lefo21x (button) folded before Flop (didn't bet)
Seat 5: ezzeARG (small blind) folded before Flop
Seat 6: Dorex2007 (big blind) folded on the Turn
Seat 7: leon220871 folded before Flop (didn't bet)
Seat 8: Denis1887922 collected ($0.05)
Seat 9: Onrus009 folded before Flop (didn't bet)



PokerStars Hand #223806388920:  Hold'em No Limit ($0.01/$0.02 USD) - 2021/02/14 8:42:08 PT [2021/02/14 11:42:08 ET]
Table 'Coppelia VI' 9-max Seat #5 is the button
Seat 1: PUTNICA ($1.68 in chips) 
Seat 2: Annu_91 ($1.57 in chips) 
Seat 3: lefo21x ($4.34 in chips) 
Seat 4: realmadrid18win ($0.80 in chips) 
Seat 5: ezzeARG ($0.95 in chips) 
Seat 6: Dorex2007 ($1.48 in chips) 
Seat 7: leon220871 ($2.20 in chips) 
Seat 8: Denis1887922 ($1.55 in chips) 
Seat 9: Onrus009 ($4.59 in chips) 
Dorex2007: posts small blind $0.01
leon220871: posts big blind $0.02
realmadrid18win: posts big blind $0.02
*** HOLE CARDS ***
Dealt to Dorex2007 [3s 5c]
Denis1887922: folds 
Onrus009: calls $0.02
PUTNICA: folds 
Annu_91: calls $0.02
lefo21x: raises $0.11 to $0.13
realmadrid18win: folds 
ezzeARG: folds 
Dorex2007: folds 
leon220871: folds 
Onrus009: calls $0.11
Annu_91: calls $0.11
*** FLOP *** [6c 5h 8s]
Onrus009: checks 
Annu_91: checks 
lefo21x: bets $0.14
Onrus009: calls $0.14
Annu_91: folds 
*** TURN *** [6c 5h 8s] [9s]
Onrus009: checks 
lefo21x: checks 
*** RIVER *** [6c 5h 8s 9s] [Kc]
Onrus009: bets $0.24
lefo21x: folds 
Uncalled bet ($0.24) returned to Onrus009
Onrus009 collected $0.69 from pot
Onrus009: doesn't show hand 
*** SUMMARY ***
Total pot $0.72 | Rake $0.03 
Board [6c 5h 8s 9s Kc]
Seat 1: PUTNICA folded before Flop (didn't bet)
Seat 2: Annu_91 folded on the Flop
Seat 3: lefo21x folded on the River
Seat 4: realmadrid18win folded before Flop (didn't bet)
Seat 5: ezzeARG (button) folded before Flop (didn't bet)
Seat 6: Dorex2007 (small blind) folded before Flop
Seat 7: leon220871 (big blind) folded before Flop
Seat 8: Denis1887922 folded before Flop (didn't bet)
Seat 9: Onrus009 collected ($0.69)



PokerStars Hand #223806470633:  Hold'em No Limit ($0.01/$0.02 USD) - 2021/02/14 8:43:58 PT [2021/02/14 11:43:58 ET]
Table 'Coppelia VI' 9-max Seat #6 is the button
Seat 1: PUTNICA ($1.68 in chips) 
Seat 2: Annu_91 ($1.44 in chips) 
Seat 3: lefo21x ($4.07 in chips) 
Seat 4: realmadrid18win ($0.78 in chips) 
Seat 5: ezzeARG ($0.95 in chips) 
Seat 6: Dorex2007 ($1.47 in chips) 
Seat 7: leon220871 ($2.18 in chips) 
Seat 8: Denis1887922 ($1.55 in chips) 
Seat 9: Onrus009 ($5.01 in chips) 
leon220871: posts small blind $0.01
Denis1887922: posts big blind $0.02
*** HOLE CARDS ***
Dealt to Dorex2007 [4c 2h]
Onrus009: folds 
PUTNICA: calls $0.02
Annu_91: folds 
lefo21x: folds 
realmadrid18win: folds 
ezzeARG: folds 
lefo21x leaves the table
Dorex2007 has timed out
Dorex2007: folds 
leon220871: folds 
tuomassso joins the table at seat #3 
Denis1887922: checks 
*** FLOP *** [Jh Js Qc]
Denis1887922: checks 
PUTNICA: bets $0.06
Denis1887922: folds 
Uncalled bet ($0.06) returned to PUTNICA
PUTNICA collected $0.05 from pot
PUTNICA: doesn't show hand 
*** SUMMARY ***
Total pot $0.05 | Rake $0 
Board [Jh Js Qc]
Seat 1: PUTNICA collected ($0.05)
Seat 2: Annu_91 folded before Flop (didn't bet)
Seat 3: lefo21x folded before Flop (didn't bet)
Seat 4: realmadrid18win folded before Flop (didn't bet)
Seat 5: ezzeARG folded before Flop (didn't bet)
Seat 6: Dorex2007 (button) folded before Flop (didn't bet)
Seat 7: leon220871 (small blind) folded before Flop
Seat 8: Denis1887922 (big blind) folded on the Flop
Seat 9: Onrus009 folded before Flop (didn't bet)



