PokerStars Hand #232389756762:  Hold'em No Limit ($0.01/$0.02 USD) - 2021/12/20 17:12:12 PT [2021/12/20 20:12:12 ET]
Table 'Azimech II' 9-max Seat #8 is the button
Seat 2: Frostflyer ($1.88 in chips) 
Seat 3: Kulejan2641 ($2.04 in chips) 
Seat 4: Lystana ($3.96 in chips) 
Seat 5: Business74 ($1.94 in chips) 
Seat 6: gibsonsg62 ($0.21 in chips) 
Seat 7: Dorex2007 ($2 in chips) 
Seat 8: panKastus ($8.96 in chips) 
Seat 9: gimi888 ($1 in chips) 
gimi888: posts small blind $0.01
Frostflyer: posts big blind $0.02
Dorex2007: posts big blind $0.02
*** HOLE CARDS ***
Dealt to Dorex2007 [7s 4c]
Kulejan2641: folds 
Lystana: folds 
Business74: folds 
gibsonsg62: folds 
Dorex2007: raises $0.02 to $0.04
panKastus: folds 
gimi888: folds 
Frostflyer: calls $0.02
*** FLOP *** [6d Ah 7c]
Frostflyer: checks 
Dorex2007: bets $0.06
Frostflyer: calls $0.06
*** TURN *** [6d Ah 7c] [Td]
Frostflyer: checks 
Dorex2007: checks 
*** RIVER *** [6d Ah 7c Td] [2c]
Frostflyer: bets $0.16
Dorex2007: folds 
Uncalled bet ($0.16) returned to Frostflyer
Frostflyer collected $0.20 from pot
Frostflyer: doesn't show hand 
*** SUMMARY ***
Total pot $0.21 | Rake $0.01 
Board [6d Ah 7c Td 2c]
Seat 2: Frostflyer (big blind) collected ($0.20)
Seat 3: Kulejan2641 folded before Flop (didn't bet)
Seat 4: Lystana folded before Flop (didn't bet)
Seat 5: Business74 folded before Flop (didn't bet)
Seat 6: gibsonsg62 folded before Flop (didn't bet)
Seat 7: Dorex2007 folded on the River
Seat 8: panKastus (button) folded before Flop (didn't bet)
Seat 9: gimi888 (small blind) folded before Flop



PokerStars Hand #232389768145:  Hold'em No Limit ($0.01/$0.02 USD) - 2021/12/20 17:12:45 PT [2021/12/20 20:12:45 ET]
Table 'Azimech II' 9-max Seat #9 is the button
Seat 2: Frostflyer ($1.98 in chips) 
Seat 3: Kulejan2641 ($2.04 in chips) 
Seat 4: Lystana ($3.96 in chips) 
Seat 5: Business74 ($1.94 in chips) 
Seat 6: gibsonsg62 ($0.21 in chips) 
Seat 7: Dorex2007 ($2 in chips) 
Seat 8: panKastus ($8.96 in chips) 
Seat 9: gimi888 ($1 in chips) 
Frostflyer: posts small blind $0.01
Kulejan2641: posts big blind $0.02
*** HOLE CARDS ***
Dealt to Dorex2007 [8c 3h]
Lystana: folds 
Business74: folds 
gibsonsg62: folds 
Dorex2007: folds 
panKastus: folds 
gimi888: folds 
Frostflyer: raises $0.04 to $0.06
Kulejan2641: calls $0.04
*** FLOP *** [9d 3d 3s]
Frostflyer: bets $0.06
Kulejan2641: folds 
Uncalled bet ($0.06) returned to Frostflyer
Frostflyer collected $0.12 from pot
Frostflyer: doesn't show hand 
*** SUMMARY ***
Total pot $0.12 | Rake $0 
Board [9d 3d 3s]
Seat 2: Frostflyer (small blind) collected ($0.12)
Seat 3: Kulejan2641 (big blind) folded on the Flop
Seat 4: Lystana folded before Flop (didn't bet)
Seat 5: Business74 folded before Flop (didn't bet)
Seat 6: gibsonsg62 folded before Flop (didn't bet)
Seat 7: Dorex2007 folded before Flop (didn't bet)
Seat 8: panKastus folded before Flop (didn't bet)
Seat 9: gimi888 (button) folded before Flop (didn't bet)



PokerStars Hand #232389775285:  Hold'em No Limit ($0.01/$0.02 USD) - 2021/12/20 17:13:11 PT [2021/12/20 20:13:11 ET]
Table 'Azimech II' 9-max Seat #2 is the button
Seat 1: 13nick2713 ($4.04 in chips) 
Seat 2: Frostflyer ($2.04 in chips) 
Seat 3: Kulejan2641 ($2 in chips) 
Seat 4: Lystana ($3.96 in chips) 
Seat 5: Business74 ($1.94 in chips) 
Seat 6: gibsonsg62 ($0.21 in chips) 
Seat 7: Dorex2007 ($2 in chips) 
Seat 8: panKastus ($8.96 in chips) 
Seat 9: gimi888 ($1 in chips) 
Kulejan2641: posts small blind $0.01
Lystana: posts big blind $0.02
13nick2713: posts small & big blinds $0.03
*** HOLE CARDS ***
Dealt to Dorex2007 [9d Kd]
Business74: folds 
gibsonsg62: folds 
Dorex2007: calls $0.02
panKastus: folds 
gimi888: folds 
13nick2713: checks 
Frostflyer: folds 
Kulejan2641: folds 
Lystana: checks 
*** FLOP *** [5d 6d Jd]
Lystana: checks 
Dorex2007: checks 
13nick2713: checks 
*** TURN *** [5d 6d Jd] [6s]
Lystana: checks 
Dorex2007: bets $0.05
13nick2713: folds 
Lystana: folds 
Uncalled bet ($0.05) returned to Dorex2007
Dorex2007 collected $0.08 from pot
Dorex2007: doesn't show hand 
*** SUMMARY ***
Total pot $0.08 | Rake $0 
Board [5d 6d Jd 6s]
Seat 1: 13nick2713 folded on the Turn (didn't bet)
Seat 2: Frostflyer (button) folded before Flop (didn't bet)
Seat 3: Kulejan2641 (small blind) folded before Flop
Seat 4: Lystana (big blind) folded on the Turn
Seat 5: Business74 folded before Flop (didn't bet)
Seat 6: gibsonsg62 folded before Flop (didn't bet)
Seat 7: Dorex2007 collected ($0.08)
Seat 8: panKastus folded before Flop (didn't bet)
Seat 9: gimi888 folded before Flop (didn't bet)



PokerStars Hand #232389786580:  Hold'em No Limit ($0.01/$0.02 USD) - 2021/12/20 17:13:51 PT [2021/12/20 20:13:51 ET]
Table 'Azimech II' 9-max Seat #3 is the button
Seat 1: 13nick2713 ($4.01 in chips) 
Seat 2: Frostflyer ($2.04 in chips) 
Seat 3: Kulejan2641 ($2 in chips) 
Seat 4: Lystana ($3.94 in chips) 
Seat 5: Business74 ($1.94 in chips) 
Seat 6: gibsonsg62 ($0.21 in chips) 
Seat 7: Dorex2007 ($2.06 in chips) 
Seat 8: panKastus ($8.96 in chips) 
Seat 9: gimi888 ($1 in chips) 
Lystana: posts small blind $0.01
Business74: posts big blind $0.02
*** HOLE CARDS ***
Dealt to Dorex2007 [5s 5d]
gibsonsg62: raises $0.06 to $0.08
Dorex2007: folds 
panKastus: folds 
gimi888: folds 
13nick2713: folds 
Frostflyer: folds 
Kulejan2641: folds 
Lystana: folds 
Business74: folds 
Uncalled bet ($0.06) returned to gibsonsg62
gibsonsg62 collected $0.05 from pot
gibsonsg62: doesn't show hand 
*** SUMMARY ***
Total pot $0.05 | Rake $0 
Seat 1: 13nick2713 folded before Flop (didn't bet)
Seat 2: Frostflyer folded before Flop (didn't bet)
Seat 3: Kulejan2641 (button) folded before Flop (didn't bet)
Seat 4: Lystana (small blind) folded before Flop
Seat 5: Business74 (big blind) folded before Flop
Seat 6: gibsonsg62 collected ($0.05)
Seat 7: Dorex2007 folded before Flop (didn't bet)
Seat 8: panKastus folded before Flop (didn't bet)
Seat 9: gimi888 folded before Flop (didn't bet)



PokerStars Hand #232389791794:  Hold'em No Limit ($0.01/$0.02 USD) - 2021/12/20 17:14:10 PT [2021/12/20 20:14:10 ET]
Table 'Azimech II' 9-max Seat #4 is the button
Seat 1: 13nick2713 ($4.01 in chips) 
Seat 2: Frostflyer ($2.04 in chips) 
Seat 3: Kulejan2641 ($2 in chips) 
Seat 4: Lystana ($3.93 in chips) 
Seat 5: Business74 ($1.92 in chips) 
Seat 6: gibsonsg62 ($0.24 in chips) 
Seat 7: Dorex2007 ($2.06 in chips) 
Seat 8: panKastus ($8.96 in chips) 
Seat 9: gimi888 ($1 in chips) 
Business74: posts small blind $0.01
gibsonsg62: posts big blind $0.02
*** HOLE CARDS ***
Dealt to Dorex2007 [Qs Qd]
Dorex2007: raises $0.06 to $0.08
panKastus: folds 
gimi888: folds 
13nick2713: folds 
Frostflyer: folds 
Kulejan2641: folds 
Lystana: folds 
Business74: folds 
gibsonsg62: folds 
Uncalled bet ($0.06) returned to Dorex2007
Dorex2007 collected $0.05 from pot
Dorex2007: doesn't show hand 
*** SUMMARY ***
Total pot $0.05 | Rake $0 
Seat 1: 13nick2713 folded before Flop (didn't bet)
Seat 2: Frostflyer folded before Flop (didn't bet)
Seat 3: Kulejan2641 folded before Flop (didn't bet)
Seat 4: Lystana (button) folded before Flop (didn't bet)
Seat 5: Business74 (small blind) folded before Flop
Seat 6: gibsonsg62 (big blind) folded before Flop
Seat 7: Dorex2007 collected ($0.05)
Seat 8: panKastus folded before Flop (didn't bet)
Seat 9: gimi888 folded before Flop (didn't bet)



PokerStars Hand #232389794958:  Hold'em No Limit ($0.01/$0.02 USD) - 2021/12/20 17:14:21 PT [2021/12/20 20:14:21 ET]
Table 'Azimech II' 9-max Seat #5 is the button
Seat 1: 13nick2713 ($4.01 in chips) 
Seat 2: Frostflyer ($2.04 in chips) 
Seat 3: Kulejan2641 ($2 in chips) 
Seat 4: Lystana ($3.93 in chips) 
Seat 5: Business74 ($1.91 in chips) 
Seat 6: gibsonsg62 ($0.22 in chips) 
Seat 7: Dorex2007 ($2.09 in chips) 
Seat 8: panKastus ($8.96 in chips) 
Seat 9: gimi888 ($1 in chips) 
gibsonsg62: posts small blind $0.01
Dorex2007: posts big blind $0.02
*** HOLE CARDS ***
Dealt to Dorex2007 [7c 3c]
panKastus: folds 
gimi888: raises $0.04 to $0.06
panKastus leaves the table
13nick2713: folds 
Frostflyer: calls $0.06
Kulejan2641: folds 
Lystana: folds 
Business74: folds 
gibsonsg62: calls $0.05
Dorex2007: folds 
*** FLOP *** [6c 2s Th]
gibsonsg62: bets $0.16 and is all-in
gimi888: folds 
Frostflyer: calls $0.16
*** TURN *** [6c 2s Th] [4h]
*** RIVER *** [6c 2s Th 4h] [Ah]
*** SHOW DOWN ***
gibsonsg62: shows [Jd Ts] (a pair of Tens)
Frostflyer: shows [9c 9d] (a pair of Nines)
gibsonsg62 collected $0.50 from pot
*** SUMMARY ***
Total pot $0.52 | Rake $0.02 
Board [6c 2s Th 4h Ah]
Seat 1: 13nick2713 folded before Flop (didn't bet)
Seat 2: Frostflyer showed [9c 9d] and lost with a pair of Nines
Seat 3: Kulejan2641 folded before Flop (didn't bet)
Seat 4: Lystana folded before Flop (didn't bet)
Seat 5: Business74 (button) folded before Flop (didn't bet)
Seat 6: gibsonsg62 (small blind) showed [Jd Ts] and won ($0.50) with a pair of Tens
Seat 7: Dorex2007 (big blind) folded before Flop
Seat 8: panKastus folded before Flop (didn't bet)
Seat 9: gimi888 folded on the Flop



PokerStars Hand #232389803290:  Hold'em No Limit ($0.01/$0.02 USD) - 2021/12/20 17:14:51 PT [2021/12/20 20:14:51 ET]
Table 'Azimech II' 9-max Seat #6 is the button
Seat 1: 13nick2713 ($4.01 in chips) 
Seat 2: Frostflyer ($1.82 in chips) 
Seat 3: Kulejan2641 ($2 in chips) 
Seat 4: Lystana ($3.93 in chips) 
Seat 5: Business74 ($1.91 in chips) 
Seat 6: gibsonsg62 ($0.50 in chips) 
Seat 7: Dorex2007 ($2.07 in chips) 
Seat 9: gimi888 ($1 in chips) 
Dorex2007: posts small blind $0.01
gimi888: posts big blind $0.02
*** HOLE CARDS ***
Dealt to Dorex2007 [9h 7h]
13nick2713: folds 
Frostflyer: folds 
Kulejan2641: folds 
Lystana: folds 
Business74: folds 
gibsonsg62: folds 
Dorex2007: raises $0.02 to $0.04
gimi888: folds 
Uncalled bet ($0.02) returned to Dorex2007
Dorex2007 collected $0.04 from pot
Dorex2007: doesn't show hand 
*** SUMMARY ***
Total pot $0.04 | Rake $0 
Seat 1: 13nick2713 folded before Flop (didn't bet)
Seat 2: Frostflyer folded before Flop (didn't bet)
Seat 3: Kulejan2641 folded before Flop (didn't bet)
Seat 4: Lystana folded before Flop (didn't bet)
Seat 5: Business74 folded before Flop (didn't bet)
Seat 6: gibsonsg62 (button) folded before Flop (didn't bet)
Seat 7: Dorex2007 (small blind) collected ($0.04)
Seat 9: gimi888 (big blind) folded before Flop



PokerStars Hand #232389807845:  Hold'em No Limit ($0.01/$0.02 USD) - 2021/12/20 17:15:07 PT [2021/12/20 20:15:07 ET]
Table 'Azimech II' 9-max Seat #7 is the button
Seat 1: 13nick2713 ($4.01 in chips) 
Seat 2: Frostflyer ($1.82 in chips) 
Seat 3: Kulejan2641 ($2 in chips) 
Seat 4: Lystana ($3.93 in chips) 
Seat 5: Business74 ($1.91 in chips) 
Seat 6: gibsonsg62 ($0.50 in chips) 
Seat 7: Dorex2007 ($2.09 in chips) 
Seat 9: gimi888 ($1 in chips) 
gimi888: posts small blind $0.01
13nick2713: posts big blind $0.02
*** HOLE CARDS ***
Dealt to Dorex2007 [Ac 8s]
Frostflyer: folds 
Kulejan2641: folds 
Lystana: folds 
Business74: folds 
gibsonsg62: folds 
Dorex2007: folds 
gimi888: raises $0.03 to $0.05
13nick2713: folds 
Uncalled bet ($0.03) returned to gimi888
gimi888 collected $0.04 from pot
gimi888: doesn't show hand 
*** SUMMARY ***
Total pot $0.04 | Rake $0 
Seat 1: 13nick2713 (big blind) folded before Flop
Seat 2: Frostflyer folded before Flop (didn't bet)
Seat 3: Kulejan2641 folded before Flop (didn't bet)
Seat 4: Lystana folded before Flop (didn't bet)
Seat 5: Business74 folded before Flop (didn't bet)
Seat 6: gibsonsg62 folded before Flop (didn't bet)
Seat 7: Dorex2007 (button) folded before Flop (didn't bet)
Seat 9: gimi888 (small blind) collected ($0.04)



PokerStars Hand #232389812091:  Hold'em No Limit ($0.01/$0.02 USD) - 2021/12/20 17:15:22 PT [2021/12/20 20:15:22 ET]
Table 'Azimech II' 9-max Seat #9 is the button
Seat 1: 13nick2713 ($3.99 in chips) 
Seat 2: Frostflyer ($1.82 in chips) 
Seat 3: Kulejan2641 ($2 in chips) 
Seat 4: Lystana ($3.93 in chips) 
Seat 5: Business74 ($1.91 in chips) 
Seat 6: gibsonsg62 ($0.50 in chips) 
Seat 7: Dorex2007 ($2.09 in chips) 
Seat 9: gimi888 ($1.02 in chips) 
13nick2713: posts small blind $0.01
Frostflyer: posts big blind $0.02
*** HOLE CARDS ***
Dealt to Dorex2007 [8c 8s]
Kulejan2641: folds 
Lystana: folds 
Business74: calls $0.02
gibsonsg62: calls $0.02
Dorex2007: raises $0.02 to $0.04
gimi888: calls $0.04
13nick2713: folds 
Frostflyer: folds 
Business74: calls $0.02
gibsonsg62: calls $0.02
*** FLOP *** [3h Ad Ts]
Business74: checks 
gibsonsg62: checks 
Dorex2007: checks 
gimi888: bets $0.08
Business74: folds 
gibsonsg62: folds 
Dorex2007: folds 
Uncalled bet ($0.08) returned to gimi888
gimi888 collected $0.18 from pot
gimi888: doesn't show hand 
*** SUMMARY ***
Total pot $0.19 | Rake $0.01 
Board [3h Ad Ts]
Seat 1: 13nick2713 (small blind) folded before Flop
Seat 2: Frostflyer (big blind) folded before Flop
Seat 3: Kulejan2641 folded before Flop (didn't bet)
Seat 4: Lystana folded before Flop (didn't bet)
Seat 5: Business74 folded on the Flop
Seat 6: gibsonsg62 folded on the Flop
Seat 7: Dorex2007 folded on the Flop
Seat 9: gimi888 (button) collected ($0.18)



PokerStars Hand #232389826390:  Hold'em No Limit ($0.01/$0.02 USD) - 2021/12/20 17:16:14 PT [2021/12/20 20:16:14 ET]
Table 'Azimech II' 9-max Seat #1 is the button
Seat 1: 13nick2713 ($3.98 in chips) 
Seat 2: Frostflyer ($1.80 in chips) 
Seat 3: Kulejan2641 ($2 in chips) 
Seat 4: Lystana ($3.93 in chips) 
Seat 5: Business74 ($1.87 in chips) 
Seat 6: gibsonsg62 ($0.46 in chips) 
Seat 7: Dorex2007 ($2.05 in chips) 
Seat 9: gimi888 ($1.16 in chips) 
Frostflyer: posts small blind $0.01
Kulejan2641: posts big blind $0.02
*** HOLE CARDS ***
Dealt to Dorex2007 [6c Tc]
Lystana is disconnected 
Lystana is connected 
Lystana: folds 
Business74: folds 
gibsonsg62: folds 
Dorex2007: folds 
gimi888: raises $0.03 to $0.05
13nick2713: folds 
Frostflyer: folds 
Kulejan2641: folds 
Uncalled bet ($0.03) returned to gimi888
gimi888 collected $0.05 from pot
gimi888: doesn't show hand 
*** SUMMARY ***
Total pot $0.05 | Rake $0 
Seat 1: 13nick2713 (button) folded before Flop (didn't bet)
Seat 2: Frostflyer (small blind) folded before Flop
Seat 3: Kulejan2641 (big blind) folded before Flop
Seat 4: Lystana folded before Flop (didn't bet)
Seat 5: Business74 folded before Flop (didn't bet)
Seat 6: gibsonsg62 folded before Flop (didn't bet)
Seat 7: Dorex2007 folded before Flop (didn't bet)
Seat 9: gimi888 collected ($0.05)



PokerStars Hand #232389835012:  Hold'em No Limit ($0.01/$0.02 USD) - 2021/12/20 17:16:45 PT [2021/12/20 20:16:45 ET]
Table 'Azimech II' 9-max Seat #2 is the button
Seat 1: 13nick2713 ($3.98 in chips) 
Seat 2: Frostflyer ($1.79 in chips) 
Seat 3: Kulejan2641 ($2 in chips) 
Seat 4: Lystana ($3.93 in chips) 
Seat 5: Business74 ($1.87 in chips) 
Seat 6: gibsonsg62 ($0.46 in chips) 
Seat 7: Dorex2007 ($2.05 in chips) 
Seat 9: gimi888 ($1.19 in chips) 
Kulejan2641: posts small blind $0.01
Lystana: posts big blind $0.02
*** HOLE CARDS ***
Dealt to Dorex2007 [4h 8s]
Business74: folds 
gibsonsg62: calls $0.02
Dorex2007: folds 
gimi888: folds 
13nick2713: folds 
Frostflyer: calls $0.02
Kulejan2641: folds 
Lystana: checks 
*** FLOP *** [Ah 4s 9c]
Lystana: checks 
gibsonsg62: checks 
Frostflyer: bets $0.07
Lystana: folds 
gibsonsg62: folds 
Uncalled bet ($0.07) returned to Frostflyer
Frostflyer collected $0.07 from pot
Frostflyer: doesn't show hand 
*** SUMMARY ***
Total pot $0.07 | Rake $0 
Board [Ah 4s 9c]
Seat 1: 13nick2713 folded before Flop (didn't bet)
Seat 2: Frostflyer (button) collected ($0.07)
Seat 3: Kulejan2641 (small blind) folded before Flop
Seat 4: Lystana (big blind) folded on the Flop
Seat 5: Business74 folded before Flop (didn't bet)
Seat 6: gibsonsg62 folded on the Flop
Seat 7: Dorex2007 folded before Flop (didn't bet)
Seat 9: gimi888 folded before Flop (didn't bet)



PokerStars Hand #232389842660:  Hold'em No Limit ($0.01/$0.02 USD) - 2021/12/20 17:17:13 PT [2021/12/20 20:17:13 ET]
Table 'Azimech II' 9-max Seat #3 is the button
Seat 1: 13nick2713 ($3.98 in chips) 
Seat 2: Frostflyer ($1.84 in chips) 
Seat 3: Kulejan2641 ($2 in chips) 
Seat 4: Lystana ($3.91 in chips) 
Seat 5: Business74 ($1.87 in chips) 
Seat 6: gibsonsg62 ($0.44 in chips) 
Seat 7: Dorex2007 ($2.05 in chips) 
Seat 9: gimi888 ($1.19 in chips) 
Lystana: posts small blind $0.01
Business74: posts big blind $0.02
*** HOLE CARDS ***
Dealt to Dorex2007 [Tc 6c]
gibsonsg62: calls $0.02
Dorex2007: folds 
gimi888: folds 
13nick2713: folds 
Frostflyer: folds 
Kulejan2641: raises $0.06 to $0.08
Lystana: folds 
Business74: folds 
gibsonsg62: calls $0.06
*** FLOP *** [6h Kc Ts]
gibsonsg62: checks 
Kulejan2641: bets $0.06
gibsonsg62: calls $0.06
*** TURN *** [6h Kc Ts] [As]
gibsonsg62: checks 
Kulejan2641: bets $0.11
gibsonsg62: calls $0.11
*** RIVER *** [6h Kc Ts As] [8s]
gibsonsg62: checks 
Kulejan2641: bets $0.28
gibsonsg62: folds 
Uncalled bet ($0.28) returned to Kulejan2641
Kulejan2641 collected $0.51 from pot
Kulejan2641: doesn't show hand 
*** SUMMARY ***
Total pot $0.53 | Rake $0.02 
Board [6h Kc Ts As 8s]
Seat 1: 13nick2713 folded before Flop (didn't bet)
Seat 2: Frostflyer folded before Flop (didn't bet)
Seat 3: Kulejan2641 (button) collected ($0.51)
Seat 4: Lystana (small blind) folded before Flop
Seat 5: Business74 (big blind) folded before Flop
Seat 6: gibsonsg62 folded on the River
Seat 7: Dorex2007 folded before Flop (didn't bet)
Seat 9: gimi888 folded before Flop (didn't bet)



PokerStars Hand #232389863177:  Hold'em No Limit ($0.01/$0.02 USD) - 2021/12/20 17:18:11 PT [2021/12/20 20:18:11 ET]
Table 'Azimech II' 9-max Seat #4 is the button
Seat 1: 13nick2713 ($3.98 in chips) 
Seat 2: Frostflyer ($1.84 in chips) 
Seat 3: Kulejan2641 ($2.26 in chips) 
Seat 4: Lystana ($3.90 in chips) 
Seat 5: Business74 ($1.85 in chips) 
Seat 6: gibsonsg62 ($0.19 in chips) 
Seat 7: Dorex2007 ($2.05 in chips) 
Seat 9: gimi888 ($1.19 in chips) 
Business74: posts small blind $0.01
gibsonsg62: posts big blind $0.02
*** HOLE CARDS ***
Dealt to Dorex2007 [3h 5s]
Dorex2007: folds 
gimi888: folds 
13nick2713: folds 
Frostflyer: folds 
Kulejan2641: folds 
Lystana: folds 
Business74: raises $0.04 to $0.06
gibsonsg62: raises $0.12 to $0.18
Business74: folds 
Uncalled bet ($0.12) returned to gibsonsg62
gibsonsg62 collected $0.12 from pot
gibsonsg62: doesn't show hand 
*** SUMMARY ***
Total pot $0.12 | Rake $0 
Seat 1: 13nick2713 folded before Flop (didn't bet)
Seat 2: Frostflyer folded before Flop (didn't bet)
Seat 3: Kulejan2641 folded before Flop (didn't bet)
Seat 4: Lystana (button) folded before Flop (didn't bet)
Seat 5: Business74 (small blind) folded before Flop
Seat 6: gibsonsg62 (big blind) collected ($0.12)
Seat 7: Dorex2007 folded before Flop (didn't bet)
Seat 9: gimi888 folded before Flop (didn't bet)



PokerStars Hand #232389871222:  Hold'em No Limit ($0.01/$0.02 USD) - 2021/12/20 17:18:39 PT [2021/12/20 20:18:39 ET]
Table 'Azimech II' 9-max Seat #5 is the button
Seat 1: 13nick2713 ($3.98 in chips) 
Seat 2: Frostflyer ($1.84 in chips) 
Seat 3: Kulejan2641 ($2.26 in chips) 
Seat 4: Lystana ($3.90 in chips) 
Seat 5: Business74 ($1.79 in chips) 
Seat 6: gibsonsg62 ($0.25 in chips) 
Seat 7: Dorex2007 ($2.05 in chips) 
Seat 9: gimi888 ($1.19 in chips) 
gibsonsg62: posts small blind $0.01
Dorex2007: posts big blind $0.02
*** HOLE CARDS ***
Dealt to Dorex2007 [Qs 9s]
gimi888: folds 
13nick2713: folds 
Frostflyer: raises $0.04 to $0.06
Kulejan2641: folds 
Lystana: folds 
Business74: calls $0.06
gibsonsg62: raises $0.19 to $0.25 and is all-in
Dorex2007: folds 
Frostflyer: folds 
yur4ik777 joins the table at seat #8 
Business74: folds 
Uncalled bet ($0.19) returned to gibsonsg62
gibsonsg62 collected $0.20 from pot
gibsonsg62: doesn't show hand 
*** SUMMARY ***
Total pot $0.20 | Rake $0 
Seat 1: 13nick2713 folded before Flop (didn't bet)
Seat 2: Frostflyer folded before Flop
Seat 3: Kulejan2641 folded before Flop (didn't bet)
Seat 4: Lystana folded before Flop (didn't bet)
Seat 5: Business74 (button) folded before Flop
Seat 6: gibsonsg62 (small blind) collected ($0.20)
Seat 7: Dorex2007 (big blind) folded before Flop
Seat 9: gimi888 folded before Flop (didn't bet)



PokerStars Hand #232389882487:  Hold'em No Limit ($0.01/$0.02 USD) - 2021/12/20 17:19:20 PT [2021/12/20 20:19:20 ET]
Table 'Azimech II' 9-max Seat #6 is the button
Seat 1: 13nick2713 ($3.98 in chips) 
Seat 2: Frostflyer ($1.78 in chips) 
Seat 3: Kulejan2641 ($2.26 in chips) 
Seat 4: Lystana ($3.90 in chips) 
Seat 5: Business74 ($1.73 in chips) 
Seat 6: gibsonsg62 ($0.39 in chips) 
Seat 7: Dorex2007 ($2.03 in chips) 
Seat 8: yur4ik777 ($1.60 in chips) 
Seat 9: gimi888 ($1.19 in chips) 
Dorex2007: posts small blind $0.01
yur4ik777: posts big blind $0.02
*** HOLE CARDS ***
Dealt to Dorex2007 [6d 7s]
gimi888: folds 
13nick2713: folds 
Frostflyer: folds 
Kulejan2641: folds 
Lystana: folds 
Business74: calls $0.02
gibsonsg62: calls $0.02
Dorex2007: folds 
yur4ik777: checks 
*** FLOP *** [Td 8c Js]
yur4ik777: checks 
Business74: checks 
gibsonsg62: checks 
*** TURN *** [Td 8c Js] [5s]
yur4ik777: checks 
Business74: bets $0.06
gibsonsg62: folds 
yur4ik777: folds 
Uncalled bet ($0.06) returned to Business74
Business74 collected $0.07 from pot
Business74: doesn't show hand 
*** SUMMARY ***
Total pot $0.07 | Rake $0 
Board [Td 8c Js 5s]
Seat 1: 13nick2713 folded before Flop (didn't bet)
Seat 2: Frostflyer folded before Flop (didn't bet)
Seat 3: Kulejan2641 folded before Flop (didn't bet)
Seat 4: Lystana folded before Flop (didn't bet)
Seat 5: Business74 collected ($0.07)
Seat 6: gibsonsg62 (button) folded on the Turn
Seat 7: Dorex2007 (small blind) folded before Flop
Seat 8: yur4ik777 (big blind) folded on the Turn
Seat 9: gimi888 folded before Flop (didn't bet)



PokerStars Hand #232389894075:  Hold'em No Limit ($0.01/$0.02 USD) - 2021/12/20 17:20:02 PT [2021/12/20 20:20:02 ET]
Table 'Azimech II' 9-max Seat #7 is the button
Seat 1: 13nick2713 ($3.98 in chips) 
Seat 2: Frostflyer ($1.78 in chips) 
Seat 3: Kulejan2641 ($2.26 in chips) 
Seat 4: Lystana ($3.90 in chips) 
Seat 5: Business74 ($1.78 in chips) 
Seat 6: gibsonsg62 ($0.37 in chips) 
Seat 7: Dorex2007 ($2.02 in chips) 
Seat 8: yur4ik777 ($2 in chips) 
Seat 9: gimi888 ($1.19 in chips) 
yur4ik777: posts small blind $0.01
gimi888: posts big blind $0.02
*** HOLE CARDS ***
Dealt to Dorex2007 [6s Qd]
13nick2713: folds 
Frostflyer: folds 
Kulejan2641: raises $0.04 to $0.06
Lystana: folds 
Business74: calls $0.06
gibsonsg62: folds 
Dorex2007: folds 
yur4ik777: folds 
gimi888: folds 
*** FLOP *** [As Tc 8s]
Kulejan2641: bets $0.05
Business74: calls $0.05
*** TURN *** [As Tc 8s] [5c]
Kulejan2641: checks 
Business74: checks 
*** RIVER *** [As Tc 8s 5c] [3s]
gibsonsg62 leaves the table
Kulejan2641: checks 
Business74: bets $0.16
Kulejan2641: folds 
Uncalled bet ($0.16) returned to Business74
Business74 collected $0.24 from pot
Business74: doesn't show hand 
*** SUMMARY ***
Total pot $0.25 | Rake $0.01 
Board [As Tc 8s 5c 3s]
Seat 1: 13nick2713 folded before Flop (didn't bet)
Seat 2: Frostflyer folded before Flop (didn't bet)
Seat 3: Kulejan2641 folded on the River
Seat 4: Lystana folded before Flop (didn't bet)
Seat 5: Business74 collected ($0.24)
Seat 6: gibsonsg62 folded before Flop (didn't bet)
Seat 7: Dorex2007 (button) folded before Flop (didn't bet)
Seat 8: yur4ik777 (small blind) folded before Flop
Seat 9: gimi888 (big blind) folded before Flop



PokerStars Hand #232389909041:  Hold'em No Limit ($0.01/$0.02 USD) - 2021/12/20 17:20:56 PT [2021/12/20 20:20:56 ET]
Table 'Azimech II' 9-max Seat #8 is the button
Seat 1: 13nick2713 ($3.98 in chips) 
Seat 2: Frostflyer ($1.78 in chips) 
Seat 3: Kulejan2641 ($2.15 in chips) 
Seat 4: Lystana ($3.90 in chips) 
Seat 5: Business74 ($1.91 in chips) 
Seat 7: Dorex2007 ($2.02 in chips) 
Seat 8: yur4ik777 ($1.99 in chips) 
Seat 9: gimi888 ($1.17 in chips) 
gimi888: posts small blind $0.01
13nick2713: posts big blind $0.02
*** HOLE CARDS ***
Dealt to Dorex2007 [4h 2d]
Frostflyer: folds 
Kulejan2641: folds 
Lystana: folds 
Business74: folds 
Dorex2007: folds 
yur4ik777: folds 
gimi888: raises $0.04 to $0.06
13nick2713: folds 
Uncalled bet ($0.04) returned to gimi888
gimi888 collected $0.04 from pot
gimi888: doesn't show hand 
*** SUMMARY ***
Total pot $0.04 | Rake $0 
Seat 1: 13nick2713 (big blind) folded before Flop
Seat 2: Frostflyer folded before Flop (didn't bet)
Seat 3: Kulejan2641 folded before Flop (didn't bet)
Seat 4: Lystana folded before Flop (didn't bet)
Seat 5: Business74 folded before Flop (didn't bet)
Seat 7: Dorex2007 folded before Flop (didn't bet)
Seat 8: yur4ik777 (button) folded before Flop (didn't bet)
Seat 9: gimi888 (small blind) collected ($0.04)



PokerStars Hand #232389912524:  Hold'em No Limit ($0.01/$0.02 USD) - 2021/12/20 17:21:09 PT [2021/12/20 20:21:09 ET]
Table 'Azimech II' 9-max Seat #9 is the button
Seat 1: 13nick2713 ($3.96 in chips) 
Seat 2: Frostflyer ($1.78 in chips) 
Seat 3: Kulejan2641 ($2.15 in chips) 
Seat 4: Lystana ($3.90 in chips) 
Seat 5: Business74 ($1.91 in chips) 
Seat 7: Dorex2007 ($2.02 in chips) 
Seat 8: yur4ik777 ($1.99 in chips) 
Seat 9: gimi888 ($1.19 in chips) 
13nick2713: posts small blind $0.01
Frostflyer: posts big blind $0.02
*** HOLE CARDS ***
Dealt to Dorex2007 [4d 3c]
Kulejan2641: folds 
Lystana: folds 
Business74: calls $0.02
Dorex2007: folds 
yur4ik777: calls $0.02
gimi888: folds 
13nick2713: calls $0.01
Frostflyer: checks 
*** FLOP *** [8d Jc Jh]
13nick2713: checks 
ademirto joins the table at seat #6 
Frostflyer: bets $0.08
Business74: folds 
yur4ik777: folds 
13nick2713: folds 
Uncalled bet ($0.08) returned to Frostflyer
Frostflyer collected $0.08 from pot
Frostflyer: doesn't show hand 
*** SUMMARY ***
Total pot $0.08 | Rake $0 
Board [8d Jc Jh]
Seat 1: 13nick2713 (small blind) folded on the Flop
Seat 2: Frostflyer (big blind) collected ($0.08)
Seat 3: Kulejan2641 folded before Flop (didn't bet)
Seat 4: Lystana folded before Flop (didn't bet)
Seat 5: Business74 folded on the Flop
Seat 7: Dorex2007 folded before Flop (didn't bet)
Seat 8: yur4ik777 folded on the Flop
Seat 9: gimi888 (button) folded before Flop (didn't bet)



PokerStars Hand #232389927883:  Hold'em No Limit ($0.01/$0.02 USD) - 2021/12/20 17:21:44 PT [2021/12/20 20:21:44 ET]
Table 'Azimech II' 9-max Seat #1 is the button
Seat 1: 13nick2713 ($3.94 in chips) 
Seat 2: Frostflyer ($1.84 in chips) 
Seat 3: Kulejan2641 ($2.15 in chips) 
Seat 4: Lystana ($3.90 in chips) 
Seat 5: Business74 ($1.89 in chips) 
Seat 7: Dorex2007 ($2.02 in chips) 
Seat 8: yur4ik777 ($1.97 in chips) 
Seat 9: gimi888 ($1.19 in chips) 
Frostflyer: posts small blind $0.01
Kulejan2641: posts big blind $0.02
ademirto: sits out 
*** HOLE CARDS ***
Dealt to Dorex2007 [9s 6d]
Lystana: folds 
Business74: folds 
Dorex2007: folds 
yur4ik777: folds 
gimi888: folds 
13nick2713: folds 
Frostflyer: raises $0.04 to $0.06
Kulejan2641: raises $0.14 to $0.20
Frostflyer: calls $0.14
*** FLOP *** [Kd Qd 5d]
Frostflyer: checks 
Kulejan2641: bets $0.14
Frostflyer: raises $0.21 to $0.35
Kulejan2641: raises $0.60 to $0.95
Frostflyer: folds 
Uncalled bet ($0.60) returned to Kulejan2641
Kulejan2641 collected $1.06 from pot
Kulejan2641: doesn't show hand 
*** SUMMARY ***
Total pot $1.10 | Rake $0.04 
Board [Kd Qd 5d]
Seat 1: 13nick2713 (button) folded before Flop (didn't bet)
Seat 2: Frostflyer (small blind) folded on the Flop
Seat 3: Kulejan2641 (big blind) collected ($1.06)
Seat 4: Lystana folded before Flop (didn't bet)
Seat 5: Business74 folded before Flop (didn't bet)
Seat 7: Dorex2007 folded before Flop (didn't bet)
Seat 8: yur4ik777 folded before Flop (didn't bet)
Seat 9: gimi888 folded before Flop (didn't bet)



PokerStars Hand #232389942264:  Hold'em No Limit ($0.01/$0.02 USD) - 2021/12/20 17:22:36 PT [2021/12/20 20:22:36 ET]
Table 'Azimech II' 9-max Seat #2 is the button
Seat 1: 13nick2713 ($3.94 in chips) 
Seat 2: Frostflyer ($1.29 in chips) 
Seat 3: Kulejan2641 ($2.66 in chips) 
Seat 4: Lystana ($3.90 in chips) 
Seat 5: Business74 ($1.89 in chips) 
Seat 7: Dorex2007 ($2.02 in chips) 
Seat 8: yur4ik777 ($1.97 in chips) 
Seat 9: gimi888 ($1.19 in chips) 
Kulejan2641: posts small blind $0.01
Lystana: posts big blind $0.02
ademirto: sits out 
*** HOLE CARDS ***
Dealt to Dorex2007 [6d 2d]
Business74: calls $0.02
Dorex2007: folds 
yur4ik777: folds 
gimi888: raises $0.06 to $0.08
13nick2713: folds 
Frostflyer: folds 
Kulejan2641: calls $0.07
Lystana: folds 
Business74: calls $0.06
*** FLOP *** [9s 6c 3h]
Kulejan2641: checks 
Business74: checks 
gimi888: checks 
*** TURN *** [9s 6c 3h] [8c]
Kulejan2641: checks 
Business74: checks 
gimi888: checks 
*** RIVER *** [9s 6c 3h 8c] [3s]
Kulejan2641: checks 
Business74: bets $0.19
gimi888: folds 
Kulejan2641: calls $0.19
*** SHOW DOWN ***
Business74: shows [6s 4s] (two pair, Sixes and Threes)
Kulejan2641: shows [Jd 8d] (two pair, Eights and Threes)
Kulejan2641 collected $0.62 from pot
*** SUMMARY ***
Total pot $0.64 | Rake $0.02 
Board [9s 6c 3h 8c 3s]
Seat 1: 13nick2713 folded before Flop (didn't bet)
Seat 2: Frostflyer (button) folded before Flop (didn't bet)
Seat 3: Kulejan2641 (small blind) showed [Jd 8d] and won ($0.62) with two pair, Eights and Threes
Seat 4: Lystana (big blind) folded before Flop
Seat 5: Business74 showed [6s 4s] and lost with two pair, Sixes and Threes
Seat 7: Dorex2007 folded before Flop (didn't bet)
Seat 8: yur4ik777 folded before Flop (didn't bet)
Seat 9: gimi888 folded on the River



PokerStars Hand #232389960342:  Hold'em No Limit ($0.01/$0.02 USD) - 2021/12/20 17:23:41 PT [2021/12/20 20:23:41 ET]
Table 'Azimech II' 9-max Seat #3 is the button
Seat 1: 13nick2713 ($3.94 in chips) 
Seat 2: Frostflyer ($1.29 in chips) 
Seat 3: Kulejan2641 ($3.01 in chips) 
Seat 4: Lystana ($3.88 in chips) 
Seat 5: Business74 ($1.62 in chips) 
Seat 7: Dorex2007 ($2.02 in chips) 
Seat 8: yur4ik777 ($1.97 in chips) 
Seat 9: gimi888 ($1.11 in chips) 
Lystana: posts small blind $0.01
Business74: posts big blind $0.02
ademirto: sits out 
*** HOLE CARDS ***
Dealt to Dorex2007 [8c Ac]
Dorex2007: folds 
yur4ik777: folds 
gimi888: folds 
13nick2713: folds 
Frostflyer: folds 
Kulejan2641: raises $0.04 to $0.06
Lystana: folds 
Business74: folds 
Uncalled bet ($0.04) returned to Kulejan2641
Kulejan2641 collected $0.05 from pot
Kulejan2641: doesn't show hand 
*** SUMMARY ***
Total pot $0.05 | Rake $0 
Seat 1: 13nick2713 folded before Flop (didn't bet)
Seat 2: Frostflyer folded before Flop (didn't bet)
Seat 3: Kulejan2641 (button) collected ($0.05)
Seat 4: Lystana (small blind) folded before Flop
Seat 5: Business74 (big blind) folded before Flop
Seat 7: Dorex2007 folded before Flop (didn't bet)
Seat 8: yur4ik777 folded before Flop (didn't bet)
Seat 9: gimi888 folded before Flop (didn't bet)



PokerStars Hand #232389965942:  Hold'em No Limit ($0.01/$0.02 USD) - 2021/12/20 17:24:02 PT [2021/12/20 20:24:02 ET]
Table 'Azimech II' 9-max Seat #4 is the button
Seat 1: 13nick2713 ($3.94 in chips) 
Seat 2: Frostflyer ($1.29 in chips) 
Seat 3: Kulejan2641 ($3.04 in chips) 
Seat 4: Lystana ($3.87 in chips) 
Seat 5: Business74 ($1.60 in chips) 
Seat 6: ademirto ($1.60 in chips) 
Seat 7: Dorex2007 ($2.02 in chips) 
Seat 8: yur4ik777 ($1.97 in chips) 
Seat 9: gimi888 ($1.11 in chips) 
Business74: posts small blind $0.01
ademirto: posts big blind $0.02
*** HOLE CARDS ***
Dealt to Dorex2007 [3h Jc]
Dorex2007: folds 
yur4ik777: folds 
gimi888: folds 
13nick2713: raises $0.03 to $0.05
Frostflyer: folds 
Kulejan2641: folds 
Lystana: folds 
Business74: folds 
ademirto: calls $0.03
*** FLOP *** [Qd 3s Th]
ademirto: checks 
13nick2713: bets $0.04
ademirto: folds 
Uncalled bet ($0.04) returned to 13nick2713
13nick2713 collected $0.11 from pot
*** SUMMARY ***
Total pot $0.11 | Rake $0 
Board [Qd 3s Th]
Seat 1: 13nick2713 collected ($0.11)
Seat 2: Frostflyer folded before Flop (didn't bet)
Seat 3: Kulejan2641 folded before Flop (didn't bet)
Seat 4: Lystana (button) folded before Flop (didn't bet)
Seat 5: Business74 (small blind) folded before Flop
Seat 6: ademirto (big blind) folded on the Flop
Seat 7: Dorex2007 folded before Flop (didn't bet)
Seat 8: yur4ik777 folded before Flop (didn't bet)
Seat 9: gimi888 folded before Flop (didn't bet)



PokerStars Hand #232389978367:  Hold'em No Limit ($0.01/$0.02 USD) - 2021/12/20 17:24:47 PT [2021/12/20 20:24:47 ET]
Table 'Azimech II' 9-max Seat #5 is the button
Seat 1: 13nick2713 ($4 in chips) 
Seat 2: Frostflyer ($1.29 in chips) 
Seat 3: Kulejan2641 ($3.04 in chips) 
Seat 4: Lystana ($3.87 in chips) 
Seat 5: Business74 ($1.59 in chips) 
Seat 6: ademirto ($1.55 in chips) 
Seat 7: Dorex2007 ($2.02 in chips) 
Seat 8: yur4ik777 ($1.97 in chips) 
Seat 9: gimi888 ($1.11 in chips) 
ademirto: posts small blind $0.01
Dorex2007: posts big blind $0.02
*** HOLE CARDS ***
Dealt to Dorex2007 [Td 2s]
yur4ik777: raises $0.02 to $0.04
gimi888: calls $0.04
13nick2713: folds 
Frostflyer: calls $0.04
Kulejan2641: folds 
Lystana: folds 
Business74: calls $0.04
ademirto: calls $0.03
Dorex2007: folds 
*** FLOP *** [5s 6d 5c]
ademirto: bets $0.02
yur4ik777: calls $0.02
gimi888: raises $0.12 to $0.14
Frostflyer: folds 
Business74: folds 
ademirto: folds 
yur4ik777: folds 
Uncalled bet ($0.12) returned to gimi888
gimi888 collected $0.27 from pot
gimi888: doesn't show hand 
*** SUMMARY ***
Total pot $0.28 | Rake $0.01 
Board [5s 6d 5c]
Seat 1: 13nick2713 folded before Flop (didn't bet)
Seat 2: Frostflyer folded on the Flop
Seat 3: Kulejan2641 folded before Flop (didn't bet)
Seat 4: Lystana folded before Flop (didn't bet)
Seat 5: Business74 (button) folded on the Flop
Seat 6: ademirto (small blind) folded on the Flop
Seat 7: Dorex2007 (big blind) folded before Flop
Seat 8: yur4ik777 folded on the Flop
Seat 9: gimi888 collected ($0.27)



PokerStars Hand #232389993700:  Hold'em No Limit ($0.01/$0.02 USD) - 2021/12/20 17:25:43 PT [2021/12/20 20:25:43 ET]
Table 'Azimech II' 9-max Seat #6 is the button
Seat 1: 13nick2713 ($4 in chips) 
Seat 2: Frostflyer ($1.25 in chips) 
Seat 3: Kulejan2641 ($3.04 in chips) 
Seat 4: Lystana ($3.87 in chips) 
Seat 5: Business74 ($1.55 in chips) 
Seat 6: ademirto ($1.49 in chips) 
Seat 7: Dorex2007 ($2 in chips) 
Seat 8: yur4ik777 ($1.91 in chips) 
Seat 9: gimi888 ($1.32 in chips) 
Dorex2007: posts small blind $0.01
yur4ik777: posts big blind $0.02
*** HOLE CARDS ***
Dealt to Dorex2007 [7d 6d]
gimi888: folds 
13nick2713: raises $0.04 to $0.06
Frostflyer: calls $0.06
Kulejan2641: folds 
Lystana: folds 
Business74: folds 
ademirto: raises $0.21 to $0.27
Dorex2007: folds 
yur4ik777: folds 
13nick2713: folds 
Frostflyer: calls $0.21
*** FLOP *** [9c Kh 7c]
Frostflyer: checks 
ademirto: bets $0.30
Frostflyer: folds 
Uncalled bet ($0.30) returned to ademirto
ademirto collected $0.61 from pot
ademirto: doesn't show hand 
*** SUMMARY ***
Total pot $0.63 | Rake $0.02 
Board [9c Kh 7c]
Seat 1: 13nick2713 folded before Flop
Seat 2: Frostflyer folded on the Flop
Seat 3: Kulejan2641 folded before Flop (didn't bet)
Seat 4: Lystana folded before Flop (didn't bet)
Seat 5: Business74 folded before Flop (didn't bet)
Seat 6: ademirto (button) collected ($0.61)
Seat 7: Dorex2007 (small blind) folded before Flop
Seat 8: yur4ik777 (big blind) folded before Flop
Seat 9: gimi888 folded before Flop (didn't bet)



PokerStars Hand #232390000930:  Hold'em No Limit ($0.01/$0.02 USD) - 2021/12/20 17:26:10 PT [2021/12/20 20:26:10 ET]
Table 'Azimech II' 9-max Seat #7 is the button
Seat 1: 13nick2713 ($3.94 in chips) 
Seat 2: Frostflyer ($0.98 in chips) 
Seat 3: Kulejan2641 ($3.04 in chips) 
Seat 4: Lystana ($3.87 in chips) 
Seat 5: Business74 ($1.55 in chips) 
Seat 6: ademirto ($1.83 in chips) 
Seat 7: Dorex2007 ($2 in chips) 
Seat 8: yur4ik777 ($1.89 in chips) 
Seat 9: gimi888 ($1.32 in chips) 
yur4ik777: posts small blind $0.01
gimi888: posts big blind $0.02
*** HOLE CARDS ***
Dealt to Dorex2007 [Td 8c]
13nick2713: folds 
Frostflyer: folds 
Kulejan2641: folds 
Lystana: folds 
Business74: raises $0.04 to $0.06
ademirto: calls $0.06
Dorex2007: folds 
yur4ik777: folds 
gimi888: folds 
*** FLOP *** [2h 4c Jh]
Business74: bets $0.10
ademirto: folds 
Uncalled bet ($0.10) returned to Business74
Business74 collected $0.14 from pot
Business74: doesn't show hand 
*** SUMMARY ***
Total pot $0.15 | Rake $0.01 
Board [2h 4c Jh]
Seat 1: 13nick2713 folded before Flop (didn't bet)
Seat 2: Frostflyer folded before Flop (didn't bet)
Seat 3: Kulejan2641 folded before Flop (didn't bet)
Seat 4: Lystana folded before Flop (didn't bet)
Seat 5: Business74 collected ($0.14)
Seat 6: ademirto folded on the Flop
Seat 7: Dorex2007 (button) folded before Flop (didn't bet)
Seat 8: yur4ik777 (small blind) folded before Flop
Seat 9: gimi888 (big blind) folded before Flop



PokerStars Hand #232390014557:  Hold'em No Limit ($0.01/$0.02 USD) - 2021/12/20 17:26:44 PT [2021/12/20 20:26:44 ET]
Table 'Azimech II' 9-max Seat #8 is the button
Seat 1: 13nick2713 ($3.94 in chips) 
Seat 2: Frostflyer ($0.98 in chips) 
Seat 3: Kulejan2641 ($3.04 in chips) 
Seat 4: Lystana ($3.87 in chips) 
Seat 5: Business74 ($1.63 in chips) 
Seat 6: ademirto ($1.77 in chips) 
Seat 7: Dorex2007 ($2 in chips) 
Seat 8: yur4ik777 ($1.88 in chips) 
Seat 9: gimi888 ($1.30 in chips) 
gimi888: posts small blind $0.01
13nick2713: posts big blind $0.02
*** HOLE CARDS ***
Dealt to Dorex2007 [6c 9s]
Frostflyer: folds 
Kulejan2641: folds 
Lystana: folds 
Business74: folds 
ademirto: folds 
Dorex2007: folds 
yur4ik777: raises $0.03 to $0.05
gimi888: folds 
13nick2713: calls $0.03
*** FLOP *** [Td Jc Th]
13nick2713: checks 
yur4ik777: bets $0.07
13nick2713: folds 
Uncalled bet ($0.07) returned to yur4ik777
yur4ik777 collected $0.11 from pot
yur4ik777: doesn't show hand 
*** SUMMARY ***
Total pot $0.11 | Rake $0 
Board [Td Jc Th]
Seat 1: 13nick2713 (big blind) folded on the Flop
Seat 2: Frostflyer folded before Flop (didn't bet)
Seat 3: Kulejan2641 folded before Flop (didn't bet)
Seat 4: Lystana folded before Flop (didn't bet)
Seat 5: Business74 folded before Flop (didn't bet)
Seat 6: ademirto folded before Flop (didn't bet)
Seat 7: Dorex2007 folded before Flop (didn't bet)
Seat 8: yur4ik777 (button) collected ($0.11)
Seat 9: gimi888 (small blind) folded before Flop



PokerStars Hand #232390022243:  Hold'em No Limit ($0.01/$0.02 USD) - 2021/12/20 17:27:12 PT [2021/12/20 20:27:12 ET]
Table 'Azimech II' 9-max Seat #9 is the button
Seat 1: 13nick2713 ($3.89 in chips) 
Seat 2: Frostflyer ($0.98 in chips) 
Seat 3: Kulejan2641 ($3.04 in chips) 
Seat 4: Lystana ($3.87 in chips) 
Seat 5: Business74 ($1.63 in chips) 
Seat 6: ademirto ($1.77 in chips) 
Seat 7: Dorex2007 ($2 in chips) 
Seat 8: yur4ik777 ($1.94 in chips) 
Seat 9: gimi888 ($1.29 in chips) 
13nick2713: posts small blind $0.01
Frostflyer: posts big blind $0.02
*** HOLE CARDS ***
Dealt to Dorex2007 [3s 4s]
Kulejan2641: folds 
Lystana: folds 
Business74: folds 
ademirto: raises $0.05 to $0.07
Dorex2007: folds 
yur4ik777: folds 
gimi888: calls $0.07
13nick2713: folds 
Frostflyer: folds 
*** FLOP *** [Ah 9c 9h]
ademirto: checks 
gimi888: bets $0.08
ademirto: calls $0.08
*** TURN *** [Ah 9c 9h] [Qc]
ademirto: checks 
gimi888: checks 
*** RIVER *** [Ah 9c 9h Qc] [4h]
ademirto: bets $0.06
gimi888: calls $0.06
*** SHOW DOWN ***
ademirto: shows [2c As] (two pair, Aces and Nines)
gimi888: shows [Jh Kh] (a flush, Ace high)
gimi888 collected $0.43 from pot
*** SUMMARY ***
Total pot $0.45 | Rake $0.02 
Board [Ah 9c 9h Qc 4h]
Seat 1: 13nick2713 (small blind) folded before Flop
Seat 2: Frostflyer (big blind) folded before Flop
Seat 3: Kulejan2641 folded before Flop (didn't bet)
Seat 4: Lystana folded before Flop (didn't bet)
Seat 5: Business74 folded before Flop (didn't bet)
Seat 6: ademirto showed [2c As] and lost with two pair, Aces and Nines
Seat 7: Dorex2007 folded before Flop (didn't bet)
Seat 8: yur4ik777 folded before Flop (didn't bet)
Seat 9: gimi888 (button) showed [Jh Kh] and won ($0.43) with a flush, Ace high



PokerStars Hand #232390034294:  Hold'em No Limit ($0.01/$0.02 USD) - 2021/12/20 17:27:57 PT [2021/12/20 20:27:57 ET]
Table 'Azimech II' 9-max Seat #1 is the button
Seat 1: 13nick2713 ($3.88 in chips) 
Seat 2: Frostflyer ($0.96 in chips) 
Seat 3: Kulejan2641 ($3.04 in chips) 
Seat 4: Lystana ($3.87 in chips) 
Seat 5: Business74 ($1.63 in chips) 
Seat 6: ademirto ($1.56 in chips) 
Seat 7: Dorex2007 ($2 in chips) 
Seat 8: yur4ik777 ($1.94 in chips) 
Seat 9: gimi888 ($1.51 in chips) 
Frostflyer: posts small blind $0.01
Kulejan2641: posts big blind $0.02
*** HOLE CARDS ***
Dealt to Dorex2007 [5c 5d]
Lystana: raises $0.04 to $0.06
Business74: folds 
ademirto: raises $0.15 to $0.21
Dorex2007: folds 
yur4ik777: folds 
gimi888: folds 
13nick2713 has timed out
13nick2713: folds 
Frostflyer: folds 
Kulejan2641: folds 
Lystana: calls $0.15
*** FLOP *** [4h 5s Js]
Frostflyer leaves the table
Lystana: checks 
ademirto: bets $0.21
Lystana: folds 
Uncalled bet ($0.21) returned to ademirto
ademirto collected $0.43 from pot
ademirto: doesn't show hand 
*** SUMMARY ***
Total pot $0.45 | Rake $0.02 
Board [4h 5s Js]
Seat 1: 13nick2713 (button) folded before Flop (didn't bet)
Seat 2: Frostflyer (small blind) folded before Flop
Seat 3: Kulejan2641 (big blind) folded before Flop
Seat 4: Lystana folded on the Flop
Seat 5: Business74 folded before Flop (didn't bet)
Seat 6: ademirto collected ($0.43)
Seat 7: Dorex2007 folded before Flop (didn't bet)
Seat 8: yur4ik777 folded before Flop (didn't bet)
Seat 9: gimi888 folded before Flop (didn't bet)



PokerStars Hand #232390057803:  Hold'em No Limit ($0.01/$0.02 USD) - 2021/12/20 17:28:50 PT [2021/12/20 20:28:50 ET]
Table 'Azimech II' 9-max Seat #3 is the button
Seat 1: 13nick2713 ($3.88 in chips) 
Seat 3: Kulejan2641 ($3.02 in chips) 
Seat 4: Lystana ($3.66 in chips) 
Seat 5: Business74 ($1.63 in chips) 
Seat 6: ademirto ($1.78 in chips) 
Seat 7: Dorex2007 ($2 in chips) 
Seat 8: yur4ik777 ($1.94 in chips) 
Seat 9: gimi888 ($1.51 in chips) 
Lystana: posts small blind $0.01
Business74: posts big blind $0.02
*** HOLE CARDS ***
Dealt to Dorex2007 [As 4c]
ademirto: calls $0.02
Dorex2007: calls $0.02
yur4ik777: folds 
gimi888: folds 
13nick2713: folds 
Kulejan2641: folds 
Lystana: calls $0.01
Business74: checks 
*** FLOP *** [Td 6c Qd]
Lystana: checks 
Business74: checks 
ademirto: checks 
Dorex2007: checks 
*** TURN *** [Td 6c Qd] [9c]
Lystana: checks 
Business74: checks 
ademirto: bets $0.02
Dorex2007: folds 
Raff023 joins the table at seat #2 
Lystana: folds 
Business74: calls $0.02
*** RIVER *** [Td 6c Qd 9c] [3h]
Business74: checks 
ademirto: bets $0.04
Business74: folds 
Uncalled bet ($0.04) returned to ademirto
ademirto collected $0.12 from pot
ademirto: doesn't show hand 
*** SUMMARY ***
Total pot $0.12 | Rake $0 
Board [Td 6c Qd 9c 3h]
Seat 1: 13nick2713 folded before Flop (didn't bet)
Seat 3: Kulejan2641 (button) folded before Flop (didn't bet)
Seat 4: Lystana (small blind) folded on the Turn
Seat 5: Business74 (big blind) folded on the River
Seat 6: ademirto collected ($0.12)
Seat 7: Dorex2007 folded on the Turn
Seat 8: yur4ik777 folded before Flop (didn't bet)
Seat 9: gimi888 folded before Flop (didn't bet)



PokerStars Hand #232390077574:  Hold'em No Limit ($0.01/$0.02 USD) - 2021/12/20 17:30:04 PT [2021/12/20 20:30:04 ET]
Table 'Azimech II' 9-max Seat #4 is the button
Seat 1: 13nick2713 ($3.88 in chips) 
Seat 2: Raff023 ($1.60 in chips) 
Seat 3: Kulejan2641 ($3.02 in chips) 
Seat 4: Lystana ($3.64 in chips) 
Seat 5: Business74 ($1.59 in chips) 
Seat 6: ademirto ($1.86 in chips) 
Seat 7: Dorex2007 ($2 in chips) 
Seat 8: yur4ik777 ($1.94 in chips) 
Seat 9: gimi888 ($1.51 in chips) 
Business74: posts small blind $0.01
ademirto: posts big blind $0.02
Raff023: posts big blind $0.02
*** HOLE CARDS ***
Dealt to Dorex2007 [5d Qs]
Dorex2007: folds 
yur4ik777: folds 
gimi888: folds 
13nick2713: folds 
Raff023: checks 
Kulejan2641: folds 
Lystana: calls $0.02
Business74: calls $0.01
ademirto: checks 
*** FLOP *** [Qc 2s 8c]
Business74: checks 
ademirto: bets $0.02
Raff023: folds 
Lystana: folds 
Business74: folds 
Uncalled bet ($0.02) returned to ademirto
ademirto collected $0.08 from pot
ademirto: doesn't show hand 
*** SUMMARY ***
Total pot $0.08 | Rake $0 
Board [Qc 2s 8c]
Seat 1: 13nick2713 folded before Flop (didn't bet)
Seat 2: Raff023 folded on the Flop (didn't bet)
Seat 3: Kulejan2641 folded before Flop (didn't bet)
Seat 4: Lystana (button) folded on the Flop
Seat 5: Business74 (small blind) folded on the Flop
Seat 6: ademirto (big blind) collected ($0.08)
Seat 7: Dorex2007 folded before Flop (didn't bet)
Seat 8: yur4ik777 folded before Flop (didn't bet)
Seat 9: gimi888 folded before Flop (didn't bet)



PokerStars Hand #232390089019:  Hold'em No Limit ($0.01/$0.02 USD) - 2021/12/20 17:30:47 PT [2021/12/20 20:30:47 ET]
Table 'Azimech II' 9-max Seat #5 is the button
Seat 1: 13nick2713 ($3.88 in chips) 
Seat 2: Raff023 ($1.58 in chips) 
Seat 3: Kulejan2641 ($3.02 in chips) 
Seat 4: Lystana ($3.62 in chips) 
Seat 5: Business74 ($1.57 in chips) 
Seat 6: ademirto ($1.92 in chips) 
Seat 7: Dorex2007 ($2 in chips) 
Seat 8: yur4ik777 ($1.94 in chips) 
Seat 9: gimi888 ($1.51 in chips) 
ademirto: posts small blind $0.01
Dorex2007: posts big blind $0.02
*** HOLE CARDS ***
Dealt to Dorex2007 [Ad 5s]
yur4ik777: folds 
gimi888: folds 
13nick2713: folds 
Raff023: calls $0.02
Kulejan2641: folds 
Lystana: folds 
Business74: folds 
ademirto: raises $0.08 to $0.10
Dorex2007: folds 
Raff023: calls $0.08
*** FLOP *** [2s 4s 5h]
ademirto: bets $0.04
Raff023: calls $0.04
*** TURN *** [2s 4s 5h] [6h]
ademirto: bets $0.04
Raff023: raises $0.04 to $0.08
ademirto: calls $0.04
*** RIVER *** [2s 4s 5h 6h] [7s]
ademirto: checks 
Raff023: checks 
*** SHOW DOWN ***
ademirto: shows [Th Ac] (high card Ace)
Raff023: shows [2h 2d] (three of a kind, Deuces)
Raff023 collected $0.44 from pot
*** SUMMARY ***
Total pot $0.46 | Rake $0.02 
Board [2s 4s 5h 6h 7s]
Seat 1: 13nick2713 folded before Flop (didn't bet)
Seat 2: Raff023 showed [2h 2d] and won ($0.44) with three of a kind, Deuces
Seat 3: Kulejan2641 folded before Flop (didn't bet)
Seat 4: Lystana folded before Flop (didn't bet)
Seat 5: Business74 (button) folded before Flop (didn't bet)
Seat 6: ademirto (small blind) showed [Th Ac] and lost with high card Ace
Seat 7: Dorex2007 (big blind) folded before Flop
Seat 8: yur4ik777 folded before Flop (didn't bet)
Seat 9: gimi888 folded before Flop (didn't bet)



PokerStars Hand #232390107621:  Hold'em No Limit ($0.01/$0.02 USD) - 2021/12/20 17:31:55 PT [2021/12/20 20:31:55 ET]
Table 'Azimech II' 9-max Seat #6 is the button
Seat 1: 13nick2713 ($3.88 in chips) 
Seat 2: Raff023 ($1.80 in chips) 
Seat 3: Kulejan2641 ($3.02 in chips) 
Seat 4: Lystana ($3.62 in chips) 
Seat 5: Business74 ($1.57 in chips) 
Seat 6: ademirto ($1.70 in chips) 
Seat 7: Dorex2007 ($2 in chips) 
Seat 8: yur4ik777 ($1.94 in chips) 
Seat 9: gimi888 ($1.51 in chips) 
Dorex2007: posts small blind $0.01
yur4ik777: posts big blind $0.02
*** HOLE CARDS ***
Dealt to Dorex2007 [4s 9c]
gimi888: folds 
13nick2713: raises $0.04 to $0.06
Raff023: calls $0.06
Kulejan2641: folds 
Lystana: folds 
Business74: calls $0.06
ademirto: folds 
Dorex2007: folds 
yur4ik777: folds 
*** FLOP *** [Tc 9h Ad]
13nick2713: bets $0.10
Raff023: calls $0.10
Business74: folds 
*** TURN *** [Tc 9h Ad] [Ts]
13nick2713: bets $0.15
Raff023: calls $0.15
*** RIVER *** [Tc 9h Ad Ts] [2d]
13nick2713: checks 
Raff023: bets $0.14
13nick2713: folds 
Uncalled bet ($0.14) returned to Raff023
Raff023 collected $0.69 from pot
Raff023: doesn't show hand 
*** SUMMARY ***
Total pot $0.71 | Rake $0.02 
Board [Tc 9h Ad Ts 2d]
Seat 1: 13nick2713 folded on the River
Seat 2: Raff023 collected ($0.69)
Seat 3: Kulejan2641 folded before Flop (didn't bet)
Seat 4: Lystana folded before Flop (didn't bet)
Seat 5: Business74 folded on the Flop
Seat 6: ademirto (button) folded before Flop (didn't bet)
Seat 7: Dorex2007 (small blind) folded before Flop
Seat 8: yur4ik777 (big blind) folded before Flop
Seat 9: gimi888 folded before Flop (didn't bet)



PokerStars Hand #232390127473:  Hold'em No Limit ($0.01/$0.02 USD) - 2021/12/20 17:33:08 PT [2021/12/20 20:33:08 ET]
Table 'Azimech II' 9-max Seat #7 is the button
Seat 1: 13nick2713 ($3.57 in chips) 
Seat 2: Raff023 ($2.18 in chips) 
Seat 3: Kulejan2641 ($3.02 in chips) 
Seat 4: Lystana ($3.62 in chips) 
Seat 5: Business74 ($1.51 in chips) 
Seat 6: ademirto ($1.70 in chips) 
Seat 7: Dorex2007 ($2 in chips) 
Seat 8: yur4ik777 ($1.92 in chips) 
Seat 9: gimi888 ($1.51 in chips) 
yur4ik777: posts small blind $0.01
gimi888: posts big blind $0.02
*** HOLE CARDS ***
Dealt to Dorex2007 [2h 8s]
13nick2713: folds 
Raff023: calls $0.02
Kulejan2641: folds 
Lystana: folds 
Business74: raises $0.06 to $0.08
ademirto: folds 
Dorex2007: folds 
yur4ik777: folds 
gimi888: folds 
Raff023: folds 
Uncalled bet ($0.06) returned to Business74
Business74 collected $0.07 from pot
Business74: doesn't show hand 
*** SUMMARY ***
Total pot $0.07 | Rake $0 
Seat 1: 13nick2713 folded before Flop (didn't bet)
Seat 2: Raff023 folded before Flop
Seat 3: Kulejan2641 folded before Flop (didn't bet)
Seat 4: Lystana folded before Flop (didn't bet)
Seat 5: Business74 collected ($0.07)
Seat 6: ademirto folded before Flop (didn't bet)
Seat 7: Dorex2007 (button) folded before Flop (didn't bet)
Seat 8: yur4ik777 (small blind) folded before Flop
Seat 9: gimi888 (big blind) folded before Flop



PokerStars Hand #232390136140:  Hold'em No Limit ($0.01/$0.02 USD) - 2021/12/20 17:33:40 PT [2021/12/20 20:33:40 ET]
Table 'Azimech II' 9-max Seat #8 is the button
Seat 1: 13nick2713 ($3.57 in chips) 
Seat 2: Raff023 ($2.16 in chips) 
Seat 3: Kulejan2641 ($3.02 in chips) 
Seat 4: Lystana ($3.62 in chips) 
Seat 5: Business74 ($1.56 in chips) 
Seat 6: ademirto ($1.70 in chips) 
Seat 7: Dorex2007 ($2 in chips) 
Seat 8: yur4ik777 ($1.91 in chips) 
Seat 9: gimi888 ($1.49 in chips) 
gimi888: posts small blind $0.01
13nick2713: posts big blind $0.02
*** HOLE CARDS ***
Dealt to Dorex2007 [5d 9d]
Raff023: calls $0.02
Kulejan2641: folds 
Lystana: folds 
Business74: folds 
ademirto: raises $0.07 to $0.09
Dorex2007: folds 
yur4ik777: folds 
gimi888: folds 
13nick2713: folds 
Raff023: calls $0.07
*** FLOP *** [Ts 7s Qd]
Raff023: checks 
ademirto: bets $0.02
Raff023: calls $0.02
*** TURN *** [Ts 7s Qd] [3c]
Raff023: checks 
ademirto: bets $0.02
Raff023: calls $0.02
*** RIVER *** [Ts 7s Qd 3c] [5s]
Raff023: checks 
ademirto: bets $0.04
Raff023: calls $0.04
*** SHOW DOWN ***
ademirto: shows [9s Ah] (high card Ace)
Raff023: mucks hand 
ademirto collected $0.36 from pot
*** SUMMARY ***
Total pot $0.37 | Rake $0.01 
Board [Ts 7s Qd 3c 5s]
Seat 1: 13nick2713 (big blind) folded before Flop
Seat 2: Raff023 mucked [Ks Jc]
Seat 3: Kulejan2641 folded before Flop (didn't bet)
Seat 4: Lystana folded before Flop (didn't bet)
Seat 5: Business74 folded before Flop (didn't bet)
Seat 6: ademirto showed [9s Ah] and won ($0.36) with high card Ace
Seat 7: Dorex2007 folded before Flop (didn't bet)
Seat 8: yur4ik777 (button) folded before Flop (didn't bet)
Seat 9: gimi888 (small blind) folded before Flop



PokerStars Hand #232390163445:  Hold'em No Limit ($0.01/$0.02 USD) - 2021/12/20 17:34:46 PT [2021/12/20 20:34:46 ET]
Table 'Azimech II' 9-max Seat #9 is the button
Seat 1: 13nick2713 ($3.55 in chips) 
Seat 2: Raff023 ($1.99 in chips) 
Seat 3: Kulejan2641 ($3.02 in chips) 
Seat 4: Lystana ($3.62 in chips) 
Seat 5: Business74 ($1.56 in chips) 
Seat 6: ademirto ($1.89 in chips) 
Seat 7: Dorex2007 ($2 in chips) 
Seat 8: yur4ik777 ($1.91 in chips) 
Seat 9: gimi888 ($1.48 in chips) 
13nick2713: posts small blind $0.01
Raff023: posts big blind $0.02
*** HOLE CARDS ***
Dealt to Dorex2007 [Jc 7s]
Kulejan2641: folds 
Lystana: folds 
Kulejan2641 leaves the table
Business74: calls $0.02
ademirto: raises $0.02 to $0.04
Dorex2007: folds 
yur4ik777: folds 
gimi888: folds 
13nick2713: calls $0.03
Raff023: calls $0.02
Business74: calls $0.02
*** FLOP *** [Qd 9c Td]
13nick2713: checks 
Raff023: bets $0.04
Business74: calls $0.04
ademirto: calls $0.04
13nick2713: calls $0.04
*** TURN *** [Qd 9c Td] [6h]
13nick2713: checks 
Raff023: checks 
Business74: checks 
ademirto: bets $0.04
13nick2713: folds 
Raff023: calls $0.04
Business74: calls $0.04
*** RIVER *** [Qd 9c Td 6h] [Ad]
Raff023: bets $0.10
Business74: calls $0.10
ademirto: folds 
*** SHOW DOWN ***
Raff023: shows [Jh Qc] (a pair of Queens)
Business74: shows [Ts As] (two pair, Aces and Tens)
Business74 collected $0.62 from pot
*** SUMMARY ***
Total pot $0.64 | Rake $0.02 
Board [Qd 9c Td 6h Ad]
Seat 1: 13nick2713 (small blind) folded on the Turn
Seat 2: Raff023 (big blind) showed [Jh Qc] and lost with a pair of Queens
Seat 3: Kulejan2641 folded before Flop (didn't bet)
Seat 4: Lystana folded before Flop (didn't bet)
Seat 5: Business74 showed [Ts As] and won ($0.62) with two pair, Aces and Tens
Seat 6: ademirto folded on the River
Seat 7: Dorex2007 folded before Flop (didn't bet)
Seat 8: yur4ik777 folded before Flop (didn't bet)
Seat 9: gimi888 (button) folded before Flop (didn't bet)



PokerStars Hand #232390192890:  Hold'em No Limit ($0.01/$0.02 USD) - 2021/12/20 17:36:35 PT [2021/12/20 20:36:35 ET]
Table 'Azimech II' 9-max Seat #1 is the button
Seat 1: 13nick2713 ($3.47 in chips) 
Seat 2: Raff023 ($1.77 in chips) 
Seat 4: Lystana ($3.62 in chips) 
Seat 5: Business74 ($1.96 in chips) 
Seat 6: ademirto ($1.77 in chips) 
Seat 7: Dorex2007 ($2 in chips) 
Seat 8: yur4ik777 ($1.91 in chips) 
Seat 9: gimi888 ($1.48 in chips) 
Raff023: posts small blind $0.01
Lystana: posts big blind $0.02
*** HOLE CARDS ***
Dealt to Dorex2007 [6s Qs]
Business74: folds 
ademirto: folds 
Dorex2007: folds 
yur4ik777: folds 
gimi888: raises $0.03 to $0.05
13nick2713: calls $0.05
Raff023: folds 
Lystana: calls $0.03
*** FLOP *** [9c 7c 2s]
Lystana: checks 
gimi888: checks 
13nick2713: checks 
*** TURN *** [9c 7c 2s] [Qc]
Lystana: checks 
gimi888: checks 
13nick2713: checks 
*** RIVER *** [9c 7c 2s Qc] [3d]
Lystana: checks 
gimi888: checks 
13nick2713: checks 
*** SHOW DOWN ***
Lystana: shows [7h 5c] (a pair of Sevens)
gimi888: mucks hand 
13nick2713: mucks hand 
Lystana collected $0.15 from pot
*** SUMMARY ***
Total pot $0.16 | Rake $0.01 
Board [9c 7c 2s Qc 3d]
Seat 1: 13nick2713 (button) mucked [6h Kh]
Seat 2: Raff023 (small blind) folded before Flop
Seat 4: Lystana (big blind) showed [7h 5c] and won ($0.15) with a pair of Sevens
Seat 5: Business74 folded before Flop (didn't bet)
Seat 6: ademirto folded before Flop (didn't bet)
Seat 7: Dorex2007 folded before Flop (didn't bet)
Seat 8: yur4ik777 folded before Flop (didn't bet)
Seat 9: gimi888 mucked [Td As]



PokerStars Hand #232390205594:  Hold'em No Limit ($0.01/$0.02 USD) - 2021/12/20 17:37:23 PT [2021/12/20 20:37:23 ET]
Table 'Azimech II' 9-max Seat #2 is the button
Seat 1: 13nick2713 ($3.42 in chips) 
Seat 2: Raff023 ($1.76 in chips) 
Seat 5: Business74 ($1.96 in chips) 
Seat 6: ademirto ($1.77 in chips) 
Seat 7: Dorex2007 ($2 in chips) 
Seat 8: yur4ik777 ($1.91 in chips) 
Seat 9: gimi888 ($1.43 in chips) 
Business74: posts small blind $0.01
ademirto: posts big blind $0.02
*** HOLE CARDS ***
Dealt to Dorex2007 [Qh 4d]
Dorex2007: folds 
Lystana leaves the table
yur4ik777: raises $0.02 to $0.04
gimi888: folds 
13nick2713: folds 
Raff023: calls $0.04
Business74: folds 
ademirto: folds 
*** FLOP *** [5d Jh 7c]
yur4ik777: bets $0.06
Maria1995587 joins the table at seat #3 
Raff023: folds 
Uncalled bet ($0.06) returned to yur4ik777
yur4ik777 collected $0.11 from pot
yur4ik777: doesn't show hand 
*** SUMMARY ***
Total pot $0.11 | Rake $0 
Board [5d Jh 7c]
Seat 1: 13nick2713 folded before Flop (didn't bet)
Seat 2: Raff023 (button) folded on the Flop
Seat 5: Business74 (small blind) folded before Flop
Seat 6: ademirto (big blind) folded before Flop
Seat 7: Dorex2007 folded before Flop (didn't bet)
Seat 8: yur4ik777 collected ($0.11)
Seat 9: gimi888 folded before Flop (didn't bet)



