PokerStars Hand #224751255315:  Hold'em No Limit ($0.01/$0.02 USD) - 2021/03/12 22:00:40 PT [2021/03/13 1:00:40 ET]
Table 'Siwa IV' 9-max Seat #8 is the button
Seat 1: MPK-198 ($1.52 in chips) 
Seat 2: Cesnielumige ($1.95 in chips) 
Seat 3: Donenko345 ($1.19 in chips) 
Seat 4: eriknmoura ($1.27 in chips) 
Seat 5: yesseney ($0.83 in chips) 
Seat 6: CarlosMag660 ($0.86 in chips) 
Seat 7: Dorex2007 ($1.50 in chips) 
Seat 8: dddeeeggg ($2.37 in chips) 
MPK-198: posts small blind $0.01
Cesnielumige: posts big blind $0.02
Dorex2007: posts big blind $0.02
*** HOLE CARDS ***
Dealt to Dorex2007 [Qd 7d]
Donenko345: folds 
eriknmoura: folds 
yesseney: folds 
CarlosMag660: folds 
Dorex2007: checks 
dddeeeggg: raises $0.08 to $0.10
MPK-198: folds 
Cesnielumige: folds 
Dorex2007: folds 
Uncalled bet ($0.08) returned to dddeeeggg
dddeeeggg collected $0.07 from pot
dddeeeggg: doesn't show hand 
*** SUMMARY ***
Total pot $0.07 | Rake $0 
Seat 1: MPK-198 (small blind) folded before Flop
Seat 2: Cesnielumige (big blind) folded before Flop
Seat 3: Donenko345 folded before Flop (didn't bet)
Seat 4: eriknmoura folded before Flop (didn't bet)
Seat 5: yesseney folded before Flop (didn't bet)
Seat 6: CarlosMag660 folded before Flop (didn't bet)
Seat 7: Dorex2007 folded before Flop (didn't bet)
Seat 8: dddeeeggg (button) collected ($0.07)



PokerStars Hand #224751262057:  Hold'em No Limit ($0.01/$0.02 USD) - 2021/03/12 22:01:10 PT [2021/03/13 1:01:10 ET]
Table 'Siwa IV' 9-max Seat #1 is the button
Seat 1: MPK-198 ($1.51 in chips) 
Seat 2: Cesnielumige ($1.93 in chips) 
Seat 3: Donenko345 ($1.19 in chips) 
Seat 4: eriknmoura ($1.27 in chips) 
Seat 5: yesseney ($0.83 in chips) 
Seat 6: CarlosMag660 ($0.86 in chips) 
Seat 7: Dorex2007 ($1.48 in chips) 
Seat 8: dddeeeggg ($2.42 in chips) 
Cesnielumige: posts small blind $0.01
Donenko345: posts big blind $0.02
sofaking1973: sits out 
*** HOLE CARDS ***
Dealt to Dorex2007 [Ah 3c]
eriknmoura: folds 
yesseney: raises $0.04 to $0.06
CarlosMag660: folds 
Dorex2007: folds 
dddeeeggg: folds 
MPK-198: folds 
Cesnielumige: folds 
Donenko345: folds 
Uncalled bet ($0.04) returned to yesseney
yesseney collected $0.05 from pot
*** SUMMARY ***
Total pot $0.05 | Rake $0 
Seat 1: MPK-198 (button) folded before Flop (didn't bet)
Seat 2: Cesnielumige (small blind) folded before Flop
Seat 3: Donenko345 (big blind) folded before Flop
Seat 4: eriknmoura folded before Flop (didn't bet)
Seat 5: yesseney collected ($0.05)
Seat 6: CarlosMag660 folded before Flop (didn't bet)
Seat 7: Dorex2007 folded before Flop (didn't bet)
Seat 8: dddeeeggg folded before Flop (didn't bet)



PokerStars Hand #224751267235:  Hold'em No Limit ($0.01/$0.02 USD) - 2021/03/12 22:01:32 PT [2021/03/13 1:01:32 ET]
Table 'Siwa IV' 9-max Seat #2 is the button
Seat 1: MPK-198 ($1.51 in chips) 
Seat 2: Cesnielumige ($1.92 in chips) 
Seat 3: Donenko345 ($1.17 in chips) 
Seat 4: eriknmoura ($1.27 in chips) 
Seat 5: yesseney ($0.86 in chips) 
Seat 6: CarlosMag660 ($0.86 in chips) 
Seat 7: Dorex2007 ($1.48 in chips) 
Seat 8: dddeeeggg ($2.42 in chips) 
Donenko345: posts small blind $0.01
eriknmoura: posts big blind $0.02
sofaking1973: sits out 
*** HOLE CARDS ***
Dealt to Dorex2007 [3s Qd]
yesseney: calls $0.02
CarlosMag660: folds 
Dorex2007: folds 
dddeeeggg: folds 
MPK-198: calls $0.02
Cesnielumige: raises $0.09 to $0.11
Donenko345: folds 
eriknmoura: folds 
yesseney: calls $0.09
MPK-198: folds 
*** FLOP *** [Ks Qc 7d]
yesseney: checks 
Cesnielumige: bets $0.16
yesseney: folds 
Uncalled bet ($0.16) returned to Cesnielumige
Cesnielumige collected $0.26 from pot
Cesnielumige: doesn't show hand 
*** SUMMARY ***
Total pot $0.27 | Rake $0.01 
Board [Ks Qc 7d]
Seat 1: MPK-198 folded before Flop
Seat 2: Cesnielumige (button) collected ($0.26)
Seat 3: Donenko345 (small blind) folded before Flop
Seat 4: eriknmoura (big blind) folded before Flop
Seat 5: yesseney folded on the Flop
Seat 6: CarlosMag660 folded before Flop (didn't bet)
Seat 7: Dorex2007 folded before Flop (didn't bet)
Seat 8: dddeeeggg folded before Flop (didn't bet)



PokerStars Hand #224751276244:  Hold'em No Limit ($0.01/$0.02 USD) - 2021/03/12 22:02:11 PT [2021/03/13 1:02:11 ET]
Table 'Siwa IV' 9-max Seat #3 is the button
Seat 1: MPK-198 ($1.49 in chips) 
Seat 2: Cesnielumige ($2.07 in chips) 
Seat 3: Donenko345 ($1.16 in chips) 
Seat 4: eriknmoura ($1.25 in chips) 
Seat 5: yesseney ($0.75 in chips) 
Seat 6: CarlosMag660 ($0.86 in chips) 
Seat 7: Dorex2007 ($1.48 in chips) 
Seat 8: dddeeeggg ($2.42 in chips) 
eriknmoura: posts small blind $0.01
yesseney: posts big blind $0.02
sofaking1973: sits out 
*** HOLE CARDS ***
Dealt to Dorex2007 [8c 8h]
CarlosMag660: raises $0.02 to $0.04
Dorex2007: calls $0.04
dddeeeggg: folds 
MPK-198: folds 
Cesnielumige: folds 
Donenko345: folds 
eriknmoura: calls $0.03
yesseney: calls $0.02
*** FLOP *** [Qd As 7s]
eriknmoura: checks 
yesseney: checks 
CarlosMag660: bets $0.06
Dorex2007: folds 
eriknmoura: folds 
yesseney: folds 
Uncalled bet ($0.06) returned to CarlosMag660
CarlosMag660 collected $0.15 from pot
CarlosMag660: doesn't show hand 
*** SUMMARY ***
Total pot $0.16 | Rake $0.01 
Board [Qd As 7s]
Seat 1: MPK-198 folded before Flop (didn't bet)
Seat 2: Cesnielumige folded before Flop (didn't bet)
Seat 3: Donenko345 (button) folded before Flop (didn't bet)
Seat 4: eriknmoura (small blind) folded on the Flop
Seat 5: yesseney (big blind) folded on the Flop
Seat 6: CarlosMag660 collected ($0.15)
Seat 7: Dorex2007 folded on the Flop
Seat 8: dddeeeggg folded before Flop (didn't bet)



PokerStars Hand #224751287852:  Hold'em No Limit ($0.01/$0.02 USD) - 2021/03/12 22:03:02 PT [2021/03/13 1:03:02 ET]
Table 'Siwa IV' 9-max Seat #4 is the button
Seat 1: MPK-198 ($1.49 in chips) 
Seat 2: Cesnielumige ($2.07 in chips) 
Seat 3: Donenko345 ($1.16 in chips) 
Seat 4: eriknmoura ($1.21 in chips) 
Seat 5: yesseney ($0.71 in chips) 
Seat 6: CarlosMag660 ($0.97 in chips) 
Seat 7: Dorex2007 ($1.44 in chips) 
Seat 8: dddeeeggg ($2.42 in chips) 
yesseney: posts small blind $0.01
CarlosMag660: posts big blind $0.02
sofaking1973: sits out 
*** HOLE CARDS ***
Dealt to Dorex2007 [8d Tc]
Dorex2007: folds 
dddeeeggg: folds 
MPK-198: folds 
Cesnielumige: folds 
Donenko345: folds 
eriknmoura: raises $0.04 to $0.06
yesseney: folds 
CarlosMag660: folds 
Uncalled bet ($0.04) returned to eriknmoura
eriknmoura collected $0.05 from pot
eriknmoura: doesn't show hand 
*** SUMMARY ***
Total pot $0.05 | Rake $0 
Seat 1: MPK-198 folded before Flop (didn't bet)
Seat 2: Cesnielumige folded before Flop (didn't bet)
Seat 3: Donenko345 folded before Flop (didn't bet)
Seat 4: eriknmoura (button) collected ($0.05)
Seat 5: yesseney (small blind) folded before Flop
Seat 6: CarlosMag660 (big blind) folded before Flop
Seat 7: Dorex2007 folded before Flop (didn't bet)
Seat 8: dddeeeggg folded before Flop (didn't bet)



PokerStars Hand #224751293329:  Hold'em No Limit ($0.01/$0.02 USD) - 2021/03/12 22:03:25 PT [2021/03/13 1:03:25 ET]
Table 'Siwa IV' 9-max Seat #5 is the button
Seat 1: MPK-198 ($1.49 in chips) 
Seat 2: Cesnielumige ($2.07 in chips) 
Seat 3: Donenko345 ($1.16 in chips) 
Seat 4: eriknmoura ($1.24 in chips) 
Seat 5: yesseney ($0.70 in chips) 
Seat 6: CarlosMag660 ($0.95 in chips) 
Seat 7: Dorex2007 ($1.44 in chips) 
Seat 8: dddeeeggg ($2.42 in chips) 
CarlosMag660: posts small blind $0.01
Dorex2007: posts big blind $0.02
sofaking1973: sits out 
*** HOLE CARDS ***
Dealt to Dorex2007 [Ac 5d]
dddeeeggg: folds 
MPK-198 has timed out
MPK-198: folds 
Cesnielumige: folds 
Donenko345: folds 
eriknmoura: folds 
yesseney: raises $0.08 to $0.10
CarlosMag660: folds 
Dorex2007: folds 
Uncalled bet ($0.08) returned to yesseney
yesseney collected $0.05 from pot
*** SUMMARY ***
Total pot $0.05 | Rake $0 
Seat 1: MPK-198 folded before Flop (didn't bet)
Seat 2: Cesnielumige folded before Flop (didn't bet)
Seat 3: Donenko345 folded before Flop (didn't bet)
Seat 4: eriknmoura folded before Flop (didn't bet)
Seat 5: yesseney (button) collected ($0.05)
Seat 6: CarlosMag660 (small blind) folded before Flop
Seat 7: Dorex2007 (big blind) folded before Flop
Seat 8: dddeeeggg folded before Flop (didn't bet)



PokerStars Hand #224751299110:  Hold'em No Limit ($0.01/$0.02 USD) - 2021/03/12 22:03:50 PT [2021/03/13 1:03:50 ET]
Table 'Siwa IV' 9-max Seat #6 is the button
Seat 2: Cesnielumige ($2.07 in chips) 
Seat 3: Donenko345 ($1.16 in chips) 
Seat 4: eriknmoura ($1.24 in chips) 
Seat 5: yesseney ($0.73 in chips) 
Seat 6: CarlosMag660 ($0.94 in chips) 
Seat 7: Dorex2007 ($1.42 in chips) 
Seat 8: dddeeeggg ($2.42 in chips) 
Dorex2007: posts small blind $0.01
dddeeeggg: posts big blind $0.02
sofaking1973: sits out 
*** HOLE CARDS ***
Dealt to Dorex2007 [3c As]
Cesnielumige: calls $0.02
Donenko345: folds 
eriknmoura: folds 
yesseney: calls $0.02
CarlosMag660: calls $0.02
Dorex2007: calls $0.01
dddeeeggg: checks 
*** FLOP *** [6d 9d Qs]
Dorex2007: checks 
dddeeeggg: checks 
Cesnielumige: checks 
yesseney: bets $0.14
CarlosMag660: folds 
Dorex2007: folds 
dddeeeggg: folds 
Cesnielumige: folds 
Uncalled bet ($0.14) returned to yesseney
yesseney collected $0.10 from pot
*** SUMMARY ***
Total pot $0.10 | Rake $0 
Board [6d 9d Qs]
Seat 2: Cesnielumige folded on the Flop
Seat 3: Donenko345 folded before Flop (didn't bet)
Seat 4: eriknmoura folded before Flop (didn't bet)
Seat 5: yesseney collected ($0.10)
Seat 6: CarlosMag660 (button) folded on the Flop
Seat 7: Dorex2007 (small blind) folded on the Flop
Seat 8: dddeeeggg (big blind) folded on the Flop



PokerStars Hand #224751310909:  Hold'em No Limit ($0.01/$0.02 USD) - 2021/03/12 22:04:41 PT [2021/03/13 1:04:41 ET]
Table 'Siwa IV' 9-max Seat #7 is the button
Seat 1: MPK-198 ($1.49 in chips) 
Seat 2: Cesnielumige ($2.05 in chips) 
Seat 3: Donenko345 ($1.16 in chips) 
Seat 4: eriknmoura ($1.24 in chips) 
Seat 5: yesseney ($0.81 in chips) 
Seat 6: CarlosMag660 ($0.92 in chips) 
Seat 7: Dorex2007 ($1.40 in chips) 
Seat 8: dddeeeggg ($2.40 in chips) 
Seat 9: sofaking1973 ($2 in chips) 
dddeeeggg: posts small blind $0.01
sofaking1973: posts big blind $0.02
*** HOLE CARDS ***
Dealt to Dorex2007 [4c Kc]
MPK-198: folds 
Cesnielumige: folds 
Donenko345: folds 
eriknmoura: raises $0.04 to $0.06
yesseney: raises $0.04 to $0.10
CarlosMag660: folds 
Dorex2007: folds 
dddeeeggg: folds 
sofaking1973: folds 
eriknmoura: calls $0.04
*** FLOP *** [Tc As 2h]
eriknmoura: checks 
yesseney: bets $0.71 and is all-in
eriknmoura: folds 
Uncalled bet ($0.71) returned to yesseney
yesseney collected $0.22 from pot
*** SUMMARY ***
Total pot $0.23 | Rake $0.01 
Board [Tc As 2h]
Seat 1: MPK-198 folded before Flop (didn't bet)
Seat 2: Cesnielumige folded before Flop (didn't bet)
Seat 3: Donenko345 folded before Flop (didn't bet)
Seat 4: eriknmoura folded on the Flop
Seat 5: yesseney collected ($0.22)
Seat 6: CarlosMag660 folded before Flop (didn't bet)
Seat 7: Dorex2007 (button) folded before Flop (didn't bet)
Seat 8: dddeeeggg (small blind) folded before Flop
Seat 9: sofaking1973 (big blind) folded before Flop



PokerStars Hand #224751318401:  Hold'em No Limit ($0.01/$0.02 USD) - 2021/03/12 22:05:13 PT [2021/03/13 1:05:13 ET]
Table 'Siwa IV' 9-max Seat #8 is the button
Seat 1: MPK-198 ($1.49 in chips) 
Seat 2: Cesnielumige ($2.05 in chips) 
Seat 3: Donenko345 ($1.16 in chips) 
Seat 4: eriknmoura ($1.14 in chips) 
Seat 5: yesseney ($0.93 in chips) 
Seat 6: CarlosMag660 ($0.92 in chips) 
Seat 7: Dorex2007 ($1.40 in chips) 
Seat 8: dddeeeggg ($2.39 in chips) 
Seat 9: sofaking1973 ($1.98 in chips) 
sofaking1973: posts small blind $0.01
MPK-198: posts big blind $0.02
*** HOLE CARDS ***
Dealt to Dorex2007 [5c 8d]
Cesnielumige: folds 
Donenko345: folds 
eriknmoura: raises $0.04 to $0.06
yesseney: calls $0.06
CarlosMag660: folds 
Dorex2007: folds 
dddeeeggg: folds 
sofaking1973: calls $0.05
MPK-198: calls $0.04
*** FLOP *** [9d Qd 4s]
sofaking1973: checks 
MPK-198: checks 
eriknmoura: bets $0.12
yesseney: folds 
sofaking1973: calls $0.12
MPK-198: folds 
*** TURN *** [9d Qd 4s] [8s]
sofaking1973: checks 
eriknmoura: bets $0.23
sofaking1973: folds 
Uncalled bet ($0.23) returned to eriknmoura
eriknmoura collected $0.46 from pot
eriknmoura: doesn't show hand 
*** SUMMARY ***
Total pot $0.48 | Rake $0.02 
Board [9d Qd 4s 8s]
Seat 1: MPK-198 (big blind) folded on the Flop
Seat 2: Cesnielumige folded before Flop (didn't bet)
Seat 3: Donenko345 folded before Flop (didn't bet)
Seat 4: eriknmoura collected ($0.46)
Seat 5: yesseney folded on the Flop
Seat 6: CarlosMag660 folded before Flop (didn't bet)
Seat 7: Dorex2007 folded before Flop (didn't bet)
Seat 8: dddeeeggg (button) folded before Flop (didn't bet)
Seat 9: sofaking1973 (small blind) folded on the Turn



PokerStars Hand #224751336555:  Hold'em No Limit ($0.01/$0.02 USD) - 2021/03/12 22:06:31 PT [2021/03/13 1:06:31 ET]
Table 'Siwa IV' 9-max Seat #9 is the button
Seat 1: MPK-198 ($1.43 in chips) 
Seat 2: Cesnielumige ($2.05 in chips) 
Seat 3: Donenko345 ($1.16 in chips) 
Seat 4: eriknmoura ($1.42 in chips) 
Seat 5: yesseney ($0.87 in chips) 
Seat 6: CarlosMag660 ($0.92 in chips) 
Seat 7: Dorex2007 ($1.40 in chips) 
Seat 8: dddeeeggg ($2.39 in chips) 
Seat 9: sofaking1973 ($1.80 in chips) 
MPK-198: posts small blind $0.01
Cesnielumige: posts big blind $0.02
*** HOLE CARDS ***
Dealt to Dorex2007 [3c 5d]
Donenko345: folds 
eriknmoura: folds 
yesseney has timed out
yesseney: folds 
CarlosMag660: folds 
Dorex2007: folds 
dddeeeggg: folds 
sofaking1973: folds 
MPK-198: folds 
Uncalled bet ($0.01) returned to Cesnielumige
Cesnielumige collected $0.02 from pot
Cesnielumige: doesn't show hand 
*** SUMMARY ***
Total pot $0.02 | Rake $0 
Seat 1: MPK-198 (small blind) folded before Flop
Seat 2: Cesnielumige (big blind) collected ($0.02)
Seat 3: Donenko345 folded before Flop (didn't bet)
Seat 4: eriknmoura folded before Flop (didn't bet)
Seat 5: yesseney folded before Flop (didn't bet)
Seat 6: CarlosMag660 folded before Flop (didn't bet)
Seat 7: Dorex2007 folded before Flop (didn't bet)
Seat 8: dddeeeggg folded before Flop (didn't bet)
Seat 9: sofaking1973 (button) folded before Flop (didn't bet)



PokerStars Hand #224751341450:  Hold'em No Limit ($0.01/$0.02 USD) - 2021/03/12 22:06:51 PT [2021/03/13 1:06:51 ET]
Table 'Siwa IV' 9-max Seat #1 is the button
Seat 1: MPK-198 ($1.42 in chips) 
Seat 2: Cesnielumige ($2.06 in chips) 
Seat 3: Donenko345 ($1.16 in chips) 
Seat 4: eriknmoura ($1.42 in chips) 
Seat 5: yesseney ($0.87 in chips) 
Seat 6: CarlosMag660 ($0.92 in chips) 
Seat 7: Dorex2007 ($1.40 in chips) 
Seat 8: dddeeeggg ($2.39 in chips) 
Cesnielumige: posts small blind $0.01
Donenko345: posts big blind $0.02
*** HOLE CARDS ***
Dealt to Dorex2007 [7c 2s]
eriknmoura: folds 
yesseney: raises $0.06 to $0.08
CarlosMag660: folds 
Dorex2007: folds 
dddeeeggg: calls $0.08
MPK-198: folds 
Cesnielumige: folds 
Donenko345: folds 
*** FLOP *** [7d Js 4s]
yesseney: bets $0.16
dddeeeggg: raises $0.50 to $0.66
yesseney: folds 
Uncalled bet ($0.50) returned to dddeeeggg
dddeeeggg collected $0.49 from pot
dddeeeggg: doesn't show hand 
*** SUMMARY ***
Total pot $0.51 | Rake $0.02 
Board [7d Js 4s]
Seat 1: MPK-198 (button) folded before Flop (didn't bet)
Seat 2: Cesnielumige (small blind) folded before Flop
Seat 3: Donenko345 (big blind) folded before Flop
Seat 4: eriknmoura folded before Flop (didn't bet)
Seat 5: yesseney folded on the Flop
Seat 6: CarlosMag660 folded before Flop (didn't bet)
Seat 7: Dorex2007 folded before Flop (didn't bet)
Seat 8: dddeeeggg collected ($0.49)



PokerStars Hand #224751354778:  Hold'em No Limit ($0.01/$0.02 USD) - 2021/03/12 22:07:48 PT [2021/03/13 1:07:48 ET]
Table 'Siwa IV' 9-max Seat #2 is the button
Seat 1: MPK-198 ($1.42 in chips) 
Seat 2: Cesnielumige ($2.05 in chips) 
Seat 3: Donenko345 ($1.14 in chips) 
Seat 4: eriknmoura ($1.42 in chips) 
Seat 5: yesseney ($0.63 in chips) 
Seat 6: CarlosMag660 ($0.92 in chips) 
Seat 7: Dorex2007 ($1.40 in chips) 
Seat 8: dddeeeggg ($2.64 in chips) 
Donenko345: posts small blind $0.01
eriknmoura: posts big blind $0.02
*** HOLE CARDS ***
Dealt to Dorex2007 [Ts 2s]
yesseney: calls $0.02
CarlosMag660: calls $0.02
Dorex2007: folds 
dddeeeggg: raises $0.08 to $0.10
MPK-198: calls $0.10
Cesnielumige: folds 
Donenko345: folds 
eriknmoura: calls $0.08
yesseney: calls $0.08
CarlosMag660: calls $0.08
*** FLOP *** [4d Tc 7s]
eriknmoura: checks 
yesseney: checks 
CarlosMag660: checks 
dddeeeggg: checks 
MPK-198: checks 
*** TURN *** [4d Tc 7s] [6h]
eriknmoura: checks 
yesseney: bets $0.53 and is all-in
CarlosMag660: folds 
dddeeeggg: folds 
MPK-198: folds 
eriknmoura: folds 
Uncalled bet ($0.53) returned to yesseney
yesseney collected $0.49 from pot
*** SUMMARY ***
Total pot $0.51 | Rake $0.02 
Board [4d Tc 7s 6h]
Seat 1: MPK-198 folded on the Turn
Seat 2: Cesnielumige (button) folded before Flop (didn't bet)
Seat 3: Donenko345 (small blind) folded before Flop
Seat 4: eriknmoura (big blind) folded on the Turn
Seat 5: yesseney collected ($0.49)
Seat 6: CarlosMag660 folded on the Turn
Seat 7: Dorex2007 folded before Flop (didn't bet)
Seat 8: dddeeeggg folded on the Turn



PokerStars Hand #224751372843:  Hold'em No Limit ($0.01/$0.02 USD) - 2021/03/12 22:09:06 PT [2021/03/13 1:09:06 ET]
Table 'Siwa IV' 9-max Seat #3 is the button
Seat 1: MPK-198 ($1.32 in chips) 
Seat 2: Cesnielumige ($2.05 in chips) 
Seat 3: Donenko345 ($1.13 in chips) 
Seat 4: eriknmoura ($1.32 in chips) 
Seat 5: yesseney ($1.02 in chips) 
Seat 6: CarlosMag660 ($0.82 in chips) 
Seat 7: Dorex2007 ($1.40 in chips) 
Seat 8: dddeeeggg ($2.54 in chips) 
eriknmoura: posts small blind $0.01
yesseney: posts big blind $0.02
*** HOLE CARDS ***
Dealt to Dorex2007 [4d 3h]
CarlosMag660: folds 
Dorex2007: folds 
dddeeeggg: raises $0.04 to $0.06
MPK-198: folds 
Cesnielumige: folds 
Donenko345: folds 
eriknmoura: folds 
yesseney: calls $0.04
*** FLOP *** [Jc Kh Ts]
yesseney: checks 
dddeeeggg: bets $0.08
yesseney: folds 
Uncalled bet ($0.08) returned to dddeeeggg
dddeeeggg collected $0.13 from pot
dddeeeggg: doesn't show hand 
*** SUMMARY ***
Total pot $0.13 | Rake $0 
Board [Jc Kh Ts]
Seat 1: MPK-198 folded before Flop (didn't bet)
Seat 2: Cesnielumige folded before Flop (didn't bet)
Seat 3: Donenko345 (button) folded before Flop (didn't bet)
Seat 4: eriknmoura (small blind) folded before Flop
Seat 5: yesseney (big blind) folded on the Flop
Seat 6: CarlosMag660 folded before Flop (didn't bet)
Seat 7: Dorex2007 folded before Flop (didn't bet)
Seat 8: dddeeeggg collected ($0.13)



PokerStars Hand #224751380159:  Hold'em No Limit ($0.01/$0.02 USD) - 2021/03/12 22:09:38 PT [2021/03/13 1:09:38 ET]
Table 'Siwa IV' 9-max Seat #4 is the button
Seat 1: MPK-198 ($1.32 in chips) 
Seat 2: Cesnielumige ($2.05 in chips) 
Seat 3: Donenko345 ($1.13 in chips) 
Seat 4: eriknmoura ($1.31 in chips) 
Seat 5: yesseney ($0.96 in chips) 
Seat 6: CarlosMag660 ($0.82 in chips) 
Seat 7: Dorex2007 ($1.40 in chips) 
Seat 8: dddeeeggg ($2.61 in chips) 
yesseney: posts small blind $0.01
CarlosMag660: posts big blind $0.02
*** HOLE CARDS ***
Dealt to Dorex2007 [2s 3d]
Dorex2007: folds 
dddeeeggg: folds 
MPK-198: folds 
Cesnielumige: calls $0.02
Donenko345: folds 
eriknmoura: folds 
yesseney: calls $0.01
CarlosMag660: checks 
*** FLOP *** [6c 5s 6d]
yesseney: checks 
CarlosMag660: checks 
Cesnielumige: bets $0.04
yesseney: folds 
CarlosMag660: folds 
Uncalled bet ($0.04) returned to Cesnielumige
Cesnielumige collected $0.06 from pot
Cesnielumige: doesn't show hand 
*** SUMMARY ***
Total pot $0.06 | Rake $0 
Board [6c 5s 6d]
Seat 1: MPK-198 folded before Flop (didn't bet)
Seat 2: Cesnielumige collected ($0.06)
Seat 3: Donenko345 folded before Flop (didn't bet)
Seat 4: eriknmoura (button) folded before Flop (didn't bet)
Seat 5: yesseney (small blind) folded on the Flop
Seat 6: CarlosMag660 (big blind) folded on the Flop
Seat 7: Dorex2007 folded before Flop (didn't bet)
Seat 8: dddeeeggg folded before Flop (didn't bet)



PokerStars Hand #224751387394:  Hold'em No Limit ($0.01/$0.02 USD) - 2021/03/12 22:10:08 PT [2021/03/13 1:10:08 ET]
Table 'Siwa IV' 9-max Seat #5 is the button
Seat 1: MPK-198 ($1.32 in chips) 
Seat 2: Cesnielumige ($2.09 in chips) 
Seat 3: Donenko345 ($1.13 in chips) 
Seat 4: eriknmoura ($1.31 in chips) 
Seat 5: yesseney ($0.94 in chips) 
Seat 6: CarlosMag660 ($0.80 in chips) 
Seat 7: Dorex2007 ($1.40 in chips) 
Seat 8: dddeeeggg ($2.61 in chips) 
CarlosMag660: posts small blind $0.01
Dorex2007: posts big blind $0.02
*** HOLE CARDS ***
Dealt to Dorex2007 [5d Qs]
dddeeeggg: folds 
MPK-198: folds 
Cesnielumige: calls $0.02
Donenko345: folds 
eriknmoura: folds 
yesseney: raises $0.10 to $0.12
CarlosMag660: folds 
Dorex2007: folds 
Cesnielumige: folds 
Uncalled bet ($0.10) returned to yesseney
yesseney collected $0.07 from pot
*** SUMMARY ***
Total pot $0.07 | Rake $0 
Seat 1: MPK-198 folded before Flop (didn't bet)
Seat 2: Cesnielumige folded before Flop
Seat 3: Donenko345 folded before Flop (didn't bet)
Seat 4: eriknmoura folded before Flop (didn't bet)
Seat 5: yesseney (button) collected ($0.07)
Seat 6: CarlosMag660 (small blind) folded before Flop
Seat 7: Dorex2007 (big blind) folded before Flop
Seat 8: dddeeeggg folded before Flop (didn't bet)



PokerStars Hand #224751394754:  Hold'em No Limit ($0.01/$0.02 USD) - 2021/03/12 22:10:40 PT [2021/03/13 1:10:40 ET]
Table 'Siwa IV' 9-max Seat #6 is the button
Seat 1: MPK-198 ($1.32 in chips) 
Seat 2: Cesnielumige ($2.07 in chips) 
Seat 3: Donenko345 ($1.13 in chips) 
Seat 4: eriknmoura ($1.31 in chips) 
Seat 5: yesseney ($0.99 in chips) 
Seat 6: CarlosMag660 ($0.79 in chips) 
Seat 7: Dorex2007 ($1.38 in chips) 
Seat 8: dddeeeggg ($2.61 in chips) 
Dorex2007: posts small blind $0.01
dddeeeggg: posts big blind $0.02
*** HOLE CARDS ***
Dealt to Dorex2007 [Kh Td]
MPK-198: calls $0.02
Cesnielumige: folds 
Donenko345: folds 
eriknmoura: folds 
yesseney: raises $0.10 to $0.12
CarlosMag660: folds 
Dorex2007: folds 
dddeeeggg: folds 
MPK-198: calls $0.10
*** FLOP *** [2c Kc 2s]
MPK-198: checks 
yesseney: bets $0.20
MPK-198: calls $0.20
*** TURN *** [2c Kc 2s] [Qs]
MPK-198: checks 
yesseney: bets $0.67 and is all-in
MPK-198: folds 
Uncalled bet ($0.67) returned to yesseney
yesseney collected $0.65 from pot
*** SUMMARY ***
Total pot $0.67 | Rake $0.02 
Board [2c Kc 2s Qs]
Seat 1: MPK-198 folded on the Turn
Seat 2: Cesnielumige folded before Flop (didn't bet)
Seat 3: Donenko345 folded before Flop (didn't bet)
Seat 4: eriknmoura folded before Flop (didn't bet)
Seat 5: yesseney collected ($0.65)
Seat 6: CarlosMag660 (button) folded before Flop (didn't bet)
Seat 7: Dorex2007 (small blind) folded before Flop
Seat 8: dddeeeggg (big blind) folded before Flop



PokerStars Hand #224751406842:  Hold'em No Limit ($0.01/$0.02 USD) - 2021/03/12 22:11:32 PT [2021/03/13 1:11:32 ET]
Table 'Siwa IV' 9-max Seat #7 is the button
Seat 1: MPK-198 ($1 in chips) 
Seat 2: Cesnielumige ($2.07 in chips) 
Seat 3: Donenko345 ($1.13 in chips) 
Seat 4: eriknmoura ($1.31 in chips) 
Seat 5: yesseney ($1.32 in chips) 
Seat 6: CarlosMag660 ($0.79 in chips) 
Seat 7: Dorex2007 ($1.37 in chips) 
Seat 8: dddeeeggg ($2.59 in chips) 
dddeeeggg: posts small blind $0.01
MPK-198: posts big blind $0.02
*** HOLE CARDS ***
Dealt to Dorex2007 [8s 9c]
Cesnielumige: folds 
Donenko345: folds 
eriknmoura: raises $0.04 to $0.06
yesseney: folds 
CarlosMag660: folds 
Dorex2007: folds 
dddeeeggg: folds 
MPK-198: folds 
Uncalled bet ($0.04) returned to eriknmoura
eriknmoura collected $0.05 from pot
eriknmoura: doesn't show hand 
*** SUMMARY ***
Total pot $0.05 | Rake $0 
Seat 1: MPK-198 (big blind) folded before Flop
Seat 2: Cesnielumige folded before Flop (didn't bet)
Seat 3: Donenko345 folded before Flop (didn't bet)
Seat 4: eriknmoura collected ($0.05)
Seat 5: yesseney folded before Flop (didn't bet)
Seat 6: CarlosMag660 folded before Flop (didn't bet)
Seat 7: Dorex2007 (button) folded before Flop (didn't bet)
Seat 8: dddeeeggg (small blind) folded before Flop



PokerStars Hand #224751411285:  Hold'em No Limit ($0.01/$0.02 USD) - 2021/03/12 22:11:51 PT [2021/03/13 1:11:51 ET]
Table 'Siwa IV' 9-max Seat #8 is the button
Seat 1: MPK-198 ($0.98 in chips) 
Seat 2: Cesnielumige ($2.07 in chips) 
Seat 3: Donenko345 ($1.13 in chips) 
Seat 4: eriknmoura ($1.34 in chips) 
Seat 5: yesseney ($1.32 in chips) 
Seat 6: CarlosMag660 ($0.79 in chips) 
Seat 7: Dorex2007 ($1.37 in chips) 
Seat 8: dddeeeggg ($2.58 in chips) 
MPK-198: posts small blind $0.01
Cesnielumige: posts big blind $0.02
*** HOLE CARDS ***
Dealt to Dorex2007 [Qh Qs]
Donenko345: folds 
eriknmoura: folds 
yesseney: folds 
CarlosMag660: folds 
Dorex2007: raises $0.06 to $0.08
dddeeeggg: folds 
MPK-198: folds 
Cesnielumige: calls $0.06
*** FLOP *** [Td Kd Jc]
Cesnielumige: checks 
Dorex2007: checks 
*** TURN *** [Td Kd Jc] [3h]
Cesnielumige: checks 
Dorex2007: checks 
*** RIVER *** [Td Kd Jc 3h] [9s]
Cesnielumige: checks 
Dorex2007: bets $0.11
Cesnielumige: folds 
Uncalled bet ($0.11) returned to Dorex2007
Dorex2007 collected $0.16 from pot
Dorex2007: doesn't show hand 
*** SUMMARY ***
Total pot $0.17 | Rake $0.01 
Board [Td Kd Jc 3h 9s]
Seat 1: MPK-198 (small blind) folded before Flop
Seat 2: Cesnielumige (big blind) folded on the River
Seat 3: Donenko345 folded before Flop (didn't bet)
Seat 4: eriknmoura folded before Flop (didn't bet)
Seat 5: yesseney folded before Flop (didn't bet)
Seat 6: CarlosMag660 folded before Flop (didn't bet)
Seat 7: Dorex2007 collected ($0.16)
Seat 8: dddeeeggg (button) folded before Flop (didn't bet)



PokerStars Hand #224751425454:  Hold'em No Limit ($0.01/$0.02 USD) - 2021/03/12 22:12:52 PT [2021/03/13 1:12:52 ET]
Table 'Siwa IV' 9-max Seat #1 is the button
Seat 1: MPK-198 ($0.97 in chips) 
Seat 2: Cesnielumige ($1.99 in chips) 
Seat 3: Donenko345 ($1.13 in chips) 
Seat 4: eriknmoura ($1.34 in chips) 
Seat 5: yesseney ($1.32 in chips) 
Seat 6: CarlosMag660 ($0.79 in chips) 
Seat 7: Dorex2007 ($1.45 in chips) 
Seat 8: dddeeeggg ($2.58 in chips) 
Cesnielumige: posts small blind $0.01
Donenko345: posts big blind $0.02
*** HOLE CARDS ***
Dealt to Dorex2007 [Th Ad]
eriknmoura: folds 
yesseney: calls $0.02
CarlosMag660: folds 
Dorex2007: raises $0.06 to $0.08
dddeeeggg: folds 
MPK-198: folds 
Cesnielumige: folds 
Donenko345: folds 
yesseney: calls $0.06
*** FLOP *** [Td 7c 2h]
yesseney: checks 
Dorex2007: bets $0.20
yesseney: folds 
Uncalled bet ($0.20) returned to Dorex2007
Dorex2007 collected $0.18 from pot
Dorex2007: doesn't show hand 
*** SUMMARY ***
Total pot $0.19 | Rake $0.01 
Board [Td 7c 2h]
Seat 1: MPK-198 (button) folded before Flop (didn't bet)
Seat 2: Cesnielumige (small blind) folded before Flop
Seat 3: Donenko345 (big blind) folded before Flop
Seat 4: eriknmoura folded before Flop (didn't bet)
Seat 5: yesseney folded on the Flop
Seat 6: CarlosMag660 folded before Flop (didn't bet)
Seat 7: Dorex2007 collected ($0.18)
Seat 8: dddeeeggg folded before Flop (didn't bet)



PokerStars Hand #224751434549:  Hold'em No Limit ($0.01/$0.02 USD) - 2021/03/12 22:13:31 PT [2021/03/13 1:13:31 ET]
Table 'Siwa IV' 9-max Seat #2 is the button
Seat 1: MPK-198 ($0.97 in chips) 
Seat 2: Cesnielumige ($1.98 in chips) 
Seat 3: Donenko345 ($1.11 in chips) 
Seat 4: eriknmoura ($1.34 in chips) 
Seat 5: yesseney ($1.24 in chips) 
Seat 6: CarlosMag660 ($0.79 in chips) 
Seat 7: Dorex2007 ($1.55 in chips) 
Seat 8: dddeeeggg ($2.58 in chips) 
Donenko345: posts small blind $0.01
eriknmoura: posts big blind $0.02
*** HOLE CARDS ***
Dealt to Dorex2007 [Jc 6d]
yesseney: raises $0.08 to $0.10
CarlosMag660: folds 
Dorex2007: folds 
dddeeeggg: folds 
CarlosMag660 leaves the table
MPK-198: folds 
Cesnielumige: calls $0.10
Donenko345: folds 
eriknmoura: folds 
*** FLOP *** [Tc 6s 9c]
yesseney: bets $0.20
Cesnielumige: calls $0.20
*** TURN *** [Tc 6s 9c] [Ah]
vasmit joins the table at seat #6 
yesseney: checks 
Cesnielumige: bets $0.31
yesseney: folds 
Uncalled bet ($0.31) returned to Cesnielumige
Cesnielumige collected $0.61 from pot
Cesnielumige: doesn't show hand 
*** SUMMARY ***
Total pot $0.63 | Rake $0.02 
Board [Tc 6s 9c Ah]
Seat 1: MPK-198 folded before Flop (didn't bet)
Seat 2: Cesnielumige (button) collected ($0.61)
Seat 3: Donenko345 (small blind) folded before Flop
Seat 4: eriknmoura (big blind) folded before Flop
Seat 5: yesseney folded on the Turn
Seat 6: CarlosMag660 folded before Flop (didn't bet)
Seat 7: Dorex2007 folded before Flop (didn't bet)
Seat 8: dddeeeggg folded before Flop (didn't bet)



PokerStars Hand #224751446330:  Hold'em No Limit ($0.01/$0.02 USD) - 2021/03/12 22:14:22 PT [2021/03/13 1:14:22 ET]
Table 'Siwa IV' 9-max Seat #3 is the button
Seat 1: MPK-198 ($0.97 in chips) 
Seat 2: Cesnielumige ($2.29 in chips) 
Seat 3: Donenko345 ($1.10 in chips) 
Seat 4: eriknmoura ($1.32 in chips) 
Seat 5: yesseney ($0.94 in chips) 
Seat 7: Dorex2007 ($1.55 in chips) 
Seat 8: dddeeeggg ($2.58 in chips) 
eriknmoura: posts small blind $0.01
yesseney: posts big blind $0.02
vasmit: sits out 
*** HOLE CARDS ***
Dealt to Dorex2007 [4d Ac]
Dorex2007: folds 
dddeeeggg: folds 
MPK-198: folds 
Cesnielumige: raises $0.04 to $0.06
Donenko345: folds 
eriknmoura: calls $0.05
yesseney: calls $0.04
*** FLOP *** [Qc 3h 9d]
eriknmoura: checks 
yesseney: checks 
Cesnielumige: bets $0.12
eriknmoura: calls $0.12
yesseney: folds 
*** TURN *** [Qc 3h 9d] [Qh]
eriknmoura: checks 
Cesnielumige: checks 
*** RIVER *** [Qc 3h 9d Qh] [6s]
eriknmoura: bets $0.12
Cesnielumige: folds 
Uncalled bet ($0.12) returned to eriknmoura
eriknmoura collected $0.41 from pot
eriknmoura: doesn't show hand 
*** SUMMARY ***
Total pot $0.42 | Rake $0.01 
Board [Qc 3h 9d Qh 6s]
Seat 1: MPK-198 folded before Flop (didn't bet)
Seat 2: Cesnielumige folded on the River
Seat 3: Donenko345 (button) folded before Flop (didn't bet)
Seat 4: eriknmoura (small blind) collected ($0.41)
Seat 5: yesseney (big blind) folded on the Flop
Seat 7: Dorex2007 folded before Flop (didn't bet)
Seat 8: dddeeeggg folded before Flop (didn't bet)



PokerStars Hand #224751458349:  Hold'em No Limit ($0.01/$0.02 USD) - 2021/03/12 22:15:14 PT [2021/03/13 1:15:14 ET]
Table 'Siwa IV' 9-max Seat #4 is the button
Seat 1: MPK-198 ($0.97 in chips) 
Seat 2: Cesnielumige ($2.11 in chips) 
Seat 3: Donenko345 ($1.10 in chips) 
Seat 4: eriknmoura ($1.55 in chips) 
Seat 5: yesseney ($0.88 in chips) 
Seat 6: vasmit ($2 in chips) 
Seat 7: Dorex2007 ($1.55 in chips) 
Seat 8: dddeeeggg ($2.58 in chips) 
yesseney: posts small blind $0.01
vasmit: posts big blind $0.02
sofaking1973: sits out 
*** HOLE CARDS ***
Dealt to Dorex2007 [Jd 9h]
Dorex2007: folds 
dddeeeggg: folds 
MPK-198: folds 
Cesnielumige: calls $0.02
Donenko345: folds 
eriknmoura: folds 
yesseney: raises $0.12 to $0.14
vasmit: folds 
Cesnielumige: folds 
Uncalled bet ($0.12) returned to yesseney
yesseney collected $0.06 from pot
*** SUMMARY ***
Total pot $0.06 | Rake $0 
Seat 1: MPK-198 folded before Flop (didn't bet)
Seat 2: Cesnielumige folded before Flop
Seat 3: Donenko345 folded before Flop (didn't bet)
Seat 4: eriknmoura (button) folded before Flop (didn't bet)
Seat 5: yesseney (small blind) collected ($0.06)
Seat 6: vasmit (big blind) folded before Flop
Seat 7: Dorex2007 folded before Flop (didn't bet)
Seat 8: dddeeeggg folded before Flop (didn't bet)



PokerStars Hand #224751473525:  Hold'em No Limit ($0.01/$0.02 USD) - 2021/03/12 22:15:38 PT [2021/03/13 1:15:38 ET]
Table 'Siwa IV' 9-max Seat #5 is the button
Seat 1: MPK-198 ($0.97 in chips) 
Seat 2: Cesnielumige ($2.09 in chips) 
Seat 3: Donenko345 ($1.10 in chips) 
Seat 4: eriknmoura ($1.55 in chips) 
Seat 5: yesseney ($0.92 in chips) 
Seat 6: vasmit ($2 in chips) 
Seat 7: Dorex2007 ($1.55 in chips) 
Seat 8: dddeeeggg ($2.58 in chips) 
vasmit: posts small blind $0.01
Dorex2007: posts big blind $0.02
sofaking1973: sits out 
*** HOLE CARDS ***
Dealt to Dorex2007 [3h 5d]
dddeeeggg: folds 
MPK-198: raises $0.04 to $0.06
Cesnielumige: folds 
Donenko345: folds 
eriknmoura: folds 
yesseney: raises $0.18 to $0.24
vasmit: folds 
Dorex2007: folds 
MPK-198: calls $0.18
*** FLOP *** [4d 2s 8s]
MPK-198: bets $0.73 and is all-in
yesseney: calls $0.68 and is all-in
Uncalled bet ($0.05) returned to MPK-198
*** TURN *** [4d 2s 8s] [8c]
*** RIVER *** [4d 2s 8s 8c] [Js]
*** SHOW DOWN ***
MPK-198: shows [Ts As] (a flush, Ace high)
yesseney: shows [Jh Ah] (two pair, Jacks and Eights)
MPK-198 collected $1.80 from pot
*** SUMMARY ***
Total pot $1.87 | Rake $0.07 
Board [4d 2s 8s 8c Js]
Seat 1: MPK-198 showed [Ts As] and won ($1.80) with a flush, Ace high
Seat 2: Cesnielumige folded before Flop (didn't bet)
Seat 3: Donenko345 folded before Flop (didn't bet)
Seat 4: eriknmoura folded before Flop (didn't bet)
Seat 5: yesseney (button) showed [Jh Ah] and lost with two pair, Jacks and Eights
Seat 6: vasmit (small blind) folded before Flop
Seat 7: Dorex2007 (big blind) folded before Flop
Seat 8: dddeeeggg folded before Flop (didn't bet)



PokerStars Hand #224751481963:  Hold'em No Limit ($0.01/$0.02 USD) - 2021/03/12 22:16:14 PT [2021/03/13 1:16:14 ET]
Table 'Siwa IV' 9-max Seat #6 is the button
Seat 1: MPK-198 ($1.85 in chips) 
Seat 2: Cesnielumige ($2.09 in chips) 
Seat 3: Donenko345 ($1.10 in chips) 
Seat 4: eriknmoura ($1.55 in chips) 
Seat 6: vasmit ($2 in chips) 
Seat 7: Dorex2007 ($1.53 in chips) 
Seat 8: dddeeeggg ($2.58 in chips) 
Dorex2007: posts small blind $0.01
dddeeeggg: posts big blind $0.02
sofaking1973: sits out 
*** HOLE CARDS ***
Dealt to Dorex2007 [Ts Th]
MPK-198: folds 
Cesnielumige: folds 
Donenko345: folds 
eriknmoura: folds 
vasmit: folds 
yesseney leaves the table
Dorex2007: calls $0.01
dddeeeggg: checks 
*** FLOP *** [Kd 2h Td]
Dorex2007: checks 
ISKatekl joins the table at seat #5 
dddeeeggg: checks 
*** TURN *** [Kd 2h Td] [Qc]
Dorex2007: bets $0.04
dddeeeggg: calls $0.04
*** RIVER *** [Kd 2h Td Qc] [4h]
Dorex2007: bets $0.12
dddeeeggg: calls $0.12
*** SHOW DOWN ***
Dorex2007: shows [Ts Th] (three of a kind, Tens)
dddeeeggg: mucks hand 
Dorex2007 collected $0.35 from pot
*** SUMMARY ***
Total pot $0.36 | Rake $0.01 
Board [Kd 2h Td Qc 4h]
Seat 1: MPK-198 folded before Flop (didn't bet)
Seat 2: Cesnielumige folded before Flop (didn't bet)
Seat 3: Donenko345 folded before Flop (didn't bet)
Seat 4: eriknmoura folded before Flop (didn't bet)
Seat 6: vasmit (button) folded before Flop (didn't bet)
Seat 7: Dorex2007 (small blind) showed [Ts Th] and won ($0.35) with three of a kind, Tens
Seat 8: dddeeeggg (big blind) mucked [Qh 5c]



PokerStars Hand #224751497905:  Hold'em No Limit ($0.01/$0.02 USD) - 2021/03/12 22:17:23 PT [2021/03/13 1:17:23 ET]
Table 'Siwa IV' 9-max Seat #7 is the button
Seat 1: MPK-198 ($1.85 in chips) 
Seat 2: Cesnielumige ($2.09 in chips) 
Seat 3: Donenko345 ($1.10 in chips) 
Seat 4: eriknmoura ($1.55 in chips) 
Seat 5: ISKatekl ($2 in chips) 
Seat 6: vasmit ($2 in chips) 
Seat 7: Dorex2007 ($1.70 in chips) 
Seat 8: dddeeeggg ($2.40 in chips) 
Seat 9: sofaking1973 ($1.80 in chips) 
dddeeeggg: posts small blind $0.01
sofaking1973: posts big blind $0.02
ISKatekl: posts big blind $0.02
*** HOLE CARDS ***
Dealt to Dorex2007 [6d 5h]
MPK-198: folds 
Cesnielumige: folds 
MPK-198 leaves the table
Donenko345: folds 
eriknmoura: folds 
ISKatekl: checks 
vasmit: folds 
Dorex2007: folds 
dddeeeggg: folds 
sofaking1973: checks 
*** FLOP *** [Ks 2d Qs]
sofaking1973: checks 
ISKatekl: checks 
*** TURN *** [Ks 2d Qs] [9d]
sofaking1973: checks 
ISKatekl: bets $0.02
sofaking1973: calls $0.02
*** RIVER *** [Ks 2d Qs 9d] [6h]
sofaking1973: checks 
ISKatekl: bets $0.09
sofaking1973: folds 
Uncalled bet ($0.09) returned to ISKatekl
ISKatekl collected $0.09 from pot
ISKatekl: doesn't show hand 
*** SUMMARY ***
Total pot $0.09 | Rake $0 
Board [Ks 2d Qs 9d 6h]
Seat 1: MPK-198 folded before Flop (didn't bet)
Seat 2: Cesnielumige folded before Flop (didn't bet)
Seat 3: Donenko345 folded before Flop (didn't bet)
Seat 4: eriknmoura folded before Flop (didn't bet)
Seat 5: ISKatekl collected ($0.09)
Seat 6: vasmit folded before Flop (didn't bet)
Seat 7: Dorex2007 (button) folded before Flop (didn't bet)
Seat 8: dddeeeggg (small blind) folded before Flop
Seat 9: sofaking1973 (big blind) folded on the River



PokerStars Hand #224751510426:  Hold'em No Limit ($0.01/$0.02 USD) - 2021/03/12 22:18:17 PT [2021/03/13 1:18:17 ET]
Table 'Siwa IV' 9-max Seat #8 is the button
Seat 2: Cesnielumige ($2.09 in chips) 
Seat 3: Donenko345 ($1.10 in chips) 
Seat 4: eriknmoura ($1.55 in chips) 
Seat 5: ISKatekl ($2.05 in chips) 
Seat 6: vasmit ($2 in chips) 
Seat 7: Dorex2007 ($1.70 in chips) 
Seat 8: dddeeeggg ($2.39 in chips) 
Seat 9: sofaking1973 ($1.76 in chips) 
sofaking1973: posts small blind $0.01
Cesnielumige: posts big blind $0.02
*** HOLE CARDS ***
Dealt to Dorex2007 [2d 6d]
Donenko345: raises $0.03 to $0.05
vinroy1 joins the table at seat #1 
eriknmoura: folds 
ISKatekl: folds 
vasmit: folds 
Dorex2007: folds 
dddeeeggg: folds 
sofaking1973: folds 
Cesnielumige: calls $0.03
*** FLOP *** [3h Kd 6h]
Cesnielumige: checks 
Donenko345: checks 
*** TURN *** [3h Kd 6h] [Jd]
Cesnielumige: bets $0.06
Donenko345: folds 
Uncalled bet ($0.06) returned to Cesnielumige
Cesnielumige collected $0.11 from pot
Cesnielumige: doesn't show hand 
*** SUMMARY ***
Total pot $0.11 | Rake $0 
Board [3h Kd 6h Jd]
Seat 2: Cesnielumige (big blind) collected ($0.11)
Seat 3: Donenko345 folded on the Turn
Seat 4: eriknmoura folded before Flop (didn't bet)
Seat 5: ISKatekl folded before Flop (didn't bet)
Seat 6: vasmit folded before Flop (didn't bet)
Seat 7: Dorex2007 folded before Flop (didn't bet)
Seat 8: dddeeeggg (button) folded before Flop (didn't bet)
Seat 9: sofaking1973 (small blind) folded before Flop



PokerStars Hand #224751521861:  Hold'em No Limit ($0.01/$0.02 USD) - 2021/03/12 22:19:07 PT [2021/03/13 1:19:07 ET]
Table 'Siwa IV' 9-max Seat #9 is the button
Seat 2: Cesnielumige ($2.15 in chips) 
Seat 3: Donenko345 ($1.05 in chips) 
Seat 4: eriknmoura ($1.55 in chips) 
Seat 5: ISKatekl ($2.05 in chips) 
Seat 6: vasmit ($2 in chips) 
Seat 7: Dorex2007 ($1.70 in chips) 
Seat 8: dddeeeggg ($2.39 in chips) 
Seat 9: sofaking1973 ($1.75 in chips) 
Cesnielumige: posts small blind $0.01
Donenko345: posts big blind $0.02
*** HOLE CARDS ***
Dealt to Dorex2007 [6s As]
eriknmoura: folds 
ISKatekl: raises $0.06 to $0.08
vasmit: folds 
Dorex2007: folds 
dddeeeggg: folds 
sofaking1973: folds 
Cesnielumige: folds 
Donenko345: folds 
Uncalled bet ($0.06) returned to ISKatekl
ISKatekl collected $0.05 from pot
ISKatekl: doesn't show hand 
*** SUMMARY ***
Total pot $0.05 | Rake $0 
Seat 2: Cesnielumige (small blind) folded before Flop
Seat 3: Donenko345 (big blind) folded before Flop
Seat 4: eriknmoura folded before Flop (didn't bet)
Seat 5: ISKatekl collected ($0.05)
Seat 6: vasmit folded before Flop (didn't bet)
Seat 7: Dorex2007 folded before Flop (didn't bet)
Seat 8: dddeeeggg folded before Flop (didn't bet)
Seat 9: sofaking1973 (button) folded before Flop (didn't bet)



PokerStars Hand #224751526835:  Hold'em No Limit ($0.01/$0.02 USD) - 2021/03/12 22:19:29 PT [2021/03/13 1:19:29 ET]
Table 'Siwa IV' 9-max Seat #2 is the button
Seat 2: Cesnielumige ($2.14 in chips) 
Seat 3: Donenko345 ($1.03 in chips) 
Seat 4: eriknmoura ($1.55 in chips) 
Seat 5: ISKatekl ($2.08 in chips) 
Seat 6: vasmit ($2 in chips) 
Seat 7: Dorex2007 ($1.70 in chips) 
Seat 8: dddeeeggg ($2.39 in chips) 
Seat 9: sofaking1973 ($1.75 in chips) 
Donenko345: posts small blind $0.01
eriknmoura: posts big blind $0.02
vinroy1: sits out 
*** HOLE CARDS ***
Dealt to Dorex2007 [8d 6h]
ISKatekl: raises $0.06 to $0.08
vasmit: folds 
Dorex2007: folds 
dddeeeggg: folds 
sofaking1973: folds 
Cesnielumige: folds 
Donenko345: folds 
eriknmoura: folds 
Uncalled bet ($0.06) returned to ISKatekl
ISKatekl collected $0.05 from pot
ISKatekl: doesn't show hand 
*** SUMMARY ***
Total pot $0.05 | Rake $0 
Seat 2: Cesnielumige (button) folded before Flop (didn't bet)
Seat 3: Donenko345 (small blind) folded before Flop
Seat 4: eriknmoura (big blind) folded before Flop
Seat 5: ISKatekl collected ($0.05)
Seat 6: vasmit folded before Flop (didn't bet)
Seat 7: Dorex2007 folded before Flop (didn't bet)
Seat 8: dddeeeggg folded before Flop (didn't bet)
Seat 9: sofaking1973 folded before Flop (didn't bet)



PokerStars Hand #224751530572:  Hold'em No Limit ($0.01/$0.02 USD) - 2021/03/12 22:19:45 PT [2021/03/13 1:19:45 ET]
Table 'Siwa IV' 9-max Seat #3 is the button
Seat 2: Cesnielumige ($2.14 in chips) 
Seat 3: Donenko345 ($1.02 in chips) 
Seat 4: eriknmoura ($1.53 in chips) 
Seat 5: ISKatekl ($2.11 in chips) 
Seat 6: vasmit ($2 in chips) 
Seat 7: Dorex2007 ($1.70 in chips) 
Seat 8: dddeeeggg ($2.39 in chips) 
Seat 9: sofaking1973 ($1.75 in chips) 
eriknmoura: posts small blind $0.01
ISKatekl: posts big blind $0.02
vinroy1: sits out 
*** HOLE CARDS ***
Dealt to Dorex2007 [Qd Kh]
vasmit: folds 
Dorex2007: raises $0.04 to $0.06
dddeeeggg: raises $0.12 to $0.18
sofaking1973: folds 
Cesnielumige: folds 
Donenko345: folds 
eriknmoura: folds 
ISKatekl: folds 
Dorex2007: folds 
Uncalled bet ($0.12) returned to dddeeeggg
dddeeeggg collected $0.15 from pot
dddeeeggg: doesn't show hand 
*** SUMMARY ***
Total pot $0.15 | Rake $0 
Seat 2: Cesnielumige folded before Flop (didn't bet)
Seat 3: Donenko345 (button) folded before Flop (didn't bet)
Seat 4: eriknmoura (small blind) folded before Flop
Seat 5: ISKatekl (big blind) folded before Flop
Seat 6: vasmit folded before Flop (didn't bet)
Seat 7: Dorex2007 folded before Flop
Seat 8: dddeeeggg collected ($0.15)
Seat 9: sofaking1973 folded before Flop (didn't bet)



PokerStars Hand #224751541949:  Hold'em No Limit ($0.01/$0.02 USD) - 2021/03/12 22:20:26 PT [2021/03/13 1:20:26 ET]
Table 'Siwa IV' 9-max Seat #4 is the button
Seat 2: Cesnielumige ($2.14 in chips) 
Seat 3: Donenko345 ($1.02 in chips) 
Seat 4: eriknmoura ($1.52 in chips) 
Seat 5: ISKatekl ($2.09 in chips) 
Seat 6: vasmit ($2 in chips) 
Seat 7: Dorex2007 ($1.64 in chips) 
Seat 8: dddeeeggg ($2.48 in chips) 
Seat 9: sofaking1973 ($1.75 in chips) 
ISKatekl: posts small blind $0.01
vasmit: posts big blind $0.02
vinroy1: sits out 
*** HOLE CARDS ***
Dealt to Dorex2007 [2h Ks]
Dorex2007: folds 
dddeeeggg: folds 
sofaking1973: folds 
Cesnielumige: folds 
Donenko345: folds 
eriknmoura: raises $0.04 to $0.06
ISKatekl: folds 
vasmit: folds 
Uncalled bet ($0.04) returned to eriknmoura
eriknmoura collected $0.05 from pot
eriknmoura: doesn't show hand 
*** SUMMARY ***
Total pot $0.05 | Rake $0 
Seat 2: Cesnielumige folded before Flop (didn't bet)
Seat 3: Donenko345 folded before Flop (didn't bet)
Seat 4: eriknmoura (button) collected ($0.05)
Seat 5: ISKatekl (small blind) folded before Flop
Seat 6: vasmit (big blind) folded before Flop
Seat 7: Dorex2007 folded before Flop (didn't bet)
Seat 8: dddeeeggg folded before Flop (didn't bet)
Seat 9: sofaking1973 folded before Flop (didn't bet)



PokerStars Hand #224751547472:  Hold'em No Limit ($0.01/$0.02 USD) - 2021/03/12 22:20:50 PT [2021/03/13 1:20:50 ET]
Table 'Siwa IV' 9-max Seat #5 is the button
Seat 2: Cesnielumige ($2.14 in chips) 
Seat 3: Donenko345 ($1.02 in chips) 
Seat 4: eriknmoura ($1.55 in chips) 
Seat 5: ISKatekl ($2.08 in chips) 
Seat 6: vasmit ($2 in chips) 
Seat 7: Dorex2007 ($1.64 in chips) 
Seat 8: dddeeeggg ($2.48 in chips) 
Seat 9: sofaking1973 ($1.75 in chips) 
vasmit: posts small blind $0.01
Dorex2007: posts big blind $0.02
vinroy1: sits out 
*** HOLE CARDS ***
Dealt to Dorex2007 [5c 2c]
dddeeeggg: folds 
sofaking1973: folds 
Cesnielumige: folds 
Donenko345: folds 
eriknmoura: folds 
ISKatekl: folds 
vasmit: folds 
Uncalled bet ($0.01) returned to Dorex2007
Dorex2007 collected $0.02 from pot
Dorex2007: doesn't show hand 
*** SUMMARY ***
Total pot $0.02 | Rake $0 
Seat 2: Cesnielumige folded before Flop (didn't bet)
Seat 3: Donenko345 folded before Flop (didn't bet)
Seat 4: eriknmoura folded before Flop (didn't bet)
Seat 5: ISKatekl (button) folded before Flop (didn't bet)
Seat 6: vasmit (small blind) folded before Flop
Seat 7: Dorex2007 (big blind) collected ($0.02)
Seat 8: dddeeeggg folded before Flop (didn't bet)
Seat 9: sofaking1973 folded before Flop (didn't bet)



PokerStars Hand #224751551523:  Hold'em No Limit ($0.01/$0.02 USD) - 2021/03/12 22:21:08 PT [2021/03/13 1:21:08 ET]
Table 'Siwa IV' 9-max Seat #6 is the button
Seat 2: Cesnielumige ($2.14 in chips) 
Seat 3: Donenko345 ($1.02 in chips) 
Seat 4: eriknmoura ($1.55 in chips) 
Seat 5: ISKatekl ($2.08 in chips) 
Seat 6: vasmit ($2 in chips) 
Seat 7: Dorex2007 ($1.65 in chips) 
Seat 8: dddeeeggg ($2.48 in chips) 
Seat 9: sofaking1973 ($1.75 in chips) 
Dorex2007: posts small blind $0.01
dddeeeggg: posts big blind $0.02
vinroy1: sits out 
*** HOLE CARDS ***
Dealt to Dorex2007 [Js Ah]
sofaking1973: folds 
Cesnielumige: calls $0.02
Donenko345: folds 
eriknmoura: folds 
ISKatekl: folds 
vasmit: folds 
Dorex2007: calls $0.01
dddeeeggg: checks 
*** FLOP *** [Ts 7c 8d]
Dorex2007: checks 
dddeeeggg: checks 
Cesnielumige: bets $0.03
Dorex2007: calls $0.03
dddeeeggg: calls $0.03
*** TURN *** [Ts 7c 8d] [4c]
Dorex2007: checks 
dddeeeggg: checks 
Cesnielumige: checks 
*** RIVER *** [Ts 7c 8d 4c] [4h]
Dorex2007: checks 
dddeeeggg: bets $0.08
Cesnielumige: folds 
Dorex2007: folds 
Uncalled bet ($0.08) returned to dddeeeggg
dddeeeggg collected $0.14 from pot
dddeeeggg: doesn't show hand 
*** SUMMARY ***
Total pot $0.15 | Rake $0.01 
Board [Ts 7c 8d 4c 4h]
Seat 2: Cesnielumige folded on the River
Seat 3: Donenko345 folded before Flop (didn't bet)
Seat 4: eriknmoura folded before Flop (didn't bet)
Seat 5: ISKatekl folded before Flop (didn't bet)
Seat 6: vasmit (button) folded before Flop (didn't bet)
Seat 7: Dorex2007 (small blind) folded on the River
Seat 8: dddeeeggg (big blind) collected ($0.14)
Seat 9: sofaking1973 folded before Flop (didn't bet)



PokerStars Hand #224751569865:  Hold'em No Limit ($0.01/$0.02 USD) - 2021/03/12 22:22:27 PT [2021/03/13 1:22:27 ET]
Table 'Siwa IV' 9-max Seat #7 is the button
Seat 2: Cesnielumige ($2.09 in chips) 
Seat 3: Donenko345 ($1.02 in chips) 
Seat 4: eriknmoura ($1.55 in chips) 
Seat 5: ISKatekl ($2.08 in chips) 
Seat 6: vasmit ($2 in chips) 
Seat 7: Dorex2007 ($1.60 in chips) 
Seat 8: dddeeeggg ($2.57 in chips) 
Seat 9: sofaking1973 ($1.75 in chips) 
dddeeeggg: posts small blind $0.01
sofaking1973: posts big blind $0.02
vinroy1: sits out 
*** HOLE CARDS ***
Dealt to Dorex2007 [6s 8s]
Cesnielumige: folds 
Donenko345: folds 
eriknmoura: folds 
ISKatekl: folds 
vasmit: folds 
Dorex2007: folds 
dddeeeggg: folds 
Uncalled bet ($0.01) returned to sofaking1973
sofaking1973 collected $0.02 from pot
sofaking1973: doesn't show hand 
*** SUMMARY ***
Total pot $0.02 | Rake $0 
Seat 2: Cesnielumige folded before Flop (didn't bet)
Seat 3: Donenko345 folded before Flop (didn't bet)
Seat 4: eriknmoura folded before Flop (didn't bet)
Seat 5: ISKatekl folded before Flop (didn't bet)
Seat 6: vasmit folded before Flop (didn't bet)
Seat 7: Dorex2007 (button) folded before Flop (didn't bet)
Seat 8: dddeeeggg (small blind) folded before Flop
Seat 9: sofaking1973 (big blind) collected ($0.02)



PokerStars Hand #224751573211:  Hold'em No Limit ($0.01/$0.02 USD) - 2021/03/12 22:22:42 PT [2021/03/13 1:22:42 ET]
Table 'Siwa IV' 9-max Seat #8 is the button
Seat 1: vinroy1 ($2 in chips) 
Seat 2: Cesnielumige ($2.09 in chips) 
Seat 3: Donenko345 ($1.02 in chips) 
Seat 4: eriknmoura ($1.55 in chips) 
Seat 5: ISKatekl ($2.08 in chips) 
Seat 6: vasmit ($2 in chips) 
Seat 7: Dorex2007 ($1.60 in chips) 
Seat 8: dddeeeggg ($2.56 in chips) 
Seat 9: sofaking1973 ($1.76 in chips) 
sofaking1973: posts small blind $0.01
vinroy1: posts big blind $0.02
*** HOLE CARDS ***
Dealt to Dorex2007 [4d Th]
Cesnielumige: folds 
Donenko345: folds 
eriknmoura: raises $0.04 to $0.06
ISKatekl: folds 
vasmit: folds 
Dorex2007: folds 
dddeeeggg: folds 
sofaking1973: folds 
vinroy1: calls $0.04
*** FLOP *** [Ah Qc 9h]
vinroy1: checks 
eriknmoura: bets $0.08
vinroy1: calls $0.08
*** TURN *** [Ah Qc 9h] [3h]
vinroy1: checks 
eriknmoura: bets $0.12
vinroy1: calls $0.12
*** RIVER *** [Ah Qc 9h 3h] [7c]
vinroy1: checks 
eriknmoura: checks 
*** SHOW DOWN ***
vinroy1: shows [Jd Qh] (a pair of Queens)
eriknmoura: mucks hand 
vinroy1 collected $0.51 from pot
*** SUMMARY ***
Total pot $0.53 | Rake $0.02 
Board [Ah Qc 9h 3h 7c]
Seat 1: vinroy1 (big blind) showed [Jd Qh] and won ($0.51) with a pair of Queens
Seat 2: Cesnielumige folded before Flop (didn't bet)
Seat 3: Donenko345 folded before Flop (didn't bet)
Seat 4: eriknmoura mucked [2c 2d]
Seat 5: ISKatekl folded before Flop (didn't bet)
Seat 6: vasmit folded before Flop (didn't bet)
Seat 7: Dorex2007 folded before Flop (didn't bet)
Seat 8: dddeeeggg (button) folded before Flop (didn't bet)
Seat 9: sofaking1973 (small blind) folded before Flop



PokerStars Hand #224751585912:  Hold'em No Limit ($0.01/$0.02 USD) - 2021/03/12 22:23:38 PT [2021/03/13 1:23:38 ET]
Table 'Siwa IV' 9-max Seat #9 is the button
Seat 1: vinroy1 ($2.25 in chips) 
Seat 2: Cesnielumige ($2.09 in chips) 
Seat 3: Donenko345 ($1.02 in chips) 
Seat 4: eriknmoura ($1.29 in chips) 
Seat 5: ISKatekl ($2.08 in chips) 
Seat 6: vasmit ($2 in chips) 
Seat 7: Dorex2007 ($1.60 in chips) 
Seat 8: dddeeeggg ($2.56 in chips) 
Seat 9: sofaking1973 ($1.75 in chips) 
vinroy1: posts small blind $0.01
Cesnielumige: posts big blind $0.02
*** HOLE CARDS ***
Dealt to Dorex2007 [6d 4h]
Donenko345: folds 
eriknmoura: folds 
ISKatekl: folds 
vasmit: folds 
Dorex2007: folds 
dddeeeggg: raises $0.04 to $0.06
sofaking1973: calls $0.06
vinroy1: raises $0.20 to $0.26
Cesnielumige: folds 
dddeeeggg: calls $0.20
sofaking1973: folds 
*** FLOP *** [8d 9s 6c]
vinroy1: bets $0.14
dddeeeggg: calls $0.14
*** TURN *** [8d 9s 6c] [Ks]
vinroy1: bets $0.10
dddeeeggg: calls $0.10
*** RIVER *** [8d 9s 6c Ks] [5s]
vinroy1: bets $0.10
dddeeeggg: raises $0.60 to $0.70
vinroy1: folds 
Uncalled bet ($0.60) returned to dddeeeggg
dddeeeggg collected $1.24 from pot
dddeeeggg: doesn't show hand 
*** SUMMARY ***
Total pot $1.28 | Rake $0.04 
Board [8d 9s 6c Ks 5s]
Seat 1: vinroy1 (small blind) folded on the River
Seat 2: Cesnielumige (big blind) folded before Flop
Seat 3: Donenko345 folded before Flop (didn't bet)
Seat 4: eriknmoura folded before Flop (didn't bet)
Seat 5: ISKatekl folded before Flop (didn't bet)
Seat 6: vasmit folded before Flop (didn't bet)
Seat 7: Dorex2007 folded before Flop (didn't bet)
Seat 8: dddeeeggg collected ($1.24)
Seat 9: sofaking1973 (button) folded before Flop



PokerStars Hand #224751608777:  Hold'em No Limit ($0.01/$0.02 USD) - 2021/03/12 22:25:19 PT [2021/03/13 1:25:19 ET]
Table 'Siwa IV' 9-max Seat #1 is the button
Seat 1: vinroy1 ($1.65 in chips) 
Seat 2: Cesnielumige ($2.07 in chips) 
Seat 3: Donenko345 ($1.02 in chips) 
Seat 4: eriknmoura ($1.29 in chips) 
Seat 5: ISKatekl ($2.08 in chips) 
Seat 6: vasmit ($2 in chips) 
Seat 7: Dorex2007 ($1.60 in chips) 
Seat 8: dddeeeggg ($3.20 in chips) 
Seat 9: sofaking1973 ($1.69 in chips) 
Cesnielumige: posts small blind $0.01
Donenko345: posts big blind $0.02
*** HOLE CARDS ***
Dealt to Dorex2007 [Ad 7c]
eriknmoura: folds 
ISKatekl: folds 
vasmit: folds 
Dorex2007: folds 
dddeeeggg: folds 
sofaking1973: folds 
vinroy1: folds 
Cesnielumige: raises $0.04 to $0.06
Donenko345: folds 
Uncalled bet ($0.04) returned to Cesnielumige
Cesnielumige collected $0.04 from pot
Cesnielumige: doesn't show hand 
*** SUMMARY ***
Total pot $0.04 | Rake $0 
Seat 1: vinroy1 (button) folded before Flop (didn't bet)
Seat 2: Cesnielumige (small blind) collected ($0.04)
Seat 3: Donenko345 (big blind) folded before Flop
Seat 4: eriknmoura folded before Flop (didn't bet)
Seat 5: ISKatekl folded before Flop (didn't bet)
Seat 6: vasmit folded before Flop (didn't bet)
Seat 7: Dorex2007 folded before Flop (didn't bet)
Seat 8: dddeeeggg folded before Flop (didn't bet)
Seat 9: sofaking1973 folded before Flop (didn't bet)



PokerStars Hand #224751613128:  Hold'em No Limit ($0.01/$0.02 USD) - 2021/03/12 22:25:38 PT [2021/03/13 1:25:38 ET]
Table 'Siwa IV' 9-max Seat #2 is the button
Seat 1: vinroy1 ($1.65 in chips) 
Seat 2: Cesnielumige ($2.09 in chips) 
Seat 3: Donenko345 ($1 in chips) 
Seat 4: eriknmoura ($1.29 in chips) 
Seat 5: ISKatekl ($2.08 in chips) 
Seat 6: vasmit ($2 in chips) 
Seat 7: Dorex2007 ($1.60 in chips) 
Seat 8: dddeeeggg ($3.20 in chips) 
Seat 9: sofaking1973 ($1.69 in chips) 
Donenko345: posts small blind $0.01
eriknmoura: posts big blind $0.02
*** HOLE CARDS ***
Dealt to Dorex2007 [7s 6s]
ISKatekl: folds 
vasmit: folds 
Dorex2007: folds 
dddeeeggg: folds 
sofaking1973: calls $0.02
vinroy1: calls $0.02
Cesnielumige: calls $0.02
Donenko345: calls $0.01
eriknmoura: checks 
*** FLOP *** [7d Kd 7c]
Donenko345: checks 
eriknmoura: checks 
sofaking1973: checks 
vinroy1: checks 
Cesnielumige: checks 
*** TURN *** [7d Kd 7c] [Th]
Donenko345: checks 
eriknmoura: checks 
sofaking1973: checks 
vinroy1: bets $0.05
Cesnielumige: folds 
Donenko345: folds 
eriknmoura: folds 
sofaking1973: calls $0.05
*** RIVER *** [7d Kd 7c Th] [9c]
sofaking1973: checks 
vinroy1: bets $0.10
sofaking1973: folds 
Uncalled bet ($0.10) returned to vinroy1
vinroy1 collected $0.19 from pot
vinroy1: doesn't show hand 
*** SUMMARY ***
Total pot $0.20 | Rake $0.01 
Board [7d Kd 7c Th 9c]
Seat 1: vinroy1 collected ($0.19)
Seat 2: Cesnielumige (button) folded on the Turn
Seat 3: Donenko345 (small blind) folded on the Turn
Seat 4: eriknmoura (big blind) folded on the Turn
Seat 5: ISKatekl folded before Flop (didn't bet)
Seat 6: vasmit folded before Flop (didn't bet)
Seat 7: Dorex2007 folded before Flop (didn't bet)
Seat 8: dddeeeggg folded before Flop (didn't bet)
Seat 9: sofaking1973 folded on the River



PokerStars Hand #224751630607:  Hold'em No Limit ($0.01/$0.02 USD) - 2021/03/12 22:26:56 PT [2021/03/13 1:26:56 ET]
Table 'Siwa IV' 9-max Seat #3 is the button
Seat 1: vinroy1 ($1.77 in chips) 
Seat 2: Cesnielumige ($2.07 in chips) 
Seat 3: Donenko345 ($1 in chips) 
Seat 4: eriknmoura ($1.27 in chips) 
Seat 5: ISKatekl ($2.08 in chips) 
Seat 6: vasmit ($2 in chips) 
Seat 7: Dorex2007 ($1.60 in chips) 
Seat 8: dddeeeggg ($3.20 in chips) 
Seat 9: sofaking1973 ($1.62 in chips) 
eriknmoura: posts small blind $0.01
ISKatekl: posts big blind $0.02
*** HOLE CARDS ***
Dealt to Dorex2007 [8h 5c]
vasmit: folds 
Dorex2007: folds 
dddeeeggg: folds 
sofaking1973: folds 
vinroy1: folds 
Cesnielumige: folds 
Donenko345: folds 
eriknmoura: folds 
Uncalled bet ($0.01) returned to ISKatekl
ISKatekl collected $0.02 from pot
ISKatekl: doesn't show hand 
*** SUMMARY ***
Total pot $0.02 | Rake $0 
Seat 1: vinroy1 folded before Flop (didn't bet)
Seat 2: Cesnielumige folded before Flop (didn't bet)
Seat 3: Donenko345 (button) folded before Flop (didn't bet)
Seat 4: eriknmoura (small blind) folded before Flop
Seat 5: ISKatekl (big blind) collected ($0.02)
Seat 6: vasmit folded before Flop (didn't bet)
Seat 7: Dorex2007 folded before Flop (didn't bet)
Seat 8: dddeeeggg folded before Flop (didn't bet)
Seat 9: sofaking1973 folded before Flop (didn't bet)



PokerStars Hand #224751634517:  Hold'em No Limit ($0.01/$0.02 USD) - 2021/03/12 22:27:14 PT [2021/03/13 1:27:14 ET]
Table 'Siwa IV' 9-max Seat #4 is the button
Seat 1: vinroy1 ($1.77 in chips) 
Seat 2: Cesnielumige ($2.07 in chips) 
Seat 3: Donenko345 ($1 in chips) 
Seat 4: eriknmoura ($1.26 in chips) 
Seat 5: ISKatekl ($2.09 in chips) 
Seat 6: vasmit ($2 in chips) 
Seat 7: Dorex2007 ($1.60 in chips) 
Seat 8: dddeeeggg ($3.20 in chips) 
Seat 9: sofaking1973 ($1.62 in chips) 
ISKatekl: posts small blind $0.01
vasmit: posts big blind $0.02
*** HOLE CARDS ***
Dealt to Dorex2007 [4h Jh]
Dorex2007: folds 
dddeeeggg: folds 
sofaking1973: calls $0.02
vinroy1: folds 
Cesnielumige: folds 
Donenko345: folds 
eriknmoura: folds 
ISKatekl: calls $0.01
vasmit: checks 
*** FLOP *** [4c 3c 9d]
ISKatekl: checks 
vasmit: checks 
sofaking1973: bets $0.10
ISKatekl: folds 
vasmit: folds 
Uncalled bet ($0.10) returned to sofaking1973
sofaking1973 collected $0.06 from pot
sofaking1973: doesn't show hand 
*** SUMMARY ***
Total pot $0.06 | Rake $0 
Board [4c 3c 9d]
Seat 1: vinroy1 folded before Flop (didn't bet)
Seat 2: Cesnielumige folded before Flop (didn't bet)
Seat 3: Donenko345 folded before Flop (didn't bet)
Seat 4: eriknmoura (button) folded before Flop (didn't bet)
Seat 5: ISKatekl (small blind) folded on the Flop
Seat 6: vasmit (big blind) folded on the Flop
Seat 7: Dorex2007 folded before Flop (didn't bet)
Seat 8: dddeeeggg folded before Flop (didn't bet)
Seat 9: sofaking1973 collected ($0.06)



PokerStars Hand #224751645732:  Hold'em No Limit ($0.01/$0.02 USD) - 2021/03/12 22:28:04 PT [2021/03/13 1:28:04 ET]
Table 'Siwa IV' 9-max Seat #5 is the button
Seat 1: vinroy1 ($1.77 in chips) 
Seat 2: Cesnielumige ($2.07 in chips) 
Seat 3: Donenko345 ($1 in chips) 
Seat 4: eriknmoura ($1.26 in chips) 
Seat 5: ISKatekl ($2.07 in chips) 
Seat 6: vasmit ($2 in chips) 
Seat 7: Dorex2007 ($1.60 in chips) 
Seat 8: dddeeeggg ($3.20 in chips) 
Seat 9: sofaking1973 ($1.66 in chips) 
vasmit: posts small blind $0.01
Dorex2007: posts big blind $0.02
*** HOLE CARDS ***
Dealt to Dorex2007 [As 3d]
dddeeeggg: folds 
sofaking1973: folds 
vinroy1: folds 
Cesnielumige: folds 
Donenko345: folds 
eriknmoura: raises $0.04 to $0.06
ISKatekl: folds 
vasmit: folds 
Dorex2007: folds 
Uncalled bet ($0.04) returned to eriknmoura
eriknmoura collected $0.05 from pot
eriknmoura: doesn't show hand 
*** SUMMARY ***
Total pot $0.05 | Rake $0 
Seat 1: vinroy1 folded before Flop (didn't bet)
Seat 2: Cesnielumige folded before Flop (didn't bet)
Seat 3: Donenko345 folded before Flop (didn't bet)
Seat 4: eriknmoura collected ($0.05)
Seat 5: ISKatekl (button) folded before Flop (didn't bet)
Seat 6: vasmit (small blind) folded before Flop
Seat 7: Dorex2007 (big blind) folded before Flop
Seat 8: dddeeeggg folded before Flop (didn't bet)
Seat 9: sofaking1973 folded before Flop (didn't bet)



PokerStars Hand #224751652476:  Hold'em No Limit ($0.01/$0.02 USD) - 2021/03/12 22:28:28 PT [2021/03/13 1:28:28 ET]
Table 'Siwa IV' 9-max Seat #6 is the button
Seat 1: vinroy1 ($1.77 in chips) 
Seat 2: Cesnielumige ($2.07 in chips) 
Seat 3: Donenko345 ($1 in chips) 
Seat 4: eriknmoura ($1.29 in chips) 
Seat 5: ISKatekl ($2.07 in chips) 
Seat 6: vasmit ($2 in chips) 
Seat 7: Dorex2007 ($1.58 in chips) 
Seat 8: dddeeeggg ($3.20 in chips) 
Seat 9: sofaking1973 ($1.66 in chips) 
Dorex2007: posts small blind $0.01
dddeeeggg: posts big blind $0.02
*** HOLE CARDS ***
Dealt to Dorex2007 [6c Kd]
sofaking1973: raises $0.02 to $0.04
vinroy1: folds 
Cesnielumige: folds 
Donenko345: folds 
eriknmoura: calls $0.04
ISKatekl: folds 
vasmit: calls $0.04
Dorex2007: folds 
dddeeeggg: folds 
*** FLOP *** [7d 8d 5c]
sofaking1973: bets $0.10
eriknmoura: calls $0.10
vasmit: folds 
*** TURN *** [7d 8d 5c] [4c]
sofaking1973: bets $0.14
eriknmoura: calls $0.14
*** RIVER *** [7d 8d 5c 4c] [5h]
sofaking1973: bets $0.14
eriknmoura: calls $0.14
*** SHOW DOWN ***
sofaking1973: shows [3h 3s] (two pair, Fives and Threes)
eriknmoura: shows [Ah 8h] (two pair, Eights and Fives)
eriknmoura collected $0.88 from pot
*** SUMMARY ***
Total pot $0.91 | Rake $0.03 
Board [7d 8d 5c 4c 5h]
Seat 1: vinroy1 folded before Flop (didn't bet)
Seat 2: Cesnielumige folded before Flop (didn't bet)
Seat 3: Donenko345 folded before Flop (didn't bet)
Seat 4: eriknmoura showed [Ah 8h] and won ($0.88) with two pair, Eights and Fives
Seat 5: ISKatekl folded before Flop (didn't bet)
Seat 6: vasmit (button) folded on the Flop
Seat 7: Dorex2007 (small blind) folded before Flop
Seat 8: dddeeeggg (big blind) folded before Flop
Seat 9: sofaking1973 showed [3h 3s] and lost with two pair, Fives and Threes



PokerStars Hand #224751666503:  Hold'em No Limit ($0.01/$0.02 USD) - 2021/03/12 22:29:30 PT [2021/03/13 1:29:30 ET]
Table 'Siwa IV' 9-max Seat #7 is the button
Seat 1: vinroy1 ($1.77 in chips) 
Seat 2: Cesnielumige ($2.07 in chips) 
Seat 3: Donenko345 ($1 in chips) 
Seat 4: eriknmoura ($1.75 in chips) 
Seat 5: ISKatekl ($2.07 in chips) 
Seat 6: vasmit ($2 in chips) 
Seat 7: Dorex2007 ($1.57 in chips) 
Seat 8: dddeeeggg ($3.18 in chips) 
Seat 9: sofaking1973 ($1.24 in chips) 
dddeeeggg: posts small blind $0.01
sofaking1973: posts big blind $0.02
*** HOLE CARDS ***
Dealt to Dorex2007 [5s 2h]
vinroy1: calls $0.02
Cesnielumige: folds 
Donenko345: folds 
eriknmoura: folds 
ISKatekl: folds 
vasmit: folds 
Dorex2007: calls $0.02
dddeeeggg: folds 
sofaking1973: folds 
*** FLOP *** [6d Ad 3s]
sofaking1973 leaves the table
vinroy1: bets $0.04
AnCTPuK joins the table at seat #9 
Dorex2007: folds 
Uncalled bet ($0.04) returned to vinroy1
vinroy1 collected $0.07 from pot
vinroy1: doesn't show hand 
*** SUMMARY ***
Total pot $0.07 | Rake $0 
Board [6d Ad 3s]
Seat 1: vinroy1 collected ($0.07)
Seat 2: Cesnielumige folded before Flop (didn't bet)
Seat 3: Donenko345 folded before Flop (didn't bet)
Seat 4: eriknmoura folded before Flop (didn't bet)
Seat 5: ISKatekl folded before Flop (didn't bet)
Seat 6: vasmit folded before Flop (didn't bet)
Seat 7: Dorex2007 (button) folded on the Flop
Seat 8: dddeeeggg (small blind) folded before Flop
Seat 9: sofaking1973 (big blind) folded before Flop



PokerStars Hand #224751676299:  Hold'em No Limit ($0.01/$0.02 USD) - 2021/03/12 22:30:13 PT [2021/03/13 1:30:13 ET]
Table 'Siwa IV' 9-max Seat #8 is the button
Seat 1: vinroy1 ($1.82 in chips) 
Seat 2: Cesnielumige ($2.07 in chips) 
Seat 3: Donenko345 ($1 in chips) 
Seat 4: eriknmoura ($1.75 in chips) 
Seat 5: ISKatekl ($2.07 in chips) 
Seat 6: vasmit ($2 in chips) 
Seat 7: Dorex2007 ($1.55 in chips) 
Seat 8: dddeeeggg ($3.17 in chips) 
vinroy1: posts small blind $0.01
Cesnielumige: posts big blind $0.02
*** HOLE CARDS ***
Dealt to Dorex2007 [3h 6c]
Donenko345: folds 
eriknmoura: raises $0.04 to $0.06
ISKatekl: folds 
vasmit: folds 
Dorex2007: folds 
dddeeeggg: folds 
vinroy1: folds 
Cesnielumige: calls $0.04
*** FLOP *** [5h Td Kc]
Cesnielumige: checks 
eriknmoura: bets $0.07
Cesnielumige: folds 
Uncalled bet ($0.07) returned to eriknmoura
eriknmoura collected $0.13 from pot
eriknmoura: doesn't show hand 
*** SUMMARY ***
Total pot $0.13 | Rake $0 
Board [5h Td Kc]
Seat 1: vinroy1 (small blind) folded before Flop
Seat 2: Cesnielumige (big blind) folded on the Flop
Seat 3: Donenko345 folded before Flop (didn't bet)
Seat 4: eriknmoura collected ($0.13)
Seat 5: ISKatekl folded before Flop (didn't bet)
Seat 6: vasmit folded before Flop (didn't bet)
Seat 7: Dorex2007 folded before Flop (didn't bet)
Seat 8: dddeeeggg (button) folded before Flop (didn't bet)



PokerStars Hand #224751682785:  Hold'em No Limit ($0.01/$0.02 USD) - 2021/03/12 22:30:41 PT [2021/03/13 1:30:41 ET]
Table 'Siwa IV' 9-max Seat #1 is the button
Seat 1: vinroy1 ($1.81 in chips) 
Seat 2: Cesnielumige ($2.01 in chips) 
Seat 4: eriknmoura ($1.82 in chips) 
Seat 5: ISKatekl ($2.07 in chips) 
Seat 6: vasmit ($2 in chips) 
Seat 7: Dorex2007 ($1.55 in chips) 
Seat 8: dddeeeggg ($3.17 in chips) 
Cesnielumige: posts small blind $0.01
Donenko345: is sitting out 
Donenko345 leaves the table
eriknmoura: posts big blind $0.02
AnCTPuK: sits out 
*** HOLE CARDS ***
Dealt to Dorex2007 [6h Qc]
ISKatekl: folds 
vasmit: folds 
Dorex2007: folds 
dddeeeggg: folds 
vinroy1: calls $0.02
Cesnielumige: calls $0.01
eriknmoura: checks 
*** FLOP *** [9c As Ad]
Cesnielumige: bets $0.04
yasuhiko226 joins the table at seat #3 
eriknmoura: calls $0.04
vinroy1: folds 
*** TURN *** [9c As Ad] [7d]
Cesnielumige: checks 
eriknmoura: bets $0.08
Cesnielumige: calls $0.08
*** RIVER *** [9c As Ad 7d] [2c]
Cesnielumige: checks 
eriknmoura: bets $0.16
Cesnielumige: folds 
Uncalled bet ($0.16) returned to eriknmoura
eriknmoura collected $0.29 from pot
eriknmoura: doesn't show hand 
*** SUMMARY ***
Total pot $0.30 | Rake $0.01 
Board [9c As Ad 7d 2c]
Seat 1: vinroy1 (button) folded on the Flop
Seat 2: Cesnielumige (small blind) folded on the River
Seat 4: eriknmoura (big blind) collected ($0.29)
Seat 5: ISKatekl folded before Flop (didn't bet)
Seat 6: vasmit folded before Flop (didn't bet)
Seat 7: Dorex2007 folded before Flop (didn't bet)
Seat 8: dddeeeggg folded before Flop (didn't bet)



PokerStars Hand #224751695689:  Hold'em No Limit ($0.01/$0.02 USD) - 2021/03/12 22:31:39 PT [2021/03/13 1:31:39 ET]
Table 'Siwa IV' 9-max Seat #2 is the button
Seat 1: vinroy1 ($1.79 in chips) 
Seat 2: Cesnielumige ($1.87 in chips) 
Seat 4: eriknmoura ($1.97 in chips) 
Seat 5: ISKatekl ($2.07 in chips) 
Seat 6: vasmit ($2 in chips) 
Seat 7: Dorex2007 ($1.55 in chips) 
Seat 8: dddeeeggg ($3.17 in chips) 
eriknmoura: posts small blind $0.01
ISKatekl: posts big blind $0.02
AnCTPuK: sits out 
*** HOLE CARDS ***
Dealt to Dorex2007 [2h 2d]
vasmit: folds 
Dorex2007: folds 
dddeeeggg: folds 
vinroy1: folds 
Cesnielumige: raises $0.04 to $0.06
eriknmoura: calls $0.05
ISKatekl: folds 
*** FLOP *** [4h 5d Ts]
eriknmoura: checks 
Cesnielumige: bets $0.10
eriknmoura: raises $0.16 to $0.26
Cesnielumige: folds 
Uncalled bet ($0.16) returned to eriknmoura
eriknmoura collected $0.33 from pot
eriknmoura: doesn't show hand 
*** SUMMARY ***
Total pot $0.34 | Rake $0.01 
Board [4h 5d Ts]
Seat 1: vinroy1 folded before Flop (didn't bet)
Seat 2: Cesnielumige (button) folded on the Flop
Seat 4: eriknmoura (small blind) collected ($0.33)
Seat 5: ISKatekl (big blind) folded before Flop
Seat 6: vasmit folded before Flop (didn't bet)
Seat 7: Dorex2007 folded before Flop (didn't bet)
Seat 8: dddeeeggg folded before Flop (didn't bet)



PokerStars Hand #224751706427:  Hold'em No Limit ($0.01/$0.02 USD) - 2021/03/12 22:32:27 PT [2021/03/13 1:32:27 ET]
Table 'Siwa IV' 9-max Seat #4 is the button
Seat 1: vinroy1 ($1.79 in chips) 
Seat 2: Cesnielumige ($1.71 in chips) 
Seat 3: yasuhiko226 ($1.49 in chips) 
Seat 4: eriknmoura ($2.14 in chips) 
Seat 5: ISKatekl ($2.05 in chips) 
Seat 6: vasmit ($2 in chips) 
Seat 7: Dorex2007 ($1.55 in chips) 
Seat 8: dddeeeggg ($3.17 in chips) 
ISKatekl: posts small blind $0.01
vasmit: posts big blind $0.02
AnCTPuK: sits out 
yasuhiko226: posts big blind $0.02
*** HOLE CARDS ***
Dealt to Dorex2007 [6h Qd]
Dorex2007: folds 
dddeeeggg: folds 
vinroy1: calls $0.02
Cesnielumige: calls $0.02
yasuhiko226: checks 
eriknmoura: folds 
ISKatekl: calls $0.01
vasmit: checks 
*** FLOP *** [Qc 5h 8d]
ISKatekl: checks 
vasmit: checks 
vinroy1: checks 
Cesnielumige: checks 
yasuhiko226: bets $0.05
ISKatekl: folds 
vasmit: folds 
vinroy1: folds 
Cesnielumige: folds 
Uncalled bet ($0.05) returned to yasuhiko226
yasuhiko226 collected $0.10 from pot
yasuhiko226: doesn't show hand 
*** SUMMARY ***
Total pot $0.10 | Rake $0 
Board [Qc 5h 8d]
Seat 1: vinroy1 folded on the Flop
Seat 2: Cesnielumige folded on the Flop
Seat 3: yasuhiko226 collected ($0.10)
Seat 4: eriknmoura (button) folded before Flop (didn't bet)
Seat 5: ISKatekl (small blind) folded on the Flop
Seat 6: vasmit (big blind) folded on the Flop
Seat 7: Dorex2007 folded before Flop (didn't bet)
Seat 8: dddeeeggg folded before Flop (didn't bet)



PokerStars Hand #224751718257:  Hold'em No Limit ($0.01/$0.02 USD) - 2021/03/12 22:33:20 PT [2021/03/13 1:33:20 ET]
Table 'Siwa IV' 9-max Seat #5 is the button
Seat 1: vinroy1 ($1.77 in chips) 
Seat 2: Cesnielumige ($1.69 in chips) 
Seat 3: yasuhiko226 ($1.57 in chips) 
Seat 4: eriknmoura ($2.14 in chips) 
Seat 5: ISKatekl ($2.03 in chips) 
Seat 6: vasmit ($2 in chips) 
Seat 7: Dorex2007 ($1.55 in chips) 
Seat 8: dddeeeggg ($3.17 in chips) 
vasmit: posts small blind $0.01
Dorex2007: posts big blind $0.02
AnCTPuK: sits out 
*** HOLE CARDS ***
Dealt to Dorex2007 [Qd 7c]
dddeeeggg: folds 
vinroy1: folds 
Cesnielumige: raises $0.04 to $0.06
yasuhiko226: folds 
eriknmoura: folds 
ISKatekl: folds 
vasmit: folds 
Dorex2007: folds 
Uncalled bet ($0.04) returned to Cesnielumige
Cesnielumige collected $0.05 from pot
Cesnielumige: doesn't show hand 
*** SUMMARY ***
Total pot $0.05 | Rake $0 
Seat 1: vinroy1 folded before Flop (didn't bet)
Seat 2: Cesnielumige collected ($0.05)
Seat 3: yasuhiko226 folded before Flop (didn't bet)
Seat 4: eriknmoura folded before Flop (didn't bet)
Seat 5: ISKatekl (button) folded before Flop (didn't bet)
Seat 6: vasmit (small blind) folded before Flop
Seat 7: Dorex2007 (big blind) folded before Flop
Seat 8: dddeeeggg folded before Flop (didn't bet)



PokerStars Hand #224751722578:  Hold'em No Limit ($0.01/$0.02 USD) - 2021/03/12 22:33:36 PT [2021/03/13 1:33:36 ET]
Table 'Siwa IV' 9-max Seat #6 is the button
Seat 1: vinroy1 ($1.77 in chips) 
Seat 2: Cesnielumige ($1.72 in chips) 
Seat 3: yasuhiko226 ($1.57 in chips) 
Seat 4: eriknmoura ($2.14 in chips) 
Seat 5: ISKatekl ($2.03 in chips) 
Seat 6: vasmit ($2 in chips) 
Seat 7: Dorex2007 ($1.53 in chips) 
Seat 8: dddeeeggg ($3.17 in chips) 
Dorex2007: posts small blind $0.01
dddeeeggg: posts big blind $0.02
AnCTPuK: sits out 
*** HOLE CARDS ***
Dealt to Dorex2007 [9s 7c]
vinroy1: folds 
Cesnielumige: folds 
yasuhiko226: raises $0.02 to $0.04
eriknmoura: folds 
ISKatekl: folds 
vasmit: folds 
Dorex2007: folds 
dddeeeggg: folds 
Uncalled bet ($0.02) returned to yasuhiko226
yasuhiko226 collected $0.05 from pot
yasuhiko226: doesn't show hand 
*** SUMMARY ***
Total pot $0.05 | Rake $0 
Seat 1: vinroy1 folded before Flop (didn't bet)
Seat 2: Cesnielumige folded before Flop (didn't bet)
Seat 3: yasuhiko226 collected ($0.05)
Seat 4: eriknmoura folded before Flop (didn't bet)
Seat 5: ISKatekl folded before Flop (didn't bet)
Seat 6: vasmit (button) folded before Flop (didn't bet)
Seat 7: Dorex2007 (small blind) folded before Flop
Seat 8: dddeeeggg (big blind) folded before Flop



PokerStars Hand #224751729081:  Hold'em No Limit ($0.01/$0.02 USD) - 2021/03/12 22:34:06 PT [2021/03/13 1:34:06 ET]
Table 'Siwa IV' 9-max Seat #7 is the button
Seat 1: vinroy1 ($1.77 in chips) 
Seat 2: Cesnielumige ($1.72 in chips) 
Seat 3: yasuhiko226 ($1.60 in chips) 
Seat 4: eriknmoura ($2.14 in chips) 
Seat 5: ISKatekl ($2.03 in chips) 
Seat 6: vasmit ($2 in chips) 
Seat 7: Dorex2007 ($1.52 in chips) 
Seat 8: dddeeeggg ($3.15 in chips) 
Seat 9: AnCTPuK ($0.80 in chips) 
dddeeeggg: posts small blind $0.01
AnCTPuK: posts big blind $0.02
*** HOLE CARDS ***
Dealt to Dorex2007 [5s 8d]
vinroy1: folds 
Cesnielumige: folds 
yasuhiko226: folds 
eriknmoura: folds 
ISKatekl: raises $0.06 to $0.08
vasmit: folds 
Dorex2007: folds 
dddeeeggg: folds 
AnCTPuK: raises $0.72 to $0.80 and is all-in
ISKatekl: folds 
Uncalled bet ($0.72) returned to AnCTPuK
AnCTPuK collected $0.17 from pot
*** SUMMARY ***
Total pot $0.17 | Rake $0 
Seat 1: vinroy1 folded before Flop (didn't bet)
Seat 2: Cesnielumige folded before Flop (didn't bet)
Seat 3: yasuhiko226 folded before Flop (didn't bet)
Seat 4: eriknmoura folded before Flop (didn't bet)
Seat 5: ISKatekl folded before Flop
Seat 6: vasmit folded before Flop (didn't bet)
Seat 7: Dorex2007 (button) folded before Flop (didn't bet)
Seat 8: dddeeeggg (small blind) folded before Flop
Seat 9: AnCTPuK (big blind) collected ($0.17)



PokerStars Hand #224751733598:  Hold'em No Limit ($0.01/$0.02 USD) - 2021/03/12 22:34:26 PT [2021/03/13 1:34:26 ET]
Table 'Siwa IV' 9-max Seat #8 is the button
Seat 1: vinroy1 ($1.77 in chips) 
Seat 2: Cesnielumige ($1.72 in chips) 
Seat 3: yasuhiko226 ($1.60 in chips) 
Seat 4: eriknmoura ($2.14 in chips) 
Seat 5: ISKatekl ($1.95 in chips) 
Seat 6: vasmit ($2 in chips) 
Seat 7: Dorex2007 ($1.52 in chips) 
Seat 8: dddeeeggg ($3.14 in chips) 
Seat 9: AnCTPuK ($0.89 in chips) 
AnCTPuK: posts small blind $0.01
vinroy1: posts big blind $0.02
*** HOLE CARDS ***
Dealt to Dorex2007 [4d Kd]
Cesnielumige: raises $0.04 to $0.06
yasuhiko226: folds 
eriknmoura: folds 
ISKatekl: folds 
vasmit: folds 
Dorex2007: folds 
dddeeeggg: folds 
AnCTPuK: folds 
vinroy1: folds 
Uncalled bet ($0.04) returned to Cesnielumige
Cesnielumige collected $0.05 from pot
Cesnielumige: doesn't show hand 
*** SUMMARY ***
Total pot $0.05 | Rake $0 
Seat 1: vinroy1 (big blind) folded before Flop
Seat 2: Cesnielumige collected ($0.05)
Seat 3: yasuhiko226 folded before Flop (didn't bet)
Seat 4: eriknmoura folded before Flop (didn't bet)
Seat 5: ISKatekl folded before Flop (didn't bet)
Seat 6: vasmit folded before Flop (didn't bet)
Seat 7: Dorex2007 folded before Flop (didn't bet)
Seat 8: dddeeeggg (button) folded before Flop (didn't bet)
Seat 9: AnCTPuK (small blind) folded before Flop



PokerStars Hand #224751736369:  Hold'em No Limit ($0.01/$0.02 USD) - 2021/03/12 22:34:38 PT [2021/03/13 1:34:38 ET]
Table 'Siwa IV' 9-max Seat #9 is the button
Seat 1: vinroy1 ($1.75 in chips) 
Seat 2: Cesnielumige ($1.75 in chips) 
Seat 3: yasuhiko226 ($1.60 in chips) 
Seat 4: eriknmoura ($2.14 in chips) 
Seat 5: ISKatekl ($1.95 in chips) 
Seat 6: vasmit ($2 in chips) 
Seat 7: Dorex2007 ($1.52 in chips) 
Seat 8: dddeeeggg ($3.14 in chips) 
Seat 9: AnCTPuK ($0.88 in chips) 
vinroy1: posts small blind $0.01
Cesnielumige: posts big blind $0.02
*** HOLE CARDS ***
Dealt to Dorex2007 [Jc 9c]
yasuhiko226: folds 
eriknmoura: folds 
ISKatekl: raises $0.06 to $0.08
vasmit: folds 
Dorex2007: folds 
dddeeeggg: folds 
AnCTPuK: folds 
vinroy1: folds 
Cesnielumige: calls $0.06
*** FLOP *** [7s Kh Td]
Cesnielumige: checks 
ISKatekl: bets $0.08
Cesnielumige: calls $0.08
*** TURN *** [7s Kh Td] [2d]
Cesnielumige: checks 
ISKatekl: bets $0.16
Cesnielumige: raises $0.32 to $0.48
ISKatekl: folds 
Uncalled bet ($0.32) returned to Cesnielumige
Cesnielumige collected $0.63 from pot
Cesnielumige: doesn't show hand 
*** SUMMARY ***
Total pot $0.65 | Rake $0.02 
Board [7s Kh Td 2d]
Seat 1: vinroy1 (small blind) folded before Flop
Seat 2: Cesnielumige (big blind) collected ($0.63)
Seat 3: yasuhiko226 folded before Flop (didn't bet)
Seat 4: eriknmoura folded before Flop (didn't bet)
Seat 5: ISKatekl folded on the Turn
Seat 6: vasmit folded before Flop (didn't bet)
Seat 7: Dorex2007 folded before Flop (didn't bet)
Seat 8: dddeeeggg folded before Flop (didn't bet)
Seat 9: AnCTPuK (button) folded before Flop (didn't bet)



PokerStars Hand #224751748989:  Hold'em No Limit ($0.01/$0.02 USD) - 2021/03/12 22:35:36 PT [2021/03/13 1:35:36 ET]
Table 'Siwa IV' 9-max Seat #1 is the button
Seat 1: vinroy1 ($1.74 in chips) 
Seat 2: Cesnielumige ($2.06 in chips) 
Seat 3: yasuhiko226 ($1.60 in chips) 
Seat 4: eriknmoura ($2.14 in chips) 
Seat 5: ISKatekl ($1.63 in chips) 
Seat 6: vasmit ($2 in chips) 
Seat 7: Dorex2007 ($1.52 in chips) 
Seat 8: dddeeeggg ($3.14 in chips) 
Seat 9: AnCTPuK ($0.88 in chips) 
Cesnielumige: posts small blind $0.01
yasuhiko226: posts big blind $0.02
*** HOLE CARDS ***
Dealt to Dorex2007 [Js 6d]
eriknmoura: raises $0.04 to $0.06
ISKatekl: folds 
vasmit: folds 
Dorex2007: folds 
dddeeeggg: folds 
AnCTPuK: folds 
vinroy1: folds 
Cesnielumige: raises $0.14 to $0.20
yasuhiko226: folds 
eriknmoura: folds 
Uncalled bet ($0.14) returned to Cesnielumige
Cesnielumige collected $0.14 from pot
Cesnielumige: doesn't show hand 
*** SUMMARY ***
Total pot $0.14 | Rake $0 
Seat 1: vinroy1 (button) folded before Flop (didn't bet)
Seat 2: Cesnielumige (small blind) collected ($0.14)
Seat 3: yasuhiko226 (big blind) folded before Flop
Seat 4: eriknmoura folded before Flop
Seat 5: ISKatekl folded before Flop (didn't bet)
Seat 6: vasmit folded before Flop (didn't bet)
Seat 7: Dorex2007 folded before Flop (didn't bet)
Seat 8: dddeeeggg folded before Flop (didn't bet)
Seat 9: AnCTPuK folded before Flop (didn't bet)



PokerStars Hand #224751754129:  Hold'em No Limit ($0.01/$0.02 USD) - 2021/03/12 22:35:59 PT [2021/03/13 1:35:59 ET]
Table 'Siwa IV' 9-max Seat #2 is the button
Seat 1: vinroy1 ($1.74 in chips) 
Seat 2: Cesnielumige ($2.14 in chips) 
Seat 3: yasuhiko226 ($1.58 in chips) 
Seat 4: eriknmoura ($2.08 in chips) 
Seat 5: ISKatekl ($1.63 in chips) 
Seat 6: vasmit ($2 in chips) 
Seat 7: Dorex2007 ($1.52 in chips) 
Seat 8: dddeeeggg ($3.14 in chips) 
Seat 9: AnCTPuK ($0.88 in chips) 
yasuhiko226: posts small blind $0.01
eriknmoura: posts big blind $0.02
*** HOLE CARDS ***
Dealt to Dorex2007 [Jh 2d]
ISKatekl: folds 
vasmit: calls $0.02
Dorex2007: folds 
dddeeeggg: raises $0.06 to $0.08
AnCTPuK: folds 
vinroy1: folds 
Cesnielumige: folds 
yasuhiko226: folds 
eriknmoura: folds 
vasmit: calls $0.06
*** FLOP *** [As Qc 3c]
vasmit: checks 
dddeeeggg: bets $0.11
vasmit: folds 
Uncalled bet ($0.11) returned to dddeeeggg
dddeeeggg collected $0.18 from pot
dddeeeggg: doesn't show hand 
*** SUMMARY ***
Total pot $0.19 | Rake $0.01 
Board [As Qc 3c]
Seat 1: vinroy1 folded before Flop (didn't bet)
Seat 2: Cesnielumige (button) folded before Flop (didn't bet)
Seat 3: yasuhiko226 (small blind) folded before Flop
Seat 4: eriknmoura (big blind) folded before Flop
Seat 5: ISKatekl folded before Flop (didn't bet)
Seat 6: vasmit folded on the Flop
Seat 7: Dorex2007 folded before Flop (didn't bet)
Seat 8: dddeeeggg collected ($0.18)
Seat 9: AnCTPuK folded before Flop (didn't bet)



PokerStars Hand #224751766896:  Hold'em No Limit ($0.01/$0.02 USD) - 2021/03/12 22:36:53 PT [2021/03/13 1:36:53 ET]
Table 'Siwa IV' 9-max Seat #3 is the button
Seat 1: vinroy1 ($1.74 in chips) 
Seat 2: Cesnielumige ($2.14 in chips) 
Seat 3: yasuhiko226 ($1.57 in chips) 
Seat 4: eriknmoura ($2.06 in chips) 
Seat 5: ISKatekl ($1.63 in chips) 
Seat 6: vasmit ($2 in chips) 
Seat 7: Dorex2007 ($1.52 in chips) 
Seat 8: dddeeeggg ($3.24 in chips) 
Seat 9: AnCTPuK ($0.88 in chips) 
eriknmoura: posts small blind $0.01
ISKatekl: posts big blind $0.02
*** HOLE CARDS ***
Dealt to Dorex2007 [9h Kc]
vasmit: folds 
Dorex2007: folds 
dddeeeggg: folds 
AnCTPuK: folds 
vinroy1: folds 
Cesnielumige: folds 
yasuhiko226: raises $0.02 to $0.04
eriknmoura: folds 
ISKatekl: raises $0.06 to $0.10
yasuhiko226: calls $0.06
*** FLOP *** [4d 3h 4c]
ISKatekl: checks 
yasuhiko226: bets $0.10
ISKatekl: raises $0.10 to $0.20
yasuhiko226: calls $0.10
*** TURN *** [4d 3h 4c] [Ad]
ISKatekl: checks 
yasuhiko226: bets $0.30
ISKatekl: folds 
Uncalled bet ($0.30) returned to yasuhiko226
yasuhiko226 collected $0.59 from pot
yasuhiko226: doesn't show hand 
*** SUMMARY ***
Total pot $0.61 | Rake $0.02 
Board [4d 3h 4c Ad]
Seat 1: vinroy1 folded before Flop (didn't bet)
Seat 2: Cesnielumige folded before Flop (didn't bet)
Seat 3: yasuhiko226 (button) collected ($0.59)
Seat 4: eriknmoura (small blind) folded before Flop
Seat 5: ISKatekl (big blind) folded on the Turn
Seat 6: vasmit folded before Flop (didn't bet)
Seat 7: Dorex2007 folded before Flop (didn't bet)
Seat 8: dddeeeggg folded before Flop (didn't bet)
Seat 9: AnCTPuK folded before Flop (didn't bet)



PokerStars Hand #224751781449:  Hold'em No Limit ($0.01/$0.02 USD) - 2021/03/12 22:37:59 PT [2021/03/13 1:37:59 ET]
Table 'Siwa IV' 9-max Seat #4 is the button
Seat 1: vinroy1 ($1.74 in chips) 
Seat 2: Cesnielumige ($2.14 in chips) 
Seat 3: yasuhiko226 ($1.86 in chips) 
Seat 4: eriknmoura ($2.05 in chips) 
Seat 5: ISKatekl ($1.33 in chips) 
Seat 6: vasmit ($2 in chips) 
Seat 7: Dorex2007 ($1.52 in chips) 
Seat 8: dddeeeggg ($3.24 in chips) 
Seat 9: AnCTPuK ($0.88 in chips) 
ISKatekl: posts small blind $0.01
vasmit: posts big blind $0.02
*** HOLE CARDS ***
Dealt to Dorex2007 [9h Js]
Dorex2007: folds 
dddeeeggg: folds 
AnCTPuK: folds 
vinroy1: folds 
Cesnielumige: calls $0.02
yasuhiko226: folds 
eriknmoura: calls $0.02
ISKatekl: folds 
vasmit: checks 
*** FLOP *** [Jd As Ks]
vasmit: checks 
Cesnielumige: checks 
eriknmoura: checks 
*** TURN *** [Jd As Ks] [3d]
vasmit: checks 
Cesnielumige: bets $0.07
eriknmoura: calls $0.07
vasmit: folds 
*** RIVER *** [Jd As Ks 3d] [5c]
Cesnielumige: bets $0.20
eriknmoura: calls $0.20
*** SHOW DOWN ***
Cesnielumige: shows [3h 3s] (three of a kind, Threes)
eriknmoura: mucks hand 
Cesnielumige collected $0.59 from pot
*** SUMMARY ***
Total pot $0.61 | Rake $0.02 
Board [Jd As Ks 3d 5c]
Seat 1: vinroy1 folded before Flop (didn't bet)
Seat 2: Cesnielumige showed [3h 3s] and won ($0.59) with three of a kind, Threes
Seat 3: yasuhiko226 folded before Flop (didn't bet)
Seat 4: eriknmoura (button) mucked [Jh 9c]
Seat 5: ISKatekl (small blind) folded before Flop
Seat 6: vasmit (big blind) folded on the Turn
Seat 7: Dorex2007 folded before Flop (didn't bet)
Seat 8: dddeeeggg folded before Flop (didn't bet)
Seat 9: AnCTPuK folded before Flop (didn't bet)



PokerStars Hand #224751793848:  Hold'em No Limit ($0.01/$0.02 USD) - 2021/03/12 22:38:55 PT [2021/03/13 1:38:55 ET]
Table 'Siwa IV' 9-max Seat #5 is the button
Seat 1: vinroy1 ($1.74 in chips) 
Seat 2: Cesnielumige ($2.44 in chips) 
Seat 3: yasuhiko226 ($1.86 in chips) 
Seat 4: eriknmoura ($1.76 in chips) 
Seat 5: ISKatekl ($2 in chips) 
Seat 6: vasmit ($2 in chips) 
Seat 7: Dorex2007 ($1.52 in chips) 
Seat 8: dddeeeggg ($3.24 in chips) 
Seat 9: AnCTPuK ($0.88 in chips) 
vasmit: posts small blind $0.01
Dorex2007: posts big blind $0.02
*** HOLE CARDS ***
Dealt to Dorex2007 [Kc Kh]
dddeeeggg: folds 
AnCTPuK: raises $0.03 to $0.05
vinroy1: folds 
Cesnielumige: folds 
yasuhiko226: folds 
eriknmoura: calls $0.05
ISKatekl: folds 
vasmit: folds 
Dorex2007: raises $0.11 to $0.16
AnCTPuK: folds 
eriknmoura: calls $0.11
*** FLOP *** [6h 3h Kd]
Dorex2007: checks 
eriknmoura: bets $0.16
Dorex2007: raises $0.16 to $0.32
eriknmoura: folds 
Uncalled bet ($0.16) returned to Dorex2007
Dorex2007 collected $0.68 from pot
Dorex2007: doesn't show hand 
*** SUMMARY ***
Total pot $0.70 | Rake $0.02 
Board [6h 3h Kd]
Seat 1: vinroy1 folded before Flop (didn't bet)
Seat 2: Cesnielumige folded before Flop (didn't bet)
Seat 3: yasuhiko226 folded before Flop (didn't bet)
Seat 4: eriknmoura folded on the Flop
Seat 5: ISKatekl (button) folded before Flop (didn't bet)
Seat 6: vasmit (small blind) folded before Flop
Seat 7: Dorex2007 (big blind) collected ($0.68)
Seat 8: dddeeeggg folded before Flop (didn't bet)
Seat 9: AnCTPuK folded before Flop



PokerStars Hand #224751807259:  Hold'em No Limit ($0.01/$0.02 USD) - 2021/03/12 22:39:55 PT [2021/03/13 1:39:55 ET]
Table 'Siwa IV' 9-max Seat #6 is the button
Seat 1: vinroy1 ($1.74 in chips) 
Seat 2: Cesnielumige ($2.44 in chips) 
Seat 3: yasuhiko226 ($1.86 in chips) 
Seat 4: eriknmoura ($1.44 in chips) 
Seat 5: ISKatekl ($2 in chips) 
Seat 6: vasmit ($2 in chips) 
Seat 7: Dorex2007 ($1.88 in chips) 
Seat 8: dddeeeggg ($3.24 in chips) 
Seat 9: AnCTPuK ($0.83 in chips) 
Dorex2007: posts small blind $0.01
dddeeeggg: posts big blind $0.02
*** HOLE CARDS ***
Dealt to Dorex2007 [5c Kc]
AnCTPuK: folds 
vinroy1: calls $0.02
Cesnielumige: folds 
yasuhiko226: folds 
eriknmoura: folds 
ISKatekl: folds 
vasmit: calls $0.02
Dorex2007: folds 
dddeeeggg: checks 
*** FLOP *** [6h 9d 3s]
dddeeeggg: bets $0.04
vinroy1: folds 
vasmit: folds 
Uncalled bet ($0.04) returned to dddeeeggg
dddeeeggg collected $0.07 from pot
dddeeeggg: doesn't show hand 
*** SUMMARY ***
Total pot $0.07 | Rake $0 
Board [6h 9d 3s]
Seat 1: vinroy1 folded on the Flop
Seat 2: Cesnielumige folded before Flop (didn't bet)
Seat 3: yasuhiko226 folded before Flop (didn't bet)
Seat 4: eriknmoura folded before Flop (didn't bet)
Seat 5: ISKatekl folded before Flop (didn't bet)
Seat 6: vasmit (button) folded on the Flop
Seat 7: Dorex2007 (small blind) folded before Flop
Seat 8: dddeeeggg (big blind) collected ($0.07)
Seat 9: AnCTPuK folded before Flop (didn't bet)



PokerStars Hand #224751813235:  Hold'em No Limit ($0.01/$0.02 USD) - 2021/03/12 22:40:22 PT [2021/03/13 1:40:22 ET]
Table 'Siwa IV' 9-max Seat #7 is the button
Seat 1: vinroy1 ($1.72 in chips) 
Seat 2: Cesnielumige ($2.44 in chips) 
Seat 3: yasuhiko226 ($1.86 in chips) 
Seat 4: eriknmoura ($1.44 in chips) 
Seat 5: ISKatekl ($2 in chips) 
Seat 6: vasmit ($2 in chips) 
Seat 7: Dorex2007 ($1.87 in chips) 
Seat 8: dddeeeggg ($3.29 in chips) 
Seat 9: AnCTPuK ($0.83 in chips) 
dddeeeggg: posts small blind $0.01
AnCTPuK: posts big blind $0.02
*** HOLE CARDS ***
Dealt to Dorex2007 [2s 7h]
vinroy1: folds 
Cesnielumige: folds 
yasuhiko226: folds 
eriknmoura: folds 
ISKatekl: raises $0.06 to $0.08
vasmit: folds 
Dorex2007: folds 
dddeeeggg: folds 
AnCTPuK: folds 
Uncalled bet ($0.06) returned to ISKatekl
ISKatekl collected $0.05 from pot
ISKatekl: doesn't show hand 
*** SUMMARY ***
Total pot $0.05 | Rake $0 
Seat 1: vinroy1 folded before Flop (didn't bet)
Seat 2: Cesnielumige folded before Flop (didn't bet)
Seat 3: yasuhiko226 folded before Flop (didn't bet)
Seat 4: eriknmoura folded before Flop (didn't bet)
Seat 5: ISKatekl collected ($0.05)
Seat 6: vasmit folded before Flop (didn't bet)
Seat 7: Dorex2007 (button) folded before Flop (didn't bet)
Seat 8: dddeeeggg (small blind) folded before Flop
Seat 9: AnCTPuK (big blind) folded before Flop



PokerStars Hand #224751817935:  Hold'em No Limit ($0.01/$0.02 USD) - 2021/03/12 22:40:44 PT [2021/03/13 1:40:44 ET]
Table 'Siwa IV' 9-max Seat #8 is the button
Seat 1: vinroy1 ($1.72 in chips) 
Seat 2: Cesnielumige ($2.44 in chips) 
Seat 3: yasuhiko226 ($1.86 in chips) 
Seat 4: eriknmoura ($1.44 in chips) 
Seat 5: ISKatekl ($2.03 in chips) 
Seat 6: vasmit ($2 in chips) 
Seat 7: Dorex2007 ($1.87 in chips) 
Seat 8: dddeeeggg ($3.28 in chips) 
Seat 9: AnCTPuK ($0.81 in chips) 
AnCTPuK: posts small blind $0.01
vinroy1: posts big blind $0.02
*** HOLE CARDS ***
Dealt to Dorex2007 [3s 8h]
Cesnielumige: folds 
yasuhiko226: calls $0.02
eriknmoura: folds 
ISKatekl: folds 
vasmit: folds 
Dorex2007: folds 
dddeeeggg: folds 
AnCTPuK: folds 
vinroy1: checks 
*** FLOP *** [7c 7s Tc]
vinroy1: checks 
yasuhiko226: bets $0.02
vinroy1: folds 
Uncalled bet ($0.02) returned to yasuhiko226
yasuhiko226 collected $0.05 from pot
yasuhiko226: doesn't show hand 
*** SUMMARY ***
Total pot $0.05 | Rake $0 
Board [7c 7s Tc]
Seat 1: vinroy1 (big blind) folded on the Flop
Seat 2: Cesnielumige folded before Flop (didn't bet)
Seat 3: yasuhiko226 collected ($0.05)
Seat 4: eriknmoura folded before Flop (didn't bet)
Seat 5: ISKatekl folded before Flop (didn't bet)
Seat 6: vasmit folded before Flop (didn't bet)
Seat 7: Dorex2007 folded before Flop (didn't bet)
Seat 8: dddeeeggg (button) folded before Flop (didn't bet)
Seat 9: AnCTPuK (small blind) folded before Flop



PokerStars Hand #224751830900:  Hold'em No Limit ($0.01/$0.02 USD) - 2021/03/12 22:41:08 PT [2021/03/13 1:41:08 ET]
Table 'Siwa IV' 9-max Seat #9 is the button
Seat 1: vinroy1 ($1.70 in chips) 
Seat 2: Cesnielumige ($2.44 in chips) 
Seat 3: yasuhiko226 ($1.89 in chips) 
Seat 4: eriknmoura ($1.44 in chips) 
Seat 5: ISKatekl ($2.03 in chips) 
Seat 6: vasmit ($2 in chips) 
Seat 7: Dorex2007 ($1.87 in chips) 
Seat 8: dddeeeggg ($3.28 in chips) 
Seat 9: AnCTPuK ($0.80 in chips) 
vinroy1: posts small blind $0.01
Cesnielumige: posts big blind $0.02
*** HOLE CARDS ***
Dealt to Dorex2007 [4d 9s]
yasuhiko226: folds 
eriknmoura: folds 
ISKatekl: folds 
vasmit: folds 
Dorex2007: folds 
dddeeeggg: folds 
AnCTPuK: folds 
vinroy1: calls $0.01
Cesnielumige: checks 
*** FLOP *** [Qc Jh 8d]
vinroy1: checks 
Cesnielumige: bets $0.04
vinroy1: calls $0.04
*** TURN *** [Qc Jh 8d] [As]
vinroy1: checks 
Cesnielumige: checks 
*** RIVER *** [Qc Jh 8d As] [2c]
vinroy1: bets $0.06
Cesnielumige: calls $0.06
*** SHOW DOWN ***
vinroy1: shows [Ac Jd] (two pair, Aces and Jacks)
Cesnielumige: mucks hand 
vinroy1 collected $0.23 from pot
*** SUMMARY ***
Total pot $0.24 | Rake $0.01 
Board [Qc Jh 8d As 2c]
Seat 1: vinroy1 (small blind) showed [Ac Jd] and won ($0.23) with two pair, Aces and Jacks
Seat 2: Cesnielumige (big blind) mucked [Qd 5s]
Seat 3: yasuhiko226 folded before Flop (didn't bet)
Seat 4: eriknmoura folded before Flop (didn't bet)
Seat 5: ISKatekl folded before Flop (didn't bet)
Seat 6: vasmit folded before Flop (didn't bet)
Seat 7: Dorex2007 folded before Flop (didn't bet)
Seat 8: dddeeeggg folded before Flop (didn't bet)
Seat 9: AnCTPuK (button) folded before Flop (didn't bet)



PokerStars Hand #224751838770:  Hold'em No Limit ($0.01/$0.02 USD) - 2021/03/12 22:41:43 PT [2021/03/13 1:41:43 ET]
Table 'Siwa IV' 9-max Seat #1 is the button
Seat 1: vinroy1 ($1.81 in chips) 
Seat 2: Cesnielumige ($2.32 in chips) 
Seat 3: yasuhiko226 ($1.89 in chips) 
Seat 4: eriknmoura ($1.44 in chips) 
Seat 5: ISKatekl ($2.03 in chips) 
Seat 6: vasmit ($2 in chips) 
Seat 7: Dorex2007 ($1.87 in chips) 
Seat 8: dddeeeggg ($3.28 in chips) 
Seat 9: AnCTPuK ($0.80 in chips) 
Cesnielumige: posts small blind $0.01
yasuhiko226: posts big blind $0.02
*** HOLE CARDS ***
Dealt to Dorex2007 [Qd Th]
eriknmoura: folds 
ISKatekl: folds 
vasmit: folds 
Dorex2007: folds 
dddeeeggg: raises $0.04 to $0.06
AnCTPuK: raises $0.74 to $0.80 and is all-in
vinroy1: folds 
Cesnielumige: folds 
yasuhiko226: folds 
dddeeeggg: folds 
Uncalled bet ($0.74) returned to AnCTPuK
AnCTPuK collected $0.15 from pot
*** SUMMARY ***
Total pot $0.15 | Rake $0 
Seat 1: vinroy1 (button) folded before Flop (didn't bet)
Seat 2: Cesnielumige (small blind) folded before Flop
Seat 3: yasuhiko226 (big blind) folded before Flop
Seat 4: eriknmoura folded before Flop (didn't bet)
Seat 5: ISKatekl folded before Flop (didn't bet)
Seat 6: vasmit folded before Flop (didn't bet)
Seat 7: Dorex2007 folded before Flop (didn't bet)
Seat 8: dddeeeggg folded before Flop
Seat 9: AnCTPuK collected ($0.15)



PokerStars Hand #224751844797:  Hold'em No Limit ($0.01/$0.02 USD) - 2021/03/12 22:42:11 PT [2021/03/13 1:42:11 ET]
Table 'Siwa IV' 9-max Seat #2 is the button
Seat 1: vinroy1 ($1.81 in chips) 
Seat 2: Cesnielumige ($2.31 in chips) 
Seat 3: yasuhiko226 ($1.87 in chips) 
Seat 4: eriknmoura ($1.44 in chips) 
Seat 5: ISKatekl ($2.03 in chips) 
Seat 6: vasmit ($2 in chips) 
Seat 7: Dorex2007 ($1.87 in chips) 
Seat 8: dddeeeggg ($3.22 in chips) 
Seat 9: AnCTPuK ($0.89 in chips) 
yasuhiko226: posts small blind $0.01
eriknmoura: posts big blind $0.02
*** HOLE CARDS ***
Dealt to Dorex2007 [8d 4c]
ISKatekl: raises $0.06 to $0.08
vasmit: folds 
Dorex2007: folds 
dddeeeggg has timed out
dddeeeggg: folds 
AnCTPuK: folds 
vinroy1: folds 
Cesnielumige: folds 
yasuhiko226: folds 
eriknmoura: folds 
Uncalled bet ($0.06) returned to ISKatekl
ISKatekl collected $0.05 from pot
ISKatekl: doesn't show hand 
*** SUMMARY ***
Total pot $0.05 | Rake $0 
Seat 1: vinroy1 folded before Flop (didn't bet)
Seat 2: Cesnielumige (button) folded before Flop (didn't bet)
Seat 3: yasuhiko226 (small blind) folded before Flop
Seat 4: eriknmoura (big blind) folded before Flop
Seat 5: ISKatekl collected ($0.05)
Seat 6: vasmit folded before Flop (didn't bet)
Seat 7: Dorex2007 folded before Flop (didn't bet)
Seat 8: dddeeeggg folded before Flop (didn't bet)
Seat 9: AnCTPuK folded before Flop (didn't bet)



PokerStars Hand #224751853033:  Hold'em No Limit ($0.01/$0.02 USD) - 2021/03/12 22:42:48 PT [2021/03/13 1:42:48 ET]
Table 'Siwa IV' 9-max Seat #3 is the button
Seat 1: vinroy1 ($1.81 in chips) 
Seat 2: Cesnielumige ($2.31 in chips) 
Seat 3: yasuhiko226 ($1.86 in chips) 
Seat 4: eriknmoura ($1.42 in chips) 
Seat 5: ISKatekl ($2.06 in chips) 
Seat 6: vasmit ($2 in chips) 
Seat 7: Dorex2007 ($1.87 in chips) 
Seat 9: AnCTPuK ($0.89 in chips) 
eriknmoura: posts small blind $0.01
ISKatekl: posts big blind $0.02
*** HOLE CARDS ***
Dealt to Dorex2007 [Td Qh]
vasmit: calls $0.02
Dorex2007: folds 
AnCTPuK: folds 
vinroy1: calls $0.02
Cesnielumige: calls $0.02
yasuhiko226: folds 
eriknmoura: calls $0.01
ISKatekl: checks 
*** FLOP *** [Jd Ad 6s]
eriknmoura: checks 
ISKatekl: checks 
vasmit: checks 
vinroy1: checks 
Cesnielumige: bets $0.06
eriknmoura: folds 
ISKatekl: folds 
vasmit: raises $0.06 to $0.12
vinroy1: folds 
Cesnielumige: calls $0.06
*** TURN *** [Jd Ad 6s] [4d]
vasmit: bets $0.17
Cesnielumige: raises $0.17 to $0.34
vasmit: folds 
Uncalled bet ($0.17) returned to Cesnielumige
Cesnielumige collected $0.66 from pot
Cesnielumige: doesn't show hand 
*** SUMMARY ***
Total pot $0.68 | Rake $0.02 
Board [Jd Ad 6s 4d]
Seat 1: vinroy1 folded on the Flop
Seat 2: Cesnielumige collected ($0.66)
Seat 3: yasuhiko226 (button) folded before Flop (didn't bet)
Seat 4: eriknmoura (small blind) folded on the Flop
Seat 5: ISKatekl (big blind) folded on the Flop
Seat 6: vasmit folded on the Turn
Seat 7: Dorex2007 folded before Flop (didn't bet)
Seat 9: AnCTPuK folded before Flop (didn't bet)



PokerStars Hand #224751871684:  Hold'em No Limit ($0.01/$0.02 USD) - 2021/03/12 22:44:12 PT [2021/03/13 1:44:12 ET]
Table 'Siwa IV' 9-max Seat #4 is the button
Seat 1: vinroy1 ($1.79 in chips) 
Seat 2: Cesnielumige ($2.66 in chips) 
Seat 3: yasuhiko226 ($1.86 in chips) 
Seat 4: eriknmoura ($1.40 in chips) 
Seat 5: ISKatekl ($2.04 in chips) 
Seat 6: vasmit ($2 in chips) 
Seat 7: Dorex2007 ($1.87 in chips) 
Seat 8: dddeeeggg ($3.22 in chips) 
Seat 9: AnCTPuK ($0.89 in chips) 
ISKatekl: posts small blind $0.01
vasmit: posts big blind $0.02
*** HOLE CARDS ***
Dealt to Dorex2007 [6c Ad]
Dorex2007: folds 
dddeeeggg: folds 
AnCTPuK: folds 
vinroy1: folds 
Cesnielumige: folds 
yasuhiko226: raises $0.02 to $0.04
eriknmoura: folds 
ISKatekl: folds 
vasmit has timed out
vasmit: folds 
Uncalled bet ($0.02) returned to yasuhiko226
yasuhiko226 collected $0.05 from pot
yasuhiko226: doesn't show hand 
*** SUMMARY ***
Total pot $0.05 | Rake $0 
Seat 1: vinroy1 folded before Flop (didn't bet)
Seat 2: Cesnielumige folded before Flop (didn't bet)
Seat 3: yasuhiko226 collected ($0.05)
Seat 4: eriknmoura (button) folded before Flop (didn't bet)
Seat 5: ISKatekl (small blind) folded before Flop
Seat 6: vasmit (big blind) folded before Flop
Seat 7: Dorex2007 folded before Flop (didn't bet)
Seat 8: dddeeeggg folded before Flop (didn't bet)
Seat 9: AnCTPuK folded before Flop (didn't bet)



PokerStars Hand #224751886778:  Hold'em No Limit ($0.01/$0.02 USD) - 2021/03/12 22:45:21 PT [2021/03/13 1:45:21 ET]
Table 'Siwa IV' 9-max Seat #5 is the button
Seat 1: vinroy1 ($1.79 in chips) 
Seat 2: Cesnielumige ($2.66 in chips) 
Seat 3: yasuhiko226 ($1.89 in chips) 
Seat 4: eriknmoura ($1.40 in chips) 
Seat 5: ISKatekl ($2.03 in chips) 
Seat 7: Dorex2007 ($1.87 in chips) 
Seat 8: dddeeeggg ($3.22 in chips) 
Seat 9: AnCTPuK ($0.89 in chips) 
Dorex2007: posts small blind $0.01
dddeeeggg: posts big blind $0.02
*** HOLE CARDS ***
Dealt to Dorex2007 [9c 9d]
AnCTPuK: folds 
vinroy1 has timed out
vinroy1: folds 
Cesnielumige: folds 
yasuhiko226: folds 
eriknmoura: raises $0.04 to $0.06
ISKatekl: folds 
Dorex2007: calls $0.05
dddeeeggg: folds 
*** FLOP *** [Ah 7h Tc]
Dorex2007: bets $0.07
eriknmoura: calls $0.07
*** TURN *** [Ah 7h Tc] [3d]
Dorex2007: checks 
eriknmoura: checks 
*** RIVER *** [Ah 7h Tc 3d] [Th]
Dorex2007: checks 
eriknmoura: checks 
*** SHOW DOWN ***
Dorex2007: shows [9c 9d] (two pair, Tens and Nines)
eriknmoura: shows [Ad 6c] (two pair, Aces and Tens)
eriknmoura collected $0.27 from pot
*** SUMMARY ***
Total pot $0.28 | Rake $0.01 
Board [Ah 7h Tc 3d Th]
Seat 1: vinroy1 folded before Flop (didn't bet)
Seat 2: Cesnielumige folded before Flop (didn't bet)
Seat 3: yasuhiko226 folded before Flop (didn't bet)
Seat 4: eriknmoura showed [Ad 6c] and won ($0.27) with two pair, Aces and Tens
Seat 5: ISKatekl (button) folded before Flop (didn't bet)
Seat 7: Dorex2007 (small blind) showed [9c 9d] and lost with two pair, Tens and Nines
Seat 8: dddeeeggg (big blind) folded before Flop
Seat 9: AnCTPuK folded before Flop (didn't bet)



PokerStars Hand #224751899899:  Hold'em No Limit ($0.01/$0.02 USD) - 2021/03/12 22:46:20 PT [2021/03/13 1:46:20 ET]
Table 'Siwa IV' 9-max Seat #7 is the button
Seat 1: vinroy1 ($1.79 in chips) 
Seat 2: Cesnielumige ($2.66 in chips) 
Seat 3: yasuhiko226 ($1.89 in chips) 
Seat 4: eriknmoura ($1.54 in chips) 
Seat 5: ISKatekl ($2.03 in chips) 
Seat 7: Dorex2007 ($1.74 in chips) 
Seat 8: dddeeeggg ($3.20 in chips) 
Seat 9: AnCTPuK ($0.89 in chips) 
dddeeeggg: posts small blind $0.01
AnCTPuK: posts big blind $0.02
vasmit: sits out 
*** HOLE CARDS ***
Dealt to Dorex2007 [Qc Kh]
vinroy1: calls $0.02
Cesnielumige: folds 
yasuhiko226: calls $0.02
eriknmoura: folds 
ISKatekl: folds 
Dorex2007: calls $0.02
dddeeeggg: folds 
AnCTPuK: checks 
*** FLOP *** [9s Qd 7s]
AnCTPuK: checks 
vinroy1: checks 
yasuhiko226: checks 
Dorex2007: bets $0.10
AnCTPuK: folds 
vinroy1: folds 
yasuhiko226: folds 
Uncalled bet ($0.10) returned to Dorex2007
Dorex2007 collected $0.09 from pot
Dorex2007: doesn't show hand 
*** SUMMARY ***
Total pot $0.09 | Rake $0 
Board [9s Qd 7s]
Seat 1: vinroy1 folded on the Flop
Seat 2: Cesnielumige folded before Flop (didn't bet)
Seat 3: yasuhiko226 folded on the Flop
Seat 4: eriknmoura folded before Flop (didn't bet)
Seat 5: ISKatekl folded before Flop (didn't bet)
Seat 7: Dorex2007 (button) collected ($0.09)
Seat 8: dddeeeggg (small blind) folded before Flop
Seat 9: AnCTPuK (big blind) folded on the Flop



PokerStars Hand #224751910054:  Hold'em No Limit ($0.01/$0.02 USD) - 2021/03/12 22:47:07 PT [2021/03/13 1:47:07 ET]
Table 'Siwa IV' 9-max Seat #8 is the button
Seat 1: vinroy1 ($1.77 in chips) 
Seat 2: Cesnielumige ($2.66 in chips) 
Seat 3: yasuhiko226 ($1.87 in chips) 
Seat 4: eriknmoura ($1.54 in chips) 
Seat 5: ISKatekl ($2.03 in chips) 
Seat 7: Dorex2007 ($2 in chips) 
Seat 8: dddeeeggg ($3.19 in chips) 
Seat 9: AnCTPuK ($0.87 in chips) 
AnCTPuK: posts small blind $0.01
vinroy1: posts big blind $0.02
vasmit: sits out 
*** HOLE CARDS ***
Dealt to Dorex2007 [Kh Js]
Cesnielumige: folds 
yasuhiko226: folds 
eriknmoura: folds 
ISKatekl: folds 
Dorex2007: raises $0.04 to $0.06
dddeeeggg: folds 
AnCTPuK: folds 
vinroy1: folds 
Uncalled bet ($0.04) returned to Dorex2007
Dorex2007 collected $0.05 from pot
Dorex2007: doesn't show hand 
*** SUMMARY ***
Total pot $0.05 | Rake $0 
Seat 1: vinroy1 (big blind) folded before Flop
Seat 2: Cesnielumige folded before Flop (didn't bet)
Seat 3: yasuhiko226 folded before Flop (didn't bet)
Seat 4: eriknmoura folded before Flop (didn't bet)
Seat 5: ISKatekl folded before Flop (didn't bet)
Seat 7: Dorex2007 collected ($0.05)
Seat 8: dddeeeggg (button) folded before Flop (didn't bet)
Seat 9: AnCTPuK (small blind) folded before Flop



PokerStars Hand #224751914224:  Hold'em No Limit ($0.01/$0.02 USD) - 2021/03/12 22:47:26 PT [2021/03/13 1:47:26 ET]
Table 'Siwa IV' 9-max Seat #9 is the button
Seat 1: vinroy1 ($1.75 in chips) 
Seat 2: Cesnielumige ($2.66 in chips) 
Seat 3: yasuhiko226 ($1.87 in chips) 
Seat 4: eriknmoura ($1.54 in chips) 
Seat 5: ISKatekl ($2.03 in chips) 
Seat 7: Dorex2007 ($2.03 in chips) 
Seat 8: dddeeeggg ($3.19 in chips) 
Seat 9: AnCTPuK ($0.86 in chips) 
vinroy1: posts small blind $0.01
Cesnielumige: posts big blind $0.02
vasmit: sits out 
*** HOLE CARDS ***
Dealt to Dorex2007 [4c Jd]
yasuhiko226: calls $0.02
eriknmoura: folds 
ISKatekl: folds 
Dorex2007: folds 
dddeeeggg: folds 
AnCTPuK: folds 
vinroy1: calls $0.01
Cesnielumige: checks 
*** FLOP *** [Qh 9h Ks]
vinroy1: checks 
Cesnielumige: checks 
yasuhiko226: bets $0.02
vinroy1: folds 
Cesnielumige: folds 
Uncalled bet ($0.02) returned to yasuhiko226
yasuhiko226 collected $0.06 from pot
yasuhiko226: doesn't show hand 
*** SUMMARY ***
Total pot $0.06 | Rake $0 
Board [Qh 9h Ks]
Seat 1: vinroy1 (small blind) folded on the Flop
Seat 2: Cesnielumige (big blind) folded on the Flop
Seat 3: yasuhiko226 collected ($0.06)
Seat 4: eriknmoura folded before Flop (didn't bet)
Seat 5: ISKatekl folded before Flop (didn't bet)
Seat 7: Dorex2007 folded before Flop (didn't bet)
Seat 8: dddeeeggg folded before Flop (didn't bet)
Seat 9: AnCTPuK (button) folded before Flop (didn't bet)



PokerStars Hand #224751922513:  Hold'em No Limit ($0.01/$0.02 USD) - 2021/03/12 22:48:03 PT [2021/03/13 1:48:03 ET]
Table 'Siwa IV' 9-max Seat #1 is the button
Seat 1: vinroy1 ($1.73 in chips) 
Seat 2: Cesnielumige ($2.64 in chips) 
Seat 3: yasuhiko226 ($1.91 in chips) 
Seat 4: eriknmoura ($1.54 in chips) 
Seat 5: ISKatekl ($2.03 in chips) 
Seat 7: Dorex2007 ($2.03 in chips) 
Seat 8: dddeeeggg ($3.19 in chips) 
Seat 9: AnCTPuK ($0.86 in chips) 
Cesnielumige: posts small blind $0.01
yasuhiko226: posts big blind $0.02
vasmit: sits out 
*** HOLE CARDS ***
Dealt to Dorex2007 [2d 5d]
eriknmoura: raises $0.04 to $0.06
ISKatekl: folds 
Dorex2007: folds 
dddeeeggg: folds 
AnCTPuK: folds 
vinroy1: folds 
Cesnielumige: calls $0.05
yasuhiko226: folds 
*** FLOP *** [3d 5s Js]
Cesnielumige: bets $0.10
eriknmoura: raises $0.16 to $0.26
Cesnielumige: calls $0.16
*** TURN *** [3d 5s Js] [7s]
Cesnielumige: bets $0.32
eriknmoura: calls $0.32
*** RIVER *** [3d 5s Js 7s] [4d]
Cesnielumige: bets $0.63
eriknmoura: raises $0.27 to $0.90 and is all-in
Cesnielumige: calls $0.27
*** SHOW DOWN ***
eriknmoura: shows [Tc Jc] (a pair of Jacks)
Cesnielumige: shows [Jd As] (a pair of Jacks - Ace kicker)
Cesnielumige collected $2.99 from pot
*** SUMMARY ***
Total pot $3.10 | Rake $0.11 
Board [3d 5s Js 7s 4d]
Seat 1: vinroy1 (button) folded before Flop (didn't bet)
Seat 2: Cesnielumige (small blind) showed [Jd As] and won ($2.99) with a pair of Jacks
Seat 3: yasuhiko226 (big blind) folded before Flop
Seat 4: eriknmoura showed [Tc Jc] and lost with a pair of Jacks
Seat 5: ISKatekl folded before Flop (didn't bet)
Seat 7: Dorex2007 folded before Flop (didn't bet)
Seat 8: dddeeeggg folded before Flop (didn't bet)
Seat 9: AnCTPuK folded before Flop (didn't bet)



PokerStars Hand #224751938815:  Hold'em No Limit ($0.01/$0.02 USD) - 2021/03/12 22:49:17 PT [2021/03/13 1:49:17 ET]
Table 'Siwa IV' 9-max Seat #2 is the button
Seat 1: vinroy1 ($1.73 in chips) 
Seat 2: Cesnielumige ($4.09 in chips) 
Seat 3: yasuhiko226 ($1.89 in chips) 
Seat 5: ISKatekl ($2.03 in chips) 
Seat 7: Dorex2007 ($2.03 in chips) 
Seat 8: dddeeeggg ($3.19 in chips) 
Seat 9: AnCTPuK ($0.86 in chips) 
yasuhiko226: posts small blind $0.01
ISKatekl: posts big blind $0.02
vasmit: sits out 
*** HOLE CARDS ***
Dealt to Dorex2007 [5h Ac]
Dorex2007: folds 
dddeeeggg: folds 
AnCTPuK: folds 
vinroy1: folds 
eriknmoura leaves the table
Cesnielumige: folds 
yasuhiko226: calls $0.01
ISKatekl: raises $0.06 to $0.08
yasuhiko226: calls $0.06
*** FLOP *** [7c 8c 4c]
WG8978 joins the table at seat #4 
yasuhiko226: checks 
ISKatekl: bets $0.08
yasuhiko226: calls $0.08
*** TURN *** [7c 8c 4c] [7s]
yasuhiko226: checks 
ISKatekl: checks 
*** RIVER *** [7c 8c 4c 7s] [Kd]
yasuhiko226: checks 
ISKatekl: checks 
*** SHOW DOWN ***
yasuhiko226: shows [9h Jc] (a pair of Sevens)
ISKatekl: shows [Js Qc] (a pair of Sevens - King+Queen kicker)
ISKatekl collected $0.31 from pot
*** SUMMARY ***
Total pot $0.32 | Rake $0.01 
Board [7c 8c 4c 7s Kd]
Seat 1: vinroy1 folded before Flop (didn't bet)
Seat 2: Cesnielumige (button) folded before Flop (didn't bet)
Seat 3: yasuhiko226 (small blind) showed [9h Jc] and lost with a pair of Sevens
Seat 5: ISKatekl (big blind) showed [Js Qc] and won ($0.31) with a pair of Sevens
Seat 7: Dorex2007 folded before Flop (didn't bet)
Seat 8: dddeeeggg folded before Flop (didn't bet)
Seat 9: AnCTPuK folded before Flop (didn't bet)



PokerStars Hand #224751949091:  Hold'em No Limit ($0.01/$0.02 USD) - 2021/03/12 22:50:03 PT [2021/03/13 1:50:03 ET]
Table 'Siwa IV' 9-max Seat #3 is the button
Seat 1: vinroy1 ($1.73 in chips) 
Seat 2: Cesnielumige ($4.09 in chips) 
Seat 3: yasuhiko226 ($1.73 in chips) 
Seat 5: ISKatekl ($2.18 in chips) 
Seat 6: vasmit ($2 in chips) 
Seat 7: Dorex2007 ($2.03 in chips) 
Seat 8: dddeeeggg ($3.19 in chips) 
Seat 9: AnCTPuK ($0.86 in chips) 
ISKatekl: posts small blind $0.01
vasmit: posts big blind $0.02
*** HOLE CARDS ***
Dealt to Dorex2007 [6c Ac]
Dorex2007: calls $0.02
dddeeeggg: folds 
AnCTPuK: folds 
vinroy1: folds 
Cesnielumige: folds 
yasuhiko226: raises $0.02 to $0.04
ISKatekl: raises $0.04 to $0.08
vasmit: folds 
Dorex2007: folds 
yasuhiko226: calls $0.04
*** FLOP *** [9d 3c 5d]
ISKatekl: checks 
yasuhiko226: bets $0.10
ISKatekl: folds 
Uncalled bet ($0.10) returned to yasuhiko226
yasuhiko226 collected $0.19 from pot
yasuhiko226: doesn't show hand 
*** SUMMARY ***
Total pot $0.20 | Rake $0.01 
Board [9d 3c 5d]
Seat 1: vinroy1 folded before Flop (didn't bet)
Seat 2: Cesnielumige folded before Flop (didn't bet)
Seat 3: yasuhiko226 (button) collected ($0.19)
Seat 5: ISKatekl (small blind) folded on the Flop
Seat 6: vasmit (big blind) folded before Flop
Seat 7: Dorex2007 folded before Flop
Seat 8: dddeeeggg folded before Flop (didn't bet)
Seat 9: AnCTPuK folded before Flop (didn't bet)



PokerStars Hand #224751960363:  Hold'em No Limit ($0.01/$0.02 USD) - 2021/03/12 22:50:53 PT [2021/03/13 1:50:53 ET]
Table 'Siwa IV' 9-max Seat #5 is the button
Seat 1: vinroy1 ($1.73 in chips) 
Seat 2: Cesnielumige ($4.09 in chips) 
Seat 3: yasuhiko226 ($1.84 in chips) 
Seat 5: ISKatekl ($2.10 in chips) 
Seat 6: vasmit ($2 in chips) 
Seat 7: Dorex2007 ($2.01 in chips) 
Seat 8: dddeeeggg ($3.19 in chips) 
Seat 9: AnCTPuK ($0.86 in chips) 
vasmit: posts small blind $0.01
Dorex2007: posts big blind $0.02
WG8978: sits out 
*** HOLE CARDS ***
Dealt to Dorex2007 [Ah 4d]
dddeeeggg: folds 
AnCTPuK: folds 
vinroy1: calls $0.02
Cesnielumige: raises $0.06 to $0.08
yasuhiko226: calls $0.08
ISKatekl: folds 
vasmit: calls $0.07
Dorex2007: folds 
vinroy1: folds 
*** FLOP *** [6d 8h 7c]
vinroy1 leaves the table
vasmit: checks 
Cesnielumige: bets $0.14
yasuhiko226: calls $0.14
vasmit: calls $0.14
*** TURN *** [6d 8h 7c] [Th]
vasmit: checks 
Cesnielumige: checks 
yasuhiko226: bets $0.68
vasmit: folds 
Cesnielumige: calls $0.68
*** RIVER *** [6d 8h 7c Th] [Kc]
Cesnielumige: checks 
yasuhiko226: bets $0.94 and is all-in
Cesnielumige: folds 
Uncalled bet ($0.94) returned to yasuhiko226
yasuhiko226 collected $1.99 from pot
yasuhiko226: doesn't show hand 
*** SUMMARY ***
Total pot $2.06 | Rake $0.07 
Board [6d 8h 7c Th Kc]
Seat 1: vinroy1 folded before Flop
Seat 2: Cesnielumige folded on the River
Seat 3: yasuhiko226 collected ($1.99)
Seat 5: ISKatekl (button) folded before Flop (didn't bet)
Seat 6: vasmit (small blind) folded on the Turn
Seat 7: Dorex2007 (big blind) folded before Flop
Seat 8: dddeeeggg folded before Flop (didn't bet)
Seat 9: AnCTPuK folded before Flop (didn't bet)



PokerStars Hand #224751982697:  Hold'em No Limit ($0.01/$0.02 USD) - 2021/03/12 22:52:34 PT [2021/03/13 1:52:34 ET]
Table 'Siwa IV' 9-max Seat #6 is the button
Seat 2: Cesnielumige ($3.19 in chips) 
Seat 3: yasuhiko226 ($2.93 in chips) 
Seat 5: ISKatekl ($2.10 in chips) 
Seat 6: vasmit ($2 in chips) 
Seat 7: Dorex2007 ($1.99 in chips) 
Seat 8: dddeeeggg ($3.19 in chips) 
Seat 9: AnCTPuK ($0.86 in chips) 
Dorex2007: posts small blind $0.01
dddeeeggg: posts big blind $0.02
WG8978: sits out 
*** HOLE CARDS ***
Dealt to Dorex2007 [Ac 5c]
AnCTPuK: folds 
Cesnielumige: folds 
yasuhiko226: calls $0.02
ISKatekl: folds 
Smuroff86 joins the table at seat #1 
vasmit: folds 
Dorex2007: calls $0.01
dddeeeggg: checks 
*** FLOP *** [4s Jc 5h]
Dorex2007: checks 
dddeeeggg: checks 
yasuhiko226: checks 
*** TURN *** [4s Jc 5h] [Kc]
Dorex2007: checks 
Cesnielumige leaves the table
dddeeeggg: checks 
yasuhiko226: checks 
*** RIVER *** [4s Jc 5h Kc] [Ah]
Dorex2007: bets $0.08
dddeeeggg: folds 
yasuhiko226: calls $0.08
*** SHOW DOWN ***
Dorex2007: shows [Ac 5c] (two pair, Aces and Fives)
yasuhiko226: mucks hand 
Dorex2007 collected $0.21 from pot
*** SUMMARY ***
Total pot $0.22 | Rake $0.01 
Board [4s Jc 5h Kc Ah]
Seat 2: Cesnielumige folded before Flop (didn't bet)
Seat 3: yasuhiko226 mucked [Ad 7d]
Seat 5: ISKatekl folded before Flop (didn't bet)
Seat 6: vasmit (button) folded before Flop (didn't bet)
Seat 7: Dorex2007 (small blind) showed [Ac 5c] and won ($0.21) with two pair, Aces and Fives
Seat 8: dddeeeggg (big blind) folded on the River
Seat 9: AnCTPuK folded before Flop (didn't bet)



PokerStars Hand #224751992535:  Hold'em No Limit ($0.01/$0.02 USD) - 2021/03/12 22:53:18 PT [2021/03/13 1:53:18 ET]
Table 'Siwa IV' 9-max Seat #7 is the button
Seat 3: yasuhiko226 ($2.83 in chips) 
Seat 5: ISKatekl ($2.10 in chips) 
Seat 6: vasmit ($2 in chips) 
Seat 7: Dorex2007 ($2.10 in chips) 
Seat 8: dddeeeggg ($3.17 in chips) 
Seat 9: AnCTPuK ($0.86 in chips) 
dddeeeggg: posts small blind $0.01
AnCTPuK: posts big blind $0.02
Smuroff86: sits out 
WG8978: sits out 
*** HOLE CARDS ***
Dealt to Dorex2007 [Td Kc]
yasuhiko226: folds 
ArteGaziz joins the table at seat #2 
ISKatekl: raises $0.06 to $0.08
vasmit: folds 
Dorex2007: folds 
dddeeeggg: folds 
AnCTPuK: folds 
Uncalled bet ($0.06) returned to ISKatekl
ISKatekl collected $0.05 from pot
ISKatekl: doesn't show hand 
*** SUMMARY ***
Total pot $0.05 | Rake $0 
Seat 3: yasuhiko226 folded before Flop (didn't bet)
Seat 5: ISKatekl collected ($0.05)
Seat 6: vasmit folded before Flop (didn't bet)
Seat 7: Dorex2007 (button) folded before Flop (didn't bet)
Seat 8: dddeeeggg (small blind) folded before Flop
Seat 9: AnCTPuK (big blind) folded before Flop



PokerStars Hand #224751999503:  Hold'em No Limit ($0.01/$0.02 USD) - 2021/03/12 22:53:49 PT [2021/03/13 1:53:49 ET]
Table 'Siwa IV' 9-max Seat #8 is the button
Seat 1: Smuroff86 ($2 in chips) 
Seat 3: yasuhiko226 ($2.83 in chips) 
Seat 5: ISKatekl ($2.13 in chips) 
Seat 6: vasmit ($2 in chips) 
Seat 7: Dorex2007 ($2.10 in chips) 
Seat 8: dddeeeggg ($3.16 in chips) 
Seat 9: AnCTPuK ($0.84 in chips) 
AnCTPuK: posts small blind $0.01
Smuroff86: posts big blind $0.02
ArteGaziz: sits out 
WG8978: sits out 
*** HOLE CARDS ***
Dealt to Dorex2007 [Td Jd]
yasuhiko226: folds 
ISKatekl: folds 
vasmit: folds 
Dorex2007: raises $0.04 to $0.06
dddeeeggg: raises $0.12 to $0.18
AnCTPuK: folds 
Smuroff86: folds 
Dorex2007: calls $0.12
*** FLOP *** [5s 7d 4h]
Dorex2007: checks 
dddeeeggg: bets $0.29
Dorex2007: folds 
Uncalled bet ($0.29) returned to dddeeeggg
dddeeeggg collected $0.38 from pot
dddeeeggg: doesn't show hand 
*** SUMMARY ***
Total pot $0.39 | Rake $0.01 
Board [5s 7d 4h]
Seat 1: Smuroff86 (big blind) folded before Flop
Seat 3: yasuhiko226 folded before Flop (didn't bet)
Seat 5: ISKatekl folded before Flop (didn't bet)
Seat 6: vasmit folded before Flop (didn't bet)
Seat 7: Dorex2007 folded on the Flop
Seat 8: dddeeeggg (button) collected ($0.38)
Seat 9: AnCTPuK (small blind) folded before Flop



PokerStars Hand #224752007659:  Hold'em No Limit ($0.01/$0.02 USD) - 2021/03/12 22:54:25 PT [2021/03/13 1:54:25 ET]
Table 'Siwa IV' 9-max Seat #9 is the button
Seat 1: Smuroff86 ($2 in chips) 
Seat 2: ArteGaziz ($1.15 in chips) 
Seat 3: yasuhiko226 ($2.83 in chips) 
Seat 5: ISKatekl ($2.13 in chips) 
Seat 6: vasmit ($2 in chips) 
Seat 7: Dorex2007 ($1.92 in chips) 
Seat 8: dddeeeggg ($3.36 in chips) 
Seat 9: AnCTPuK ($0.83 in chips) 
Smuroff86: posts small blind $0.01
ArteGaziz: posts big blind $0.02
WG8978: sits out 
*** HOLE CARDS ***
Dealt to Dorex2007 [8s Ah]
yasuhiko226: folds 
ISKatekl: raises $0.06 to $0.08
vasmit: folds 
Dorex2007: folds 
dddeeeggg: folds 
AnCTPuK: folds 
Smuroff86: folds 
ArteGaziz: calls $0.06
*** FLOP *** [6h 3s 9h]
ArteGaziz: checks 
ISKatekl: bets $0.08
ArteGaziz: calls $0.08
*** TURN *** [6h 3s 9h] [Ts]
ArteGaziz: bets $0.32
ISKatekl: folds 
Uncalled bet ($0.32) returned to ArteGaziz
ArteGaziz collected $0.32 from pot
ArteGaziz: doesn't show hand 
*** SUMMARY ***
Total pot $0.33 | Rake $0.01 
Board [6h 3s 9h Ts]
Seat 1: Smuroff86 (small blind) folded before Flop
Seat 2: ArteGaziz (big blind) collected ($0.32)
Seat 3: yasuhiko226 folded before Flop (didn't bet)
Seat 5: ISKatekl folded on the Turn
Seat 6: vasmit folded before Flop (didn't bet)
Seat 7: Dorex2007 folded before Flop (didn't bet)
Seat 8: dddeeeggg folded before Flop (didn't bet)
Seat 9: AnCTPuK (button) folded before Flop (didn't bet)



PokerStars Hand #224752018871:  Hold'em No Limit ($0.01/$0.02 USD) - 2021/03/12 22:55:18 PT [2021/03/13 1:55:18 ET]
Table 'Siwa IV' 9-max Seat #1 is the button
Seat 1: Smuroff86 ($2 in chips) 
Seat 2: ArteGaziz ($1.31 in chips) 
Seat 3: yasuhiko226 ($2.83 in chips) 
Seat 5: ISKatekl ($1.97 in chips) 
Seat 6: vasmit ($2 in chips) 
Seat 7: Dorex2007 ($1.92 in chips) 
Seat 8: dddeeeggg ($3.36 in chips) 
Seat 9: AnCTPuK ($0.83 in chips) 
ArteGaziz: posts small blind $0.01
yasuhiko226: posts big blind $0.02
WG8978 has timed out
WG8978: is sitting out 
*** HOLE CARDS ***
Dealt to Dorex2007 [6s 9s]
WG8978 is disconnected 
ISKatekl: raises $0.04 to $0.06
vasmit: folds 
Dorex2007: folds 
dddeeeggg: folds 
AnCTPuK: folds 
Smuroff86: folds 
ArteGaziz: calls $0.05
yasuhiko226: calls $0.04
*** FLOP *** [9h Jd Jc]
ArteGaziz: checks 
yasuhiko226: checks 
ISKatekl: checks 
*** TURN *** [9h Jd Jc] [2c]
ArteGaziz: checks 
yasuhiko226: bets $0.17
ISKatekl: folds 
ArteGaziz: folds 
Uncalled bet ($0.17) returned to yasuhiko226
yasuhiko226 collected $0.17 from pot
yasuhiko226: doesn't show hand 
*** SUMMARY ***
Total pot $0.18 | Rake $0.01 
Board [9h Jd Jc 2c]
Seat 1: Smuroff86 (button) folded before Flop (didn't bet)
Seat 2: ArteGaziz (small blind) folded on the Turn
Seat 3: yasuhiko226 (big blind) collected ($0.17)
Seat 5: ISKatekl folded on the Turn
Seat 6: vasmit folded before Flop (didn't bet)
Seat 7: Dorex2007 folded before Flop (didn't bet)
Seat 8: dddeeeggg folded before Flop (didn't bet)
Seat 9: AnCTPuK folded before Flop (didn't bet)



PokerStars Hand #224752028938:  Hold'em No Limit ($0.01/$0.02 USD) - 2021/03/12 22:56:11 PT [2021/03/13 1:56:11 ET]
Table 'Siwa IV' 9-max Seat #2 is the button
Seat 1: Smuroff86 ($2 in chips) 
Seat 2: ArteGaziz ($1.25 in chips) 
Seat 3: yasuhiko226 ($2.94 in chips) 
Seat 4: WG8978 ($2 in chips) 
Seat 5: ISKatekl ($1.91 in chips) 
Seat 6: vasmit ($2 in chips) 
Seat 7: Dorex2007 ($1.92 in chips) 
Seat 8: dddeeeggg ($3.36 in chips) 
Seat 9: AnCTPuK ($0.83 in chips) 
yasuhiko226: posts small blind $0.01
WG8978: posts big blind $0.02
*** HOLE CARDS ***
Dealt to Dorex2007 [2h Jd]
ISKatekl: raises $0.06 to $0.08
vasmit: folds 
Dorex2007: folds 
dddeeeggg: calls $0.08
AnCTPuK: folds 
Smuroff86: folds 
ArteGaziz: folds 
yasuhiko226: calls $0.07
WG8978: folds 
*** FLOP *** [5d 3d 3h]
yasuhiko226: checks 
ISKatekl: checks 
dddeeeggg: bets $0.25
yasuhiko226: calls $0.25
ISKatekl: folds 
*** TURN *** [5d 3d 3h] [3s]
yasuhiko226: checks 
dddeeeggg: bets $0.44
yasuhiko226: folds 
Uncalled bet ($0.44) returned to dddeeeggg
dddeeeggg collected $0.73 from pot
dddeeeggg: doesn't show hand 
*** SUMMARY ***
Total pot $0.76 | Rake $0.03 
Board [5d 3d 3h 3s]
Seat 1: Smuroff86 folded before Flop (didn't bet)
Seat 2: ArteGaziz (button) folded before Flop (didn't bet)
Seat 3: yasuhiko226 (small blind) folded on the Turn
Seat 4: WG8978 (big blind) folded before Flop
Seat 5: ISKatekl folded on the Flop
Seat 6: vasmit folded before Flop (didn't bet)
Seat 7: Dorex2007 folded before Flop (didn't bet)
Seat 8: dddeeeggg collected ($0.73)
Seat 9: AnCTPuK folded before Flop (didn't bet)



PokerStars Hand #224752039489:  Hold'em No Limit ($0.01/$0.02 USD) - 2021/03/12 22:57:06 PT [2021/03/13 1:57:06 ET]
Table 'Siwa IV' 9-max Seat #3 is the button
Seat 1: Smuroff86 ($2 in chips) 
Seat 2: ArteGaziz ($1.25 in chips) 
Seat 3: yasuhiko226 ($2.61 in chips) 
Seat 4: WG8978 ($2 in chips) 
Seat 5: ISKatekl ($1.83 in chips) 
Seat 6: vasmit ($2 in chips) 
Seat 7: Dorex2007 ($1.92 in chips) 
Seat 8: dddeeeggg ($3.76 in chips) 
Seat 9: AnCTPuK ($0.83 in chips) 
WG8978: posts small blind $0.01
ISKatekl: posts big blind $0.02
*** HOLE CARDS ***
Dealt to Dorex2007 [Kd Jh]
vasmit: folds 
Dorex2007: folds 
dddeeeggg: folds 
AnCTPuK: raises $0.02 to $0.04
Smuroff86: folds 
ArteGaziz: folds 
yasuhiko226: calls $0.04
WG8978: folds 
ISKatekl: calls $0.02
*** FLOP *** [5s 3c Js]
ISKatekl: checks 
AnCTPuK: bets $0.08
yasuhiko226: folds 
ISKatekl: folds 
Uncalled bet ($0.08) returned to AnCTPuK
AnCTPuK collected $0.13 from pot
*** SUMMARY ***
Total pot $0.13 | Rake $0 
Board [5s 3c Js]
Seat 1: Smuroff86 folded before Flop (didn't bet)
Seat 2: ArteGaziz folded before Flop (didn't bet)
Seat 3: yasuhiko226 (button) folded on the Flop
Seat 4: WG8978 (small blind) folded before Flop
Seat 5: ISKatekl (big blind) folded on the Flop
Seat 6: vasmit folded before Flop (didn't bet)
Seat 7: Dorex2007 folded before Flop (didn't bet)
Seat 8: dddeeeggg folded before Flop (didn't bet)
Seat 9: AnCTPuK collected ($0.13)



PokerStars Hand #224752046503:  Hold'em No Limit ($0.01/$0.02 USD) - 2021/03/12 22:57:43 PT [2021/03/13 1:57:43 ET]
Table 'Siwa IV' 9-max Seat #4 is the button
Seat 1: Smuroff86 ($2 in chips) 
Seat 2: ArteGaziz ($1.25 in chips) 
Seat 3: yasuhiko226 ($2.57 in chips) 
Seat 4: WG8978 ($2 in chips) 
Seat 5: ISKatekl ($1.79 in chips) 
Seat 6: vasmit ($2 in chips) 
Seat 7: Dorex2007 ($1.92 in chips) 
Seat 8: dddeeeggg ($3.76 in chips) 
Seat 9: AnCTPuK ($0.92 in chips) 
ISKatekl: posts small blind $0.01
vasmit: posts big blind $0.02
*** HOLE CARDS ***
Dealt to Dorex2007 [5h Ah]
Dorex2007: raises $0.04 to $0.06
dddeeeggg: folds 
AnCTPuK: calls $0.06
Smuroff86: folds 
ArteGaziz: folds 
yasuhiko226: folds 
WG8978: folds 
ISKatekl: folds 
vasmit: folds 
*** FLOP *** [5s Jh 8d]
Dorex2007: bets $0.14
AnCTPuK: folds 
Uncalled bet ($0.14) returned to Dorex2007
Dorex2007 collected $0.14 from pot
Dorex2007: doesn't show hand 
*** SUMMARY ***
Total pot $0.15 | Rake $0.01 
Board [5s Jh 8d]
Seat 1: Smuroff86 folded before Flop (didn't bet)
Seat 2: ArteGaziz folded before Flop (didn't bet)
Seat 3: yasuhiko226 folded before Flop (didn't bet)
Seat 4: WG8978 (button) folded before Flop (didn't bet)
Seat 5: ISKatekl (small blind) folded before Flop
Seat 6: vasmit (big blind) folded before Flop
Seat 7: Dorex2007 collected ($0.14)
Seat 8: dddeeeggg folded before Flop (didn't bet)
Seat 9: AnCTPuK folded on the Flop



PokerStars Hand #224752051658:  Hold'em No Limit ($0.01/$0.02 USD) - 2021/03/12 22:58:10 PT [2021/03/13 1:58:10 ET]
Table 'Siwa IV' 9-max Seat #5 is the button
Seat 1: Smuroff86 ($2 in chips) 
Seat 2: ArteGaziz ($1.25 in chips) 
Seat 3: yasuhiko226 ($2.57 in chips) 
Seat 4: WG8978 ($2 in chips) 
Seat 5: ISKatekl ($1.78 in chips) 
Seat 6: vasmit ($2 in chips) 
Seat 7: Dorex2007 ($2 in chips) 
Seat 8: dddeeeggg ($3.76 in chips) 
Seat 9: AnCTPuK ($0.86 in chips) 
vasmit: posts small blind $0.01
Dorex2007: posts big blind $0.02
*** HOLE CARDS ***
Dealt to Dorex2007 [6c 7c]
dddeeeggg: folds 
AnCTPuK: folds 
Smuroff86: folds 
ArteGaziz: folds 
yasuhiko226: calls $0.02
WG8978: folds 
ISKatekl: calls $0.02
vasmit: folds 
Dorex2007: checks 
*** FLOP *** [9h 5h Jc]
Dorex2007: checks 
yasuhiko226: bets $0.04
ISKatekl: calls $0.04
Dorex2007: folds 
*** TURN *** [9h 5h Jc] [Ks]
yasuhiko226: checks 
ISKatekl: bets $0.07
yasuhiko226: calls $0.07
*** RIVER *** [9h 5h Jc Ks] [4c]
yasuhiko226: checks 
ISKatekl: bets $0.14
yasuhiko226: calls $0.14
*** SHOW DOWN ***
ISKatekl: shows [Th Qc] (a straight, Nine to King)
yasuhiko226: mucks hand 
ISKatekl collected $0.55 from pot
*** SUMMARY ***
Total pot $0.57 | Rake $0.02 
Board [9h 5h Jc Ks 4c]
Seat 1: Smuroff86 folded before Flop (didn't bet)
Seat 2: ArteGaziz folded before Flop (didn't bet)
Seat 3: yasuhiko226 mucked [Td Jd]
Seat 4: WG8978 folded before Flop (didn't bet)
Seat 5: ISKatekl (button) showed [Th Qc] and won ($0.55) with a straight, Nine to King
Seat 6: vasmit (small blind) folded before Flop
Seat 7: Dorex2007 (big blind) folded on the Flop
Seat 8: dddeeeggg folded before Flop (didn't bet)
Seat 9: AnCTPuK folded before Flop (didn't bet)



PokerStars Hand #224752064811:  Hold'em No Limit ($0.01/$0.02 USD) - 2021/03/12 22:59:19 PT [2021/03/13 1:59:19 ET]
Table 'Siwa IV' 9-max Seat #6 is the button
Seat 1: Smuroff86 ($2 in chips) 
Seat 2: ArteGaziz ($1.25 in chips) 
Seat 3: yasuhiko226 ($2.30 in chips) 
Seat 4: WG8978 ($2 in chips) 
Seat 5: ISKatekl ($2.06 in chips) 
Seat 6: vasmit ($2 in chips) 
Seat 7: Dorex2007 ($1.98 in chips) 
Seat 8: dddeeeggg ($3.76 in chips) 
Seat 9: AnCTPuK ($0.86 in chips) 
Dorex2007: posts small blind $0.01
dddeeeggg: posts big blind $0.02
*** HOLE CARDS ***
Dealt to Dorex2007 [Ac 5s]
AnCTPuK: folds 
Smuroff86: folds 
ArteGaziz: calls $0.02
yasuhiko226: folds 
WG8978: folds 
ISKatekl: folds 
vasmit: folds 
Dorex2007: calls $0.01
dddeeeggg: checks 
*** FLOP *** [Qs Ks 3h]
Dorex2007: checks 
dddeeeggg: bets $0.04
ArteGaziz: calls $0.04
Dorex2007: folds 
*** TURN *** [Qs Ks 3h] [5d]
dddeeeggg: bets $0.08
ArteGaziz: folds 
Uncalled bet ($0.08) returned to dddeeeggg
dddeeeggg collected $0.14 from pot
dddeeeggg: doesn't show hand 
*** SUMMARY ***
Total pot $0.14 | Rake $0 
Board [Qs Ks 3h 5d]
Seat 1: Smuroff86 folded before Flop (didn't bet)
Seat 2: ArteGaziz folded on the Turn
Seat 3: yasuhiko226 folded before Flop (didn't bet)
Seat 4: WG8978 folded before Flop (didn't bet)
Seat 5: ISKatekl folded before Flop (didn't bet)
Seat 6: vasmit (button) folded before Flop (didn't bet)
Seat 7: Dorex2007 (small blind) folded on the Flop
Seat 8: dddeeeggg (big blind) collected ($0.14)
Seat 9: AnCTPuK folded before Flop (didn't bet)



PokerStars Hand #224752072955:  Hold'em No Limit ($0.01/$0.02 USD) - 2021/03/12 23:00:02 PT [2021/03/13 2:00:02 ET]
Table 'Siwa IV' 9-max Seat #7 is the button
Seat 1: Smuroff86 ($2 in chips) 
Seat 2: ArteGaziz ($1.19 in chips) 
Seat 3: yasuhiko226 ($2.30 in chips) 
Seat 4: WG8978 ($2 in chips) 
Seat 5: ISKatekl ($2.06 in chips) 
Seat 6: vasmit ($2 in chips) 
Seat 7: Dorex2007 ($1.96 in chips) 
Seat 8: dddeeeggg ($3.84 in chips) 
Seat 9: AnCTPuK ($0.86 in chips) 
dddeeeggg: posts small blind $0.01
AnCTPuK: posts big blind $0.02
*** HOLE CARDS ***
Dealt to Dorex2007 [7s 9h]
Smuroff86: folds 
ArteGaziz: folds 
yasuhiko226: folds 
WG8978: folds 
ISKatekl: folds 
vasmit: calls $0.02
Dorex2007: folds 
dddeeeggg: folds 
AnCTPuK: checks 
*** FLOP *** [3h Th 5d]
AnCTPuK: checks 
vasmit: bets $0.04
AnCTPuK: folds 
Uncalled bet ($0.04) returned to vasmit
vasmit collected $0.05 from pot
vasmit: doesn't show hand 
*** SUMMARY ***
Total pot $0.05 | Rake $0 
Board [3h Th 5d]
Seat 1: Smuroff86 folded before Flop (didn't bet)
Seat 2: ArteGaziz folded before Flop (didn't bet)
Seat 3: yasuhiko226 folded before Flop (didn't bet)
Seat 4: WG8978 folded before Flop (didn't bet)
Seat 5: ISKatekl folded before Flop (didn't bet)
Seat 6: vasmit collected ($0.05)
Seat 7: Dorex2007 (button) folded before Flop (didn't bet)
Seat 8: dddeeeggg (small blind) folded before Flop
Seat 9: AnCTPuK (big blind) folded on the Flop



PokerStars Hand #224752079481:  Hold'em No Limit ($0.01/$0.02 USD) - 2021/03/12 23:00:33 PT [2021/03/13 2:00:33 ET]
Table 'Siwa IV' 9-max Seat #8 is the button
Seat 1: Smuroff86 ($2 in chips) 
Seat 2: ArteGaziz ($1.19 in chips) 
Seat 3: yasuhiko226 ($2.30 in chips) 
Seat 4: WG8978 ($2 in chips) 
Seat 5: ISKatekl ($2.06 in chips) 
Seat 6: vasmit ($2.03 in chips) 
Seat 7: Dorex2007 ($1.96 in chips) 
Seat 8: dddeeeggg ($3.83 in chips) 
Seat 9: AnCTPuK ($0.84 in chips) 
AnCTPuK: posts small blind $0.01
Smuroff86: posts big blind $0.02
*** HOLE CARDS ***
Dealt to Dorex2007 [As Jh]
ArteGaziz: calls $0.02
yasuhiko226: folds 
WG8978: folds 
ISKatekl: folds 
vasmit: calls $0.02
Dorex2007: raises $0.04 to $0.06
dddeeeggg: folds 
AnCTPuK: folds 
Smuroff86: folds 
ArteGaziz: calls $0.04
vasmit: calls $0.04
*** FLOP *** [3c 5h 5d]
ArteGaziz: checks 
vasmit: checks 
Dorex2007: bets $0.13
ArteGaziz: folds 
vasmit: folds 
Uncalled bet ($0.13) returned to Dorex2007
Dorex2007 collected $0.20 from pot
Dorex2007: doesn't show hand 
*** SUMMARY ***
Total pot $0.21 | Rake $0.01 
Board [3c 5h 5d]
Seat 1: Smuroff86 (big blind) folded before Flop
Seat 2: ArteGaziz folded on the Flop
Seat 3: yasuhiko226 folded before Flop (didn't bet)
Seat 4: WG8978 folded before Flop (didn't bet)
Seat 5: ISKatekl folded before Flop (didn't bet)
Seat 6: vasmit folded on the Flop
Seat 7: Dorex2007 collected ($0.20)
Seat 8: dddeeeggg (button) folded before Flop (didn't bet)
Seat 9: AnCTPuK (small blind) folded before Flop



PokerStars Hand #224752096244:  Hold'em No Limit ($0.01/$0.02 USD) - 2021/03/12 23:01:50 PT [2021/03/13 2:01:50 ET]
Table 'Siwa IV' 9-max Seat #9 is the button
Seat 1: Smuroff86 ($2 in chips) 
Seat 2: ArteGaziz ($1.13 in chips) 
Seat 3: yasuhiko226 ($2.30 in chips) 
Seat 4: WG8978 ($2 in chips) 
Seat 5: ISKatekl ($2.06 in chips) 
Seat 6: vasmit ($2 in chips) 
Seat 7: Dorex2007 ($2.10 in chips) 
Seat 8: dddeeeggg ($3.83 in chips) 
Seat 9: AnCTPuK ($0.83 in chips) 
Smuroff86: posts small blind $0.01
ArteGaziz: posts big blind $0.02
*** HOLE CARDS ***
Dealt to Dorex2007 [Jc Ks]
yasuhiko226: folds 
WG8978: folds 
ISKatekl: folds 
vasmit: calls $0.02
Dorex2007: raises $0.04 to $0.06
dddeeeggg: raises $0.14 to $0.20
AnCTPuK: folds 
Smuroff86: folds 
ArteGaziz: folds 
vasmit: folds 
Dorex2007: calls $0.14
*** FLOP *** [7h 8s Ah]
Dorex2007: checks 
dddeeeggg: bets $0.32
Dorex2007: folds 
Uncalled bet ($0.32) returned to dddeeeggg
dddeeeggg collected $0.43 from pot
dddeeeggg: doesn't show hand 
*** SUMMARY ***
Total pot $0.45 | Rake $0.02 
Board [7h 8s Ah]
Seat 1: Smuroff86 (small blind) folded before Flop
Seat 2: ArteGaziz (big blind) folded before Flop
Seat 3: yasuhiko226 folded before Flop (didn't bet)
Seat 4: WG8978 folded before Flop (didn't bet)
Seat 5: ISKatekl folded before Flop (didn't bet)
Seat 6: vasmit folded before Flop
Seat 7: Dorex2007 folded on the Flop
Seat 8: dddeeeggg collected ($0.43)
Seat 9: AnCTPuK (button) folded before Flop (didn't bet)



PokerStars Hand #224752105879:  Hold'em No Limit ($0.01/$0.02 USD) - 2021/03/12 23:02:33 PT [2021/03/13 2:02:33 ET]
Table 'Siwa IV' 9-max Seat #1 is the button
Seat 1: Smuroff86 ($2 in chips) 
Seat 2: ArteGaziz ($1.11 in chips) 
Seat 3: yasuhiko226 ($2.30 in chips) 
Seat 4: WG8978 ($2 in chips) 
Seat 5: ISKatekl ($2.06 in chips) 
Seat 6: vasmit ($2 in chips) 
Seat 7: Dorex2007 ($1.90 in chips) 
Seat 8: dddeeeggg ($4.06 in chips) 
Seat 9: AnCTPuK ($0.83 in chips) 
ArteGaziz: posts small blind $0.01
yasuhiko226: posts big blind $0.02
*** HOLE CARDS ***
Dealt to Dorex2007 [Ts 9c]
WG8978: folds 
ISKatekl: raises $0.06 to $0.08
vasmit: folds 
Dorex2007: folds 
dddeeeggg: folds 
AnCTPuK: folds 
Smuroff86: folds 
ArteGaziz: calls $0.07
yasuhiko226: calls $0.06
*** FLOP *** [Qs 3s Ks]
ArteGaziz: checks 
yasuhiko226: checks 
ISKatekl: checks 
*** TURN *** [Qs 3s Ks] [2s]
ArteGaziz: checks 
yasuhiko226: checks 
ISKatekl: checks 
*** RIVER *** [Qs 3s Ks 2s] [8d]
ArteGaziz: checks 
yasuhiko226: checks 
ISKatekl: bets $0.04
ArteGaziz: folds 
yasuhiko226: folds 
Uncalled bet ($0.04) returned to ISKatekl
ISKatekl collected $0.23 from pot
ISKatekl: doesn't show hand 
*** SUMMARY ***
Total pot $0.24 | Rake $0.01 
Board [Qs 3s Ks 2s 8d]
Seat 1: Smuroff86 (button) folded before Flop (didn't bet)
Seat 2: ArteGaziz (small blind) folded on the River
Seat 3: yasuhiko226 (big blind) folded on the River
Seat 4: WG8978 folded before Flop (didn't bet)
Seat 5: ISKatekl collected ($0.23)
Seat 6: vasmit folded before Flop (didn't bet)
Seat 7: Dorex2007 folded before Flop (didn't bet)
Seat 8: dddeeeggg folded before Flop (didn't bet)
Seat 9: AnCTPuK folded before Flop (didn't bet)



PokerStars Hand #224752121878:  Hold'em No Limit ($0.01/$0.02 USD) - 2021/03/12 23:03:44 PT [2021/03/13 2:03:44 ET]
Table 'Siwa IV' 9-max Seat #2 is the button
Seat 1: Smuroff86 ($2 in chips) 
Seat 2: ArteGaziz ($1.03 in chips) 
Seat 3: yasuhiko226 ($2.22 in chips) 
Seat 4: WG8978 ($2 in chips) 
Seat 5: ISKatekl ($2.21 in chips) 
Seat 6: vasmit ($2 in chips) 
Seat 7: Dorex2007 ($1.90 in chips) 
Seat 8: dddeeeggg ($4.06 in chips) 
Seat 9: AnCTPuK ($0.83 in chips) 
yasuhiko226: posts small blind $0.01
WG8978: posts big blind $0.02
*** HOLE CARDS ***
Dealt to Dorex2007 [Jc 4h]
ISKatekl: raises $0.06 to $0.08
vasmit: folds 
Dorex2007: folds 
dddeeeggg: folds 
AnCTPuK: folds 
Smuroff86: folds 
ArteGaziz: calls $0.08
yasuhiko226: calls $0.07
WG8978: folds 
*** FLOP *** [3c Ts 7c]
yasuhiko226: checks 
ISKatekl: checks 
ArteGaziz: checks 
*** TURN *** [3c Ts 7c] [5c]
yasuhiko226: checks 
ISKatekl: checks 
ArteGaziz: checks 
*** RIVER *** [3c Ts 7c 5c] [3h]
yasuhiko226: checks 
ISKatekl: checks 
ArteGaziz: checks 
*** SHOW DOWN ***
yasuhiko226: shows [2d Jd] (a pair of Threes)
ISKatekl: shows [6h 6s] (two pair, Sixes and Threes)
ArteGaziz: mucks hand 
ISKatekl collected $0.25 from pot
*** SUMMARY ***
Total pot $0.26 | Rake $0.01 
Board [3c Ts 7c 5c 3h]
Seat 1: Smuroff86 folded before Flop (didn't bet)
Seat 2: ArteGaziz (button) mucked [5s Ad]
Seat 3: yasuhiko226 (small blind) showed [2d Jd] and lost with a pair of Threes
Seat 4: WG8978 (big blind) folded before Flop
Seat 5: ISKatekl showed [6h 6s] and won ($0.25) with two pair, Sixes and Threes
Seat 6: vasmit folded before Flop (didn't bet)
Seat 7: Dorex2007 folded before Flop (didn't bet)
Seat 8: dddeeeggg folded before Flop (didn't bet)
Seat 9: AnCTPuK folded before Flop (didn't bet)



PokerStars Hand #224752134536:  Hold'em No Limit ($0.01/$0.02 USD) - 2021/03/12 23:04:41 PT [2021/03/13 2:04:41 ET]
Table 'Siwa IV' 9-max Seat #3 is the button
Seat 1: Smuroff86 ($2 in chips) 
Seat 2: ArteGaziz ($0.95 in chips) 
Seat 3: yasuhiko226 ($2.14 in chips) 
Seat 4: WG8978 ($2 in chips) 
Seat 5: ISKatekl ($2.38 in chips) 
Seat 6: vasmit ($2 in chips) 
Seat 7: Dorex2007 ($1.90 in chips) 
Seat 8: dddeeeggg ($4.06 in chips) 
Seat 9: AnCTPuK ($0.83 in chips) 
WG8978: posts small blind $0.01
ISKatekl: posts big blind $0.02
*** HOLE CARDS ***
Dealt to Dorex2007 [4c Kh]
vasmit: folds 
Dorex2007: folds 
dddeeeggg: folds 
AnCTPuK: folds 
Smuroff86: folds 
ArteGaziz: calls $0.02
yasuhiko226: folds 
WG8978: folds 
ISKatekl: checks 
*** FLOP *** [Jc 8d Ac]
ISKatekl: checks 
ArteGaziz: bets $0.05
ISKatekl: folds 
Uncalled bet ($0.05) returned to ArteGaziz
ArteGaziz collected $0.05 from pot
*** SUMMARY ***
Total pot $0.05 | Rake $0 
Board [Jc 8d Ac]
Seat 1: Smuroff86 folded before Flop (didn't bet)
Seat 2: ArteGaziz collected ($0.05)
Seat 3: yasuhiko226 (button) folded before Flop (didn't bet)
Seat 4: WG8978 (small blind) folded before Flop
Seat 5: ISKatekl (big blind) folded on the Flop
Seat 6: vasmit folded before Flop (didn't bet)
Seat 7: Dorex2007 folded before Flop (didn't bet)
Seat 8: dddeeeggg folded before Flop (didn't bet)
Seat 9: AnCTPuK folded before Flop (didn't bet)



PokerStars Hand #224752151480:  Hold'em No Limit ($0.01/$0.02 USD) - 2021/03/12 23:05:57 PT [2021/03/13 2:05:57 ET]
Table 'Siwa IV' 9-max Seat #4 is the button
Seat 1: Smuroff86 ($2 in chips) 
Seat 2: ArteGaziz ($0.98 in chips) 
Seat 3: yasuhiko226 ($2.14 in chips) 
Seat 4: WG8978 ($2 in chips) 
Seat 5: ISKatekl ($2.36 in chips) 
Seat 6: vasmit ($2 in chips) 
Seat 7: Dorex2007 ($1.90 in chips) 
Seat 8: dddeeeggg ($4.06 in chips) 
Seat 9: AnCTPuK ($0.83 in chips) 
ISKatekl: posts small blind $0.01
vasmit: posts big blind $0.02
*** HOLE CARDS ***
Dealt to Dorex2007 [Jc Tc]
Dorex2007: raises $0.04 to $0.06
dddeeeggg: folds 
AnCTPuK: folds 
Smuroff86: folds 
ArteGaziz: folds 
yasuhiko226: calls $0.06
WG8978: folds 
ISKatekl: folds 
vasmit: folds 
*** FLOP *** [Jh 8d 5d]
Dorex2007: bets $0.14
yasuhiko226: folds 
Uncalled bet ($0.14) returned to Dorex2007
Dorex2007 collected $0.14 from pot
Dorex2007: doesn't show hand 
*** SUMMARY ***
Total pot $0.15 | Rake $0.01 
Board [Jh 8d 5d]
Seat 1: Smuroff86 folded before Flop (didn't bet)
Seat 2: ArteGaziz folded before Flop (didn't bet)
Seat 3: yasuhiko226 folded on the Flop
Seat 4: WG8978 (button) folded before Flop (didn't bet)
Seat 5: ISKatekl (small blind) folded before Flop
Seat 6: vasmit (big blind) folded before Flop
Seat 7: Dorex2007 collected ($0.14)
Seat 8: dddeeeggg folded before Flop (didn't bet)
Seat 9: AnCTPuK folded before Flop (didn't bet)



PokerStars Hand #224752158844:  Hold'em No Limit ($0.01/$0.02 USD) - 2021/03/12 23:06:30 PT [2021/03/13 2:06:30 ET]
Table 'Siwa IV' 9-max Seat #5 is the button
Seat 1: Smuroff86 ($2 in chips) 
Seat 2: ArteGaziz ($0.98 in chips) 
Seat 3: yasuhiko226 ($2.08 in chips) 
Seat 4: WG8978 ($2 in chips) 
Seat 5: ISKatekl ($2.35 in chips) 
Seat 6: vasmit ($2 in chips) 
Seat 7: Dorex2007 ($1.98 in chips) 
Seat 8: dddeeeggg ($4.06 in chips) 
Seat 9: AnCTPuK ($0.83 in chips) 
vasmit: posts small blind $0.01
Dorex2007: posts big blind $0.02
*** HOLE CARDS ***
Dealt to Dorex2007 [3s Js]
dddeeeggg: folds 
AnCTPuK: folds 
Smuroff86: folds 
ArteGaziz: calls $0.02
yasuhiko226: folds 
WG8978: folds 
ISKatekl: folds 
vasmit: folds 
Dorex2007: checks 
*** FLOP *** [Kh Qs Qd]
Dorex2007: checks 
ArteGaziz: bets $0.05
Dorex2007: folds 
Uncalled bet ($0.05) returned to ArteGaziz
ArteGaziz collected $0.05 from pot
ArteGaziz: doesn't show hand 
*** SUMMARY ***
Total pot $0.05 | Rake $0 
Board [Kh Qs Qd]
Seat 1: Smuroff86 folded before Flop (didn't bet)
Seat 2: ArteGaziz collected ($0.05)
Seat 3: yasuhiko226 folded before Flop (didn't bet)
Seat 4: WG8978 folded before Flop (didn't bet)
Seat 5: ISKatekl (button) folded before Flop (didn't bet)
Seat 6: vasmit (small blind) folded before Flop
Seat 7: Dorex2007 (big blind) folded on the Flop
Seat 8: dddeeeggg folded before Flop (didn't bet)
Seat 9: AnCTPuK folded before Flop (didn't bet)



PokerStars Hand #224752164592:  Hold'em No Limit ($0.01/$0.02 USD) - 2021/03/12 23:06:56 PT [2021/03/13 2:06:56 ET]
Table 'Siwa IV' 9-max Seat #6 is the button
Seat 1: Smuroff86 ($2 in chips) 
Seat 2: ArteGaziz ($1.01 in chips) 
Seat 3: yasuhiko226 ($2.08 in chips) 
Seat 4: WG8978 ($2 in chips) 
Seat 5: ISKatekl ($2.35 in chips) 
Seat 6: vasmit ($2 in chips) 
Seat 7: Dorex2007 ($1.96 in chips) 
Seat 8: dddeeeggg ($4.06 in chips) 
Seat 9: AnCTPuK ($0.83 in chips) 
Dorex2007: posts small blind $0.01
dddeeeggg: posts big blind $0.02
*** HOLE CARDS ***
Dealt to Dorex2007 [Qd 7s]
AnCTPuK: folds 
Smuroff86: folds 
ArteGaziz: folds 
yasuhiko226: folds 
WG8978: raises $0.04 to $0.06
ISKatekl: folds 
vasmit: folds 
Dorex2007: folds 
dddeeeggg: folds 
Uncalled bet ($0.04) returned to WG8978
WG8978 collected $0.05 from pot
WG8978: doesn't show hand 
*** SUMMARY ***
Total pot $0.05 | Rake $0 
Seat 1: Smuroff86 folded before Flop (didn't bet)
Seat 2: ArteGaziz folded before Flop (didn't bet)
Seat 3: yasuhiko226 folded before Flop (didn't bet)
Seat 4: WG8978 collected ($0.05)
Seat 5: ISKatekl folded before Flop (didn't bet)
Seat 6: vasmit (button) folded before Flop (didn't bet)
Seat 7: Dorex2007 (small blind) folded before Flop
Seat 8: dddeeeggg (big blind) folded before Flop
Seat 9: AnCTPuK folded before Flop (didn't bet)



PokerStars Hand #224752169753:  Hold'em No Limit ($0.01/$0.02 USD) - 2021/03/12 23:07:19 PT [2021/03/13 2:07:19 ET]
Table 'Siwa IV' 9-max Seat #7 is the button
Seat 1: Smuroff86 ($2 in chips) 
Seat 2: ArteGaziz ($1.01 in chips) 
Seat 3: yasuhiko226 ($2.08 in chips) 
Seat 4: WG8978 ($2.03 in chips) 
Seat 5: ISKatekl ($2.35 in chips) 
Seat 6: vasmit ($2 in chips) 
Seat 7: Dorex2007 ($1.95 in chips) 
Seat 8: dddeeeggg ($4.04 in chips) 
Seat 9: AnCTPuK ($0.83 in chips) 
dddeeeggg: posts small blind $0.01
AnCTPuK: posts big blind $0.02
*** HOLE CARDS ***
Dealt to Dorex2007 [9h 2c]
Smuroff86: folds 
ArteGaziz: folds 
yasuhiko226: folds 
WG8978: folds 
ISKatekl has timed out
ISKatekl: folds 
vasmit: folds 
Dorex2007: folds 
dddeeeggg: folds 
Uncalled bet ($0.01) returned to AnCTPuK
AnCTPuK collected $0.02 from pot
*** SUMMARY ***
Total pot $0.02 | Rake $0 
Seat 1: Smuroff86 folded before Flop (didn't bet)
Seat 2: ArteGaziz folded before Flop (didn't bet)
Seat 3: yasuhiko226 folded before Flop (didn't bet)
Seat 4: WG8978 folded before Flop (didn't bet)
Seat 5: ISKatekl folded before Flop (didn't bet)
Seat 6: vasmit folded before Flop (didn't bet)
Seat 7: Dorex2007 (button) folded before Flop (didn't bet)
Seat 8: dddeeeggg (small blind) folded before Flop
Seat 9: AnCTPuK (big blind) collected ($0.02)



PokerStars Hand #224752175974:  Hold'em No Limit ($0.01/$0.02 USD) - 2021/03/12 23:07:47 PT [2021/03/13 2:07:47 ET]
Table 'Siwa IV' 9-max Seat #8 is the button
Seat 1: Smuroff86 ($2 in chips) 
Seat 2: ArteGaziz ($1.01 in chips) 
Seat 3: yasuhiko226 ($2.08 in chips) 
Seat 4: WG8978 ($2.03 in chips) 
Seat 5: ISKatekl ($2.35 in chips) 
Seat 6: vasmit ($2 in chips) 
Seat 7: Dorex2007 ($1.95 in chips) 
Seat 8: dddeeeggg ($4.03 in chips) 
Seat 9: AnCTPuK ($0.84 in chips) 
AnCTPuK: posts small blind $0.01
Smuroff86: posts big blind $0.02
*** HOLE CARDS ***
Dealt to Dorex2007 [6h 6c]
ArteGaziz has timed out
ArteGaziz: folds 
yasuhiko226: folds 
WG8978: folds 
ISKatekl: folds 
vasmit: folds 
Dorex2007: raises $0.06 to $0.08
dddeeeggg: folds 
AnCTPuK: folds 
Smuroff86: folds 
Uncalled bet ($0.06) returned to Dorex2007
Dorex2007 collected $0.05 from pot
Dorex2007: doesn't show hand 
*** SUMMARY ***
Total pot $0.05 | Rake $0 
Seat 1: Smuroff86 (big blind) folded before Flop
Seat 2: ArteGaziz folded before Flop (didn't bet)
Seat 3: yasuhiko226 folded before Flop (didn't bet)
Seat 4: WG8978 folded before Flop (didn't bet)
Seat 5: ISKatekl folded before Flop (didn't bet)
Seat 6: vasmit folded before Flop (didn't bet)
Seat 7: Dorex2007 collected ($0.05)
Seat 8: dddeeeggg (button) folded before Flop (didn't bet)
Seat 9: AnCTPuK (small blind) folded before Flop



PokerStars Hand #224752183000:  Hold'em No Limit ($0.01/$0.02 USD) - 2021/03/12 23:08:18 PT [2021/03/13 2:08:18 ET]
Table 'Siwa IV' 9-max Seat #9 is the button
Seat 1: Smuroff86 ($2 in chips) 
Seat 2: ArteGaziz ($1.01 in chips) 
Seat 3: yasuhiko226 ($2.08 in chips) 
Seat 4: WG8978 ($2.03 in chips) 
Seat 5: ISKatekl ($2.35 in chips) 
Seat 6: vasmit ($2 in chips) 
Seat 7: Dorex2007 ($1.98 in chips) 
Seat 8: dddeeeggg ($4.03 in chips) 
Seat 9: AnCTPuK ($0.83 in chips) 
Smuroff86: posts small blind $0.01
ArteGaziz: posts big blind $0.02
*** HOLE CARDS ***
Dealt to Dorex2007 [2d 2h]
yasuhiko226: folds 
yasuhiko226 leaves the table
WG8978 has timed out
WG8978: folds 
ISKatekl: raises $0.06 to $0.08
vasmit: folds 
Dorex2007: folds 
dddeeeggg: folds 
AnCTPuK: folds 
Smuroff86: folds 
ArteGaziz: calls $0.06
*** FLOP *** [6s 3s Qc]
ArteGaziz: checks 
ISKatekl: bets $0.08
ArteGaziz: folds 
Uncalled bet ($0.08) returned to ISKatekl
ISKatekl collected $0.16 from pot
ISKatekl: doesn't show hand 
*** SUMMARY ***
Total pot $0.17 | Rake $0.01 
Board [6s 3s Qc]
Seat 1: Smuroff86 (small blind) folded before Flop
Seat 2: ArteGaziz (big blind) folded on the Flop
Seat 3: yasuhiko226 folded before Flop (didn't bet)
Seat 4: WG8978 folded before Flop (didn't bet)
Seat 5: ISKatekl collected ($0.16)
Seat 6: vasmit folded before Flop (didn't bet)
Seat 7: Dorex2007 folded before Flop (didn't bet)
Seat 8: dddeeeggg folded before Flop (didn't bet)
Seat 9: AnCTPuK (button) folded before Flop (didn't bet)



PokerStars Hand #224752196939:  Hold'em No Limit ($0.01/$0.02 USD) - 2021/03/12 23:09:21 PT [2021/03/13 2:09:21 ET]
Table 'Siwa IV' 9-max Seat #1 is the button
Seat 1: Smuroff86 ($2 in chips) 
Seat 2: ArteGaziz ($0.93 in chips) 
Seat 5: ISKatekl ($2.43 in chips) 
Seat 6: vasmit ($2 in chips) 
Seat 7: Dorex2007 ($1.98 in chips) 
Seat 8: dddeeeggg ($4.03 in chips) 
Seat 9: AnCTPuK ($0.83 in chips) 
ArteGaziz: posts small blind $0.01
ISKatekl: posts big blind $0.02
*** HOLE CARDS ***
Dealt to Dorex2007 [Ah 7h]
vasmit: folds 
Dorex2007: raises $0.04 to $0.06
dddeeeggg: folds 
AnCTPuK: folds 
WG8978 leaves the table
Smuroff86: folds 
ArteGaziz: folds 
ISKatekl: folds 
Uncalled bet ($0.04) returned to Dorex2007
Dorex2007 collected $0.05 from pot
Dorex2007: doesn't show hand 
*** SUMMARY ***
Total pot $0.05 | Rake $0 
Seat 1: Smuroff86 (button) folded before Flop (didn't bet)
Seat 2: ArteGaziz (small blind) folded before Flop
Seat 5: ISKatekl (big blind) folded before Flop
Seat 6: vasmit folded before Flop (didn't bet)
Seat 7: Dorex2007 collected ($0.05)
Seat 8: dddeeeggg folded before Flop (didn't bet)
Seat 9: AnCTPuK folded before Flop (didn't bet)



PokerStars Hand #224752203445:  Hold'em No Limit ($0.01/$0.02 USD) - 2021/03/12 23:09:50 PT [2021/03/13 2:09:50 ET]
Table 'Siwa IV' 9-max Seat #2 is the button
Seat 1: Smuroff86 ($2 in chips) 
Seat 2: ArteGaziz ($0.92 in chips) 
Seat 5: ISKatekl ($2.41 in chips) 
Seat 6: vasmit ($2 in chips) 
Seat 7: Dorex2007 ($2.01 in chips) 
Seat 8: dddeeeggg ($4.03 in chips) 
Seat 9: AnCTPuK ($0.83 in chips) 
ISKatekl: posts small blind $0.01
vasmit: posts big blind $0.02
*** HOLE CARDS ***
Dealt to Dorex2007 [6c 2h]
Dorex2007: folds 
dddeeeggg: folds 
AnCTPuK: raises $0.03 to $0.05
Smuroff86: folds 
Vitiiok joins the table at seat #3 
ArteGaziz: calls $0.05
ISKatekl: folds 
vasmit: folds 
*** FLOP *** [7c 6s Jh]
AnCTPuK: bets $0.04
ArteGaziz: calls $0.04
*** TURN *** [7c 6s Jh] [Kc]
AnCTPuK: bets $0.13
ArteGaziz: raises $0.70 to $0.83 and is all-in
AnCTPuK: folds 
Uncalled bet ($0.70) returned to ArteGaziz
ArteGaziz collected $0.45 from pot
ArteGaziz: doesn't show hand 
*** SUMMARY ***
Total pot $0.47 | Rake $0.02 
Board [7c 6s Jh Kc]
Seat 1: Smuroff86 folded before Flop (didn't bet)
Seat 2: ArteGaziz (button) collected ($0.45)
Seat 5: ISKatekl (small blind) folded before Flop
Seat 6: vasmit (big blind) folded before Flop
Seat 7: Dorex2007 folded before Flop (didn't bet)
Seat 8: dddeeeggg folded before Flop (didn't bet)
Seat 9: AnCTPuK folded on the Turn



PokerStars Hand #224752212817:  Hold'em No Limit ($0.01/$0.02 USD) - 2021/03/12 23:10:32 PT [2021/03/13 2:10:32 ET]
Table 'Siwa IV' 9-max Seat #5 is the button
Seat 1: Smuroff86 ($2 in chips) 
Seat 2: ArteGaziz ($1.15 in chips) 
Seat 3: Vitiiok ($0.80 in chips) 
Seat 5: ISKatekl ($2.40 in chips) 
Seat 6: vasmit ($2 in chips) 
Seat 7: Dorex2007 ($2.01 in chips) 
Seat 8: dddeeeggg ($4.03 in chips) 
Seat 9: AnCTPuK ($0.61 in chips) 
vasmit: posts small blind $0.01
Dorex2007: posts big blind $0.02
Vitiiok: posts big blind $0.02
*** HOLE CARDS ***
Dealt to Dorex2007 [4d 4s]
dddeeeggg: folds 
AnCTPuK: folds 
Smuroff86: folds 
ArteGaziz: folds 
dddeeeggg leaves the table
Vitiiok: checks 
ISKatekl: folds 
vasmit: calls $0.01
Dorex2007: checks 
*** FLOP *** [5d Qc 2c]
vasmit: checks 
Dorex2007: checks 
Vitiiok: checks 
*** TURN *** [5d Qc 2c] [6h]
vasmit: checks 
Dorex2007: bets $0.04
Vitiiok: folds 
vasmit: calls $0.04
*** RIVER *** [5d Qc 2c 6h] [9d]
vasmit: checks 
Dorex2007: checks 
*** SHOW DOWN ***
vasmit: shows [6c 7h] (a pair of Sixes)
Dorex2007: mucks hand 
vasmit collected $0.14 from pot
*** SUMMARY ***
Total pot $0.14 | Rake $0 
Board [5d Qc 2c 6h 9d]
Seat 1: Smuroff86 folded before Flop (didn't bet)
Seat 2: ArteGaziz folded before Flop (didn't bet)
Seat 3: Vitiiok folded on the Turn (didn't bet)
Seat 5: ISKatekl (button) folded before Flop (didn't bet)
Seat 6: vasmit (small blind) showed [6c 7h] and won ($0.14) with a pair of Sixes
Seat 7: Dorex2007 (big blind) mucked [4d 4s]
Seat 8: dddeeeggg folded before Flop (didn't bet)
Seat 9: AnCTPuK folded before Flop (didn't bet)



PokerStars Hand #224752227315:  Hold'em No Limit ($0.01/$0.02 USD) - 2021/03/12 23:11:38 PT [2021/03/13 2:11:38 ET]
Table 'Siwa IV' 9-max Seat #6 is the button
Seat 1: Smuroff86 ($2 in chips) 
Seat 2: ArteGaziz ($1.15 in chips) 
Seat 3: Vitiiok ($0.78 in chips) 
Seat 5: ISKatekl ($2.40 in chips) 
Seat 6: vasmit ($2.08 in chips) 
Seat 7: Dorex2007 ($1.95 in chips) 
Seat 9: AnCTPuK ($0.61 in chips) 
Dorex2007: posts small blind $0.01
AnCTPuK: posts big blind $0.02
*** HOLE CARDS ***
Dealt to Dorex2007 [7h 6h]
Smuroff86: raises $0.06 to $0.08
ArteGaziz: calls $0.08
Vitiiok: folds 
SVYATOSLAVHK joins the table at seat #8 
ISKatekl: folds 
vasmit: folds 
Dorex2007: folds 
AnCTPuK: folds 
*** FLOP *** [7c 5h Jc]
Smuroff86: bets $0.09
ArteGaziz: folds 
Uncalled bet ($0.09) returned to Smuroff86
Smuroff86 collected $0.18 from pot
Smuroff86: doesn't show hand 
*** SUMMARY ***
Total pot $0.19 | Rake $0.01 
Board [7c 5h Jc]
Seat 1: Smuroff86 collected ($0.18)
Seat 2: ArteGaziz folded on the Flop
Seat 3: Vitiiok folded before Flop (didn't bet)
Seat 5: ISKatekl folded before Flop (didn't bet)
Seat 6: vasmit (button) folded before Flop (didn't bet)
Seat 7: Dorex2007 (small blind) folded before Flop
Seat 9: AnCTPuK (big blind) folded before Flop



PokerStars Hand #224752233244:  Hold'em No Limit ($0.01/$0.02 USD) - 2021/03/12 23:12:04 PT [2021/03/13 2:12:04 ET]
Table 'Siwa IV' 9-max Seat #7 is the button
Seat 1: Smuroff86 ($2.10 in chips) 
Seat 2: ArteGaziz ($1.07 in chips) 
Seat 3: Vitiiok ($0.78 in chips) 
Seat 5: ISKatekl ($2.40 in chips) 
Seat 6: vasmit ($2.08 in chips) 
Seat 7: Dorex2007 ($1.94 in chips) 
Seat 9: AnCTPuK ($0.59 in chips) 
AnCTPuK: posts small blind $0.01
Smuroff86: posts big blind $0.02
*** HOLE CARDS ***
Dealt to Dorex2007 [Td 5s]
ArteGaziz: folds 
Vitiiok has timed out
Vitiiok: folds 
johnmaia8891 joins the table at seat #4 
ISKatekl: raises $0.06 to $0.08
vasmit: folds 
Dorex2007: folds 
AnCTPuK: folds 
Smuroff86: folds 
Uncalled bet ($0.06) returned to ISKatekl
ISKatekl collected $0.05 from pot
ISKatekl: doesn't show hand 
*** SUMMARY ***
Total pot $0.05 | Rake $0 
Seat 1: Smuroff86 (big blind) folded before Flop
Seat 2: ArteGaziz folded before Flop (didn't bet)
Seat 3: Vitiiok folded before Flop (didn't bet)
Seat 5: ISKatekl collected ($0.05)
Seat 6: vasmit folded before Flop (didn't bet)
Seat 7: Dorex2007 (button) folded before Flop (didn't bet)
Seat 9: AnCTPuK (small blind) folded before Flop



PokerStars Hand #224752239296:  Hold'em No Limit ($0.01/$0.02 USD) - 2021/03/12 23:12:31 PT [2021/03/13 2:12:31 ET]
Table 'Siwa IV' 9-max Seat #9 is the button
Seat 1: Smuroff86 ($2.08 in chips) 
Seat 2: ArteGaziz ($1.07 in chips) 
Seat 3: Vitiiok ($0.78 in chips) 
Seat 5: ISKatekl ($2.43 in chips) 
Seat 6: vasmit ($2.08 in chips) 
Seat 7: Dorex2007 ($1.94 in chips) 
Seat 9: AnCTPuK ($0.58 in chips) 
Smuroff86: posts small blind $0.01
ArteGaziz: posts big blind $0.02
johnmaia8891: sits out 
SVYATOSLAVHK: sits out 
*** HOLE CARDS ***
Dealt to Dorex2007 [7s 4c]
Vitiiok: folds 
ISKatekl: raises $0.06 to $0.08
vasmit: folds 
Dorex2007: folds 
AnCTPuK: folds 
Smuroff86: raises $0.16 to $0.24
ArteGaziz: folds 
ISKatekl: folds 
Uncalled bet ($0.16) returned to Smuroff86
Smuroff86 collected $0.18 from pot
Smuroff86: doesn't show hand 
*** SUMMARY ***
Total pot $0.18 | Rake $0 
Seat 1: Smuroff86 (small blind) collected ($0.18)
Seat 2: ArteGaziz (big blind) folded before Flop
Seat 3: Vitiiok folded before Flop (didn't bet)
Seat 5: ISKatekl folded before Flop
Seat 6: vasmit folded before Flop (didn't bet)
Seat 7: Dorex2007 folded before Flop (didn't bet)
Seat 9: AnCTPuK (button) folded before Flop (didn't bet)



PokerStars Hand #224752244523:  Hold'em No Limit ($0.01/$0.02 USD) - 2021/03/12 23:12:54 PT [2021/03/13 2:12:54 ET]
Table 'Siwa IV' 9-max Seat #1 is the button
Seat 1: Smuroff86 ($2.18 in chips) 
Seat 2: ArteGaziz ($1.05 in chips) 
Seat 3: Vitiiok ($0.78 in chips) 
Seat 5: ISKatekl ($2.35 in chips) 
Seat 6: vasmit ($2.08 in chips) 
Seat 7: Dorex2007 ($1.94 in chips) 
Seat 9: AnCTPuK ($0.58 in chips) 
ArteGaziz: posts small blind $0.01
Vitiiok: posts big blind $0.02
johnmaia8891: sits out 
SVYATOSLAVHK: sits out 
*** HOLE CARDS ***
Dealt to Dorex2007 [7c 5d]
ISKatekl: raises $0.06 to $0.08
vasmit: folds 
Dorex2007: folds 
AnCTPuK: folds 
Smuroff86: folds 
ArteGaziz: folds 
Vitiiok: folds 
Uncalled bet ($0.06) returned to ISKatekl
ISKatekl collected $0.05 from pot
ISKatekl: doesn't show hand 
*** SUMMARY ***
Total pot $0.05 | Rake $0 
Seat 1: Smuroff86 (button) folded before Flop (didn't bet)
Seat 2: ArteGaziz (small blind) folded before Flop
Seat 3: Vitiiok (big blind) folded before Flop
Seat 5: ISKatekl collected ($0.05)
Seat 6: vasmit folded before Flop (didn't bet)
Seat 7: Dorex2007 folded before Flop (didn't bet)
Seat 9: AnCTPuK folded before Flop (didn't bet)



PokerStars Hand #224752248046:  Hold'em No Limit ($0.01/$0.02 USD) - 2021/03/12 23:13:10 PT [2021/03/13 2:13:10 ET]
Table 'Siwa IV' 9-max Seat #2 is the button
Seat 1: Smuroff86 ($2.18 in chips) 
Seat 2: ArteGaziz ($1.04 in chips) 
Seat 5: ISKatekl ($2.38 in chips) 
Seat 6: vasmit ($2.08 in chips) 
Seat 7: Dorex2007 ($1.94 in chips) 
Seat 9: AnCTPuK ($0.58 in chips) 
ISKatekl: posts small blind $0.01
vasmit: posts big blind $0.02
SVYATOSLAVHK: sits out 
*** HOLE CARDS ***
Dealt to Dorex2007 [6c 8c]
Dorex2007: folds 
AnCTPuK: folds 
Smuroff86: raises $0.04 to $0.06
Vitiiok leaves the table
ArteGaziz: calls $0.06
ISKatekl: calls $0.05
vasmit: folds 
*** FLOP *** [Tc 3h Ts]
ISKatekl: checks 
Smuroff86: checks 
ArteGaziz: bets $0.19
ISKatekl: calls $0.19
Smuroff86: folds 
*** TURN *** [Tc 3h Ts] [9s]
ISKatekl: checks 
ArteGaziz: bets $0.79 and is all-in
Nilsson996 joins the table at seat #3 
ISKatekl: calls $0.79
*** RIVER *** [Tc 3h Ts 9s] [4d]
*** SHOW DOWN ***
ISKatekl: shows [Qs Qc] (two pair, Queens and Tens)
ArteGaziz: shows [Ah 5s] (a pair of Tens)
ISKatekl cashed out the hand for $1.92 | Cash Out Fee $0.02
*** SUMMARY ***
Total pot $2.16 | Rake $0.08 
Board [Tc 3h Ts 9s 4d]
Seat 1: Smuroff86 folded on the Flop
Seat 2: ArteGaziz (button) showed [Ah 5s] and lost with a pair of Tens
Seat 5: ISKatekl (small blind) showed [Qs Qc] and won ($2.08) with two pair, Queens and Tens (pot not awarded as player cashed out)
Seat 6: vasmit (big blind) folded before Flop
Seat 7: Dorex2007 folded before Flop (didn't bet)
Seat 9: AnCTPuK folded before Flop (didn't bet)



PokerStars Hand #224752270592:  Hold'em No Limit ($0.01/$0.02 USD) - 2021/03/12 23:14:51 PT [2021/03/13 2:14:51 ET]
Table 'Siwa IV' 9-max Seat #5 is the button
Seat 1: Smuroff86 ($2.12 in chips) 
Seat 4: johnmaia8891 ($0.80 in chips) 
Seat 5: ISKatekl ($3.26 in chips) 
Seat 6: vasmit ($2.06 in chips) 
Seat 7: Dorex2007 ($1.94 in chips) 
Seat 9: AnCTPuK ($0.58 in chips) 
vasmit: posts small blind $0.01
Dorex2007: posts big blind $0.02
SVYATOSLAVHK: sits out 
Nilsson996: sits out 
johnmaia8891: posts big blind $0.02
*** HOLE CARDS ***
Dealt to Dorex2007 [Qd Kc]
AnCTPuK: raises $0.04 to $0.06
Smuroff86: folds 
johnmaia8891: calls $0.04
ISKatekl: folds 
vasmit: calls $0.05
Dorex2007: folds 
*** FLOP *** [9c 3d 6h]
ArteGaziz leaves the table
vasmit: checks 
ISKatekl said, "tilt )"
AnCTPuK: bets $0.13
johnmaia8891: calls $0.13
vasmit: folds 
*** TURN *** [9c 3d 6h] [4h]
AnCTPuK: bets $0.39 and is all-in
johnmaia8891: calls $0.39
*** RIVER *** [9c 3d 6h 4h] [Qs]
*** SHOW DOWN ***
AnCTPuK: shows [8h Ah] (high card Ace)
johnmaia8891: shows [3h 2d] (a pair of Threes)
johnmaia8891 collected $1.20 from pot
*** SUMMARY ***
Total pot $1.24 | Rake $0.04 
Board [9c 3d 6h 4h Qs]
Seat 1: Smuroff86 folded before Flop (didn't bet)
Seat 4: johnmaia8891 showed [3h 2d] and won ($1.20) with a pair of Threes
Seat 5: ISKatekl (button) folded before Flop (didn't bet)
Seat 6: vasmit (small blind) folded on the Flop
Seat 7: Dorex2007 (big blind) folded before Flop
Seat 9: AnCTPuK showed [8h Ah] and lost with high card Ace



PokerStars Hand #224752284307:  Hold'em No Limit ($0.01/$0.02 USD) - 2021/03/12 23:15:52 PT [2021/03/13 2:15:52 ET]
Table 'Siwa IV' 9-max Seat #6 is the button
Seat 1: Smuroff86 ($2.12 in chips) 
Seat 4: johnmaia8891 ($1.42 in chips) 
Seat 5: ISKatekl ($3.26 in chips) 
Seat 6: vasmit ($2 in chips) 
Seat 7: Dorex2007 ($1.92 in chips) 
Seat 8: SVYATOSLAVHK ($0.80 in chips) 
Dorex2007: posts small blind $0.01
SVYATOSLAVHK: posts big blind $0.02
Nilsson996: sits out 
*** HOLE CARDS ***
Dealt to Dorex2007 [3s 5h]
Smuroff86: folds 
johnmaia8891: raises $0.05 to $0.07
AnCTPuK leaves the table
ISKatekl: calls $0.07
vasmit: calls $0.07
Dorex2007: folds 
SVYATOSLAVHK: folds 
*** FLOP *** [6c 9c 2h]
johnmaia8891: bets $0.23
ISKatekl: folds 
vasmit: folds 
Uncalled bet ($0.23) returned to johnmaia8891
johnmaia8891 collected $0.23 from pot
johnmaia8891: doesn't show hand 
*** SUMMARY ***
Total pot $0.24 | Rake $0.01 
Board [6c 9c 2h]
Seat 1: Smuroff86 folded before Flop (didn't bet)
Seat 4: johnmaia8891 collected ($0.23)
Seat 5: ISKatekl folded on the Flop
Seat 6: vasmit (button) folded on the Flop
Seat 7: Dorex2007 (small blind) folded before Flop
Seat 8: SVYATOSLAVHK (big blind) folded before Flop



PokerStars Hand #224752294394:  Hold'em No Limit ($0.01/$0.02 USD) - 2021/03/12 23:16:37 PT [2021/03/13 2:16:37 ET]
Table 'Siwa IV' 9-max Seat #7 is the button
Seat 1: Smuroff86 ($2.12 in chips) 
Seat 4: johnmaia8891 ($1.58 in chips) 
Seat 5: ISKatekl ($3.19 in chips) 
Seat 6: vasmit ($2 in chips) 
Seat 7: Dorex2007 ($1.91 in chips) 
Seat 8: SVYATOSLAVHK ($0.78 in chips) 
SVYATOSLAVHK: posts small blind $0.01
Smuroff86: posts big blind $0.02
Nilsson996: sits out 
*** HOLE CARDS ***
Dealt to Dorex2007 [4c Kd]
johnmaia8891: folds 
ISKatekl: folds 
vasmit: folds 
Dorex2007: folds 
SVYATOSLAVHK: calls $0.01
Smuroff86: raises $0.04 to $0.06
SVYATOSLAVHK: folds 
Uncalled bet ($0.04) returned to Smuroff86
Smuroff86 collected $0.04 from pot
Smuroff86: doesn't show hand 
*** SUMMARY ***
Total pot $0.04 | Rake $0 
Seat 1: Smuroff86 (big blind) collected ($0.04)
Seat 4: johnmaia8891 folded before Flop (didn't bet)
Seat 5: ISKatekl folded before Flop (didn't bet)
Seat 6: vasmit folded before Flop (didn't bet)
Seat 7: Dorex2007 (button) folded before Flop (didn't bet)
Seat 8: SVYATOSLAVHK (small blind) folded before Flop



PokerStars Hand #224752301915:  Hold'em No Limit ($0.01/$0.02 USD) - 2021/03/12 23:17:11 PT [2021/03/13 2:17:11 ET]
Table 'Siwa IV' 9-max Seat #8 is the button
Seat 1: Smuroff86 ($2.14 in chips) 
Seat 3: Nilsson996 ($2 in chips) 
Seat 4: johnmaia8891 ($1.58 in chips) 
Seat 5: ISKatekl ($3.19 in chips) 
Seat 6: vasmit ($2 in chips) 
Seat 7: Dorex2007 ($1.91 in chips) 
Seat 8: SVYATOSLAVHK ($0.76 in chips) 
Smuroff86: posts small blind $0.01
Nilsson996: posts big blind $0.02
*** HOLE CARDS ***
Dealt to Dorex2007 [Kc 8d]
johnmaia8891: raises $0.05 to $0.07
ISKatekl: folds 
vasmit: folds 
Dorex2007: folds 
SVYATOSLAVHK: folds 
Smuroff86: folds 
Nilsson996: folds 
Uncalled bet ($0.05) returned to johnmaia8891
johnmaia8891 collected $0.05 from pot
johnmaia8891: doesn't show hand 
*** SUMMARY ***
Total pot $0.05 | Rake $0 
Seat 1: Smuroff86 (small blind) folded before Flop
Seat 3: Nilsson996 (big blind) folded before Flop
Seat 4: johnmaia8891 collected ($0.05)
Seat 5: ISKatekl folded before Flop (didn't bet)
Seat 6: vasmit folded before Flop (didn't bet)
Seat 7: Dorex2007 folded before Flop (didn't bet)
Seat 8: SVYATOSLAVHK (button) folded before Flop (didn't bet)



PokerStars Hand #224752308574:  Hold'em No Limit ($0.01/$0.02 USD) - 2021/03/12 23:17:41 PT [2021/03/13 2:17:41 ET]
Table 'Siwa IV' 9-max Seat #1 is the button
Seat 1: Smuroff86 ($2.13 in chips) 
Seat 3: Nilsson996 ($1.98 in chips) 
Seat 4: johnmaia8891 ($1.61 in chips) 
Seat 5: ISKatekl ($3.19 in chips) 
Seat 6: vasmit ($2 in chips) 
Seat 7: Dorex2007 ($1.91 in chips) 
Seat 8: SVYATOSLAVHK ($0.76 in chips) 
Nilsson996: posts small blind $0.01
johnmaia8891: posts big blind $0.02
*** HOLE CARDS ***
Dealt to Dorex2007 [2c Ad]
ISKatekl: folds 
vasmit: calls $0.02
Dorex2007: folds 
SVYATOSLAVHK: folds 
Smuroff86: calls $0.02
Nilsson996: folds 
johnmaia8891: raises $0.07 to $0.09
vasmit: calls $0.07
Smuroff86: folds 
*** FLOP *** [Js 6h 3c]
johnmaia8891: bets $0.02
vasmit: raises $0.12 to $0.14
johnmaia8891: calls $0.12
*** TURN *** [Js 6h 3c] [8h]
johnmaia8891: checks 
vasmit: bets $0.24
johnmaia8891: folds 
Uncalled bet ($0.24) returned to vasmit
vasmit collected $0.47 from pot
vasmit: doesn't show hand 
*** SUMMARY ***
Total pot $0.49 | Rake $0.02 
Board [Js 6h 3c 8h]
Seat 1: Smuroff86 (button) folded before Flop
Seat 3: Nilsson996 (small blind) folded before Flop
Seat 4: johnmaia8891 (big blind) folded on the Turn
Seat 5: ISKatekl folded before Flop (didn't bet)
Seat 6: vasmit collected ($0.47)
Seat 7: Dorex2007 folded before Flop (didn't bet)
Seat 8: SVYATOSLAVHK folded before Flop (didn't bet)



PokerStars Hand #224752319858:  Hold'em No Limit ($0.01/$0.02 USD) - 2021/03/12 23:18:31 PT [2021/03/13 2:18:31 ET]
Table 'Siwa IV' 9-max Seat #3 is the button
Seat 1: Smuroff86 ($2.11 in chips) 
Seat 3: Nilsson996 ($1.97 in chips) 
Seat 4: johnmaia8891 ($1.38 in chips) 
Seat 6: vasmit ($2.24 in chips) 
Seat 7: Dorex2007 ($1.91 in chips) 
Seat 8: SVYATOSLAVHK ($0.76 in chips) 
johnmaia8891: posts small blind $0.01
ISKatekl: is sitting out 
vasmit: posts big blind $0.02
*** HOLE CARDS ***
Dealt to Dorex2007 [Ts 3s]
Dorex2007: folds 
SVYATOSLAVHK: folds 
Smuroff86: raises $0.04 to $0.06
Nilsson996: folds 
johnmaia8891: raises $0.04 to $0.10
vasmit: folds 
Smuroff86: calls $0.04
*** FLOP *** [9s 8h 4d]
johnmaia8891: bets $0.02
ISKatekl leaves the table
Smuroff86: raises $0.10 to $0.12
johnmaia8891: calls $0.10
*** TURN *** [9s 8h 4d] [Ah]
johnmaia8891: checks 
Smuroff86: checks 
*** RIVER *** [9s 8h 4d Ah] [5h]
johnmaia8891: checks 
Smuroff86: bets $0.22
johnmaia8891: calls $0.22
*** SHOW DOWN ***
Smuroff86: shows [9d 9h] (three of a kind, Nines)
johnmaia8891: mucks hand 
Smuroff86 collected $0.87 from pot
*** SUMMARY ***
Total pot $0.90 | Rake $0.03 
Board [9s 8h 4d Ah 5h]
Seat 1: Smuroff86 showed [9d 9h] and won ($0.87) with three of a kind, Nines
Seat 3: Nilsson996 (button) folded before Flop (didn't bet)
Seat 4: johnmaia8891 (small blind) mucked [4h Qd]
Seat 6: vasmit (big blind) folded before Flop
Seat 7: Dorex2007 folded before Flop (didn't bet)
Seat 8: SVYATOSLAVHK folded before Flop (didn't bet)



PokerStars Hand #224752327481:  Hold'em No Limit ($0.01/$0.02 USD) - 2021/03/12 23:19:04 PT [2021/03/13 2:19:04 ET]
Table 'Siwa IV' 9-max Seat #4 is the button
Seat 1: Smuroff86 ($2.54 in chips) 
Seat 3: Nilsson996 ($1.97 in chips) 
Seat 4: johnmaia8891 ($0.94 in chips) 
Seat 6: vasmit ($2.22 in chips) 
Seat 7: Dorex2007 ($1.91 in chips) 
Seat 8: SVYATOSLAVHK ($0.76 in chips) 
vasmit: posts small blind $0.01
Dorex2007: posts big blind $0.02
*** HOLE CARDS ***
Dealt to Dorex2007 [7h 2s]
SVYATOSLAVHK: folds 
Smuroff86: folds 
Nilsson996 has timed out
Nilsson996: folds 
johnmaia8891: folds 
johnmaia8891 leaves the table
vasmit: folds 
Uncalled bet ($0.01) returned to Dorex2007
Dorex2007 collected $0.02 from pot
Dorex2007: doesn't show hand 
*** SUMMARY ***
Total pot $0.02 | Rake $0 
Seat 1: Smuroff86 folded before Flop (didn't bet)
Seat 3: Nilsson996 folded before Flop (didn't bet)
Seat 4: johnmaia8891 (button) folded before Flop (didn't bet)
Seat 6: vasmit (small blind) folded before Flop
Seat 7: Dorex2007 (big blind) collected ($0.02)
Seat 8: SVYATOSLAVHK folded before Flop (didn't bet)



PokerStars Hand #224752332349:  Hold'em No Limit ($0.01/$0.02 USD) - 2021/03/12 23:19:26 PT [2021/03/13 2:19:26 ET]
Table 'Siwa IV' 9-max Seat #6 is the button
Seat 1: Smuroff86 ($2.54 in chips) 
Seat 6: vasmit ($2.21 in chips) 
Seat 7: Dorex2007 ($1.92 in chips) 
Seat 8: SVYATOSLAVHK ($0.76 in chips) 
Dorex2007: posts small blind $0.01
SVYATOSLAVHK: posts big blind $0.02
*** HOLE CARDS ***
Dealt to Dorex2007 [Ts 4s]
Smuroff86: folds 
vasmit: folds 
Smuroff86 leaves the table
DEDpartizan joins the table at seat #9 
Dorex2007: calls $0.01
SVYATOSLAVHK: checks 
*** FLOP *** [Ad Qh 7c]
Dorex2007: checks 
SVYATOSLAVHK: checks 
*** TURN *** [Ad Qh 7c] [6h]
Dorex2007: bets $0.03
SVYATOSLAVHK: folds 
Uncalled bet ($0.03) returned to Dorex2007
Dorex2007 collected $0.04 from pot
Dorex2007: doesn't show hand 
*** SUMMARY ***
Total pot $0.04 | Rake $0 
Board [Ad Qh 7c 6h]
Seat 1: Smuroff86 folded before Flop (didn't bet)
Seat 6: vasmit (button) folded before Flop (didn't bet)
Seat 7: Dorex2007 (small blind) collected ($0.04)
Seat 8: SVYATOSLAVHK (big blind) folded on the Turn



