PokerStars Hand #228375191602:  Hold'em No Limit ($0.01/$0.02 USD) - 2021/07/17 23:16:56 PT [2021/07/18 2:16:56 ET]
Table 'Nipponia' 9-max Seat #3 is the button
Seat 1: oblivionreX ($1.99 in chips) 
Seat 2: Dorex2007 ($2 in chips) 
Seat 3: ni_k.o._0914 ($2.26 in chips) 
Seat 4: pvd44443 ($2.37 in chips) 
Seat 5: smith.sco ($1.21 in chips) 
Seat 6: docthedoc66 ($2.07 in chips) 
Seat 7: 8gura5 ($0.38 in chips) 
Seat 8: Villy184 ($1.85 in chips) 
Seat 9: frosa9397 ($2.06 in chips) 
pvd44443: posts small blind $0.01
smith.sco: posts big blind $0.02
Dorex2007: posts big blind $0.02
*** HOLE CARDS ***
Dealt to Dorex2007 [Ac 9h]
docthedoc66: folds 
8gura5: calls $0.02
Villy184: folds 
frosa9397: calls $0.02
oblivionreX: raises $0.09 to $0.11
Dorex2007: folds 
ni_k.o._0914: folds 
pvd44443: folds 
smith.sco: folds 
8gura5: calls $0.09
frosa9397: calls $0.09
*** FLOP *** [6c 9c 2d]
8gura5: bets $0.27 and is all-in
frosa9397: folds 
oblivionreX: calls $0.27
*** TURN *** [6c 9c 2d] [7c]
*** RIVER *** [6c 9c 2d 7c] [Tc]
*** SHOW DOWN ***
8gura5: shows [6d 7h] (two pair, Sevens and Sixes)
oblivionreX: shows [Qc Kc] (a flush, King high)
oblivionreX cashed out the hand for $0.47
*** SUMMARY ***
Total pot $0.92 | Rake $0.03 
Board [6c 9c 2d 7c Tc]
Seat 1: oblivionreX showed [Qc Kc] and won ($0.89) with a flush, King high (pot not awarded as player cashed out)
Seat 2: Dorex2007 folded before Flop (didn't bet)
Seat 3: ni_k.o._0914 (button) folded before Flop (didn't bet)
Seat 4: pvd44443 (small blind) folded before Flop
Seat 5: smith.sco (big blind) folded before Flop
Seat 6: docthedoc66 folded before Flop (didn't bet)
Seat 7: 8gura5 showed [6d 7h] and lost with two pair, Sevens and Sixes
Seat 8: Villy184 folded before Flop (didn't bet)
Seat 9: frosa9397 folded on the Flop



PokerStars Hand #228375198554:  Hold'em No Limit ($0.01/$0.02 USD) - 2021/07/17 23:17:43 PT [2021/07/18 2:17:43 ET]
Table 'Nipponia' 9-max Seat #4 is the button
Seat 1: oblivionreX ($2.08 in chips) 
Seat 2: Dorex2007 ($1.98 in chips) 
Seat 3: ni_k.o._0914 ($2.26 in chips) 
Seat 4: pvd44443 ($2.36 in chips) 
Seat 5: smith.sco ($1.19 in chips) 
Seat 6: docthedoc66 ($2.07 in chips) 
Seat 8: Villy184 ($1.85 in chips) 
Seat 9: frosa9397 ($1.95 in chips) 
smith.sco: posts small blind $0.01
docthedoc66: posts big blind $0.02
*** HOLE CARDS ***
Dealt to Dorex2007 [Ts Qd]
Villy184: folds 
8gura5 leaves the table
frosa9397: folds 
oblivionreX: raises $0.04 to $0.06
Dorex2007: folds 
ni_k.o._0914: folds 
pvd44443: folds 
smith.sco: calls $0.05
docthedoc66: folds 
*** FLOP *** [3d 3c Qh]
smith.sco: checks 
oblivionreX: checks 
*** TURN *** [3d 3c Qh] [Tc]
smith.sco: bets $0.08
oblivionreX: raises $0.20 to $0.28
smith.sco: folds 
Uncalled bet ($0.20) returned to oblivionreX
oblivionreX collected $0.29 from pot
oblivionreX: doesn't show hand 
*** SUMMARY ***
Total pot $0.30 | Rake $0.01 
Board [3d 3c Qh Tc]
Seat 1: oblivionreX collected ($0.29)
Seat 2: Dorex2007 folded before Flop (didn't bet)
Seat 3: ni_k.o._0914 folded before Flop (didn't bet)
Seat 4: pvd44443 (button) folded before Flop (didn't bet)
Seat 5: smith.sco (small blind) folded on the Turn
Seat 6: docthedoc66 (big blind) folded before Flop
Seat 8: Villy184 folded before Flop (didn't bet)
Seat 9: frosa9397 folded before Flop (didn't bet)



PokerStars Hand #228375203722:  Hold'em No Limit ($0.01/$0.02 USD) - 2021/07/17 23:18:19 PT [2021/07/18 2:18:19 ET]
Table 'Nipponia' 9-max Seat #5 is the button
Seat 1: oblivionreX ($2.23 in chips) 
Seat 2: Dorex2007 ($1.98 in chips) 
Seat 3: ni_k.o._0914 ($2.26 in chips) 
Seat 4: pvd44443 ($2.36 in chips) 
Seat 5: smith.sco ($1.05 in chips) 
Seat 6: docthedoc66 ($2.05 in chips) 
Seat 8: Villy184 ($1.85 in chips) 
Seat 9: frosa9397 ($1.95 in chips) 
docthedoc66: posts small blind $0.01
Villy184: posts big blind $0.02
*** HOLE CARDS ***
Dealt to Dorex2007 [9h Qh]
frosa9397: folds 
oblivionreX: folds 
Dorex2007: folds 
ni_k.o._0914: folds 
pvd44443: raises $0.02 to $0.04
smith.sco: calls $0.04
docthedoc66: calls $0.03
Villy184: calls $0.02
*** FLOP *** [Ts 2s As]
docthedoc66: checks 
Villy184: checks 
pvd44443: bets $0.02
smith.sco: folds 
docthedoc66: folds 
Villy184: calls $0.02
*** TURN *** [Ts 2s As] [2h]
Villy184: checks 
pvd44443: checks 
*** RIVER *** [Ts 2s As 2h] [Ah]
Villy184: checks 
pvd44443: checks 
*** SHOW DOWN ***
Villy184: shows [Tc Td] (a full house, Tens full of Aces)
pvd44443: mucks hand 
Villy184 collected $0.19 from pot
*** SUMMARY ***
Total pot $0.20 | Rake $0.01 
Board [Ts 2s As 2h Ah]
Seat 1: oblivionreX folded before Flop (didn't bet)
Seat 2: Dorex2007 folded before Flop (didn't bet)
Seat 3: ni_k.o._0914 folded before Flop (didn't bet)
Seat 4: pvd44443 mucked [8s 8c]
Seat 5: smith.sco (button) folded on the Flop
Seat 6: docthedoc66 (small blind) folded on the Flop
Seat 8: Villy184 (big blind) showed [Tc Td] and won ($0.19) with a full house, Tens full of Aces
Seat 9: frosa9397 folded before Flop (didn't bet)



PokerStars Hand #228375211212:  Hold'em No Limit ($0.01/$0.02 USD) - 2021/07/17 23:19:10 PT [2021/07/18 2:19:10 ET]
Table 'Nipponia' 9-max Seat #6 is the button
Seat 1: oblivionreX ($2.23 in chips) 
Seat 2: Dorex2007 ($1.98 in chips) 
Seat 3: ni_k.o._0914 ($2.26 in chips) 
Seat 4: pvd44443 ($2.30 in chips) 
Seat 5: smith.sco ($1.01 in chips) 
Seat 6: docthedoc66 ($2.01 in chips) 
Seat 8: Villy184 ($1.98 in chips) 
Seat 9: frosa9397 ($1.95 in chips) 
Villy184: posts small blind $0.01
frosa9397: posts big blind $0.02
*** HOLE CARDS ***
Dealt to Dorex2007 [Qd Kh]
count_strakula joins the table at seat #7 
oblivionreX: folds 
Dorex2007: raises $0.04 to $0.06
ni_k.o._0914: folds 
pvd44443: folds 
smith.sco: calls $0.06
docthedoc66: calls $0.06
Villy184: folds 
frosa9397 has timed out
frosa9397: folds 
*** FLOP *** [4d 6c 7h]
Dorex2007: checks 
smith.sco: checks 
docthedoc66: bets $0.08
Dorex2007: calls $0.08
smith.sco: folds 
*** TURN *** [4d 6c 7h] [8c]
Dorex2007: bets $0.18
docthedoc66: calls $0.18
*** RIVER *** [4d 6c 7h 8c] [2s]
Dorex2007: bets $0.35
docthedoc66: folds 
Uncalled bet ($0.35) returned to Dorex2007
Dorex2007 collected $0.70 from pot
Dorex2007: doesn't show hand 
*** SUMMARY ***
Total pot $0.73 | Rake $0.03 
Board [4d 6c 7h 8c 2s]
Seat 1: oblivionreX folded before Flop (didn't bet)
Seat 2: Dorex2007 collected ($0.70)
Seat 3: ni_k.o._0914 folded before Flop (didn't bet)
Seat 4: pvd44443 folded before Flop (didn't bet)
Seat 5: smith.sco folded on the Flop
Seat 6: docthedoc66 (button) folded on the River
Seat 8: Villy184 (small blind) folded before Flop
Seat 9: frosa9397 (big blind) folded before Flop



PokerStars Hand #228375224070:  Hold'em No Limit ($0.01/$0.02 USD) - 2021/07/17 23:20:40 PT [2021/07/18 2:20:40 ET]
Table 'Nipponia' 9-max Seat #8 is the button
Seat 1: oblivionreX ($2.23 in chips) 
Seat 2: Dorex2007 ($2.36 in chips) 
Seat 3: ni_k.o._0914 ($2.26 in chips) 
Seat 4: pvd44443 ($2.30 in chips) 
Seat 5: smith.sco ($0.95 in chips) 
Seat 6: docthedoc66 ($2 in chips) 
Seat 7: count_strakula ($0.87 in chips) 
Seat 8: Villy184 ($1.97 in chips) 
oblivionreX: posts small blind $0.01
Dorex2007: posts big blind $0.02
count_strakula: posts big blind $0.02
*** HOLE CARDS ***
Dealt to Dorex2007 [4h Jh]
ni_k.o._0914: folds 
pvd44443: folds 
smith.sco: folds 
docthedoc66: folds 
count_strakula: checks 
Villy184 has timed out
Villy184: folds 
oblivionreX: raises $0.06 to $0.08
Dorex2007: folds 
count_strakula: calls $0.06
*** FLOP *** [5h 4c 9s]
oblivionreX: bets $0.06
count_strakula: calls $0.06
*** TURN *** [5h 4c 9s] [Js]
oblivionreX: bets $0.09
count_strakula: calls $0.09
*** RIVER *** [5h 4c 9s Js] [Qd]
oblivionreX: bets $0.30
count_strakula: folds 
Uncalled bet ($0.30) returned to oblivionreX
oblivionreX collected $0.46 from pot
oblivionreX: doesn't show hand 
*** SUMMARY ***
Total pot $0.48 | Rake $0.02 
Board [5h 4c 9s Js Qd]
Seat 1: oblivionreX (small blind) collected ($0.46)
Seat 2: Dorex2007 (big blind) folded before Flop
Seat 3: ni_k.o._0914 folded before Flop (didn't bet)
Seat 4: pvd44443 folded before Flop (didn't bet)
Seat 5: smith.sco folded before Flop (didn't bet)
Seat 6: docthedoc66 folded before Flop (didn't bet)
Seat 7: count_strakula folded on the River
Seat 8: Villy184 (button) folded before Flop (didn't bet)



PokerStars Hand #228375241587:  Hold'em No Limit ($0.01/$0.02 USD) - 2021/07/17 23:21:58 PT [2021/07/18 2:21:58 ET]
Table 'Nipponia' 9-max Seat #1 is the button
Seat 1: oblivionreX ($2.46 in chips) 
Seat 2: Dorex2007 ($2.34 in chips) 
Seat 3: ni_k.o._0914 ($2.26 in chips) 
Seat 4: pvd44443 ($2.30 in chips) 
Seat 5: smith.sco ($0.95 in chips) 
Seat 6: docthedoc66 ($2 in chips) 
Seat 7: count_strakula ($0.64 in chips) 
Dorex2007: posts small blind $0.01
ni_k.o._0914: posts big blind $0.02
*** HOLE CARDS ***
Dealt to Dorex2007 [Jh 3c]
pvd44443: folds 
smith.sco: folds 
docthedoc66: folds 
count_strakula: folds 
oblivionreX: raises $0.04 to $0.06
Dorex2007: folds 
ni_k.o._0914: folds 
Uncalled bet ($0.04) returned to oblivionreX
oblivionreX collected $0.05 from pot
oblivionreX: doesn't show hand 
*** SUMMARY ***
Total pot $0.05 | Rake $0 
Seat 1: oblivionreX (button) collected ($0.05)
Seat 2: Dorex2007 (small blind) folded before Flop
Seat 3: ni_k.o._0914 (big blind) folded before Flop
Seat 4: pvd44443 folded before Flop (didn't bet)
Seat 5: smith.sco folded before Flop (didn't bet)
Seat 6: docthedoc66 folded before Flop (didn't bet)
Seat 7: count_strakula folded before Flop (didn't bet)



PokerStars Hand #228375243890:  Hold'em No Limit ($0.01/$0.02 USD) - 2021/07/17 23:22:14 PT [2021/07/18 2:22:14 ET]
Table 'Nipponia' 9-max Seat #2 is the button
Seat 1: oblivionreX ($2.49 in chips) 
Seat 2: Dorex2007 ($2.33 in chips) 
Seat 3: ni_k.o._0914 ($2.24 in chips) 
Seat 4: pvd44443 ($2.30 in chips) 
Seat 5: smith.sco ($0.95 in chips) 
Seat 6: docthedoc66 ($2 in chips) 
Seat 7: count_strakula ($0.64 in chips) 
ni_k.o._0914: posts small blind $0.01
pvd44443: posts big blind $0.02
*** HOLE CARDS ***
Dealt to Dorex2007 [3c 8c]
smith.sco: raises $0.04 to $0.06
docthedoc66: folds 
count_strakula: folds 
oblivionreX: folds 
Dorex2007: folds 
ni_k.o._0914: folds 
pvd44443: folds 
Uncalled bet ($0.04) returned to smith.sco
smith.sco collected $0.05 from pot
smith.sco: doesn't show hand 
*** SUMMARY ***
Total pot $0.05 | Rake $0 
Seat 1: oblivionreX folded before Flop (didn't bet)
Seat 2: Dorex2007 (button) folded before Flop (didn't bet)
Seat 3: ni_k.o._0914 (small blind) folded before Flop
Seat 4: pvd44443 (big blind) folded before Flop
Seat 5: smith.sco collected ($0.05)
Seat 6: docthedoc66 folded before Flop (didn't bet)
Seat 7: count_strakula folded before Flop (didn't bet)



PokerStars Hand #228375250236:  Hold'em No Limit ($0.01/$0.02 USD) - 2021/07/17 23:22:32 PT [2021/07/18 2:22:32 ET]
Table 'Nipponia' 9-max Seat #3 is the button
Seat 1: oblivionreX ($2.49 in chips) 
Seat 2: Dorex2007 ($2.33 in chips) 
Seat 3: ni_k.o._0914 ($2.23 in chips) 
Seat 4: pvd44443 ($2.28 in chips) 
Seat 5: smith.sco ($0.98 in chips) 
Seat 6: docthedoc66 ($2 in chips) 
Seat 7: count_strakula ($0.64 in chips) 
Seat 8: Villy184 ($1.97 in chips) 
pvd44443: posts small blind $0.01
smith.sco: posts big blind $0.02
*** HOLE CARDS ***
Dealt to Dorex2007 [5s 4d]
docthedoc66: folds 
count_strakula: calls $0.02
Villy184: calls $0.02
oblivionreX: folds 
Dorex2007: folds 
ni_k.o._0914: folds 
pvd44443: folds 
smith.sco: raises $0.96 to $0.98 and is all-in
count_strakula: folds 
Villy184: folds 
Uncalled bet ($0.96) returned to smith.sco
smith.sco collected $0.07 from pot
smith.sco: doesn't show hand 
*** SUMMARY ***
Total pot $0.07 | Rake $0 
Seat 1: oblivionreX folded before Flop (didn't bet)
Seat 2: Dorex2007 folded before Flop (didn't bet)
Seat 3: ni_k.o._0914 (button) folded before Flop (didn't bet)
Seat 4: pvd44443 (small blind) folded before Flop
Seat 5: smith.sco (big blind) collected ($0.07)
Seat 6: docthedoc66 folded before Flop (didn't bet)
Seat 7: count_strakula folded before Flop
Seat 8: Villy184 folded before Flop



PokerStars Hand #228375254582:  Hold'em No Limit ($0.01/$0.02 USD) - 2021/07/17 23:23:02 PT [2021/07/18 2:23:02 ET]
Table 'Nipponia' 9-max Seat #4 is the button
Seat 1: oblivionreX ($2.49 in chips) 
Seat 2: Dorex2007 ($2.33 in chips) 
Seat 3: ni_k.o._0914 ($2.23 in chips) 
Seat 4: pvd44443 ($2.27 in chips) 
Seat 5: smith.sco ($1.03 in chips) 
Seat 6: docthedoc66 ($2 in chips) 
Seat 7: count_strakula ($0.62 in chips) 
Seat 8: Villy184 ($1.95 in chips) 
smith.sco: posts small blind $0.01
docthedoc66: posts big blind $0.02
*** HOLE CARDS ***
Dealt to Dorex2007 [8d 8s]
count_strakula: calls $0.02
Villy184: calls $0.02
oblivionreX: folds 
Dorex2007: calls $0.02
ni_k.o._0914: folds 
pvd44443: folds 
smith.sco: calls $0.01
docthedoc66: checks 
*** FLOP *** [2d 9h 9c]
smith.sco: checks 
docthedoc66: checks 
count_strakula: checks 
Villy184: checks 
Dorex2007: bets $0.10
smith.sco: folds 
docthedoc66: folds 
count_strakula: folds 
Villy184: calls $0.10
*** TURN *** [2d 9h 9c] [Qs]
Villy184: checks 
Dorex2007: bets $0.15
Villy184: calls $0.15
*** RIVER *** [2d 9h 9c Qs] [Ad]
Villy184: checks 
Dorex2007: checks 
*** SHOW DOWN ***
Villy184: shows [9s Kc] (three of a kind, Nines)
Dorex2007: mucks hand 
Villy184 collected $0.58 from pot
*** SUMMARY ***
Total pot $0.60 | Rake $0.02 
Board [2d 9h 9c Qs Ad]
Seat 1: oblivionreX folded before Flop (didn't bet)
Seat 2: Dorex2007 mucked [8d 8s]
Seat 3: ni_k.o._0914 folded before Flop (didn't bet)
Seat 4: pvd44443 (button) folded before Flop (didn't bet)
Seat 5: smith.sco (small blind) folded on the Flop
Seat 6: docthedoc66 (big blind) folded on the Flop
Seat 7: count_strakula folded on the Flop
Seat 8: Villy184 showed [9s Kc] and won ($0.58) with three of a kind, Nines



PokerStars Hand #228375263475:  Hold'em No Limit ($0.01/$0.02 USD) - 2021/07/17 23:24:03 PT [2021/07/18 2:24:03 ET]
Table 'Nipponia' 9-max Seat #5 is the button
Seat 1: oblivionreX ($2.49 in chips) 
Seat 2: Dorex2007 ($2.06 in chips) 
Seat 3: ni_k.o._0914 ($2.23 in chips) 
Seat 4: pvd44443 ($2.27 in chips) 
Seat 5: smith.sco ($1.01 in chips) 
Seat 6: docthedoc66 ($2 in chips) 
Seat 7: count_strakula ($0.60 in chips) 
Seat 8: Villy184 ($2.26 in chips) 
docthedoc66: posts small blind $0.01
count_strakula: posts big blind $0.02
*** HOLE CARDS ***
Dealt to Dorex2007 [9c 9h]
Villy184: folds 
oblivionreX: folds 
Dorex2007: raises $0.04 to $0.06
ni_k.o._0914: folds 
pvd44443: folds 
smith.sco: calls $0.06
docthedoc66: folds 
count_strakula: folds 
*** FLOP *** [7d 2c 5c]
Dorex2007: bets $0.14
smith.sco: folds 
Uncalled bet ($0.14) returned to Dorex2007
Dorex2007 collected $0.14 from pot
Dorex2007: doesn't show hand 
*** SUMMARY ***
Total pot $0.15 | Rake $0.01 
Board [7d 2c 5c]
Seat 1: oblivionreX folded before Flop (didn't bet)
Seat 2: Dorex2007 collected ($0.14)
Seat 3: ni_k.o._0914 folded before Flop (didn't bet)
Seat 4: pvd44443 folded before Flop (didn't bet)
Seat 5: smith.sco (button) folded on the Flop
Seat 6: docthedoc66 (small blind) folded before Flop
Seat 7: count_strakula (big blind) folded before Flop
Seat 8: Villy184 folded before Flop (didn't bet)



PokerStars Hand #228375268093:  Hold'em No Limit ($0.01/$0.02 USD) - 2021/07/17 23:24:35 PT [2021/07/18 2:24:35 ET]
Table 'Nipponia' 9-max Seat #6 is the button
Seat 1: oblivionreX ($2.49 in chips) 
Seat 2: Dorex2007 ($2.14 in chips) 
Seat 3: ni_k.o._0914 ($2.23 in chips) 
Seat 4: pvd44443 ($2.27 in chips) 
Seat 5: smith.sco ($0.95 in chips) 
Seat 6: docthedoc66 ($2 in chips) 
Seat 7: count_strakula ($0.58 in chips) 
Seat 8: Villy184 ($2.26 in chips) 
count_strakula: posts small blind $0.01
Villy184: posts big blind $0.02
*** HOLE CARDS ***
Dealt to Dorex2007 [Td 3d]
oblivionreX: raises $0.04 to $0.06
Dorex2007: folds 
ni_k.o._0914: folds 
pvd44443: folds 
smith.sco: folds 
docthedoc66: calls $0.06
count_strakula: calls $0.05
Villy184: calls $0.04
*** FLOP *** [3c Jc Tc]
count_strakula: checks 
Villy184: checks 
oblivionreX: bets $0.08
docthedoc66: calls $0.08
count_strakula: folds 
Villy184: folds 
*** TURN *** [3c Jc Tc] [9c]
oblivionreX: checks 
docthedoc66: bets $0.19
oblivionreX: calls $0.19
*** RIVER *** [3c Jc Tc 9c] [9h]
oblivionreX: checks 
docthedoc66: checks 
*** SHOW DOWN ***
oblivionreX: shows [Qc Qd] (a flush, Queen high)
docthedoc66: shows [Kc Jh] (a flush, King high)
docthedoc66 collected $0.75 from pot
*** SUMMARY ***
Total pot $0.78 | Rake $0.03 
Board [3c Jc Tc 9c 9h]
Seat 1: oblivionreX showed [Qc Qd] and lost with a flush, Queen high
Seat 2: Dorex2007 folded before Flop (didn't bet)
Seat 3: ni_k.o._0914 folded before Flop (didn't bet)
Seat 4: pvd44443 folded before Flop (didn't bet)
Seat 5: smith.sco folded before Flop (didn't bet)
Seat 6: docthedoc66 (button) showed [Kc Jh] and won ($0.75) with a flush, King high
Seat 7: count_strakula (small blind) folded on the Flop
Seat 8: Villy184 (big blind) folded on the Flop



PokerStars Hand #228375276005:  Hold'em No Limit ($0.01/$0.02 USD) - 2021/07/17 23:25:31 PT [2021/07/18 2:25:31 ET]
Table 'Nipponia' 9-max Seat #7 is the button
Seat 1: oblivionreX ($2.16 in chips) 
Seat 2: Dorex2007 ($2.14 in chips) 
Seat 3: ni_k.o._0914 ($2.23 in chips) 
Seat 4: pvd44443 ($2.27 in chips) 
Seat 5: smith.sco ($0.95 in chips) 
Seat 6: docthedoc66 ($2.42 in chips) 
Seat 7: count_strakula ($0.52 in chips) 
Seat 8: Villy184 ($2.20 in chips) 
Villy184: posts small blind $0.01
oblivionreX: posts big blind $0.02
*** HOLE CARDS ***
Dealt to Dorex2007 [9d 9s]
Dorex2007: raises $0.02 to $0.04
ni_k.o._0914: folds 
pvd44443 has timed out
pvd44443: folds 
smith.sco: folds 
docthedoc66: folds 
count_strakula: folds 
Villy184: calls $0.03
oblivionreX: calls $0.02
*** FLOP *** [Qc Tc Js]
Villy184: checks 
oblivionreX: checks 
Dorex2007: bets $0.08
Villy184: folds 
oblivionreX: folds 
Uncalled bet ($0.08) returned to Dorex2007
Dorex2007 collected $0.12 from pot
Dorex2007: doesn't show hand 
*** SUMMARY ***
Total pot $0.12 | Rake $0 
Board [Qc Tc Js]
Seat 1: oblivionreX (big blind) folded on the Flop
Seat 2: Dorex2007 collected ($0.12)
Seat 3: ni_k.o._0914 folded before Flop (didn't bet)
Seat 4: pvd44443 folded before Flop (didn't bet)
Seat 5: smith.sco folded before Flop (didn't bet)
Seat 6: docthedoc66 folded before Flop (didn't bet)
Seat 7: count_strakula (button) folded before Flop (didn't bet)
Seat 8: Villy184 (small blind) folded on the Flop



PokerStars Hand #228375285063:  Hold'em No Limit ($0.01/$0.02 USD) - 2021/07/17 23:26:33 PT [2021/07/18 2:26:33 ET]
Table 'Nipponia' 9-max Seat #8 is the button
Seat 1: oblivionreX ($2.12 in chips) 
Seat 2: Dorex2007 ($2.22 in chips) 
Seat 3: ni_k.o._0914 ($2.23 in chips) 
Seat 4: pvd44443 ($2.27 in chips) 
Seat 5: smith.sco ($0.95 in chips) 
Seat 6: docthedoc66 ($2.42 in chips) 
Seat 7: count_strakula ($0.52 in chips) 
Seat 8: Villy184 ($2.16 in chips) 
oblivionreX: posts small blind $0.01
Dorex2007: posts big blind $0.02
*** HOLE CARDS ***
Dealt to Dorex2007 [2h Ac]
ni_k.o._0914: folds 
pvd44443: folds 
smith.sco: folds 
docthedoc66: raises $0.04 to $0.06
count_strakula: folds 
Villy184: calls $0.06
oblivionreX: calls $0.05
Dorex2007: folds 
*** FLOP *** [Qs Ah 8h]
oblivionreX: checks 
docthedoc66: bets $0.10
Villy184: folds 
oblivionreX: calls $0.10
*** TURN *** [Qs Ah 8h] [6d]
oblivionreX: checks 
docthedoc66: bets $0.39
oblivionreX: calls $0.39
*** RIVER *** [Qs Ah 8h 6d] [4c]
oblivionreX: checks 
docthedoc66: bets $0.57
oblivionreX: folds 
Uncalled bet ($0.57) returned to docthedoc66
docthedoc66 collected $1.14 from pot
docthedoc66: doesn't show hand 
*** SUMMARY ***
Total pot $1.18 | Rake $0.04 
Board [Qs Ah 8h 6d 4c]
Seat 1: oblivionreX (small blind) folded on the River
Seat 2: Dorex2007 (big blind) folded before Flop
Seat 3: ni_k.o._0914 folded before Flop (didn't bet)
Seat 4: pvd44443 folded before Flop (didn't bet)
Seat 5: smith.sco folded before Flop (didn't bet)
Seat 6: docthedoc66 collected ($1.14)
Seat 7: count_strakula folded before Flop (didn't bet)
Seat 8: Villy184 (button) folded on the Flop



PokerStars Hand #228375293612:  Hold'em No Limit ($0.01/$0.02 USD) - 2021/07/17 23:27:32 PT [2021/07/18 2:27:32 ET]
Table 'Nipponia' 9-max Seat #1 is the button
Seat 1: oblivionreX ($1.57 in chips) 
Seat 2: Dorex2007 ($2.20 in chips) 
Seat 3: ni_k.o._0914 ($2.23 in chips) 
Seat 4: pvd44443 ($2.27 in chips) 
Seat 5: smith.sco ($0.95 in chips) 
Seat 6: docthedoc66 ($3.01 in chips) 
Seat 7: count_strakula ($0.52 in chips) 
Seat 8: Villy184 ($2.10 in chips) 
Dorex2007: posts small blind $0.01
ni_k.o._0914: posts big blind $0.02
*** HOLE CARDS ***
Dealt to Dorex2007 [3d 8s]
pvd44443: raises $0.04 to $0.06
smith.sco: folds 
docthedoc66: folds 
count_strakula: folds 
Villy184: folds 
oblivionreX: folds 
Dorex2007: folds 
ni_k.o._0914: folds 
Uncalled bet ($0.04) returned to pvd44443
pvd44443 collected $0.05 from pot
*** SUMMARY ***
Total pot $0.05 | Rake $0 
Seat 1: oblivionreX (button) folded before Flop (didn't bet)
Seat 2: Dorex2007 (small blind) folded before Flop
Seat 3: ni_k.o._0914 (big blind) folded before Flop
Seat 4: pvd44443 collected ($0.05)
Seat 5: smith.sco folded before Flop (didn't bet)
Seat 6: docthedoc66 folded before Flop (didn't bet)
Seat 7: count_strakula folded before Flop (didn't bet)
Seat 8: Villy184 folded before Flop (didn't bet)



PokerStars Hand #228375296619:  Hold'em No Limit ($0.01/$0.02 USD) - 2021/07/17 23:27:52 PT [2021/07/18 2:27:52 ET]
Table 'Nipponia' 9-max Seat #2 is the button
Seat 1: oblivionreX ($2 in chips) 
Seat 2: Dorex2007 ($2.19 in chips) 
Seat 3: ni_k.o._0914 ($2.21 in chips) 
Seat 4: pvd44443 ($2.30 in chips) 
Seat 5: smith.sco ($0.95 in chips) 
Seat 6: docthedoc66 ($3.01 in chips) 
Seat 7: count_strakula ($0.52 in chips) 
Seat 8: Villy184 ($2.10 in chips) 
ni_k.o._0914: posts small blind $0.01
pvd44443: posts big blind $0.02
*** HOLE CARDS ***
Dealt to Dorex2007 [Qh 9d]
smith.sco: folds 
docthedoc66: folds 
count_strakula: raises $0.04 to $0.06
Villy184: folds 
oblivionreX: folds 
Dorex2007: folds 
ni_k.o._0914: calls $0.05
pvd44443: folds 
*** FLOP *** [3h Jh 6d]
ni_k.o._0914: checks 
count_strakula: bets $0.10
ni_k.o._0914: calls $0.10
*** TURN *** [3h Jh 6d] [Ad]
ni_k.o._0914: checks 
count_strakula: bets $0.10
ni_k.o._0914: folds 
Uncalled bet ($0.10) returned to count_strakula
count_strakula collected $0.33 from pot
count_strakula: doesn't show hand 
*** SUMMARY ***
Total pot $0.34 | Rake $0.01 
Board [3h Jh 6d Ad]
Seat 1: oblivionreX folded before Flop (didn't bet)
Seat 2: Dorex2007 (button) folded before Flop (didn't bet)
Seat 3: ni_k.o._0914 (small blind) folded on the Turn
Seat 4: pvd44443 (big blind) folded before Flop
Seat 5: smith.sco folded before Flop (didn't bet)
Seat 6: docthedoc66 folded before Flop (didn't bet)
Seat 7: count_strakula collected ($0.33)
Seat 8: Villy184 folded before Flop (didn't bet)



PokerStars Hand #228375304261:  Hold'em No Limit ($0.01/$0.02 USD) - 2021/07/17 23:28:45 PT [2021/07/18 2:28:45 ET]
Table 'Nipponia' 9-max Seat #3 is the button
Seat 1: oblivionreX ($2 in chips) 
Seat 2: Dorex2007 ($2.19 in chips) 
Seat 3: ni_k.o._0914 ($2.05 in chips) 
Seat 4: pvd44443 ($2.28 in chips) 
Seat 5: smith.sco ($0.95 in chips) 
Seat 6: docthedoc66 ($3.01 in chips) 
Seat 7: count_strakula ($0.69 in chips) 
Seat 8: Villy184 ($2.10 in chips) 
pvd44443: posts small blind $0.01
smith.sco: posts big blind $0.02
*** HOLE CARDS ***
Dealt to Dorex2007 [5c 2d]
docthedoc66: folds 
count_strakula: calls $0.02
Villy184: folds 
oblivionreX: folds 
Dorex2007: folds 
ni_k.o._0914: folds 
pvd44443: folds 
smith.sco: checks 
*** FLOP *** [6d 3d 5s]
smith.sco: bets $0.04
count_strakula: calls $0.04
*** TURN *** [6d 3d 5s] [4h]
smith.sco: bets $0.06
count_strakula: raises $0.14 to $0.20
smith.sco: raises $0.69 to $0.89 and is all-in
count_strakula: calls $0.43 and is all-in
Uncalled bet ($0.26) returned to smith.sco
*** RIVER *** [6d 3d 5s 4h] [Tc]
*** SHOW DOWN ***
smith.sco: shows [8h 5d] (a pair of Fives)
count_strakula: shows [7d As] (a straight, Three to Seven)
count_strakula collected $1.34 from pot
*** SUMMARY ***
Total pot $1.39 | Rake $0.05 
Board [6d 3d 5s 4h Tc]
Seat 1: oblivionreX folded before Flop (didn't bet)
Seat 2: Dorex2007 folded before Flop (didn't bet)
Seat 3: ni_k.o._0914 (button) folded before Flop (didn't bet)
Seat 4: pvd44443 (small blind) folded before Flop
Seat 5: smith.sco (big blind) showed [8h 5d] and lost with a pair of Fives
Seat 6: docthedoc66 folded before Flop (didn't bet)
Seat 7: count_strakula showed [7d As] and won ($1.34) with a straight, Three to Seven
Seat 8: Villy184 folded before Flop (didn't bet)



PokerStars Hand #228375312295:  Hold'em No Limit ($0.01/$0.02 USD) - 2021/07/17 23:29:40 PT [2021/07/18 2:29:40 ET]
Table 'Nipponia' 9-max Seat #4 is the button
Seat 1: oblivionreX ($2 in chips) 
Seat 2: Dorex2007 ($2.19 in chips) 
Seat 3: ni_k.o._0914 ($2.05 in chips) 
Seat 4: pvd44443 ($2.27 in chips) 
Seat 5: smith.sco ($0.26 in chips) 
Seat 6: docthedoc66 ($3.01 in chips) 
Seat 7: count_strakula ($1.34 in chips) 
Seat 8: Villy184 ($2.10 in chips) 
smith.sco: posts small blind $0.01
docthedoc66: posts big blind $0.02
*** HOLE CARDS ***
Dealt to Dorex2007 [Qs Jd]
count_strakula: folds 
Villy184: folds 
oblivionreX: folds 
Dorex2007: raises $0.04 to $0.06
ni_k.o._0914: folds 
pvd44443: folds 
smith.sco: folds 
docthedoc66: folds 
Uncalled bet ($0.04) returned to Dorex2007
smith.sco leaves the table
Dorex2007 collected $0.05 from pot
Dorex2007: doesn't show hand 
*** SUMMARY ***
Total pot $0.05 | Rake $0 
Seat 1: oblivionreX folded before Flop (didn't bet)
Seat 2: Dorex2007 collected ($0.05)
Seat 3: ni_k.o._0914 folded before Flop (didn't bet)
Seat 4: pvd44443 (button) folded before Flop (didn't bet)
Seat 5: smith.sco (small blind) folded before Flop
Seat 6: docthedoc66 (big blind) folded before Flop
Seat 7: count_strakula folded before Flop (didn't bet)
Seat 8: Villy184 folded before Flop (didn't bet)



PokerStars Hand #228375316901:  Hold'em No Limit ($0.01/$0.02 USD) - 2021/07/17 23:30:12 PT [2021/07/18 2:30:12 ET]
Table 'Nipponia' 9-max Seat #6 is the button
Seat 1: oblivionreX ($2 in chips) 
Seat 2: Dorex2007 ($2.22 in chips) 
Seat 3: ni_k.o._0914 ($2.05 in chips) 
Seat 4: pvd44443 ($2.27 in chips) 
Seat 6: docthedoc66 ($2.99 in chips) 
Seat 7: count_strakula ($1.34 in chips) 
Seat 8: Villy184 ($2.10 in chips) 
count_strakula: posts small blind $0.01
Villy184: posts big blind $0.02
*** HOLE CARDS ***
Dealt to Dorex2007 [2h Kc]
oblivionreX: folds 
Dorex2007: folds 
ni_k.o._0914: folds 
pvd44443: raises $0.04 to $0.06
docthedoc66: folds 
BIKIHG joins the table at seat #5 
count_strakula: folds 
Villy184: folds 
Uncalled bet ($0.04) returned to pvd44443
pvd44443 collected $0.05 from pot
*** SUMMARY ***
Total pot $0.05 | Rake $0 
Seat 1: oblivionreX folded before Flop (didn't bet)
Seat 2: Dorex2007 folded before Flop (didn't bet)
Seat 3: ni_k.o._0914 folded before Flop (didn't bet)
Seat 4: pvd44443 collected ($0.05)
Seat 6: docthedoc66 (button) folded before Flop (didn't bet)
Seat 7: count_strakula (small blind) folded before Flop
Seat 8: Villy184 (big blind) folded before Flop



PokerStars Hand #228375320279:  Hold'em No Limit ($0.01/$0.02 USD) - 2021/07/17 23:30:36 PT [2021/07/18 2:30:36 ET]
Table 'Nipponia' 9-max Seat #7 is the button
Seat 1: oblivionreX ($2 in chips) 
Seat 2: Dorex2007 ($2.22 in chips) 
Seat 3: ni_k.o._0914 ($2.05 in chips) 
Seat 4: pvd44443 ($2.30 in chips) 
Seat 6: docthedoc66 ($2.99 in chips) 
Seat 7: count_strakula ($1.33 in chips) 
Seat 8: Villy184 ($2.08 in chips) 
Villy184: posts small blind $0.01
oblivionreX: posts big blind $0.02
BIKIHG: sits out 
*** HOLE CARDS ***
Dealt to Dorex2007 [Qc Jh]
Dorex2007: folds 
ni_k.o._0914: folds 
pvd44443: folds 
docthedoc66: folds 
count_strakula: folds 
Villy184: folds 
Uncalled bet ($0.01) returned to oblivionreX
oblivionreX collected $0.02 from pot
oblivionreX: doesn't show hand 
*** SUMMARY ***
Total pot $0.02 | Rake $0 
Seat 1: oblivionreX (big blind) collected ($0.02)
Seat 2: Dorex2007 folded before Flop (didn't bet)
Seat 3: ni_k.o._0914 folded before Flop (didn't bet)
Seat 4: pvd44443 folded before Flop (didn't bet)
Seat 6: docthedoc66 folded before Flop (didn't bet)
Seat 7: count_strakula (button) folded before Flop (didn't bet)
Seat 8: Villy184 (small blind) folded before Flop



PokerStars Hand #228375323029:  Hold'em No Limit ($0.01/$0.02 USD) - 2021/07/17 23:30:55 PT [2021/07/18 2:30:55 ET]
Table 'Nipponia' 9-max Seat #8 is the button
Seat 1: oblivionreX ($2.01 in chips) 
Seat 2: Dorex2007 ($2.22 in chips) 
Seat 3: ni_k.o._0914 ($2.05 in chips) 
Seat 4: pvd44443 ($2.30 in chips) 
Seat 6: docthedoc66 ($2.99 in chips) 
Seat 7: count_strakula ($1.33 in chips) 
Seat 8: Villy184 ($2.07 in chips) 
oblivionreX: posts small blind $0.01
Dorex2007: posts big blind $0.02
BIKIHG: sits out 
*** HOLE CARDS ***
Dealt to Dorex2007 [Kc 5c]
ni_k.o._0914: folds 
pvd44443: folds 
docthedoc66: folds 
count_strakula: calls $0.02
Villy184: calls $0.02
oblivionreX: calls $0.01
Dorex2007: checks 
*** FLOP *** [2h 9c 3s]
oblivionreX: checks 
Dorex2007: checks 
count_strakula: bets $0.06
Villy184: folds 
oblivionreX: folds 
Dorex2007: folds 
Uncalled bet ($0.06) returned to count_strakula
count_strakula collected $0.08 from pot
count_strakula: doesn't show hand 
*** SUMMARY ***
Total pot $0.08 | Rake $0 
Board [2h 9c 3s]
Seat 1: oblivionreX (small blind) folded on the Flop
Seat 2: Dorex2007 (big blind) folded on the Flop
Seat 3: ni_k.o._0914 folded before Flop (didn't bet)
Seat 4: pvd44443 folded before Flop (didn't bet)
Seat 6: docthedoc66 folded before Flop (didn't bet)
Seat 7: count_strakula collected ($0.08)
Seat 8: Villy184 (button) folded on the Flop



PokerStars Hand #228375328796:  Hold'em No Limit ($0.01/$0.02 USD) - 2021/07/17 23:31:34 PT [2021/07/18 2:31:34 ET]
Table 'Nipponia' 9-max Seat #1 is the button
Seat 1: oblivionreX ($1.99 in chips) 
Seat 2: Dorex2007 ($2.20 in chips) 
Seat 3: ni_k.o._0914 ($2.05 in chips) 
Seat 4: pvd44443 ($2.30 in chips) 
Seat 6: docthedoc66 ($2.99 in chips) 
Seat 7: count_strakula ($1.39 in chips) 
Seat 8: Villy184 ($2.05 in chips) 
Dorex2007: posts small blind $0.01
ni_k.o._0914: posts big blind $0.02
BIKIHG: sits out 
*** HOLE CARDS ***
Dealt to Dorex2007 [7c 3c]
pvd44443: folds 
docthedoc66: folds 
count_strakula: calls $0.02
Villy184: folds 
oblivionreX: folds 
Dorex2007: folds 
ni_k.o._0914: checks 
*** FLOP *** [As 2c 2h]
ni_k.o._0914: checks 
count_strakula: checks 
*** TURN *** [As 2c 2h] [6c]
ni_k.o._0914: bets $0.04
count_strakula: calls $0.04
*** RIVER *** [As 2c 2h 6c] [5s]
ni_k.o._0914: bets $0.04
count_strakula: raises $0.08 to $0.12
ni_k.o._0914: folds 
Uncalled bet ($0.08) returned to count_strakula
count_strakula collected $0.20 from pot
count_strakula: doesn't show hand 
*** SUMMARY ***
Total pot $0.21 | Rake $0.01 
Board [As 2c 2h 6c 5s]
Seat 1: oblivionreX (button) folded before Flop (didn't bet)
Seat 2: Dorex2007 (small blind) folded before Flop
Seat 3: ni_k.o._0914 (big blind) folded on the River
Seat 4: pvd44443 folded before Flop (didn't bet)
Seat 6: docthedoc66 folded before Flop (didn't bet)
Seat 7: count_strakula collected ($0.20)
Seat 8: Villy184 folded before Flop (didn't bet)



PokerStars Hand #228375335262:  Hold'em No Limit ($0.01/$0.02 USD) - 2021/07/17 23:32:18 PT [2021/07/18 2:32:18 ET]
Table 'Nipponia' 9-max Seat #2 is the button
Seat 1: oblivionreX ($1.99 in chips) 
Seat 2: Dorex2007 ($2.19 in chips) 
Seat 3: ni_k.o._0914 ($2 in chips) 
Seat 4: pvd44443 ($2.30 in chips) 
Seat 6: docthedoc66 ($2.99 in chips) 
Seat 7: count_strakula ($1.49 in chips) 
Seat 8: Villy184 ($2.05 in chips) 
ni_k.o._0914: posts small blind $0.01
pvd44443: posts big blind $0.02
BIKIHG: sits out 
*** HOLE CARDS ***
Dealt to Dorex2007 [Jd 5h]
docthedoc66: folds 
count_strakula: folds 
Villy184: folds 
oblivionreX: raises $0.04 to $0.06
Dorex2007: folds 
ni_k.o._0914: raises $0.12 to $0.18
pvd44443: folds 
oblivionreX: folds 
Uncalled bet ($0.12) returned to ni_k.o._0914
ni_k.o._0914 collected $0.14 from pot
ni_k.o._0914: doesn't show hand 
*** SUMMARY ***
Total pot $0.14 | Rake $0 
Seat 1: oblivionreX folded before Flop
Seat 2: Dorex2007 (button) folded before Flop (didn't bet)
Seat 3: ni_k.o._0914 (small blind) collected ($0.14)
Seat 4: pvd44443 (big blind) folded before Flop
Seat 6: docthedoc66 folded before Flop (didn't bet)
Seat 7: count_strakula folded before Flop (didn't bet)
Seat 8: Villy184 folded before Flop (didn't bet)



PokerStars Hand #228375338858:  Hold'em No Limit ($0.01/$0.02 USD) - 2021/07/17 23:32:43 PT [2021/07/18 2:32:43 ET]
Table 'Nipponia' 9-max Seat #3 is the button
Seat 1: oblivionreX ($1.93 in chips) 
Seat 2: Dorex2007 ($2.19 in chips) 
Seat 3: ni_k.o._0914 ($2.08 in chips) 
Seat 4: pvd44443 ($2.28 in chips) 
Seat 5: BIKIHG ($0.80 in chips) 
Seat 6: docthedoc66 ($2.99 in chips) 
Seat 7: count_strakula ($1.49 in chips) 
Seat 8: Villy184 ($2.05 in chips) 
pvd44443: posts small blind $0.01
BIKIHG: posts big blind $0.02
*** HOLE CARDS ***
Dealt to Dorex2007 [2h 2d]
docthedoc66: folds 
count_strakula: folds 
Villy184: calls $0.02
oblivionreX: folds 
Dorex2007: calls $0.02
ni_k.o._0914: calls $0.02
pvd44443: calls $0.01
BIKIHG: checks 
*** FLOP *** [8s Jc Qc]
pvd44443: bets $0.02
BIKIHG: folds 
Villy184: calls $0.02
Dorex2007: folds 
ni_k.o._0914: calls $0.02
*** TURN *** [8s Jc Qc] [Tc]
pvd44443: bets $0.08
Villy184: folds 
ni_k.o._0914: calls $0.08
*** RIVER *** [8s Jc Qc Tc] [3d]
pvd44443: bets $0.16
ni_k.o._0914: raises $0.35 to $0.51
pvd44443: folds 
Uncalled bet ($0.35) returned to ni_k.o._0914
ni_k.o._0914 collected $0.62 from pot
ni_k.o._0914: doesn't show hand 
*** SUMMARY ***
Total pot $0.64 | Rake $0.02 
Board [8s Jc Qc Tc 3d]
Seat 1: oblivionreX folded before Flop (didn't bet)
Seat 2: Dorex2007 folded on the Flop
Seat 3: ni_k.o._0914 (button) collected ($0.62)
Seat 4: pvd44443 (small blind) folded on the River
Seat 5: BIKIHG (big blind) folded on the Flop
Seat 6: docthedoc66 folded before Flop (didn't bet)
Seat 7: count_strakula folded before Flop (didn't bet)
Seat 8: Villy184 folded on the Turn



PokerStars Hand #228375347801:  Hold'em No Limit ($0.01/$0.02 USD) - 2021/07/17 23:33:44 PT [2021/07/18 2:33:44 ET]
Table 'Nipponia' 9-max Seat #4 is the button
Seat 1: oblivionreX ($2 in chips) 
Seat 2: Dorex2007 ($2.17 in chips) 
Seat 3: ni_k.o._0914 ($2.42 in chips) 
Seat 4: pvd44443 ($2 in chips) 
Seat 5: BIKIHG ($0.78 in chips) 
Seat 6: docthedoc66 ($2.99 in chips) 
Seat 7: count_strakula ($1.49 in chips) 
Seat 8: Villy184 ($2.01 in chips) 
BIKIHG: posts small blind $0.01
docthedoc66: posts big blind $0.02
*** HOLE CARDS ***
Dealt to Dorex2007 [Ks As]
count_strakula: calls $0.02
Villy184: calls $0.02
oblivionreX: folds 
Dorex2007: raises $0.12 to $0.14
ni_k.o._0914: folds 
pvd44443: folds 
BIKIHG: calls $0.13
docthedoc66: folds 
count_strakula: folds 
Villy184: folds 
*** FLOP *** [5s Qc 9c]
BIKIHG: checks 
Dorex2007: bets $0.33
BIKIHG: raises $0.31 to $0.64 and is all-in
Dorex2007: calls $0.31
*** TURN *** [5s Qc 9c] [6c]
*** RIVER *** [5s Qc 9c 6c] [7d]
*** SHOW DOWN ***
BIKIHG: shows [Td 7c] (a pair of Sevens)
Dorex2007: shows [Ks As] (high card Ace)
BIKIHG cashed out the hand for $0.42
*** SUMMARY ***
Total pot $1.62 | Rake $0.06 
Board [5s Qc 9c 6c 7d]
Seat 1: oblivionreX folded before Flop (didn't bet)
Seat 2: Dorex2007 showed [Ks As] and lost with high card Ace
Seat 3: ni_k.o._0914 folded before Flop (didn't bet)
Seat 4: pvd44443 (button) folded before Flop (didn't bet)
Seat 5: BIKIHG (small blind) showed [Td 7c] and won ($1.56) with a pair of Sevens (pot not awarded as player cashed out)
Seat 6: docthedoc66 (big blind) folded before Flop
Seat 7: count_strakula folded before Flop
Seat 8: Villy184 folded before Flop



PokerStars Hand #228375357218:  Hold'em No Limit ($0.01/$0.02 USD) - 2021/07/17 23:34:48 PT [2021/07/18 2:34:48 ET]
Table 'Nipponia' 9-max Seat #5 is the button
Seat 1: oblivionreX ($2 in chips) 
Seat 2: Dorex2007 ($1.39 in chips) 
Seat 3: ni_k.o._0914 ($2.42 in chips) 
Seat 4: pvd44443 ($2 in chips) 
Seat 5: BIKIHG ($0.42 in chips) 
Seat 6: docthedoc66 ($2.97 in chips) 
Seat 7: count_strakula ($1.47 in chips) 
Seat 8: Villy184 ($1.99 in chips) 
docthedoc66: posts small blind $0.01
count_strakula: posts big blind $0.02
*** HOLE CARDS ***
Dealt to Dorex2007 [Kd 2h]
Villy184: calls $0.02
oblivionreX: raises $0.05 to $0.07
Dorex2007: folds 
ni_k.o._0914: folds 
pvd44443: calls $0.07
BIKIHG: folds 
docthedoc66: calls $0.06
count_strakula: calls $0.05
Villy184: calls $0.05
*** FLOP *** [6s 7h Ts]
docthedoc66: checks 
count_strakula: checks 
Villy184: checks 
oblivionreX: checks 
pvd44443: bets $0.17
docthedoc66: folds 
count_strakula: folds 
Villy184: folds 
oblivionreX: folds 
Uncalled bet ($0.17) returned to pvd44443
pvd44443 collected $0.34 from pot
*** SUMMARY ***
Total pot $0.35 | Rake $0.01 
Board [6s 7h Ts]
Seat 1: oblivionreX folded on the Flop
Seat 2: Dorex2007 folded before Flop (didn't bet)
Seat 3: ni_k.o._0914 folded before Flop (didn't bet)
Seat 4: pvd44443 collected ($0.34)
Seat 5: BIKIHG (button) folded before Flop (didn't bet)
Seat 6: docthedoc66 (small blind) folded on the Flop
Seat 7: count_strakula (big blind) folded on the Flop
Seat 8: Villy184 folded on the Flop



PokerStars Hand #228375366506:  Hold'em No Limit ($0.01/$0.02 USD) - 2021/07/17 23:35:51 PT [2021/07/18 2:35:51 ET]
Table 'Nipponia' 9-max Seat #6 is the button
Seat 1: oblivionreX ($1.93 in chips) 
Seat 2: Dorex2007 ($1.39 in chips) 
Seat 3: ni_k.o._0914 ($2.42 in chips) 
Seat 4: pvd44443 ($2.27 in chips) 
Seat 5: BIKIHG ($0.42 in chips) 
Seat 6: docthedoc66 ($2.90 in chips) 
Seat 7: count_strakula ($1.40 in chips) 
Seat 8: Villy184 ($1.92 in chips) 
count_strakula: posts small blind $0.01
Villy184: posts big blind $0.02
*** HOLE CARDS ***
Dealt to Dorex2007 [Ts 3c]
oblivionreX: raises $0.04 to $0.06
Dorex2007: folds 
ni_k.o._0914: calls $0.06
pvd44443: folds 
BIKIHG: folds 
docthedoc66: folds 
count_strakula: calls $0.05
Villy184: calls $0.04
*** FLOP *** [Th Td 6s]
count_strakula: checks 
Villy184: checks 
oblivionreX: checks 
ni_k.o._0914: checks 
*** TURN *** [Th Td 6s] [Jc]
count_strakula: checks 
Villy184: checks 
oblivionreX: checks 
ni_k.o._0914: checks 
*** RIVER *** [Th Td 6s Jc] [8h]
count_strakula: checks 
Villy184: checks 
oblivionreX: checks 
ni_k.o._0914: bets $0.17
count_strakula: folds 
Villy184: folds 
oblivionreX: folds 
Uncalled bet ($0.17) returned to ni_k.o._0914
ni_k.o._0914 collected $0.23 from pot
ni_k.o._0914: doesn't show hand 
*** SUMMARY ***
Total pot $0.24 | Rake $0.01 
Board [Th Td 6s Jc 8h]
Seat 1: oblivionreX folded on the River
Seat 2: Dorex2007 folded before Flop (didn't bet)
Seat 3: ni_k.o._0914 collected ($0.23)
Seat 4: pvd44443 folded before Flop (didn't bet)
Seat 5: BIKIHG folded before Flop (didn't bet)
Seat 6: docthedoc66 (button) folded before Flop (didn't bet)
Seat 7: count_strakula (small blind) folded on the River
Seat 8: Villy184 (big blind) folded on the River



PokerStars Hand #228375375708:  Hold'em No Limit ($0.01/$0.02 USD) - 2021/07/17 23:36:54 PT [2021/07/18 2:36:54 ET]
Table 'Nipponia' 9-max Seat #7 is the button
Seat 1: oblivionreX ($1.94 in chips) 
Seat 2: Dorex2007 ($1.39 in chips) 
Seat 3: ni_k.o._0914 ($2.59 in chips) 
Seat 4: pvd44443 ($2.27 in chips) 
Seat 5: BIKIHG ($0.42 in chips) 
Seat 6: docthedoc66 ($2.90 in chips) 
Seat 7: count_strakula ($1.34 in chips) 
Seat 8: Villy184 ($1.86 in chips) 
Villy184: posts small blind $0.01
oblivionreX: posts big blind $0.02
*** HOLE CARDS ***
Dealt to Dorex2007 [6c Jh]
Dorex2007: folds 
ni_k.o._0914: folds 
pvd44443: folds 
BIKIHG: calls $0.02
docthedoc66: folds 
count_strakula: folds 
Villy184: folds 
oblivionreX: checks 
*** FLOP *** [5h 9h Ac]
oblivionreX: checks 
BIKIHG: checks 
*** TURN *** [5h 9h Ac] [4d]
oblivionreX: checks 
BIKIHG: checks 
*** RIVER *** [5h 9h Ac 4d] [6d]
oblivionreX: checks 
BIKIHG: checks 
*** SHOW DOWN ***
oblivionreX: shows [8s 3s] (high card Ace)
BIKIHG: shows [3d Ks] (high card Ace - King kicker)
BIKIHG collected $0.05 from pot
frosa9397 leaves the table
*** SUMMARY ***
Total pot $0.05 | Rake $0 
Board [5h 9h Ac 4d 6d]
Seat 1: oblivionreX (big blind) showed [8s 3s] and lost with high card Ace
Seat 2: Dorex2007 folded before Flop (didn't bet)
Seat 3: ni_k.o._0914 folded before Flop (didn't bet)
Seat 4: pvd44443 folded before Flop (didn't bet)
Seat 5: BIKIHG showed [3d Ks] and won ($0.05) with high card Ace
Seat 6: docthedoc66 folded before Flop (didn't bet)
Seat 7: count_strakula (button) folded before Flop (didn't bet)
Seat 8: Villy184 (small blind) folded before Flop



PokerStars Hand #228375380826:  Hold'em No Limit ($0.01/$0.02 USD) - 2021/07/17 23:37:29 PT [2021/07/18 2:37:29 ET]
Table 'Nipponia' 9-max Seat #8 is the button
Seat 1: oblivionreX ($1.98 in chips) 
Seat 2: Dorex2007 ($2 in chips) 
Seat 3: ni_k.o._0914 ($2.59 in chips) 
Seat 4: pvd44443 ($2.27 in chips) 
Seat 5: BIKIHG ($0.45 in chips) 
Seat 6: docthedoc66 ($2.90 in chips) 
Seat 7: count_strakula ($1.34 in chips) 
Seat 8: Villy184 ($1.85 in chips) 
oblivionreX: posts small blind $0.01
Dorex2007: posts big blind $0.02
*** HOLE CARDS ***
Dealt to Dorex2007 [Jc 7d]
ni_k.o._0914: folds 
pvd44443: folds 
BIKIHG: raises $0.03 to $0.05
docthedoc66: folds 
BooRay199 joins the table at seat #9 
count_strakula: calls $0.05
Villy184: calls $0.05
oblivionreX: folds 
Dorex2007: folds 
*** FLOP *** [Kh 4s 4c]
BIKIHG: checks 
count_strakula: bets $0.10
Villy184: calls $0.10
BIKIHG: calls $0.10
*** TURN *** [Kh 4s 4c] [Qs]
BIKIHG: checks 
count_strakula: checks 
Villy184: checks 
*** RIVER *** [Kh 4s 4c Qs] [Tc]
BIKIHG: bets $0.10
count_strakula: folds 
Villy184: calls $0.10
*** SHOW DOWN ***
BIKIHG: shows [7c Kd] (two pair, Kings and Fours)
Villy184: shows [Qc Ks] (two pair, Kings and Queens)
Villy184 collected $0.66 from pot
*** SUMMARY ***
Total pot $0.68 | Rake $0.02 
Board [Kh 4s 4c Qs Tc]
Seat 1: oblivionreX (small blind) folded before Flop
Seat 2: Dorex2007 (big blind) folded before Flop
Seat 3: ni_k.o._0914 folded before Flop (didn't bet)
Seat 4: pvd44443 folded before Flop (didn't bet)
Seat 5: BIKIHG showed [7c Kd] and lost with two pair, Kings and Fours
Seat 6: docthedoc66 folded before Flop (didn't bet)
Seat 7: count_strakula folded on the River
Seat 8: Villy184 (button) showed [Qc Ks] and won ($0.66) with two pair, Kings and Queens



PokerStars Hand #228375392968:  Hold'em No Limit ($0.01/$0.02 USD) - 2021/07/17 23:38:51 PT [2021/07/18 2:38:51 ET]
Table 'Nipponia' 9-max Seat #1 is the button
Seat 1: oblivionreX ($1.97 in chips) 
Seat 2: Dorex2007 ($1.98 in chips) 
Seat 3: ni_k.o._0914 ($2.59 in chips) 
Seat 4: pvd44443 ($2.27 in chips) 
Seat 5: BIKIHG ($0.20 in chips) 
Seat 6: docthedoc66 ($2.90 in chips) 
Seat 7: count_strakula ($1.19 in chips) 
Seat 8: Villy184 ($2.26 in chips) 
Dorex2007: posts small blind $0.01
ni_k.o._0914: posts big blind $0.02
BooRay199: sits out 
*** HOLE CARDS ***
Dealt to Dorex2007 [Th Qh]
pvd44443: raises $0.04 to $0.06
BIKIHG: folds 
docthedoc66: calls $0.06
count_strakula: folds 
Villy184: folds 
BIKIHG leaves the table
oblivionreX: folds 
Dorex2007: folds 
ni_k.o._0914: folds 
*** FLOP *** [Qc 8s Ah]
pvd44443: checks 
docthedoc66: checks 
*** TURN *** [Qc 8s Ah] [6c]
pvd44443: checks 
docthedoc66: bets $0.07
pvd44443: folds 
Uncalled bet ($0.07) returned to docthedoc66
docthedoc66 collected $0.14 from pot
docthedoc66: doesn't show hand 
*** SUMMARY ***
Total pot $0.15 | Rake $0.01 
Board [Qc 8s Ah 6c]
Seat 1: oblivionreX (button) folded before Flop (didn't bet)
Seat 2: Dorex2007 (small blind) folded before Flop
Seat 3: ni_k.o._0914 (big blind) folded before Flop
Seat 4: pvd44443 folded on the Turn
Seat 5: BIKIHG folded before Flop (didn't bet)
Seat 6: docthedoc66 collected ($0.14)
Seat 7: count_strakula folded before Flop (didn't bet)
Seat 8: Villy184 folded before Flop (didn't bet)



PokerStars Hand #228375398794:  Hold'em No Limit ($0.01/$0.02 USD) - 2021/07/17 23:39:30 PT [2021/07/18 2:39:30 ET]
Table 'Nipponia' 9-max Seat #2 is the button
Seat 1: oblivionreX ($1.97 in chips) 
Seat 2: Dorex2007 ($1.97 in chips) 
Seat 3: ni_k.o._0914 ($2.57 in chips) 
Seat 4: pvd44443 ($2.21 in chips) 
Seat 6: docthedoc66 ($2.98 in chips) 
Seat 7: count_strakula ($1.19 in chips) 
Seat 8: Villy184 ($2.26 in chips) 
ni_k.o._0914: posts small blind $0.01
pvd44443: posts big blind $0.02
BooRay199: sits out 
*** HOLE CARDS ***
Dealt to Dorex2007 [3d Td]
docthedoc66: folds 
count_strakula: folds 
Villy184: folds 
oblivionreX: folds 
Dorex2007: folds 
ni_k.o._0914: folds 
Uncalled bet ($0.01) returned to pvd44443
pvd44443 collected $0.02 from pot
*** SUMMARY ***
Total pot $0.02 | Rake $0 
Seat 1: oblivionreX folded before Flop (didn't bet)
Seat 2: Dorex2007 (button) folded before Flop (didn't bet)
Seat 3: ni_k.o._0914 (small blind) folded before Flop
Seat 4: pvd44443 (big blind) collected ($0.02)
Seat 6: docthedoc66 folded before Flop (didn't bet)
Seat 7: count_strakula folded before Flop (didn't bet)
Seat 8: Villy184 folded before Flop (didn't bet)



PokerStars Hand #228375400799:  Hold'em No Limit ($0.01/$0.02 USD) - 2021/07/17 23:39:44 PT [2021/07/18 2:39:44 ET]
Table 'Nipponia' 9-max Seat #3 is the button
Seat 1: oblivionreX ($1.97 in chips) 
Seat 2: Dorex2007 ($1.97 in chips) 
Seat 3: ni_k.o._0914 ($2.56 in chips) 
Seat 4: pvd44443 ($2.22 in chips) 
Seat 6: docthedoc66 ($2.98 in chips) 
Seat 7: count_strakula ($1.19 in chips) 
Seat 8: Villy184 ($2.26 in chips) 
pvd44443: posts small blind $0.01
docthedoc66: posts big blind $0.02
BooRay199: sits out 
*** HOLE CARDS ***
Dealt to Dorex2007 [2h Qc]
count_strakula: folds 
Villy184: folds 
oblivionreX: raises $0.04 to $0.06
Dorex2007: folds 
ni_k.o._0914: folds 
pvd44443: folds 
docthedoc66: folds 
Uncalled bet ($0.04) returned to oblivionreX
oblivionreX collected $0.05 from pot
oblivionreX: doesn't show hand 
*** SUMMARY ***
Total pot $0.05 | Rake $0 
Seat 1: oblivionreX collected ($0.05)
Seat 2: Dorex2007 folded before Flop (didn't bet)
Seat 3: ni_k.o._0914 (button) folded before Flop (didn't bet)
Seat 4: pvd44443 (small blind) folded before Flop
Seat 6: docthedoc66 (big blind) folded before Flop
Seat 7: count_strakula folded before Flop (didn't bet)
Seat 8: Villy184 folded before Flop (didn't bet)



PokerStars Hand #228375403945:  Hold'em No Limit ($0.01/$0.02 USD) - 2021/07/17 23:40:05 PT [2021/07/18 2:40:05 ET]
Table 'Nipponia' 9-max Seat #4 is the button
Seat 1: oblivionreX ($2 in chips) 
Seat 2: Dorex2007 ($1.97 in chips) 
Seat 3: ni_k.o._0914 ($2.56 in chips) 
Seat 4: pvd44443 ($2.21 in chips) 
Seat 6: docthedoc66 ($2.96 in chips) 
Seat 7: count_strakula ($1.19 in chips) 
docthedoc66: posts small blind $0.01
count_strakula: posts big blind $0.02
BooRay199: sits out 
*** HOLE CARDS ***
Dealt to Dorex2007 [2d 3s]
oblivionreX: folds 
Dorex2007: folds 
ni_k.o._0914: folds 
pvd44443: folds 
docthedoc66: calls $0.01
count_strakula: checks 
*** FLOP *** [Jd Qc 4d]
docthedoc66: checks 
count_strakula: bets $0.04
docthedoc66: folds 
Uncalled bet ($0.04) returned to count_strakula
count_strakula collected $0.04 from pot
count_strakula: doesn't show hand 
*** SUMMARY ***
Total pot $0.04 | Rake $0 
Board [Jd Qc 4d]
Seat 1: oblivionreX folded before Flop (didn't bet)
Seat 2: Dorex2007 folded before Flop (didn't bet)
Seat 3: ni_k.o._0914 folded before Flop (didn't bet)
Seat 4: pvd44443 (button) folded before Flop (didn't bet)
Seat 6: docthedoc66 (small blind) folded on the Flop
Seat 7: count_strakula (big blind) collected ($0.04)



PokerStars Hand #228375407421:  Hold'em No Limit ($0.01/$0.02 USD) - 2021/07/17 23:40:29 PT [2021/07/18 2:40:29 ET]
Table 'Nipponia' 9-max Seat #6 is the button
Seat 1: oblivionreX ($2 in chips) 
Seat 2: Dorex2007 ($1.97 in chips) 
Seat 3: ni_k.o._0914 ($2.56 in chips) 
Seat 4: pvd44443 ($2.21 in chips) 
Seat 6: docthedoc66 ($2.94 in chips) 
Seat 7: count_strakula ($1.21 in chips) 
Seat 9: BooRay199 ($2 in chips) 
count_strakula: posts small blind $0.01
BooRay199: posts big blind $0.02
*** HOLE CARDS ***
Dealt to Dorex2007 [2d Tc]
oblivionreX: folds 
Dorex2007: folds 
ni_k.o._0914: folds 
itchi123 joins the table at seat #5 
pvd44443: folds 
docthedoc66: folds 
count_strakula: folds 
Uncalled bet ($0.01) returned to BooRay199
BooRay199 collected $0.02 from pot
BooRay199: doesn't show hand 
*** SUMMARY ***
Total pot $0.02 | Rake $0 
Seat 1: oblivionreX folded before Flop (didn't bet)
Seat 2: Dorex2007 folded before Flop (didn't bet)
Seat 3: ni_k.o._0914 folded before Flop (didn't bet)
Seat 4: pvd44443 folded before Flop (didn't bet)
Seat 6: docthedoc66 (button) folded before Flop (didn't bet)
Seat 7: count_strakula (small blind) folded before Flop
Seat 9: BooRay199 (big blind) collected ($0.02)



PokerStars Hand #228375410316:  Hold'em No Limit ($0.01/$0.02 USD) - 2021/07/17 23:40:48 PT [2021/07/18 2:40:48 ET]
Table 'Nipponia' 9-max Seat #7 is the button
Seat 1: oblivionreX ($2 in chips) 
Seat 2: Dorex2007 ($1.97 in chips) 
Seat 3: ni_k.o._0914 ($2.56 in chips) 
Seat 4: pvd44443 ($2.21 in chips) 
Seat 6: docthedoc66 ($2.94 in chips) 
Seat 7: count_strakula ($1.20 in chips) 
Seat 9: BooRay199 ($2.01 in chips) 
BooRay199: posts small blind $0.01
oblivionreX: posts big blind $0.02
itchi123: sits out 
*** HOLE CARDS ***
Dealt to Dorex2007 [8s Kc]
Dorex2007: folds 
ni_k.o._0914: folds 
pvd44443: folds 
docthedoc66: folds 
count_strakula: calls $0.02
BooRay199: folds 
oblivionreX: checks 
*** FLOP *** [Qd 9d Ac]
oblivionreX: checks 
count_strakula: bets $0.04
oblivionreX: folds 
Uncalled bet ($0.04) returned to count_strakula
count_strakula collected $0.05 from pot
count_strakula: doesn't show hand 
*** SUMMARY ***
Total pot $0.05 | Rake $0 
Board [Qd 9d Ac]
Seat 1: oblivionreX (big blind) folded on the Flop
Seat 2: Dorex2007 folded before Flop (didn't bet)
Seat 3: ni_k.o._0914 folded before Flop (didn't bet)
Seat 4: pvd44443 folded before Flop (didn't bet)
Seat 6: docthedoc66 folded before Flop (didn't bet)
Seat 7: count_strakula (button) collected ($0.05)
Seat 9: BooRay199 (small blind) folded before Flop



PokerStars Hand #228375414332:  Hold'em No Limit ($0.01/$0.02 USD) - 2021/07/17 23:41:15 PT [2021/07/18 2:41:15 ET]
Table 'Nipponia' 9-max Seat #9 is the button
Seat 1: oblivionreX ($1.98 in chips) 
Seat 2: Dorex2007 ($1.97 in chips) 
Seat 3: ni_k.o._0914 ($2.56 in chips) 
Seat 4: pvd44443 ($2.21 in chips) 
Seat 5: itchi123 ($2 in chips) 
Seat 6: docthedoc66 ($2.94 in chips) 
Seat 7: count_strakula ($1.23 in chips) 
Seat 9: BooRay199 ($2 in chips) 
oblivionreX: posts small blind $0.01
Dorex2007: posts big blind $0.02
itchi123: posts big blind $0.02
*** HOLE CARDS ***
Dealt to Dorex2007 [8s 4s]
ni_k.o._0914: folds 
pvd44443: folds 
itchi123: checks 
docthedoc66: folds 
count_strakula: calls $0.02
BooRay199: folds 
oblivionreX: calls $0.01
Dorex2007: checks 
*** FLOP *** [4h Ac 3h]
oblivionreX: checks 
Dorex2007: bets $0.08
itchi123: calls $0.08
count_strakula: folds 
oblivionreX: folds 
*** TURN *** [4h Ac 3h] [6d]
Dorex2007: checks 
itchi123: checks 
*** RIVER *** [4h Ac 3h 6d] [Kc]
Dorex2007: bets $0.12
itchi123: calls $0.12
*** SHOW DOWN ***
Dorex2007: shows [8s 4s] (a pair of Fours)
itchi123: shows [5s As] (a pair of Aces)
itchi123 collected $0.46 from pot
*** SUMMARY ***
Total pot $0.48 | Rake $0.02 
Board [4h Ac 3h 6d Kc]
Seat 1: oblivionreX (small blind) folded on the Flop
Seat 2: Dorex2007 (big blind) showed [8s 4s] and lost with a pair of Fours
Seat 3: ni_k.o._0914 folded before Flop (didn't bet)
Seat 4: pvd44443 folded before Flop (didn't bet)
Seat 5: itchi123 showed [5s As] and won ($0.46) with a pair of Aces
Seat 6: docthedoc66 folded before Flop (didn't bet)
Seat 7: count_strakula folded on the Flop
Seat 9: BooRay199 (button) folded before Flop (didn't bet)



PokerStars Hand #228375423742:  Hold'em No Limit ($0.01/$0.02 USD) - 2021/07/17 23:42:18 PT [2021/07/18 2:42:18 ET]
Table 'Nipponia' 9-max Seat #1 is the button
Seat 1: oblivionreX ($1.96 in chips) 
Seat 2: Dorex2007 ($2 in chips) 
Seat 3: ni_k.o._0914 ($2.56 in chips) 
Seat 4: pvd44443 ($2.21 in chips) 
Seat 5: itchi123 ($2.24 in chips) 
Seat 6: docthedoc66 ($2.94 in chips) 
Seat 7: count_strakula ($1.21 in chips) 
Seat 9: BooRay199 ($2 in chips) 
Dorex2007: posts small blind $0.01
ni_k.o._0914: posts big blind $0.02
*** HOLE CARDS ***
Dealt to Dorex2007 [Qd 3c]
pvd44443: folds 
itchi123: folds 
docthedoc66: folds 
count_strakula: calls $0.02
BooRay199: raises $0.06 to $0.08
oblivionreX: folds 
Dorex2007: folds 
ni_k.o._0914: folds 
count_strakula: calls $0.06
*** FLOP *** [7d 4s 2d]
count_strakula: checks 
BooRay199: bets $0.11
count_strakula: folds 
Uncalled bet ($0.11) returned to BooRay199
BooRay199 collected $0.18 from pot
BooRay199: doesn't show hand 
*** SUMMARY ***
Total pot $0.19 | Rake $0.01 
Board [7d 4s 2d]
Seat 1: oblivionreX (button) folded before Flop (didn't bet)
Seat 2: Dorex2007 (small blind) folded before Flop
Seat 3: ni_k.o._0914 (big blind) folded before Flop
Seat 4: pvd44443 folded before Flop (didn't bet)
Seat 5: itchi123 folded before Flop (didn't bet)
Seat 6: docthedoc66 folded before Flop (didn't bet)
Seat 7: count_strakula folded on the Flop
Seat 9: BooRay199 collected ($0.18)



PokerStars Hand #228375431955:  Hold'em No Limit ($0.01/$0.02 USD) - 2021/07/17 23:43:13 PT [2021/07/18 2:43:13 ET]
Table 'Nipponia' 9-max Seat #2 is the button
Seat 1: oblivionreX ($1.96 in chips) 
Seat 2: Dorex2007 ($1.99 in chips) 
Seat 3: ni_k.o._0914 ($2.54 in chips) 
Seat 4: pvd44443 ($2.21 in chips) 
Seat 5: itchi123 ($2.24 in chips) 
Seat 6: docthedoc66 ($2.94 in chips) 
Seat 7: count_strakula ($1.13 in chips) 
Seat 8: Villy184 ($2.26 in chips) 
Seat 9: BooRay199 ($2.10 in chips) 
ni_k.o._0914: posts small blind $0.01
pvd44443: posts big blind $0.02
Villy184: posts small & big blinds $0.03
*** HOLE CARDS ***
Dealt to Dorex2007 [7d 3h]
itchi123: calls $0.02
docthedoc66: calls $0.02
count_strakula: calls $0.02
Villy184: checks 
BooRay199: calls $0.02
oblivionreX: folds 
Dorex2007: folds 
ni_k.o._0914: calls $0.01
pvd44443: checks 
*** FLOP *** [Ts Kd Qh]
ni_k.o._0914: checks 
pvd44443: bets $0.02
itchi123: raises $0.06 to $0.08
docthedoc66: folds 
count_strakula: calls $0.08
Villy184: folds 
BooRay199: folds 
ni_k.o._0914: folds 
pvd44443: calls $0.06
*** TURN *** [Ts Kd Qh] [5s]
pvd44443: checks 
itchi123: bets $0.20
count_strakula: calls $0.20
pvd44443: folds 
*** RIVER *** [Ts Kd Qh 5s] [9d]
itchi123: bets $0.40
count_strakula: folds 
Uncalled bet ($0.40) returned to itchi123
itchi123 collected $0.76 from pot
itchi123: doesn't show hand 
*** SUMMARY ***
Total pot $0.79 | Rake $0.03 
Board [Ts Kd Qh 5s 9d]
Seat 1: oblivionreX folded before Flop (didn't bet)
Seat 2: Dorex2007 (button) folded before Flop (didn't bet)
Seat 3: ni_k.o._0914 (small blind) folded on the Flop
Seat 4: pvd44443 (big blind) folded on the Turn
Seat 5: itchi123 collected ($0.76)
Seat 6: docthedoc66 folded on the Flop
Seat 7: count_strakula folded on the River
Seat 8: Villy184 folded on the Flop (didn't bet)
Seat 9: BooRay199 folded on the Flop



PokerStars Hand #228375442390:  Hold'em No Limit ($0.01/$0.02 USD) - 2021/07/17 23:44:23 PT [2021/07/18 2:44:23 ET]
Table 'Nipponia' 9-max Seat #3 is the button
Seat 1: oblivionreX ($1.96 in chips) 
Seat 2: Dorex2007 ($1.99 in chips) 
Seat 3: ni_k.o._0914 ($2.52 in chips) 
Seat 4: pvd44443 ($2.11 in chips) 
Seat 5: itchi123 ($2.70 in chips) 
Seat 6: docthedoc66 ($2.92 in chips) 
Seat 7: count_strakula ($0.83 in chips) 
Seat 8: Villy184 ($2.23 in chips) 
Seat 9: BooRay199 ($2.08 in chips) 
pvd44443: posts small blind $0.01
itchi123: posts big blind $0.02
*** HOLE CARDS ***
Dealt to Dorex2007 [Kc Qd]
docthedoc66: folds 
count_strakula: calls $0.02
Villy184: folds 
BooRay199: folds 
oblivionreX: folds 
Dorex2007: calls $0.02
ni_k.o._0914: calls $0.02
pvd44443: folds 
itchi123: checks 
*** FLOP *** [Tc 3h Td]
itchi123: checks 
count_strakula: checks 
Dorex2007: checks 
ni_k.o._0914: checks 
*** TURN *** [Tc 3h Td] [8s]
itchi123: bets $0.04
count_strakula: folds 
Dorex2007: folds 
ni_k.o._0914: folds 
Uncalled bet ($0.04) returned to itchi123
itchi123 collected $0.09 from pot
itchi123: doesn't show hand 
*** SUMMARY ***
Total pot $0.09 | Rake $0 
Board [Tc 3h Td 8s]
Seat 1: oblivionreX folded before Flop (didn't bet)
Seat 2: Dorex2007 folded on the Turn
Seat 3: ni_k.o._0914 (button) folded on the Turn
Seat 4: pvd44443 (small blind) folded before Flop
Seat 5: itchi123 (big blind) collected ($0.09)
Seat 6: docthedoc66 folded before Flop (didn't bet)
Seat 7: count_strakula folded on the Turn
Seat 8: Villy184 folded before Flop (didn't bet)
Seat 9: BooRay199 folded before Flop (didn't bet)



PokerStars Hand #228375450513:  Hold'em No Limit ($0.01/$0.02 USD) - 2021/07/17 23:45:16 PT [2021/07/18 2:45:16 ET]
Table 'Nipponia' 9-max Seat #4 is the button
Seat 1: oblivionreX ($1.96 in chips) 
Seat 2: Dorex2007 ($1.97 in chips) 
Seat 3: ni_k.o._0914 ($2.50 in chips) 
Seat 4: pvd44443 ($2.10 in chips) 
Seat 5: itchi123 ($2.77 in chips) 
Seat 6: docthedoc66 ($2.92 in chips) 
Seat 7: count_strakula ($0.81 in chips) 
Seat 8: Villy184 ($2.23 in chips) 
Seat 9: BooRay199 ($2.08 in chips) 
itchi123: posts small blind $0.01
docthedoc66: posts big blind $0.02
*** HOLE CARDS ***
Dealt to Dorex2007 [5d 7s]
count_strakula: calls $0.02
Villy184: calls $0.02
BooRay199: folds 
oblivionreX: folds 
Dorex2007: folds 
ni_k.o._0914: folds 
pvd44443: raises $0.74 to $0.76
itchi123: folds 
docthedoc66: folds 
count_strakula: folds 
Villy184: folds 
Uncalled bet ($0.74) returned to pvd44443
pvd44443 collected $0.09 from pot
*** SUMMARY ***
Total pot $0.09 | Rake $0 
Seat 1: oblivionreX folded before Flop (didn't bet)
Seat 2: Dorex2007 folded before Flop (didn't bet)
Seat 3: ni_k.o._0914 folded before Flop (didn't bet)
Seat 4: pvd44443 (button) collected ($0.09)
Seat 5: itchi123 (small blind) folded before Flop
Seat 6: docthedoc66 (big blind) folded before Flop
Seat 7: count_strakula folded before Flop
Seat 8: Villy184 folded before Flop
Seat 9: BooRay199 folded before Flop (didn't bet)



PokerStars Hand #228375455717:  Hold'em No Limit ($0.01/$0.02 USD) - 2021/07/17 23:45:51 PT [2021/07/18 2:45:51 ET]
Table 'Nipponia' 9-max Seat #5 is the button
Seat 1: oblivionreX ($1.96 in chips) 
Seat 2: Dorex2007 ($1.97 in chips) 
Seat 3: ni_k.o._0914 ($2.50 in chips) 
Seat 4: pvd44443 ($2.17 in chips) 
Seat 5: itchi123 ($2.76 in chips) 
Seat 6: docthedoc66 ($2.90 in chips) 
Seat 7: count_strakula ($0.79 in chips) 
Seat 8: Villy184 ($2.21 in chips) 
Seat 9: BooRay199 ($2.08 in chips) 
docthedoc66: posts small blind $0.01
count_strakula: posts big blind $0.02
*** HOLE CARDS ***
Dealt to Dorex2007 [Qs 6c]
Villy184: calls $0.02
BooRay199: raises $0.06 to $0.08
oblivionreX: folds 
Dorex2007: folds 
ni_k.o._0914: folds 
pvd44443: folds 
itchi123: calls $0.08
docthedoc66: folds 
count_strakula: folds 
Villy184: calls $0.06
*** FLOP *** [6s Tc 2h]
Villy184: checks 
BooRay199: bets $0.13
itchi123: calls $0.13
Villy184: folds 
*** TURN *** [6s Tc 2h] [5s]
BooRay199: bets $0.26
itchi123: folds 
Uncalled bet ($0.26) returned to BooRay199
BooRay199 collected $0.51 from pot
BooRay199: doesn't show hand 
*** SUMMARY ***
Total pot $0.53 | Rake $0.02 
Board [6s Tc 2h 5s]
Seat 1: oblivionreX folded before Flop (didn't bet)
Seat 2: Dorex2007 folded before Flop (didn't bet)
Seat 3: ni_k.o._0914 folded before Flop (didn't bet)
Seat 4: pvd44443 folded before Flop (didn't bet)
Seat 5: itchi123 (button) folded on the Turn
Seat 6: docthedoc66 (small blind) folded before Flop
Seat 7: count_strakula (big blind) folded before Flop
Seat 8: Villy184 folded on the Flop
Seat 9: BooRay199 collected ($0.51)



PokerStars Hand #228375474107:  Hold'em No Limit ($0.01/$0.02 USD) - 2021/07/17 23:47:02 PT [2021/07/18 2:47:02 ET]
Table 'Nipponia' 9-max Seat #6 is the button
Seat 1: oblivionreX ($1.96 in chips) 
Seat 2: Dorex2007 ($1.97 in chips) 
Seat 3: ni_k.o._0914 ($2.50 in chips) 
Seat 4: pvd44443 ($2.17 in chips) 
Seat 5: itchi123 ($2.55 in chips) 
Seat 6: docthedoc66 ($2.89 in chips) 
Seat 7: count_strakula ($0.77 in chips) 
Seat 8: Villy184 ($2.13 in chips) 
Seat 9: BooRay199 ($2.38 in chips) 
count_strakula: posts small blind $0.01
Villy184: posts big blind $0.02
*** HOLE CARDS ***
Dealt to Dorex2007 [5h Jc]
BooRay199: folds 
oblivionreX: folds 
Dorex2007: folds 
ni_k.o._0914: raises $0.04 to $0.06
pvd44443: folds 
itchi123: calls $0.06
docthedoc66: folds 
count_strakula: folds 
Villy184: calls $0.04
*** FLOP *** [Kd 2s Jd]
Villy184: checks 
ni_k.o._0914: bets $0.02
itchi123: raises $0.06 to $0.08
Villy184: folds 
ni_k.o._0914: folds 
Uncalled bet ($0.06) returned to itchi123
itchi123 collected $0.22 from pot
itchi123: doesn't show hand 
*** SUMMARY ***
Total pot $0.23 | Rake $0.01 
Board [Kd 2s Jd]
Seat 1: oblivionreX folded before Flop (didn't bet)
Seat 2: Dorex2007 folded before Flop (didn't bet)
Seat 3: ni_k.o._0914 folded on the Flop
Seat 4: pvd44443 folded before Flop (didn't bet)
Seat 5: itchi123 collected ($0.22)
Seat 6: docthedoc66 (button) folded before Flop (didn't bet)
Seat 7: count_strakula (small blind) folded before Flop
Seat 8: Villy184 (big blind) folded on the Flop
Seat 9: BooRay199 folded before Flop (didn't bet)



PokerStars Hand #228375480441:  Hold'em No Limit ($0.01/$0.02 USD) - 2021/07/17 23:47:44 PT [2021/07/18 2:47:44 ET]
Table 'Nipponia' 9-max Seat #7 is the button
Seat 1: oblivionreX ($1.96 in chips) 
Seat 2: Dorex2007 ($1.97 in chips) 
Seat 3: ni_k.o._0914 ($2.42 in chips) 
Seat 4: pvd44443 ($2.17 in chips) 
Seat 5: itchi123 ($2.69 in chips) 
Seat 6: docthedoc66 ($2.89 in chips) 
Seat 7: count_strakula ($0.76 in chips) 
Seat 8: Villy184 ($2.07 in chips) 
Seat 9: BooRay199 ($2.38 in chips) 
Villy184: posts small blind $0.01
BooRay199: posts big blind $0.02
*** HOLE CARDS ***
Dealt to Dorex2007 [3c 2d]
oblivionreX: raises $0.04 to $0.06
Dorex2007: folds 
ni_k.o._0914: calls $0.06
pvd44443: folds 
itchi123: folds 
docthedoc66: calls $0.06
count_strakula: folds 
Villy184: calls $0.05
BooRay199: folds 
*** FLOP *** [7h 2h 5d]
Villy184: checks 
oblivionreX: checks 
ni_k.o._0914: checks 
docthedoc66: checks 
*** TURN *** [7h 2h 5d] [Td]
Villy184: checks 
oblivionreX: bets $0.08
ni_k.o._0914: folds 
docthedoc66: folds 
Villy184: folds 
Uncalled bet ($0.08) returned to oblivionreX
oblivionreX collected $0.25 from pot
oblivionreX: doesn't show hand 
*** SUMMARY ***
Total pot $0.26 | Rake $0.01 
Board [7h 2h 5d Td]
Seat 1: oblivionreX collected ($0.25)
Seat 2: Dorex2007 folded before Flop (didn't bet)
Seat 3: ni_k.o._0914 folded on the Turn
Seat 4: pvd44443 folded before Flop (didn't bet)
Seat 5: itchi123 folded before Flop (didn't bet)
Seat 6: docthedoc66 folded on the Turn
Seat 7: count_strakula (button) folded before Flop (didn't bet)
Seat 8: Villy184 (small blind) folded on the Turn
Seat 9: BooRay199 (big blind) folded before Flop



PokerStars Hand #228375486345:  Hold'em No Limit ($0.01/$0.02 USD) - 2021/07/17 23:48:23 PT [2021/07/18 2:48:23 ET]
Table 'Nipponia' 9-max Seat #8 is the button
Seat 1: oblivionreX ($2.15 in chips) 
Seat 2: Dorex2007 ($1.97 in chips) 
Seat 3: ni_k.o._0914 ($2.36 in chips) 
Seat 4: pvd44443 ($2.17 in chips) 
Seat 5: itchi123 ($2.69 in chips) 
Seat 6: docthedoc66 ($2.83 in chips) 
Seat 7: count_strakula ($0.76 in chips) 
Seat 8: Villy184 ($2.01 in chips) 
Seat 9: BooRay199 ($2.36 in chips) 
BooRay199: posts small blind $0.01
oblivionreX: posts big blind $0.02
*** HOLE CARDS ***
Dealt to Dorex2007 [9h Ad]
Dorex2007: folds 
ni_k.o._0914: folds 
pvd44443: folds 
itchi123: folds 
docthedoc66: folds 
count_strakula: folds 
Villy184: folds 
BooRay199: folds 
Uncalled bet ($0.01) returned to oblivionreX
oblivionreX collected $0.02 from pot
oblivionreX: doesn't show hand 
*** SUMMARY ***
Total pot $0.02 | Rake $0 
Seat 1: oblivionreX (big blind) collected ($0.02)
Seat 2: Dorex2007 folded before Flop (didn't bet)
Seat 3: ni_k.o._0914 folded before Flop (didn't bet)
Seat 4: pvd44443 folded before Flop (didn't bet)
Seat 5: itchi123 folded before Flop (didn't bet)
Seat 6: docthedoc66 folded before Flop (didn't bet)
Seat 7: count_strakula folded before Flop (didn't bet)
Seat 8: Villy184 (button) folded before Flop (didn't bet)
Seat 9: BooRay199 (small blind) folded before Flop



PokerStars Hand #228375488140:  Hold'em No Limit ($0.01/$0.02 USD) - 2021/07/17 23:48:36 PT [2021/07/18 2:48:36 ET]
Table 'Nipponia' 9-max Seat #9 is the button
Seat 1: oblivionreX ($2.16 in chips) 
Seat 2: Dorex2007 ($1.97 in chips) 
Seat 3: ni_k.o._0914 ($2.36 in chips) 
Seat 4: pvd44443 ($2.17 in chips) 
Seat 5: itchi123 ($2.69 in chips) 
Seat 6: docthedoc66 ($2.83 in chips) 
Seat 7: count_strakula ($0.76 in chips) 
Seat 8: Villy184 ($2.01 in chips) 
Seat 9: BooRay199 ($2.35 in chips) 
oblivionreX: posts small blind $0.01
Dorex2007: posts big blind $0.02
*** HOLE CARDS ***
Dealt to Dorex2007 [7d Ac]
ni_k.o._0914: folds 
pvd44443: folds 
itchi123: raises $0.04 to $0.06
docthedoc66: folds 
count_strakula: calls $0.06
Villy184 has timed out
Villy184: folds 
BooRay199: calls $0.06
oblivionreX: folds 
Dorex2007: folds 
*** FLOP *** [8c 4h Tc]
itchi123: bets $0.06
count_strakula: folds 
BooRay199: raises $0.14 to $0.20
itchi123: calls $0.14
*** TURN *** [8c 4h Tc] [Kc]
itchi123: checks 
BooRay199: checks 
*** RIVER *** [8c 4h Tc Kc] [3d]
itchi123: bets $0.30
BooRay199: folds 
Uncalled bet ($0.30) returned to itchi123
itchi123 collected $0.59 from pot
itchi123: doesn't show hand 
*** SUMMARY ***
Total pot $0.61 | Rake $0.02 
Board [8c 4h Tc Kc 3d]
Seat 1: oblivionreX (small blind) folded before Flop
Seat 2: Dorex2007 (big blind) folded before Flop
Seat 3: ni_k.o._0914 folded before Flop (didn't bet)
Seat 4: pvd44443 folded before Flop (didn't bet)
Seat 5: itchi123 collected ($0.59)
Seat 6: docthedoc66 folded before Flop (didn't bet)
Seat 7: count_strakula folded on the Flop
Seat 8: Villy184 folded before Flop (didn't bet)
Seat 9: BooRay199 (button) folded on the River



PokerStars Hand #228375502726:  Hold'em No Limit ($0.01/$0.02 USD) - 2021/07/17 23:50:12 PT [2021/07/18 2:50:12 ET]
Table 'Nipponia' 9-max Seat #1 is the button
Seat 1: oblivionreX ($2.15 in chips) 
Seat 2: Dorex2007 ($1.95 in chips) 
Seat 3: ni_k.o._0914 ($2.36 in chips) 
Seat 4: pvd44443 ($2.17 in chips) 
Seat 5: itchi123 ($3.02 in chips) 
Seat 6: docthedoc66 ($2.83 in chips) 
Seat 7: count_strakula ($0.70 in chips) 
Seat 9: BooRay199 ($2.09 in chips) 
Dorex2007: posts small blind $0.01
ni_k.o._0914: posts big blind $0.02
*** HOLE CARDS ***
Dealt to Dorex2007 [4h Tc]
pvd44443 has timed out
pvd44443: folds 
itchi123: folds 
docthedoc66: folds 
count_strakula: folds 
BooRay199: folds 
oblivionreX: folds 
Dorex2007: folds 
Uncalled bet ($0.01) returned to ni_k.o._0914
ni_k.o._0914 collected $0.02 from pot
ni_k.o._0914: doesn't show hand 
*** SUMMARY ***
Total pot $0.02 | Rake $0 
Seat 1: oblivionreX (button) folded before Flop (didn't bet)
Seat 2: Dorex2007 (small blind) folded before Flop
Seat 3: ni_k.o._0914 (big blind) collected ($0.02)
Seat 4: pvd44443 folded before Flop (didn't bet)
Seat 5: itchi123 folded before Flop (didn't bet)
Seat 6: docthedoc66 folded before Flop (didn't bet)
Seat 7: count_strakula folded before Flop (didn't bet)
Seat 9: BooRay199 folded before Flop (didn't bet)



PokerStars Hand #228375505900:  Hold'em No Limit ($0.01/$0.02 USD) - 2021/07/17 23:50:33 PT [2021/07/18 2:50:33 ET]
Table 'Nipponia' 9-max Seat #2 is the button
Seat 1: oblivionreX ($2.15 in chips) 
Seat 2: Dorex2007 ($1.94 in chips) 
Seat 3: ni_k.o._0914 ($2.37 in chips) 
Seat 4: pvd44443 ($2.17 in chips) 
Seat 5: itchi123 ($3.02 in chips) 
Seat 6: docthedoc66 ($2.83 in chips) 
Seat 7: count_strakula ($0.70 in chips) 
Seat 9: BooRay199 ($2.09 in chips) 
ni_k.o._0914: posts small blind $0.01
pvd44443: posts big blind $0.02
*** HOLE CARDS ***
Dealt to Dorex2007 [9s 4h]
itchi123: folds 
docthedoc66: folds 
Villy184 leaves the table
count_strakula: calls $0.02
BooRay199: folds 
oblivionreX: raises $0.05 to $0.07
Dorex2007: folds 
ni_k.o._0914: folds 
pvd44443: folds 
count_strakula: calls $0.05
*** FLOP *** [Th 9d Ah]
count_strakula: checks 
oblivionreX: bets $0.06
count_strakula: calls $0.06
*** TURN *** [Th 9d Ah] [7c]
count_strakula: checks 
oblivionreX: bets $0.10
count_strakula: calls $0.10
*** RIVER *** [Th 9d Ah 7c] [Ac]
count_strakula: checks 
oblivionreX: bets $0.47
count_strakula: folds 
Uncalled bet ($0.47) returned to oblivionreX
oblivionreX collected $0.47 from pot
oblivionreX: doesn't show hand 
*** SUMMARY ***
Total pot $0.49 | Rake $0.02 
Board [Th 9d Ah 7c Ac]
Seat 1: oblivionreX collected ($0.47)
Seat 2: Dorex2007 (button) folded before Flop (didn't bet)
Seat 3: ni_k.o._0914 (small blind) folded before Flop
Seat 4: pvd44443 (big blind) folded before Flop
Seat 5: itchi123 folded before Flop (didn't bet)
Seat 6: docthedoc66 folded before Flop (didn't bet)
Seat 7: count_strakula folded on the River
Seat 9: BooRay199 folded before Flop (didn't bet)



PokerStars Hand #228375516128:  Hold'em No Limit ($0.01/$0.02 USD) - 2021/07/17 23:51:42 PT [2021/07/18 2:51:42 ET]
Table 'Nipponia' 9-max Seat #3 is the button
Seat 1: oblivionreX ($2.39 in chips) 
Seat 2: Dorex2007 ($1.94 in chips) 
Seat 3: ni_k.o._0914 ($2.36 in chips) 
Seat 4: pvd44443 ($2.15 in chips) 
Seat 5: itchi123 ($3.02 in chips) 
Seat 6: docthedoc66 ($2.83 in chips) 
Seat 7: count_strakula ($0.47 in chips) 
Seat 9: BooRay199 ($2.09 in chips) 
pvd44443: posts small blind $0.01
itchi123: posts big blind $0.02
*** HOLE CARDS ***
Dealt to Dorex2007 [Qs 6d]
docthedoc66: folds 
count_strakula: folds 
BooRay199: folds 
oblivionreX: folds 
Dorex2007: folds 
ni_k.o._0914: raises $0.04 to $0.06
pvd44443: folds 
itchi123: folds 
Uncalled bet ($0.04) returned to ni_k.o._0914
ni_k.o._0914 collected $0.05 from pot
ni_k.o._0914: doesn't show hand 
*** SUMMARY ***
Total pot $0.05 | Rake $0 
Seat 1: oblivionreX folded before Flop (didn't bet)
Seat 2: Dorex2007 folded before Flop (didn't bet)
Seat 3: ni_k.o._0914 (button) collected ($0.05)
Seat 4: pvd44443 (small blind) folded before Flop
Seat 5: itchi123 (big blind) folded before Flop
Seat 6: docthedoc66 folded before Flop (didn't bet)
Seat 7: count_strakula folded before Flop (didn't bet)
Seat 9: BooRay199 folded before Flop (didn't bet)



PokerStars Hand #228375518821:  Hold'em No Limit ($0.01/$0.02 USD) - 2021/07/17 23:52:00 PT [2021/07/18 2:52:00 ET]
Table 'Nipponia' 9-max Seat #4 is the button
Seat 1: oblivionreX ($2.39 in chips) 
Seat 2: Dorex2007 ($1.94 in chips) 
Seat 3: ni_k.o._0914 ($2.39 in chips) 
Seat 4: pvd44443 ($2.14 in chips) 
Seat 5: itchi123 ($3 in chips) 
Seat 6: docthedoc66 ($2.83 in chips) 
Seat 7: count_strakula ($0.47 in chips) 
Seat 9: BooRay199 ($2.09 in chips) 
itchi123: posts small blind $0.01
docthedoc66: posts big blind $0.02
*** HOLE CARDS ***
Dealt to Dorex2007 [6h 6c]
count_strakula: calls $0.02
BooRay199: folds 
oblivionreX: folds 
Dorex2007: calls $0.02
ni_k.o._0914: folds 
davaa1215 joins the table at seat #8 
pvd44443: calls $0.02
itchi123: folds 
docthedoc66: checks 
*** FLOP *** [4c 7d Qs]
docthedoc66: checks 
count_strakula: bets $0.06
Dorex2007: folds 
pvd44443: folds 
docthedoc66: folds 
Uncalled bet ($0.06) returned to count_strakula
count_strakula collected $0.09 from pot
count_strakula: doesn't show hand 
*** SUMMARY ***
Total pot $0.09 | Rake $0 
Board [4c 7d Qs]
Seat 1: oblivionreX folded before Flop (didn't bet)
Seat 2: Dorex2007 folded on the Flop
Seat 3: ni_k.o._0914 folded before Flop (didn't bet)
Seat 4: pvd44443 (button) folded on the Flop
Seat 5: itchi123 (small blind) folded before Flop
Seat 6: docthedoc66 (big blind) folded on the Flop
Seat 7: count_strakula collected ($0.09)
Seat 9: BooRay199 folded before Flop (didn't bet)



PokerStars Hand #228375523960:  Hold'em No Limit ($0.01/$0.02 USD) - 2021/07/17 23:52:35 PT [2021/07/18 2:52:35 ET]
Table 'Nipponia' 9-max Seat #5 is the button
Seat 1: oblivionreX ($2.39 in chips) 
Seat 2: Dorex2007 ($1.92 in chips) 
Seat 3: ni_k.o._0914 ($2.39 in chips) 
Seat 4: pvd44443 ($2.12 in chips) 
Seat 5: itchi123 ($2.99 in chips) 
Seat 6: docthedoc66 ($2.81 in chips) 
Seat 7: count_strakula ($0.54 in chips) 
Seat 9: BooRay199 ($2.09 in chips) 
docthedoc66: posts small blind $0.01
count_strakula: posts big blind $0.02
davaa1215: sits out 
*** HOLE CARDS ***
Dealt to Dorex2007 [Qh 8s]
BooRay199: folds 
oblivionreX: folds 
Dorex2007: folds 
ni_k.o._0914: folds 
pvd44443: folds 
itchi123: folds 
docthedoc66: folds 
Uncalled bet ($0.01) returned to count_strakula
count_strakula collected $0.02 from pot
count_strakula: doesn't show hand 
*** SUMMARY ***
Total pot $0.02 | Rake $0 
Seat 1: oblivionreX folded before Flop (didn't bet)
Seat 2: Dorex2007 folded before Flop (didn't bet)
Seat 3: ni_k.o._0914 folded before Flop (didn't bet)
Seat 4: pvd44443 folded before Flop (didn't bet)
Seat 5: itchi123 (button) folded before Flop (didn't bet)
Seat 6: docthedoc66 (small blind) folded before Flop
Seat 7: count_strakula (big blind) collected ($0.02)
Seat 9: BooRay199 folded before Flop (didn't bet)



PokerStars Hand #228375525567:  Hold'em No Limit ($0.01/$0.02 USD) - 2021/07/17 23:52:46 PT [2021/07/18 2:52:46 ET]
Table 'Nipponia' 9-max Seat #6 is the button
Seat 1: oblivionreX ($2.39 in chips) 
Seat 2: Dorex2007 ($1.92 in chips) 
Seat 3: ni_k.o._0914 ($2.39 in chips) 
Seat 4: pvd44443 ($2.12 in chips) 
Seat 5: itchi123 ($2.99 in chips) 
Seat 6: docthedoc66 ($2.80 in chips) 
Seat 7: count_strakula ($0.55 in chips) 
Seat 8: davaa1215 ($1.60 in chips) 
Seat 9: BooRay199 ($2.09 in chips) 
count_strakula: posts small blind $0.01
davaa1215: posts big blind $0.02
*** HOLE CARDS ***
Dealt to Dorex2007 [Js Qs]
BooRay199: folds 
oblivionreX: folds 
Dorex2007: raises $0.04 to $0.06
ni_k.o._0914: calls $0.06
pvd44443: folds 
itchi123: folds 
docthedoc66: folds 
count_strakula: folds 
davaa1215: calls $0.04
*** FLOP *** [Jh Ah Ad]
davaa1215: checks 
Dorex2007: bets $0.09
ni_k.o._0914: folds 
davaa1215: folds 
Uncalled bet ($0.09) returned to Dorex2007
Dorex2007 collected $0.18 from pot
Dorex2007: doesn't show hand 
*** SUMMARY ***
Total pot $0.19 | Rake $0.01 
Board [Jh Ah Ad]
Seat 1: oblivionreX folded before Flop (didn't bet)
Seat 2: Dorex2007 collected ($0.18)
Seat 3: ni_k.o._0914 folded on the Flop
Seat 4: pvd44443 folded before Flop (didn't bet)
Seat 5: itchi123 folded before Flop (didn't bet)
Seat 6: docthedoc66 (button) folded before Flop (didn't bet)
Seat 7: count_strakula (small blind) folded before Flop
Seat 8: davaa1215 (big blind) folded on the Flop
Seat 9: BooRay199 folded before Flop (didn't bet)



PokerStars Hand #228375530282:  Hold'em No Limit ($0.01/$0.02 USD) - 2021/07/17 23:53:17 PT [2021/07/18 2:53:17 ET]
Table 'Nipponia' 9-max Seat #7 is the button
Seat 1: oblivionreX ($2.39 in chips) 
Seat 2: Dorex2007 ($2.04 in chips) 
Seat 3: ni_k.o._0914 ($2.33 in chips) 
Seat 4: pvd44443 ($2.12 in chips) 
Seat 5: itchi123 ($2.99 in chips) 
Seat 6: docthedoc66 ($2.80 in chips) 
Seat 7: count_strakula ($0.54 in chips) 
Seat 8: davaa1215 ($1.54 in chips) 
Seat 9: BooRay199 ($2.09 in chips) 
davaa1215: posts small blind $0.01
BooRay199: posts big blind $0.02
*** HOLE CARDS ***
Dealt to Dorex2007 [Kc Ah]
oblivionreX: folds 
Dorex2007: raises $0.04 to $0.06
ni_k.o._0914: folds 
pvd44443: folds 
itchi123: folds 
docthedoc66: folds 
count_strakula: calls $0.06
davaa1215: folds 
BooRay199: calls $0.04
*** FLOP *** [6s 9h 5d]
BooRay199: checks 
Dorex2007: bets $1.98 and is all-in
count_strakula: folds 
BooRay199: folds 
Uncalled bet ($1.98) returned to Dorex2007
Dorex2007 collected $0.18 from pot
Dorex2007: doesn't show hand 
*** SUMMARY ***
Total pot $0.19 | Rake $0.01 
Board [6s 9h 5d]
Seat 1: oblivionreX folded before Flop (didn't bet)
Seat 2: Dorex2007 collected ($0.18)
Seat 3: ni_k.o._0914 folded before Flop (didn't bet)
Seat 4: pvd44443 folded before Flop (didn't bet)
Seat 5: itchi123 folded before Flop (didn't bet)
Seat 6: docthedoc66 folded before Flop (didn't bet)
Seat 7: count_strakula (button) folded on the Flop
Seat 8: davaa1215 (small blind) folded before Flop
Seat 9: BooRay199 (big blind) folded on the Flop



PokerStars Hand #228375535099:  Hold'em No Limit ($0.01/$0.02 USD) - 2021/07/17 23:53:49 PT [2021/07/18 2:53:49 ET]
Table 'Nipponia' 9-max Seat #8 is the button
Seat 2: Dorex2007 ($2.16 in chips) 
Seat 3: ni_k.o._0914 ($2.33 in chips) 
Seat 4: pvd44443 ($2.12 in chips) 
Seat 5: itchi123 ($2.99 in chips) 
Seat 6: docthedoc66 ($2.80 in chips) 
Seat 7: count_strakula ($0.48 in chips) 
Seat 8: davaa1215 ($1.53 in chips) 
Seat 9: BooRay199 ($2.03 in chips) 
BooRay199: posts small blind $0.01
oblivionreX: is sitting out 
Dorex2007: posts big blind $0.02
*** HOLE CARDS ***
Dealt to Dorex2007 [2c Qc]
oblivionreX leaves the table
ni_k.o._0914: folds 
pvd44443: calls $0.02
itchi123: raises $0.04 to $0.06
docthedoc66: folds 
count_strakula: folds 
davaa1215: calls $0.06
BooRay199: folds 
Dorex2007: folds 
pvd44443: folds 
*** FLOP *** [8h 5c Ts]
docthedoc66 leaves the table
itchi123: bets $0.08
davaa1215: calls $0.08
*** TURN *** [8h 5c Ts] [5h]
itchi123: checks 
davaa1215: bets $0.16
itchi123: folds 
Uncalled bet ($0.16) returned to davaa1215
davaa1215 collected $0.32 from pot
davaa1215: doesn't show hand 
*** SUMMARY ***
Total pot $0.33 | Rake $0.01 
Board [8h 5c Ts 5h]
Seat 2: Dorex2007 (big blind) folded before Flop
Seat 3: ni_k.o._0914 folded before Flop (didn't bet)
Seat 4: pvd44443 folded before Flop
Seat 5: itchi123 folded on the Turn
Seat 6: docthedoc66 folded before Flop (didn't bet)
Seat 7: count_strakula folded before Flop (didn't bet)
Seat 8: davaa1215 (button) collected ($0.32)
Seat 9: BooRay199 (small blind) folded before Flop



PokerStars Hand #228375541489:  Hold'em No Limit ($0.01/$0.02 USD) - 2021/07/17 23:54:33 PT [2021/07/18 2:54:33 ET]
Table 'Nipponia' 9-max Seat #9 is the button
Seat 2: Dorex2007 ($2.14 in chips) 
Seat 3: ni_k.o._0914 ($2.33 in chips) 
Seat 4: pvd44443 ($2.10 in chips) 
Seat 5: itchi123 ($2.85 in chips) 
Seat 7: count_strakula ($0.48 in chips) 
Seat 8: davaa1215 ($1.71 in chips) 
Seat 9: BooRay199 ($2.02 in chips) 
Dorex2007: posts small blind $0.01
ni_k.o._0914: posts big blind $0.02
*** HOLE CARDS ***
Dealt to Dorex2007 [2c 7h]
pvd44443: folds 
itchi123: folds 
count_strakula: calls $0.02
davaa1215: raises $0.07 to $0.09
BooRay199: folds 
Dorex2007: folds 
ni_k.o._0914: folds 
count_strakula: calls $0.07
*** FLOP *** [Td Jc Kd]
count_strakula: checks 
davaa1215: bets $0.10
count_strakula: folds 
Uncalled bet ($0.10) returned to davaa1215
davaa1215 collected $0.20 from pot
davaa1215: doesn't show hand 
*** SUMMARY ***
Total pot $0.21 | Rake $0.01 
Board [Td Jc Kd]
Seat 2: Dorex2007 (small blind) folded before Flop
Seat 3: ni_k.o._0914 (big blind) folded before Flop
Seat 4: pvd44443 folded before Flop (didn't bet)
Seat 5: itchi123 folded before Flop (didn't bet)
Seat 7: count_strakula folded on the Flop
Seat 8: davaa1215 collected ($0.20)
Seat 9: BooRay199 (button) folded before Flop (didn't bet)



PokerStars Hand #228375547651:  Hold'em No Limit ($0.01/$0.02 USD) - 2021/07/17 23:55:15 PT [2021/07/18 2:55:15 ET]
Table 'Nipponia' 9-max Seat #2 is the button
Seat 2: Dorex2007 ($2.13 in chips) 
Seat 3: ni_k.o._0914 ($2.31 in chips) 
Seat 4: pvd44443 ($2.10 in chips) 
Seat 5: itchi123 ($2.85 in chips) 
Seat 7: count_strakula ($0.39 in chips) 
Seat 8: davaa1215 ($1.82 in chips) 
Seat 9: BooRay199 ($2.02 in chips) 
ni_k.o._0914: posts small blind $0.01
pvd44443: posts big blind $0.02
*** HOLE CARDS ***
Dealt to Dorex2007 [Kh 2d]
itchi123: raises $0.04 to $0.06
count_strakula: calls $0.06
davaa1215: raises $0.21 to $0.27
BooRay199: folds 
Dorex2007: folds 
ni_k.o._0914: folds 
pvd44443: folds 
itchi123: calls $0.21
count_strakula: raises $0.12 to $0.39 and is all-in
davaa1215: calls $0.12
itchi123: calls $0.12
*** FLOP *** [7d 8d 5c]
itchi123: checks 
davaa1215: checks 
*** TURN *** [7d 8d 5c] [4h]
Zexion1993 joins the table at seat #1 
itchi123: checks 
davaa1215: checks 
*** RIVER *** [7d 8d 5c 4h] [3c]
itchi123: checks 
davaa1215: checks 
*** SHOW DOWN ***
itchi123: shows [Ah Kd] (high card Ace)
count_strakula: mucks hand 
davaa1215: mucks hand 
itchi123 collected $1.16 from pot
*** SUMMARY ***
Total pot $1.20 | Rake $0.04 
Board [7d 8d 5c 4h 3c]
Seat 2: Dorex2007 (button) folded before Flop (didn't bet)
Seat 3: ni_k.o._0914 (small blind) folded before Flop
Seat 4: pvd44443 (big blind) folded before Flop
Seat 5: itchi123 showed [Ah Kd] and won ($1.16) with high card Ace
Seat 7: count_strakula mucked [Ts As]
Seat 8: davaa1215 mucked [Qs Ad]
Seat 9: BooRay199 folded before Flop (didn't bet)



PokerStars Hand #228375555401:  Hold'em No Limit ($0.01/$0.02 USD) - 2021/07/17 23:56:15 PT [2021/07/18 2:56:15 ET]
Table 'Nipponia' 9-max Seat #3 is the button
Seat 2: Dorex2007 ($2.13 in chips) 
Seat 3: ni_k.o._0914 ($2.30 in chips) 
Seat 4: pvd44443 ($2.08 in chips) 
Seat 5: itchi123 ($3.62 in chips) 
Seat 8: davaa1215 ($1.43 in chips) 
Seat 9: BooRay199 ($2.02 in chips) 
pvd44443: posts small blind $0.01
itchi123: posts big blind $0.02
Zexion1993: sits out 
*** HOLE CARDS ***
Dealt to Dorex2007 [Jd 8d]
davaa1215: calls $0.02
BooRay199: folds 
count_strakula leaves the table
Dorex2007: folds 
ni_k.o._0914: calls $0.02
pvd44443: folds 
itchi123: checks 
*** FLOP *** [4h Tc 5s]
itchi123: checks 
davaa1215: checks 
ni_k.o._0914: bets $0.05
itchi123: folds 
davaa1215: folds 
Uncalled bet ($0.05) returned to ni_k.o._0914
ni_k.o._0914 collected $0.07 from pot
ni_k.o._0914: doesn't show hand 
*** SUMMARY ***
Total pot $0.07 | Rake $0 
Board [4h Tc 5s]
Seat 2: Dorex2007 folded before Flop (didn't bet)
Seat 3: ni_k.o._0914 (button) collected ($0.07)
Seat 4: pvd44443 (small blind) folded before Flop
Seat 5: itchi123 (big blind) folded on the Flop
Seat 8: davaa1215 folded on the Flop
Seat 9: BooRay199 folded before Flop (didn't bet)



PokerStars Hand #228375559906:  Hold'em No Limit ($0.01/$0.02 USD) - 2021/07/17 23:56:49 PT [2021/07/18 2:56:49 ET]
Table 'Nipponia' 9-max Seat #4 is the button
Seat 2: Dorex2007 ($2.13 in chips) 
Seat 3: ni_k.o._0914 ($2.35 in chips) 
Seat 4: pvd44443 ($2.07 in chips) 
Seat 5: itchi123 ($3.60 in chips) 
Seat 8: davaa1215 ($1.41 in chips) 
Seat 9: BooRay199 ($2.02 in chips) 
itchi123: posts small blind $0.01
davaa1215: posts big blind $0.02
Zexion1993: sits out 
*** HOLE CARDS ***
Dealt to Dorex2007 [6d Td]
BooRay199: folds 
Dorex2007: folds 
ni_k.o._0914: folds 
pvd44443: folds 
itchi123: folds 
Uncalled bet ($0.01) returned to davaa1215
davaa1215 collected $0.02 from pot
davaa1215: doesn't show hand 
*** SUMMARY ***
Total pot $0.02 | Rake $0 
Seat 2: Dorex2007 folded before Flop (didn't bet)
Seat 3: ni_k.o._0914 folded before Flop (didn't bet)
Seat 4: pvd44443 (button) folded before Flop (didn't bet)
Seat 5: itchi123 (small blind) folded before Flop
Seat 8: davaa1215 (big blind) collected ($0.02)
Seat 9: BooRay199 folded before Flop (didn't bet)



PokerStars Hand #228375561957:  Hold'em No Limit ($0.01/$0.02 USD) - 2021/07/17 23:57:05 PT [2021/07/18 2:57:05 ET]
Table 'Nipponia' 9-max Seat #5 is the button
Seat 2: Dorex2007 ($2.13 in chips) 
Seat 3: ni_k.o._0914 ($2.35 in chips) 
Seat 4: pvd44443 ($2.07 in chips) 
Seat 5: itchi123 ($3.59 in chips) 
Seat 8: davaa1215 ($1.42 in chips) 
Seat 9: BooRay199 ($2.02 in chips) 
davaa1215: posts small blind $0.01
BooRay199: posts big blind $0.02
Zexion1993: sits out 
*** HOLE CARDS ***
Dealt to Dorex2007 [Ts 4s]
Dorex2007: folds 
ni_k.o._0914: folds 
pvd44443: folds 
itchi123: folds 
davaa1215: raises $0.04 to $0.06
BooRay199: raises $0.12 to $0.18
davaa1215: raises $1.24 to $1.42 and is all-in
BooRay199: folds 
Uncalled bet ($1.24) returned to davaa1215
davaa1215 collected $0.36 from pot
davaa1215: doesn't show hand 
*** SUMMARY ***
Total pot $0.36 | Rake $0 
Seat 2: Dorex2007 folded before Flop (didn't bet)
Seat 3: ni_k.o._0914 folded before Flop (didn't bet)
Seat 4: pvd44443 folded before Flop (didn't bet)
Seat 5: itchi123 (button) folded before Flop (didn't bet)
Seat 8: davaa1215 (small blind) collected ($0.36)
Seat 9: BooRay199 (big blind) folded before Flop



PokerStars Hand #228375565020:  Hold'em No Limit ($0.01/$0.02 USD) - 2021/07/17 23:57:28 PT [2021/07/18 2:57:28 ET]
Table 'Nipponia' 9-max Seat #8 is the button
Seat 1: Zexion1993 ($2 in chips) 
Seat 2: Dorex2007 ($2.13 in chips) 
Seat 3: ni_k.o._0914 ($2.35 in chips) 
Seat 4: pvd44443 ($2.07 in chips) 
Seat 5: itchi123 ($3.59 in chips) 
Seat 8: davaa1215 ($1.60 in chips) 
Seat 9: BooRay199 ($2 in chips) 
BooRay199: posts small blind $0.01
Zexion1993: posts big blind $0.02
*** HOLE CARDS ***
Dealt to Dorex2007 [8s Kh]
Dorex2007: folds 
ni_k.o._0914: folds 
pvd44443: raises $0.02 to $0.04
itchi123: folds 
davaa1215: folds 
BooRay199: folds 
davaa1215 leaves the table
Zexion1993: folds 
Uncalled bet ($0.02) returned to pvd44443
pvd44443 collected $0.05 from pot
*** SUMMARY ***
Total pot $0.05 | Rake $0 
Seat 1: Zexion1993 (big blind) folded before Flop
Seat 2: Dorex2007 folded before Flop (didn't bet)
Seat 3: ni_k.o._0914 folded before Flop (didn't bet)
Seat 4: pvd44443 collected ($0.05)
Seat 5: itchi123 folded before Flop (didn't bet)
Seat 8: davaa1215 (button) folded before Flop (didn't bet)
Seat 9: BooRay199 (small blind) folded before Flop



PokerStars Hand #228375566929:  Hold'em No Limit ($0.01/$0.02 USD) - 2021/07/17 23:57:42 PT [2021/07/18 2:57:42 ET]
Table 'Nipponia' 9-max Seat #9 is the button
Seat 1: Zexion1993 ($2 in chips) 
Seat 2: Dorex2007 ($2.13 in chips) 
Seat 3: ni_k.o._0914 ($2.35 in chips) 
Seat 4: pvd44443 ($2.10 in chips) 
Seat 5: itchi123 ($3.59 in chips) 
Seat 9: BooRay199 ($2 in chips) 
Zexion1993: posts small blind $0.01
Dorex2007: posts big blind $0.02
*** HOLE CARDS ***
Dealt to Dorex2007 [Tc Qc]
ni_k.o._0914: folds 
pvd44443: folds 
itchi123: folds 
BooRay199: raises $0.04 to $0.06
Zexion1993: folds 
Dorex2007: calls $0.04
*** FLOP *** [Ac Ks 9c]
ni_k.o._0914 leaves the table
Dorex2007: bets $0.13
pvd44443 leaves the table
BooRay199: folds 
Uncalled bet ($0.13) returned to Dorex2007
Dorex2007 collected $0.13 from pot
Dorex2007: doesn't show hand 
*** SUMMARY ***
Total pot $0.13 | Rake $0 
Board [Ac Ks 9c]
Seat 1: Zexion1993 (small blind) folded before Flop
Seat 2: Dorex2007 (big blind) collected ($0.13)
Seat 3: ni_k.o._0914 folded before Flop (didn't bet)
Seat 4: pvd44443 folded before Flop (didn't bet)
Seat 5: itchi123 folded before Flop (didn't bet)
Seat 9: BooRay199 (button) folded on the Flop



