PokerStars Hand #232755408240:  Hold'em No Limit ($0.01/$0.02 USD) - 2022/01/02 12:38:52 PT [2022/01/02 15:38:52 ET]
Table 'Janus V' 9-max Seat #4 is the button
Seat 1: Tuhtyn ($1.07 in chips) 
Seat 2: scoobass ($5.03 in chips) 
Seat 3: Dorex2007 ($2 in chips) 
Seat 4: Brada99 ($1.47 in chips) 
Seat 6: dlynniy ($0.76 in chips) 
Seat 7: Poetacuent ($0.17 in chips) 
Seat 8: Djek300 ($5.06 in chips) 
dlynniy: posts small blind $0.01
Poetacuent: posts big blind $0.02
Dorex2007: posts big blind $0.02
*** HOLE CARDS ***
Dealt to Dorex2007 [Kh Js]
Djek300: folds 
Tuhtyn: folds 
scoobass: folds 
Dorex2007: raises $0.04 to $0.06
Brada99: folds 
dlynniy: folds 
Poetacuent: folds 
Uncalled bet ($0.04) returned to Dorex2007
Dorex2007 collected $0.05 from pot
Dorex2007: doesn't show hand 
*** SUMMARY ***
Total pot $0.05 | Rake $0 
Seat 1: Tuhtyn folded before Flop (didn't bet)
Seat 2: scoobass folded before Flop (didn't bet)
Seat 3: Dorex2007 collected ($0.05)
Seat 4: Brada99 (button) folded before Flop (didn't bet)
Seat 6: dlynniy (small blind) folded before Flop
Seat 7: Poetacuent (big blind) folded before Flop
Seat 8: Djek300 folded before Flop (didn't bet)



PokerStars Hand #232755431777:  Hold'em No Limit ($0.01/$0.02 USD) - 2022/01/02 12:39:23 PT [2022/01/02 15:39:23 ET]
Table 'Janus V' 9-max Seat #6 is the button
Seat 1: Tuhtyn ($1.07 in chips) 
Seat 2: scoobass ($5.03 in chips) 
Seat 3: Dorex2007 ($2.03 in chips) 
Seat 4: Brada99 ($1.47 in chips) 
Seat 6: dlynniy ($0.75 in chips) 
Seat 7: Poetacuent ($0.15 in chips) 
Seat 8: Djek300 ($5.06 in chips) 
Poetacuent: posts small blind $0.01
Djek300: posts big blind $0.02
*** HOLE CARDS ***
Dealt to Dorex2007 [Jc 7c]
Tuhtyn: folds 
scoobass: folds 
Dorex2007: folds 
Brada99: calls $0.02
dlynniy has timed out
dlynniy: folds 
Poetacuent: raises $0.04 to $0.06
Djek300: folds 
Brada99: calls $0.04
*** FLOP *** [9s Ad Ts]
Poetacuent: bets $0.09 and is all-in
Brada99: calls $0.09
*** TURN *** [9s Ad Ts] [3d]
*** RIVER *** [9s Ad Ts 3d] [2c]
*** SHOW DOWN ***
Poetacuent: shows [Qh As] (a pair of Aces)
Brada99: shows [Td Qs] (a pair of Tens)
Poetacuent collected $0.31 from pot
Brada99 cashed out the hand for $0.03
*** SUMMARY ***
Total pot $0.32 | Rake $0.01 
Board [9s Ad Ts 3d 2c]
Seat 1: Tuhtyn folded before Flop (didn't bet)
Seat 2: scoobass folded before Flop (didn't bet)
Seat 3: Dorex2007 folded before Flop (didn't bet)
Seat 4: Brada99 showed [Td Qs] and lost with a pair of Tens (cashed out).
Seat 6: dlynniy (button) folded before Flop (didn't bet)
Seat 7: Poetacuent (small blind) showed [Qh As] and won ($0.31) with a pair of Aces
Seat 8: Djek300 (big blind) folded before Flop



PokerStars Hand #232755468920:  Hold'em No Limit ($0.01/$0.02 USD) - 2022/01/02 12:40:13 PT [2022/01/02 15:40:13 ET]
Table 'Janus V' 9-max Seat #7 is the button
Seat 1: Tuhtyn ($1.07 in chips) 
Seat 2: scoobass ($5.03 in chips) 
Seat 3: Dorex2007 ($2.03 in chips) 
Seat 4: Brada99 ($1.35 in chips) 
Seat 7: Poetacuent ($0.31 in chips) 
Seat 8: Djek300 ($5.04 in chips) 
Djek300: posts small blind $0.01
Tuhtyn: posts big blind $0.02
*** HOLE CARDS ***
Dealt to Dorex2007 [Kd 5h]
scoobass: folds 
Dorex2007: folds 
Brada99: folds 
scoobass leaves the table
Poetacuent: raises $0.04 to $0.06
Djek300: folds 
Tuhtyn: calls $0.04
*** FLOP *** [9c 4h 5s]
Tuhtyn: checks 
Poetacuent: bets $0.07
Vadim Gomel joins the table at seat #2 
Tuhtyn: calls $0.07
*** TURN *** [9c 4h 5s] [3h]
Tuhtyn: checks 
Poetacuent: bets $0.18 and is all-in
Tuhtyn: calls $0.18
dlynniy is disconnected 
*** RIVER *** [9c 4h 5s 3h] [Td]
*** SHOW DOWN ***
Tuhtyn: shows [Qc Ac] (high card Ace)
Poetacuent: shows [As Ah] (a pair of Aces)
Poetacuent collected $0.61 from pot
*** SUMMARY ***
Total pot $0.63 | Rake $0.02 
Board [9c 4h 5s 3h Td]
Seat 1: Tuhtyn (big blind) showed [Qc Ac] and lost with high card Ace
Seat 2: scoobass folded before Flop (didn't bet)
Seat 3: Dorex2007 folded before Flop (didn't bet)
Seat 4: Brada99 folded before Flop (didn't bet)
Seat 7: Poetacuent (button) showed [As Ah] and won ($0.61) with a pair of Aces
Seat 8: Djek300 (small blind) folded before Flop



PokerStars Hand #232755500939:  Hold'em No Limit ($0.01/$0.02 USD) - 2022/01/02 12:40:56 PT [2022/01/02 15:40:56 ET]
Table 'Janus V' 9-max Seat #8 is the button
Seat 1: Tuhtyn ($0.76 in chips) 
Seat 2: Vadim Gomel ($2 in chips) 
Seat 3: Dorex2007 ($2.03 in chips) 
Seat 4: Brada99 ($1.35 in chips) 
Seat 7: Poetacuent ($0.61 in chips) 
Seat 8: Djek300 ($5.03 in chips) 
Tuhtyn: posts small blind $0.01
Vadim Gomel: posts big blind $0.02
*** HOLE CARDS ***
Dealt to Dorex2007 [4s 2c]
Dorex2007: folds 
Brada99: folds 
Poetacuent: calls $0.02
Djek300: folds 
Tuhtyn: folds 
Vadim Gomel: checks 
*** FLOP *** [Tc Qs Kc]
Vadim Gomel: checks 
Poetacuent: bets $0.02
Vadim Gomel: calls $0.02
*** TURN *** [Tc Qs Kc] [5s]
Vadim Gomel: checks 
Poetacuent: bets $0.05
Vadim Gomel: calls $0.05
*** RIVER *** [Tc Qs Kc 5s] [Kh]
Vadim Gomel: checks 
Poetacuent: bets $0.18
Vadim Gomel: folds 
Uncalled bet ($0.18) returned to Poetacuent
Poetacuent collected $0.18 from pot
*** SUMMARY ***
Total pot $0.19 | Rake $0.01 
Board [Tc Qs Kc 5s Kh]
Seat 1: Tuhtyn (small blind) folded before Flop
Seat 2: Vadim Gomel (big blind) folded on the River
Seat 3: Dorex2007 folded before Flop (didn't bet)
Seat 4: Brada99 folded before Flop (didn't bet)
Seat 7: Poetacuent collected ($0.18)
Seat 8: Djek300 (button) folded before Flop (didn't bet)



PokerStars Hand #232755548641:  Hold'em No Limit ($0.01/$0.02 USD) - 2022/01/02 12:42:00 PT [2022/01/02 15:42:00 ET]
Table 'Janus V' 9-max Seat #1 is the button
Seat 1: Tuhtyn ($0.75 in chips) 
Seat 2: Vadim Gomel ($2 in chips) 
Seat 3: Dorex2007 ($2.03 in chips) 
Seat 4: Brada99 ($1.35 in chips) 
Seat 6: dlynniy ($0.75 in chips) 
Seat 7: Poetacuent ($0.70 in chips) 
Seat 8: Djek300 ($5.03 in chips) 
Vadim Gomel: posts small blind $0.01
Dorex2007: posts big blind $0.02
*** HOLE CARDS ***
Dealt to Dorex2007 [7c 7s]
Brada99: folds 
dlynniy: calls $0.02
Poetacuent: folds 
Djek300: folds 
Tuhtyn: raises $0.06 to $0.08
Vadim Gomel: calls $0.07
Dorex2007: folds 
dlynniy: calls $0.06
*** FLOP *** [9s Ks 4d]
Vadim Gomel: checks 
dlynniy: bets $0.02
Tuhtyn: raises $0.34 to $0.36
fravacad leaves the table
Vadim Gomel: folds 
dlynniy: folds 
Uncalled bet ($0.34) returned to Tuhtyn
Yogi-thefish joins the table at seat #5 
Tuhtyn collected $0.29 from pot
Tuhtyn: doesn't show hand 
*** SUMMARY ***
Total pot $0.30 | Rake $0.01 
Board [9s Ks 4d]
Seat 1: Tuhtyn (button) collected ($0.29)
Seat 2: Vadim Gomel (small blind) folded on the Flop
Seat 3: Dorex2007 (big blind) folded before Flop
Seat 4: Brada99 folded before Flop (didn't bet)
Seat 6: dlynniy folded on the Flop
Seat 7: Poetacuent folded before Flop (didn't bet)
Seat 8: Djek300 folded before Flop (didn't bet)



PokerStars Hand #232755583949:  Hold'em No Limit ($0.01/$0.02 USD) - 2022/01/02 12:42:47 PT [2022/01/02 15:42:47 ET]
Table 'Janus V' 9-max Seat #2 is the button
Seat 1: Tuhtyn ($0.94 in chips) 
Seat 2: Vadim Gomel ($2 in chips) 
Seat 3: Dorex2007 ($2.01 in chips) 
Seat 4: Brada99 ($1.35 in chips) 
Seat 6: dlynniy ($0.65 in chips) 
Seat 7: Poetacuent ($0.70 in chips) 
Seat 8: Djek300 ($5.03 in chips) 
Dorex2007: posts small blind $0.01
Brada99: posts big blind $0.02
Yogi-thefish: sits out 
*** HOLE CARDS ***
Dealt to Dorex2007 [Ah 3s]
dlynniy: folds 
Poetacuent: folds 
Djek300: folds 
Tuhtyn: folds 
Vadim Gomel: folds 
Dorex2007: raises $0.02 to $0.04
Brada99: calls $0.02
*** FLOP *** [Ts Qs 3h]
Dorex2007: bets $0.05
Brada99: folds 
Uncalled bet ($0.05) returned to Dorex2007
Dorex2007 collected $0.08 from pot
Dorex2007: doesn't show hand 
*** SUMMARY ***
Total pot $0.08 | Rake $0 
Board [Ts Qs 3h]
Seat 1: Tuhtyn folded before Flop (didn't bet)
Seat 2: Vadim Gomel (button) folded before Flop (didn't bet)
Seat 3: Dorex2007 (small blind) collected ($0.08)
Seat 4: Brada99 (big blind) folded on the Flop
Seat 6: dlynniy folded before Flop (didn't bet)
Seat 7: Poetacuent folded before Flop (didn't bet)
Seat 8: Djek300 folded before Flop (didn't bet)



PokerStars Hand #232755605603:  Hold'em No Limit ($0.01/$0.02 USD) - 2022/01/02 12:43:16 PT [2022/01/02 15:43:16 ET]
Table 'Janus V' 9-max Seat #3 is the button
Seat 1: Tuhtyn ($0.94 in chips) 
Seat 2: Vadim Gomel ($2 in chips) 
Seat 3: Dorex2007 ($2.05 in chips) 
Seat 4: Brada99 ($1.31 in chips) 
Seat 5: Yogi-thefish ($0.80 in chips) 
Seat 6: dlynniy ($0.65 in chips) 
Seat 7: Poetacuent ($0.70 in chips) 
Seat 8: Djek300 ($5.03 in chips) 
Brada99: posts small blind $0.01
Yogi-thefish: posts big blind $0.02
*** HOLE CARDS ***
Dealt to Dorex2007 [Qh 5h]
dlynniy: folds 
Poetacuent: folds 
Djek300: calls $0.02
Tuhtyn: folds 
Vadim Gomel: folds 
ivan88850 leaves the table
Dorex2007 has timed out
Dorex2007: folds 
Brada99: calls $0.01
Yogi-thefish: checks 
*** FLOP *** [Ad Kd 4d]
Brada99: checks 
Yogi-thefish: checks 
Djek300: bets $0.08
kv6060699 joins the table at seat #9 
Brada99: folds 
Yogi-thefish: folds 
Uncalled bet ($0.08) returned to Djek300
Djek300 collected $0.06 from pot
Djek300: doesn't show hand 
*** SUMMARY ***
Total pot $0.06 | Rake $0 
Board [Ad Kd 4d]
Seat 1: Tuhtyn folded before Flop (didn't bet)
Seat 2: Vadim Gomel folded before Flop (didn't bet)
Seat 3: Dorex2007 (button) folded before Flop (didn't bet)
Seat 4: Brada99 (small blind) folded on the Flop
Seat 5: Yogi-thefish (big blind) folded on the Flop
Seat 6: dlynniy folded before Flop (didn't bet)
Seat 7: Poetacuent folded before Flop (didn't bet)
Seat 8: Djek300 collected ($0.06)



PokerStars Hand #232755665909:  Hold'em No Limit ($0.01/$0.02 USD) - 2022/01/02 12:44:37 PT [2022/01/02 15:44:37 ET]
Table 'Janus V' 9-max Seat #4 is the button
Seat 1: Tuhtyn ($0.94 in chips) 
Seat 2: Vadim Gomel ($2 in chips) 
Seat 3: Dorex2007 ($2.05 in chips) 
Seat 4: Brada99 ($1.29 in chips) 
Seat 5: Yogi-thefish ($0.78 in chips) 
Seat 6: dlynniy ($0.65 in chips) 
Seat 7: Poetacuent ($0.70 in chips) 
Seat 8: Djek300 ($5.07 in chips) 
Yogi-thefish: posts small blind $0.01
dlynniy: posts big blind $0.02
kv6060699: sits out 
*** HOLE CARDS ***
Dealt to Dorex2007 [2s 9s]
Poetacuent: folds 
Djek300: calls $0.02
Tuhtyn: calls $0.02
Vadim Gomel: folds 
Dorex2007: folds 
Brada99: calls $0.02
Yogi-thefish: calls $0.01
dlynniy: checks 
*** FLOP *** [8h Js Jd]
Yogi-thefish: checks 
dlynniy: checks 
Djek300: checks 
Tuhtyn: bets $0.12
Brada99: folds 
Yogi-thefish: folds 
dlynniy: folds 
Djek300: folds 
Uncalled bet ($0.12) returned to Tuhtyn
Tuhtyn collected $0.10 from pot
Tuhtyn: doesn't show hand 
*** SUMMARY ***
Total pot $0.10 | Rake $0 
Board [8h Js Jd]
Seat 1: Tuhtyn collected ($0.10)
Seat 2: Vadim Gomel folded before Flop (didn't bet)
Seat 3: Dorex2007 folded before Flop (didn't bet)
Seat 4: Brada99 (button) folded on the Flop
Seat 5: Yogi-thefish (small blind) folded on the Flop
Seat 6: dlynniy (big blind) folded on the Flop
Seat 7: Poetacuent folded before Flop (didn't bet)
Seat 8: Djek300 folded on the Flop



PokerStars Hand #232755721015:  Hold'em No Limit ($0.01/$0.02 USD) - 2022/01/02 12:45:47 PT [2022/01/02 15:45:47 ET]
Table 'Janus V' 9-max Seat #5 is the button
Seat 1: Tuhtyn ($1.02 in chips) 
Seat 2: Vadim Gomel ($2 in chips) 
Seat 3: Dorex2007 ($2.05 in chips) 
Seat 4: Brada99 ($1.27 in chips) 
Seat 5: Yogi-thefish ($0.76 in chips) 
Seat 6: dlynniy ($0.63 in chips) 
Seat 7: Poetacuent ($0.70 in chips) 
Seat 8: Djek300 ($5.05 in chips) 
dlynniy: posts small blind $0.01
Poetacuent: posts big blind $0.02
kv6060699: sits out 
*** HOLE CARDS ***
Dealt to Dorex2007 [As 9c]
Djek300: folds 
Tuhtyn: folds 
Vadim Gomel: folds 
Dorex2007: folds 
Brada99: raises $0.04 to $0.06
Yogi-thefish: folds 
dlynniy: raises $0.04 to $0.10
Poetacuent: folds 
Brada99: calls $0.04
*** FLOP *** [3h Ah Td]
dlynniy: checks 
Brada99: checks 
*** TURN *** [3h Ah Td] [9s]
dlynniy: bets $0.11
Brada99: calls $0.11
*** RIVER *** [3h Ah Td 9s] [7d]
dlynniy: bets $0.21
Brada99: folds 
Uncalled bet ($0.21) returned to dlynniy
dlynniy collected $0.42 from pot
*** SUMMARY ***
Total pot $0.44 | Rake $0.02 
Board [3h Ah Td 9s 7d]
Seat 1: Tuhtyn folded before Flop (didn't bet)
Seat 2: Vadim Gomel folded before Flop (didn't bet)
Seat 3: Dorex2007 folded before Flop (didn't bet)
Seat 4: Brada99 folded on the River
Seat 5: Yogi-thefish (button) folded before Flop (didn't bet)
Seat 6: dlynniy (small blind) collected ($0.42)
Seat 7: Poetacuent (big blind) folded before Flop
Seat 8: Djek300 folded before Flop (didn't bet)



PokerStars Hand #232755763823:  Hold'em No Limit ($0.01/$0.02 USD) - 2022/01/02 12:46:45 PT [2022/01/02 15:46:45 ET]
Table 'Janus V' 9-max Seat #6 is the button
Seat 1: Tuhtyn ($1.02 in chips) 
Seat 2: Vadim Gomel ($2 in chips) 
Seat 3: Dorex2007 ($2.05 in chips) 
Seat 4: Brada99 ($1.06 in chips) 
Seat 5: Yogi-thefish ($0.76 in chips) 
Seat 6: dlynniy ($0.84 in chips) 
Seat 7: Poetacuent ($0.68 in chips) 
Seat 8: Djek300 ($5.05 in chips) 
Poetacuent: posts small blind $0.01
Djek300: posts big blind $0.02
kv6060699: sits out 
*** HOLE CARDS ***
Dealt to Dorex2007 [Kh As]
Tuhtyn: calls $0.02
Vadim Gomel: folds 
Dorex2007: raises $0.04 to $0.06
Brada99: folds 
Yogi-thefish: folds 
dlynniy: folds 
Poetacuent: calls $0.05
Djek300: folds 
Tuhtyn: calls $0.04
*** FLOP *** [4h 4s 2s]
Poetacuent: checks 
Tuhtyn: bets $0.08
Dorex2007: folds 
Poetacuent: folds 
Uncalled bet ($0.08) returned to Tuhtyn
Tuhtyn collected $0.19 from pot
Tuhtyn: doesn't show hand 
*** SUMMARY ***
Total pot $0.20 | Rake $0.01 
Board [4h 4s 2s]
Seat 1: Tuhtyn collected ($0.19)
Seat 2: Vadim Gomel folded before Flop (didn't bet)
Seat 3: Dorex2007 folded on the Flop
Seat 4: Brada99 folded before Flop (didn't bet)
Seat 5: Yogi-thefish folded before Flop (didn't bet)
Seat 6: dlynniy (button) folded before Flop (didn't bet)
Seat 7: Poetacuent (small blind) folded on the Flop
Seat 8: Djek300 (big blind) folded before Flop



PokerStars Hand #232755799890:  Hold'em No Limit ($0.01/$0.02 USD) - 2022/01/02 12:47:23 PT [2022/01/02 15:47:23 ET]
Table 'Janus V' 9-max Seat #7 is the button
Seat 1: Tuhtyn ($1.15 in chips) 
Seat 2: Vadim Gomel ($2 in chips) 
Seat 3: Dorex2007 ($2 in chips) 
Seat 4: Brada99 ($1.06 in chips) 
Seat 5: Yogi-thefish ($0.76 in chips) 
Seat 6: dlynniy ($0.84 in chips) 
Seat 7: Poetacuent ($0.62 in chips) 
Seat 8: Djek300 ($5.03 in chips) 
Seat 9: kv6060699 ($0.80 in chips) 
Djek300: posts small blind $0.01
kv6060699: posts big blind $0.02
*** HOLE CARDS ***
Dealt to Dorex2007 [3h 9h]
Tuhtyn: calls $0.02
Vadim Gomel: folds 
Dorex2007: folds 
Brada99: calls $0.02
Yogi-thefish: folds 
dlynniy: calls $0.02
Poetacuent: calls $0.02
Djek300: folds 
kv6060699: checks 
*** FLOP *** [6d 6s 5c]
kv6060699: checks 
Tuhtyn: checks 
Brada99: checks 
dlynniy: bets $0.06
Poetacuent: folds 
kv6060699: folds 
Tuhtyn: folds 
Brada99: folds 
Uncalled bet ($0.06) returned to dlynniy
dlynniy collected $0.11 from pot
*** SUMMARY ***
Total pot $0.11 | Rake $0 
Board [6d 6s 5c]
Seat 1: Tuhtyn folded on the Flop
Seat 2: Vadim Gomel folded before Flop (didn't bet)
Seat 3: Dorex2007 folded before Flop (didn't bet)
Seat 4: Brada99 folded on the Flop
Seat 5: Yogi-thefish folded before Flop (didn't bet)
Seat 6: dlynniy collected ($0.11)
Seat 7: Poetacuent (button) folded on the Flop
Seat 8: Djek300 (small blind) folded before Flop
Seat 9: kv6060699 (big blind) folded on the Flop



PokerStars Hand #232755835647:  Hold'em No Limit ($0.01/$0.02 USD) - 2022/01/02 12:48:11 PT [2022/01/02 15:48:11 ET]
Table 'Janus V' 9-max Seat #8 is the button
Seat 1: Tuhtyn ($1.13 in chips) 
Seat 2: Vadim Gomel ($2 in chips) 
Seat 3: Dorex2007 ($2 in chips) 
Seat 4: Brada99 ($1.04 in chips) 
Seat 5: Yogi-thefish ($0.76 in chips) 
Seat 6: dlynniy ($0.93 in chips) 
Seat 7: Poetacuent ($0.60 in chips) 
Seat 8: Djek300 ($5.02 in chips) 
Seat 9: kv6060699 ($0.78 in chips) 
kv6060699: posts small blind $0.01
Tuhtyn: posts big blind $0.02
*** HOLE CARDS ***
Dealt to Dorex2007 [Jc Th]
Vadim Gomel: folds 
Dorex2007: folds 
Brada99: folds 
Yogi-thefish: raises $0.06 to $0.08
dlynniy: folds 
Poetacuent: folds 
Djek300: folds 
kv6060699: folds 
Tuhtyn: folds 
Uncalled bet ($0.06) returned to Yogi-thefish
Yogi-thefish collected $0.05 from pot
*** SUMMARY ***
Total pot $0.05 | Rake $0 
Seat 1: Tuhtyn (big blind) folded before Flop
Seat 2: Vadim Gomel folded before Flop (didn't bet)
Seat 3: Dorex2007 folded before Flop (didn't bet)
Seat 4: Brada99 folded before Flop (didn't bet)
Seat 5: Yogi-thefish collected ($0.05)
Seat 6: dlynniy folded before Flop (didn't bet)
Seat 7: Poetacuent folded before Flop (didn't bet)
Seat 8: Djek300 (button) folded before Flop (didn't bet)
Seat 9: kv6060699 (small blind) folded before Flop



PokerStars Hand #232755865733:  Hold'em No Limit ($0.01/$0.02 USD) - 2022/01/02 12:48:53 PT [2022/01/02 15:48:53 ET]
Table 'Janus V' 9-max Seat #9 is the button
Seat 1: Tuhtyn ($1.11 in chips) 
Seat 2: Vadim Gomel ($2 in chips) 
Seat 3: Dorex2007 ($2 in chips) 
Seat 4: Brada99 ($1.04 in chips) 
Seat 5: Yogi-thefish ($0.79 in chips) 
Seat 6: dlynniy ($0.93 in chips) 
Seat 7: Poetacuent ($0.60 in chips) 
Seat 8: Djek300 ($5.02 in chips) 
Seat 9: kv6060699 ($0.77 in chips) 
Tuhtyn: posts small blind $0.01
Vadim Gomel: posts big blind $0.02
*** HOLE CARDS ***
Dealt to Dorex2007 [3d 6h]
Dorex2007: folds 
Brada99: folds 
Yogi-thefish: folds 
dlynniy: calls $0.02
Poetacuent: folds 
Djek300: folds 
kv6060699: folds 
Tuhtyn: folds 
Vadim Gomel: checks 
*** FLOP *** [7h 2c Td]
Vadim Gomel: checks 
dlynniy: bets $0.02
Vadim Gomel: calls $0.02
*** TURN *** [7h 2c Td] [Qs]
Vadim Gomel: checks 
dlynniy: bets $0.05
Vadim Gomel: calls $0.05
*** RIVER *** [7h 2c Td Qs] [Qc]
Vadim Gomel: checks 
dlynniy: bets $0.09
Vadim Gomel: calls $0.09
*** SHOW DOWN ***
dlynniy: shows [Ks Th] (two pair, Queens and Tens)
Vadim Gomel: mucks hand 
dlynniy collected $0.36 from pot
*** SUMMARY ***
Total pot $0.37 | Rake $0.01 
Board [7h 2c Td Qs Qc]
Seat 1: Tuhtyn (small blind) folded before Flop
Seat 2: Vadim Gomel (big blind) mucked [7d Kh]
Seat 3: Dorex2007 folded before Flop (didn't bet)
Seat 4: Brada99 folded before Flop (didn't bet)
Seat 5: Yogi-thefish folded before Flop (didn't bet)
Seat 6: dlynniy showed [Ks Th] and won ($0.36) with two pair, Queens and Tens
Seat 7: Poetacuent folded before Flop (didn't bet)
Seat 8: Djek300 folded before Flop (didn't bet)
Seat 9: kv6060699 (button) folded before Flop (didn't bet)



PokerStars Hand #232755911433:  Hold'em No Limit ($0.01/$0.02 USD) - 2022/01/02 12:49:55 PT [2022/01/02 15:49:55 ET]
Table 'Janus V' 9-max Seat #1 is the button
Seat 1: Tuhtyn ($1.10 in chips) 
Seat 2: Vadim Gomel ($2 in chips) 
Seat 3: Dorex2007 ($2 in chips) 
Seat 4: Brada99 ($1.04 in chips) 
Seat 5: Yogi-thefish ($0.79 in chips) 
Seat 6: dlynniy ($1.11 in chips) 
Seat 7: Poetacuent ($0.60 in chips) 
Seat 8: Djek300 ($5.02 in chips) 
Seat 9: kv6060699 ($0.77 in chips) 
Vadim Gomel: posts small blind $0.01
Dorex2007: posts big blind $0.02
*** HOLE CARDS ***
Dealt to Dorex2007 [3c 2d]
Brada99: folds 
Yogi-thefish: folds 
dlynniy: calls $0.02
Poetacuent: folds 
Djek300: calls $0.02
kv6060699: raises $0.02 to $0.04
Tuhtyn: folds 
Vadim Gomel: folds 
Dorex2007: folds 
dlynniy: calls $0.02
Djek300: calls $0.02
*** FLOP *** [8s 3h 2c]
dlynniy: checks 
Djek300: checks 
kv6060699: bets $0.04
dlynniy: folds 
Djek300: calls $0.04
*** TURN *** [8s 3h 2c] [Qs]
Djek300: checks 
kv6060699: checks 
*** RIVER *** [8s 3h 2c Qs] [9h]
Djek300: bets $0.04
kv6060699: folds 
Uncalled bet ($0.04) returned to Djek300
Djek300 collected $0.22 from pot
Djek300: doesn't show hand 
*** SUMMARY ***
Total pot $0.23 | Rake $0.01 
Board [8s 3h 2c Qs 9h]
Seat 1: Tuhtyn (button) folded before Flop (didn't bet)
Seat 2: Vadim Gomel (small blind) folded before Flop
Seat 3: Dorex2007 (big blind) folded before Flop
Seat 4: Brada99 folded before Flop (didn't bet)
Seat 5: Yogi-thefish folded before Flop (didn't bet)
Seat 6: dlynniy folded on the Flop
Seat 7: Poetacuent folded before Flop (didn't bet)
Seat 8: Djek300 collected ($0.22)
Seat 9: kv6060699 folded on the River



PokerStars Hand #232755969534:  Hold'em No Limit ($0.01/$0.02 USD) - 2022/01/02 12:51:14 PT [2022/01/02 15:51:14 ET]
Table 'Janus V' 9-max Seat #2 is the button
Seat 1: Tuhtyn ($1.10 in chips) 
Seat 2: Vadim Gomel ($2 in chips) 
Seat 3: Dorex2007 ($2 in chips) 
Seat 4: Brada99 ($1.04 in chips) 
Seat 5: Yogi-thefish ($0.79 in chips) 
Seat 6: dlynniy ($1.07 in chips) 
Seat 7: Poetacuent ($0.60 in chips) 
Seat 8: Djek300 ($5.16 in chips) 
Seat 9: kv6060699 ($0.69 in chips) 
Dorex2007: posts small blind $0.01
Brada99: posts big blind $0.02
*** HOLE CARDS ***
Dealt to Dorex2007 [9h Kh]
Yogi-thefish: folds 
dlynniy: folds 
Poetacuent: folds 
Djek300: folds 
kv6060699: raises $0.02 to $0.04
Tuhtyn: folds 
Vadim Gomel: folds 
Dorex2007: calls $0.03
Brada99: calls $0.02
*** FLOP *** [4d 9d 2h]
Dorex2007: bets $0.08
Brada99: folds 
kv6060699: folds 
Uncalled bet ($0.08) returned to Dorex2007
Dorex2007 collected $0.12 from pot
Dorex2007: doesn't show hand 
*** SUMMARY ***
Total pot $0.12 | Rake $0 
Board [4d 9d 2h]
Seat 1: Tuhtyn folded before Flop (didn't bet)
Seat 2: Vadim Gomel (button) folded before Flop (didn't bet)
Seat 3: Dorex2007 (small blind) collected ($0.12)
Seat 4: Brada99 (big blind) folded on the Flop
Seat 5: Yogi-thefish folded before Flop (didn't bet)
Seat 6: dlynniy folded before Flop (didn't bet)
Seat 7: Poetacuent folded before Flop (didn't bet)
Seat 8: Djek300 folded before Flop (didn't bet)
Seat 9: kv6060699 folded on the Flop



