PokerStars Hand #237591403595:  Hold'em No Limit ($0.01/$0.02 USD) - 2022/07/25 20:28:28 PT [2022/07/25 23:28:28 ET]
Table 'Clematis' 9-max Seat #2 is the button
Seat 1: AnjoRush ($1.94 in chips)
Seat 2: Sr ÁviIa ($3.95 in chips)
Seat 3: LeandroAku ($2.52 in chips)
Seat 4: Paty Doll726 ($0.76 in chips)
Seat 5: LottusK ($2.24 in chips)
Seat 7: ilovesomuchh ($2.60 in chips)
Seat 8: Dorex2007 ($5.52 in chips)
Seat 9: masonada213 ($1.04 in chips)
LeandroAku: posts small blind $0.01
Paty Doll726: posts big blind $0.02
*** HOLE CARDS ***
Dealt to Dorex2007 [5h Qc]
lucaspaulist is disconnected
LottusK: folds
ilovesomuchh: folds
Dorex2007: folds
Dorex2007 leaves the table
masonada213: raises $0.03 to $0.05
AnjoRush: folds
Sr ÁviIa: folds
LeandroAku: folds
Paty Doll726: folds
Uncalled bet ($0.03) returned to masonada213
masonada213 collected $0.05 from pot
masonada213: doesn't show hand
*** SUMMARY ***
Total pot $0.05 | Rake $0
Seat 1: AnjoRush folded before Flop (didn't bet)
Seat 2: Sr ÁviIa (button) folded before Flop (didn't bet)
Seat 3: LeandroAku (small blind) folded before Flop
Seat 4: Paty Doll726 (big blind) folded before Flop
Seat 5: LottusK folded before Flop (didn't bet)
Seat 7: ilovesomuchh folded before Flop (didn't bet)
Seat 8: Dorex2007 folded before Flop (didn't bet)
Seat 9: masonada213 collected ($0.05)


*********** # 2 **************
PokerStars Hand #237591394639:  Hold'em No Limit ($0.01/$0.02 USD) - 2022/07/25 20:27:31 PT [2022/07/25 23:27:31 ET]
Table 'Clematis' 9-max Seat #1 is the button
Seat 1: AnjoRush ($1.94 in chips)
Seat 2: Sr ÁviIa ($3.96 in chips)
Seat 3: LeandroAku ($2.54 in chips)
Seat 4: Paty Doll726 ($0.78 in chips)
Seat 5: LottusK ($2.24 in chips)
Seat 6: lucaspaulist ($3.49 in chips)
Seat 7: ilovesomuchh ($2.60 in chips)
Seat 8: Dorex2007 ($3.54 in chips)
Seat 9: masonada213 ($1.04 in chips)
Sr ÁviIa: posts small blind $0.01
LeandroAku: posts big blind $0.02
*** HOLE CARDS ***
Dealt to Dorex2007 [Qs Qc]
Paty Doll726: calls $0.02
LottusK: folds
lucaspaulist: raises $0.06 to $0.08
ilovesomuchh: folds
Dorex2007: raises $0.14 to $0.22
masonada213: folds
AnjoRush: folds
Sr ÁviIa: folds
LeandroAku: folds
Paty Doll726: folds
lucaspaulist: raises $0.18 to $0.40
Dorex2007: raises $3.14 to $3.54 and is all-in
lucaspaulist: calls $3.09 and is all-in
Uncalled bet ($0.05) returned to Dorex2007
*** FLOP *** [7s As Ac]
*** TURN *** [7s As Ac] [4h]
*** RIVER *** [7s As Ac 4h] [Qd]
*** SHOW DOWN ***
lucaspaulist: shows [Th Ts] (two pair, Aces and Tens)
Dorex2007: shows [Qs Qc] (a full house, Queens full of Aces)
Dorex2007 cashed out the hand for $5.47 | Cash Out Fee $0.06
*** SUMMARY ***
Total pot $7.03 | Rake $0.25
Board [7s As Ac 4h Qd]
Seat 1: AnjoRush (button) folded before Flop (didn't bet)
Seat 2: Sr ÁviIa (small blind) folded before Flop
Seat 3: LeandroAku (big blind) folded before Flop
Seat 4: Paty Doll726 folded before Flop
Seat 5: LottusK folded before Flop (didn't bet)
Seat 6: lucaspaulist showed [Th Ts] and lost with two pair, Aces and Tens
Seat 7: ilovesomuchh folded before Flop (didn't bet)
Seat 8: Dorex2007 showed [Qs Qc] and won ($6.78) with a full house, Queens full of Aces (pot not awarded as player cashed out)
Seat 9: masonada213 folded before Flop (didn't bet)


*********** # 3 **************
PokerStars Hand #237591390668:  Hold'em No Limit ($0.01/$0.02 USD) - 2022/07/25 20:27:05 PT [2022/07/25 23:27:05 ET]
Table 'Clematis' 9-max Seat #9 is the button
Seat 1: AnjoRush ($1.95 in chips)
Seat 2: Sr ÁviIa ($4.02 in chips)
Seat 3: LeandroAku ($2.47 in chips)
Seat 4: Paty Doll726 ($0.78 in chips)
Seat 5: LottusK ($2.24 in chips)
Seat 6: lucaspaulist ($3.49 in chips)
Seat 7: ilovesomuchh ($2.60 in chips)
Seat 8: Dorex2007 ($3.54 in chips)
Seat 9: masonada213 ($1.04 in chips)
AnjoRush: posts small blind $0.01
Sr ÁviIa: posts big blind $0.02
*** HOLE CARDS ***
Dealt to Dorex2007 [3c Td]
LeandroAku: raises $0.04 to $0.06
Paty Doll726: folds
LottusK: folds
lucaspaulist: folds
ilovesomuchh: folds
Dorex2007: folds
masonada213: folds
AnjoRush: folds
Sr ÁviIa: calls $0.04
*** FLOP *** [Kd 9h 5c]
Sr ÁviIa: checks
LeandroAku: bets $0.07
Sr ÁviIa: folds
Uncalled bet ($0.07) returned to LeandroAku
LeandroAku collected $0.13 from pot
LeandroAku: doesn't show hand
*** SUMMARY ***
Total pot $0.13 | Rake $0
Board [Kd 9h 5c]
Seat 1: AnjoRush (small blind) folded before Flop
Seat 2: Sr ÁviIa (big blind) folded on the Flop
Seat 3: LeandroAku collected ($0.13)
Seat 4: Paty Doll726 folded before Flop (didn't bet)
Seat 5: LottusK folded before Flop (didn't bet)
Seat 6: lucaspaulist folded before Flop (didn't bet)
Seat 7: ilovesomuchh folded before Flop (didn't bet)
Seat 8: Dorex2007 folded before Flop (didn't bet)
Seat 9: masonada213 (button) folded before Flop (didn't bet)


*********** # 4 **************
PokerStars Hand #237591382287:  Hold'em No Limit ($0.01/$0.02 USD) - 2022/07/25 20:26:11 PT [2022/07/25 23:26:11 ET]
Table 'Clematis' 9-max Seat #8 is the button
Seat 1: AnjoRush ($1.97 in chips)
Seat 2: Sr ÁviIa ($4.02 in chips)
Seat 3: LeandroAku ($2.47 in chips)
Seat 4: Paty Doll726 ($0.78 in chips)
Seat 5: LottusK ($2.09 in chips)
Seat 6: lucaspaulist ($3.62 in chips)
Seat 7: ilovesomuchh ($2.60 in chips)
Seat 8: Dorex2007 ($3.54 in chips)
Seat 9: masonada213 ($1.05 in chips)
masonada213: posts small blind $0.01
AnjoRush: posts big blind $0.02
*** HOLE CARDS ***
Dealt to Dorex2007 [6s Ac]
Sr ÁviIa: folds
LeandroAku: folds
Paty Doll726: folds
LottusK: raises $0.04 to $0.06
lucaspaulist: calls $0.06
ilovesomuchh: folds
Dorex2007: folds
masonada213: folds
AnjoRush: folds
*** FLOP *** [8s Th 8c]
LottusK: checks
lucaspaulist: checks
*** TURN *** [8s Th 8c] [Qh]
LottusK: bets $0.07
lucaspaulist: calls $0.07
*** RIVER *** [8s Th 8c Qh] [6h]
LottusK: checks
lucaspaulist: checks
*** SHOW DOWN ***
LottusK: shows [Jc As] (a pair of Eights)
lucaspaulist: mucks hand
LottusK collected $0.28 from pot
*** SUMMARY ***
Total pot $0.29 | Rake $0.01
Board [8s Th 8c Qh 6h]
Seat 1: AnjoRush (big blind) folded before Flop
Seat 2: Sr ÁviIa folded before Flop (didn't bet)
Seat 3: LeandroAku folded before Flop (didn't bet)
Seat 4: Paty Doll726 folded before Flop (didn't bet)
Seat 5: LottusK showed [Jc As] and won ($0.28) with a pair of Eights
Seat 6: lucaspaulist mucked [Kc 9h]
Seat 7: ilovesomuchh folded before Flop (didn't bet)
Seat 8: Dorex2007 (button) folded before Flop (didn't bet)
Seat 9: masonada213 (small blind) folded before Flop


*********** # 5 **************
PokerStars Hand #237591371871:  Hold'em No Limit ($0.01/$0.02 USD) - 2022/07/25 20:25:05 PT [2022/07/25 23:25:05 ET]
Table 'Clematis' 9-max Seat #7 is the button
Seat 1: AnjoRush ($1.97 in chips)
Seat 2: Sr ÁviIa ($4.02 in chips)
Seat 3: LeandroAku ($2.47 in chips)
Seat 4: Paty Doll726 ($0.80 in chips)
Seat 5: LottusK ($2.09 in chips)
Seat 6: lucaspaulist ($3.48 in chips)
Seat 7: ilovesomuchh ($2.70 in chips)
Seat 8: Dorex2007 ($3.55 in chips)
Seat 9: masonada213 ($1.07 in chips)
Dorex2007: posts small blind $0.01
masonada213: posts big blind $0.02
*** HOLE CARDS ***
Dealt to Dorex2007 [2h 4d]
AnjoRush: folds
Sr ÁviIa: folds
LeandroAku: folds
Paty Doll726: calls $0.02
LottusK: folds
lucaspaulist: calls $0.02
ilovesomuchh: calls $0.02
Dorex2007: folds
masonada213: checks
*** FLOP *** [5c 4h Tc]
masonada213: checks
Paty Doll726: checks
lucaspaulist: bets $0.08
ilovesomuchh: calls $0.08
masonada213: folds
Paty Doll726: folds
*** TURN *** [5c 4h Tc] [5h]
lucaspaulist: bets $0.24
ilovesomuchh: folds
Uncalled bet ($0.24) returned to lucaspaulist
lucaspaulist collected $0.24 from pot
lucaspaulist: doesn't show hand
*** SUMMARY ***
Total pot $0.25 | Rake $0.01
Board [5c 4h Tc 5h]
Seat 1: AnjoRush folded before Flop (didn't bet)
Seat 2: Sr ÁviIa folded before Flop (didn't bet)
Seat 3: LeandroAku folded before Flop (didn't bet)
Seat 4: Paty Doll726 folded on the Flop
Seat 5: LottusK folded before Flop (didn't bet)
Seat 6: lucaspaulist collected ($0.24)
Seat 7: ilovesomuchh (button) folded on the Turn
Seat 8: Dorex2007 (small blind) folded before Flop
Seat 9: masonada213 (big blind) folded on the Flop


*********** # 6 **************
PokerStars Hand #237591366430:  Hold'em No Limit ($0.01/$0.02 USD) - 2022/07/25 20:24:30 PT [2022/07/25 23:24:30 ET]
Table 'Clematis' 9-max Seat #6 is the button
Seat 1: AnjoRush ($1.97 in chips)
Seat 2: Sr ÁviIa ($4.02 in chips)
Seat 3: LeandroAku ($2.47 in chips)
Seat 4: Paty Doll726 ($0.13 in chips)
Seat 5: LottusK ($2.09 in chips)
Seat 6: lucaspaulist ($3.39 in chips)
Seat 7: ilovesomuchh ($2.78 in chips)
Seat 8: Dorex2007 ($3.57 in chips)
Seat 9: masonada213 ($1.07 in chips)
ilovesomuchh: posts small blind $0.01
Dorex2007: posts big blind $0.02
*** HOLE CARDS ***
Dealt to Dorex2007 [6s Js]
masonada213: folds
AnjoRush: folds
Sr ÁviIa: folds
LeandroAku: folds
Paty Doll726: folds
LottusK: folds
lucaspaulist: raises $0.06 to $0.08
ilovesomuchh: calls $0.07
Dorex2007: folds
*** FLOP *** [Qc Ad 6c]
ilovesomuchh: checks
lucaspaulist: bets $0.08
ilovesomuchh: folds
Uncalled bet ($0.08) returned to lucaspaulist
lucaspaulist collected $0.17 from pot
lucaspaulist: doesn't show hand
*** SUMMARY ***
Total pot $0.18 | Rake $0.01
Board [Qc Ad 6c]
Seat 1: AnjoRush folded before Flop (didn't bet)
Seat 2: Sr ÁviIa folded before Flop (didn't bet)
Seat 3: LeandroAku folded before Flop (didn't bet)
Seat 4: Paty Doll726 folded before Flop (didn't bet)
Seat 5: LottusK folded before Flop (didn't bet)
Seat 6: lucaspaulist (button) collected ($0.17)
Seat 7: ilovesomuchh (small blind) folded on the Flop
Seat 8: Dorex2007 (big blind) folded before Flop
Seat 9: masonada213 folded before Flop (didn't bet)


*********** # 7 **************
PokerStars Hand #237591360146:  Hold'em No Limit ($0.01/$0.02 USD) - 2022/07/25 20:23:50 PT [2022/07/25 23:23:50 ET]
Table 'Clematis' 9-max Seat #5 is the button
Seat 1: AnjoRush ($1.97 in chips)
Seat 2: Sr ÁviIa ($4.02 in chips)
Seat 3: LeandroAku ($2.47 in chips)
Seat 4: Paty Doll726 ($0.80 in chips)
Seat 5: LottusK ($2.09 in chips)
Seat 6: lucaspaulist ($3.40 in chips)
Seat 7: ilovesomuchh ($2.15 in chips)
Seat 8: Dorex2007 ($3.59 in chips)
Seat 9: masonada213 ($1.07 in chips)
lucaspaulist: posts small blind $0.01
ilovesomuchh: posts big blind $0.02
Paty Doll726: posts big blind $0.02
*** HOLE CARDS ***
Dealt to Dorex2007 [Td Ad]
Dorex2007: calls $0.02
masonada213: folds
AnjoRush: folds
Sr ÁviIa: folds
LeandroAku: folds
Paty Doll726: checks
LottusK: folds
lucaspaulist: folds
ilovesomuchh: checks
*** FLOP *** [5h 2d 8h]
ilovesomuchh: checks
Dorex2007: checks
Paty Doll726: bets $0.78 and is all-in
ilovesomuchh: calls $0.78
Dorex2007: folds
*** TURN *** [5h 2d 8h] [7d]
*** RIVER *** [5h 2d 8h 7d] [6c]
*** SHOW DOWN ***
ilovesomuchh: shows [2s 8d] (two pair, Eights and Deuces)
Paty Doll726: shows [5c 2c] (two pair, Fives and Deuces)
Paty Doll726 cashed out the hand for $0.13
ilovesomuchh cashed out the hand for $1.43 | Cash Out Fee $0.01
*** SUMMARY ***
Total pot $1.63 | Rake $0.06
Board [5h 2d 8h 7d 6c]
Seat 1: AnjoRush folded before Flop (didn't bet)
Seat 2: Sr ÁviIa folded before Flop (didn't bet)
Seat 3: LeandroAku folded before Flop (didn't bet)
Seat 4: Paty Doll726 showed [5c 2c] and lost with two pair, Fives and Deuces (cashed out).
Seat 5: LottusK (button) folded before Flop (didn't bet)
Seat 6: lucaspaulist (small blind) folded before Flop
Seat 7: ilovesomuchh (big blind) showed [2s 8d] and won ($1.57) with two pair, Eights and Deuces (pot not awarded as player cashed out)
Seat 8: Dorex2007 folded on the Flop
Seat 9: masonada213 folded before Flop (didn't bet)


*********** # 8 **************
PokerStars Hand #237591350318:  Hold'em No Limit ($0.01/$0.02 USD) - 2022/07/25 20:22:48 PT [2022/07/25 23:22:48 ET]
Table 'Clematis' 9-max Seat #3 is the button
Seat 1: AnjoRush ($1.97 in chips)
Seat 2: Sr ÁviIa ($4.02 in chips)
Seat 3: LeandroAku ($2.47 in chips)
Seat 5: LottusK ($2.10 in chips)
Seat 6: lucaspaulist ($3.79 in chips)
Seat 7: ilovesomuchh ($2.15 in chips)
Seat 8: Dorex2007 ($3.61 in chips)
Seat 9: masonada213 ($0.69 in chips)
Paty Doll726 will be allowed to play after the button
LottusK: posts small blind $0.01
lucaspaulist: posts big blind $0.02
*** HOLE CARDS ***
Dealt to Dorex2007 [2c 2d]
ilovesomuchh: folds
Dorex2007: calls $0.02
masonada213: calls $0.02
AnjoRush: folds
Sr ÁviIa: folds
LeandroAku: folds
LottusK: folds
lucaspaulist: checks
*** FLOP *** [Qc 7d 8c]
lucaspaulist: bets $0.02
Dorex2007: folds
masonada213: raises $0.05 to $0.07
lucaspaulist: calls $0.05
*** TURN *** [Qc 7d 8c] [3c]
lucaspaulist: bets $0.10
masonada213: calls $0.10
*** RIVER *** [Qc 7d 8c 3c] [Kh]
lucaspaulist: bets $0.20
masonada213: calls $0.20
*** SHOW DOWN ***
lucaspaulist: shows [6d 8s] (a pair of Eights)
masonada213: shows [Ks Qd] (two pair, Kings and Queens)
masonada213 collected $0.77 from pot
*** SUMMARY ***
Total pot $0.81 | Rake $0.04
Board [Qc 7d 8c 3c Kh]
Seat 1: AnjoRush folded before Flop (didn't bet)
Seat 2: Sr ÁviIa folded before Flop (didn't bet)
Seat 3: LeandroAku (button) folded before Flop (didn't bet)
Seat 5: LottusK (small blind) folded before Flop
Seat 6: lucaspaulist (big blind) showed [6d 8s] and lost with a pair of Eights
Seat 7: ilovesomuchh folded before Flop (didn't bet)
Seat 8: Dorex2007 folded on the Flop
Seat 9: masonada213 showed [Ks Qd] and won ($0.77) with two pair, Kings and Queens


*********** # 9 **************
PokerStars Hand #237591347089:  Hold'em No Limit ($0.01/$0.02 USD) - 2022/07/25 20:22:27 PT [2022/07/25 23:22:27 ET]
Table 'Clematis' 9-max Seat #2 is the button
Seat 1: AnjoRush ($1.97 in chips)
Seat 2: Sr ÁviIa ($4.02 in chips)
Seat 3: LeandroAku ($2.48 in chips)
Seat 5: LottusK ($2.12 in chips)
Seat 6: lucaspaulist ($3.79 in chips)
Seat 7: ilovesomuchh ($2.12 in chips)
Seat 8: Dorex2007 ($3.61 in chips)
Seat 9: masonada213 ($0.69 in chips)
LeandroAku: posts small blind $0.01
LottusK: posts big blind $0.02
*** HOLE CARDS ***
Dealt to Dorex2007 [4h Kd]
Paty Doll726 joins the table at seat #4
lucaspaulist: folds
ilovesomuchh: raises $0.03 to $0.05
Dorex2007: folds
masonada213: folds
AnjoRush: folds
Sr ÁviIa: folds
LeandroAku: folds
LottusK: folds
Uncalled bet ($0.03) returned to ilovesomuchh
ilovesomuchh collected $0.05 from pot
*** SUMMARY ***
Total pot $0.05 | Rake $0
Seat 1: AnjoRush folded before Flop (didn't bet)
Seat 2: Sr ÁviIa (button) folded before Flop (didn't bet)
Seat 3: LeandroAku (small blind) folded before Flop
Seat 5: LottusK (big blind) folded before Flop
Seat 6: lucaspaulist folded before Flop (didn't bet)
Seat 7: ilovesomuchh collected ($0.05)
Seat 8: Dorex2007 folded before Flop (didn't bet)
Seat 9: masonada213 folded before Flop (didn't bet)


*********** # 10 **************
PokerStars Hand #237591344396:  Hold'em No Limit ($0.01/$0.02 USD) - 2022/07/25 20:22:10 PT [2022/07/25 23:22:10 ET]
Table 'Clematis' 9-max Seat #1 is the button
Seat 1: AnjoRush ($1.97 in chips)
Seat 2: Sr ÁviIa ($4.03 in chips)
Seat 3: LeandroAku ($2.47 in chips)
Seat 4: leohuck25 ($1.53 in chips)
Seat 5: LottusK ($2.12 in chips)
Seat 6: lucaspaulist ($3.79 in chips)
Seat 7: ilovesomuchh ($2.12 in chips)
Seat 8: Dorex2007 ($3.61 in chips)
Seat 9: masonada213 ($0.69 in chips)
Sr ÁviIa: posts small blind $0.01
LeandroAku: posts big blind $0.02
*** HOLE CARDS ***
Dealt to Dorex2007 [Qs 5h]
leohuck25: folds
LottusK: folds
lucaspaulist: folds
leohuck25 leaves the table
ilovesomuchh: folds
Dorex2007: folds
masonada213: folds
AnjoRush: folds
Sr ÁviIa: folds
Uncalled bet ($0.01) returned to LeandroAku
LeandroAku collected $0.02 from pot
LeandroAku: doesn't show hand
*** SUMMARY ***
Total pot $0.02 | Rake $0
Seat 1: AnjoRush (button) folded before Flop (didn't bet)
Seat 2: Sr ÁviIa (small blind) folded before Flop
Seat 3: LeandroAku (big blind) collected ($0.02)
Seat 4: leohuck25 folded before Flop (didn't bet)
Seat 5: LottusK folded before Flop (didn't bet)
Seat 6: lucaspaulist folded before Flop (didn't bet)
Seat 7: ilovesomuchh folded before Flop (didn't bet)
Seat 8: Dorex2007 folded before Flop (didn't bet)
Seat 9: masonada213 folded before Flop (didn't bet)


*********** # 11 **************
PokerStars Hand #237591339804:  Hold'em No Limit ($0.01/$0.02 USD) - 2022/07/25 20:21:41 PT [2022/07/25 23:21:41 ET]
Table 'Clematis' 9-max Seat #9 is the button
Seat 1: AnjoRush ($1.98 in chips)
Seat 2: Sr ÁviIa ($4.05 in chips)
Seat 3: LeandroAku ($2.47 in chips)
Seat 4: leohuck25 ($1.61 in chips)
Seat 5: LottusK ($2.01 in chips)
Seat 6: lucaspaulist ($3.79 in chips)
Seat 7: ilovesomuchh ($2.12 in chips)
Seat 8: Dorex2007 ($3.61 in chips)
Seat 9: masonada213 ($0.69 in chips)
AnjoRush: posts small blind $0.01
Sr ÁviIa: posts big blind $0.02
*** HOLE CARDS ***
Dealt to Dorex2007 [Ad Jh]
LeandroAku: folds
leohuck25: raises $0.06 to $0.08
LottusK: raises $1.93 to $2.01 and is all-in
lucaspaulist: folds
ilovesomuchh: folds
Dorex2007: folds
masonada213: folds
AnjoRush: folds
Sr ÁviIa: folds
leohuck25: folds
Uncalled bet ($1.93) returned to LottusK
LottusK collected $0.19 from pot
*** SUMMARY ***
Total pot $0.19 | Rake $0
Seat 1: AnjoRush (small blind) folded before Flop
Seat 2: Sr ÁviIa (big blind) folded before Flop
Seat 3: LeandroAku folded before Flop (didn't bet)
Seat 4: leohuck25 folded before Flop
Seat 5: LottusK collected ($0.19)
Seat 6: lucaspaulist folded before Flop (didn't bet)
Seat 7: ilovesomuchh folded before Flop (didn't bet)
Seat 8: Dorex2007 folded before Flop (didn't bet)
Seat 9: masonada213 (button) folded before Flop (didn't bet)


*********** # 12 **************
PokerStars Hand #237591336131:  Hold'em No Limit ($0.01/$0.02 USD) - 2022/07/25 20:21:18 PT [2022/07/25 23:21:18 ET]
Table 'Clematis' 9-max Seat #8 is the button
Seat 1: AnjoRush ($2 in chips)
Seat 2: Sr ÁviIa ($4.05 in chips)
Seat 3: LeandroAku ($2.44 in chips)
Seat 4: leohuck25 ($1.61 in chips)
Seat 5: LottusK ($2.01 in chips)
Seat 6: lucaspaulist ($3.79 in chips)
Seat 7: ilovesomuchh ($2.12 in chips)
Seat 8: Dorex2007 ($3.61 in chips)
Seat 9: masonada213 ($0.70 in chips)
masonada213: posts small blind $0.01
AnjoRush: posts big blind $0.02
*** HOLE CARDS ***
Dealt to Dorex2007 [Qd 4c]
Sr ÁviIa: folds
LeandroAku: raises $0.04 to $0.06
leohuck25: folds
LottusK: folds
lucaspaulist: folds
ilovesomuchh: folds
Dorex2007: folds
masonada213: folds
AnjoRush: folds
Uncalled bet ($0.04) returned to LeandroAku
LeandroAku collected $0.05 from pot
LeandroAku: doesn't show hand
*** SUMMARY ***
Total pot $0.05 | Rake $0
Seat 1: AnjoRush (big blind) folded before Flop
Seat 2: Sr ÁviIa folded before Flop (didn't bet)
Seat 3: LeandroAku collected ($0.05)
Seat 4: leohuck25 folded before Flop (didn't bet)
Seat 5: LottusK folded before Flop (didn't bet)
Seat 6: lucaspaulist folded before Flop (didn't bet)
Seat 7: ilovesomuchh folded before Flop (didn't bet)
Seat 8: Dorex2007 (button) folded before Flop (didn't bet)
Seat 9: masonada213 (small blind) folded before Flop


*********** # 13 **************
PokerStars Hand #237591324613:  Hold'em No Limit ($0.01/$0.02 USD) - 2022/07/25 20:20:06 PT [2022/07/25 23:20:06 ET]
Table 'Clematis' 9-max Seat #7 is the button
Seat 2: Sr ÁviIa ($4.05 in chips)
Seat 3: LeandroAku ($2.44 in chips)
Seat 4: leohuck25 ($1.61 in chips)
Seat 5: LottusK ($2.01 in chips)
Seat 6: lucaspaulist ($3.87 in chips)
Seat 7: ilovesomuchh ($2.12 in chips)
Seat 8: Dorex2007 ($3.69 in chips)
Seat 9: masonada213 ($0.55 in chips)
Dorex2007: posts small blind $0.01
masonada213: posts big blind $0.02
AnjoRush: sits out
*** HOLE CARDS ***
Dealt to Dorex2007 [3c Ac]
Sr ÁviIa: folds
LeandroAku: folds
leohuck25: folds
LottusK: folds
lucaspaulist is disconnected
lucaspaulist is connected
lucaspaulist: calls $0.02
ilovesomuchh: folds
Dorex2007: calls $0.01
masonada213: raises $0.06 to $0.08
lucaspaulist: calls $0.06
Dorex2007: calls $0.06
*** FLOP *** [8d 9d Kc]
Dorex2007: checks
masonada213: checks
lucaspaulist: checks
*** TURN *** [8d 9d Kc] [6s]
Dorex2007: checks
masonada213: bets $0.15
lucaspaulist: folds
Dorex2007: folds
Uncalled bet ($0.15) returned to masonada213
masonada213 collected $0.23 from pot
masonada213: doesn't show hand
*** SUMMARY ***
Total pot $0.24 | Rake $0.01
Board [8d 9d Kc 6s]
Seat 2: Sr ÁviIa folded before Flop (didn't bet)
Seat 3: LeandroAku folded before Flop (didn't bet)
Seat 4: leohuck25 folded before Flop (didn't bet)
Seat 5: LottusK folded before Flop (didn't bet)
Seat 6: lucaspaulist folded on the Turn
Seat 7: ilovesomuchh (button) folded before Flop (didn't bet)
Seat 8: Dorex2007 (small blind) folded on the Turn
Seat 9: masonada213 (big blind) collected ($0.23)


*********** # 14 **************
PokerStars Hand #237591301073:  Hold'em No Limit ($0.01/$0.02 USD) - 2022/07/25 20:18:23 PT [2022/07/25 23:18:23 ET]
Table 'Clematis' 9-max Seat #6 is the button
Seat 2: Sr ÁviIa ($4.10 in chips)
Seat 3: LeandroAku ($2.19 in chips)
Seat 4: leohuck25 ($1.61 in chips)
Seat 5: LottusK ($2.01 in chips)
Seat 6: lucaspaulist ($3.87 in chips)
Seat 7: ilovesomuchh ($2.13 in chips)
Seat 8: Dorex2007 ($3.74 in chips)
Seat 9: masonada213 ($0.70 in chips)
ilovesomuchh: posts small blind $0.01
Dorex2007: posts big blind $0.02
*** HOLE CARDS ***
Dealt to Dorex2007 [9s 9d]
masonada213: raises $0.03 to $0.05
Sr ÁviIa: calls $0.05
LeandroAku: calls $0.05
leohuck25: folds
LottusK: folds
lucaspaulist: folds
ilovesomuchh: folds
Dorex2007: calls $0.03
*** FLOP *** [As 6c Tc]
Dorex2007: checks
masonada213: checks
Sr ÁviIa: checks
LeandroAku: bets $0.10
Dorex2007: folds
masonada213: calls $0.10
Sr ÁviIa: folds
*** TURN *** [As 6c Tc] [3d]
masonada213: checks
LeandroAku: bets $0.20
AnjoRush joins the table at seat #1
masonada213: folds
Uncalled bet ($0.20) returned to LeandroAku
LeandroAku collected $0.40 from pot
LeandroAku: doesn't show hand
*** SUMMARY ***
Total pot $0.41 | Rake $0.01
Board [As 6c Tc 3d]
Seat 2: Sr ÁviIa folded on the Flop
Seat 3: LeandroAku collected ($0.40)
Seat 4: leohuck25 folded before Flop (didn't bet)
Seat 5: LottusK folded before Flop (didn't bet)
Seat 6: lucaspaulist (button) folded before Flop (didn't bet)
Seat 7: ilovesomuchh (small blind) folded before Flop
Seat 8: Dorex2007 (big blind) folded on the Flop
Seat 9: masonada213 folded on the Turn


*********** # 15 **************
PokerStars Hand #237591295862:  Hold'em No Limit ($0.01/$0.02 USD) - 2022/07/25 20:17:51 PT [2022/07/25 23:17:51 ET]
Table 'Clematis' 9-max Seat #5 is the button
Seat 2: Sr ÁviIa ($4.07 in chips)
Seat 3: LeandroAku ($2.19 in chips)
Seat 4: leohuck25 ($1.61 in chips)
Seat 5: LottusK ($2.01 in chips)
Seat 6: lucaspaulist ($3.88 in chips)
Seat 7: ilovesomuchh ($2.15 in chips)
Seat 8: Dorex2007 ($3.74 in chips)
Seat 9: masonada213 ($0.70 in chips)
lucaspaulist: posts small blind $0.01
ilovesomuchh: posts big blind $0.02
*** HOLE CARDS ***
Dealt to Dorex2007 [8c 3s]
Dorex2007: folds
masonada213: folds
Sr ÁviIa: raises $0.04 to $0.06
LeandroAku: folds
leohuck25: folds
LottusK: folds
lucaspaulist: folds
ilovesomuchh: folds
Uncalled bet ($0.04) returned to Sr ÁviIa
Sr ÁviIa collected $0.05 from pot
Sr ÁviIa: doesn't show hand
*** SUMMARY ***
Total pot $0.05 | Rake $0
Seat 2: Sr ÁviIa collected ($0.05)
Seat 3: LeandroAku folded before Flop (didn't bet)
Seat 4: leohuck25 folded before Flop (didn't bet)
Seat 5: LottusK (button) folded before Flop (didn't bet)
Seat 6: lucaspaulist (small blind) folded before Flop
Seat 7: ilovesomuchh (big blind) folded before Flop
Seat 8: Dorex2007 folded before Flop (didn't bet)
Seat 9: masonada213 folded before Flop (didn't bet)


*********** # 16 **************
PokerStars Hand #237591293304:  Hold'em No Limit ($0.01/$0.02 USD) - 2022/07/25 20:17:35 PT [2022/07/25 23:17:35 ET]
Table 'Clematis' 9-max Seat #4 is the button
Seat 2: Sr ÁviIa ($4.07 in chips)
Seat 3: LeandroAku ($2.19 in chips)
Seat 4: leohuck25 ($1.61 in chips)
Seat 5: LottusK ($2.02 in chips)
Seat 6: lucaspaulist ($3.87 in chips)
Seat 7: ilovesomuchh ($2.15 in chips)
Seat 8: Dorex2007 ($3.74 in chips)
Seat 9: masonada213 ($0.70 in chips)
LottusK: posts small blind $0.01
lucaspaulist: posts big blind $0.02
*** HOLE CARDS ***
Dealt to Dorex2007 [6c 3h]
ilovesomuchh: folds
Dorex2007: folds
masonada213: folds
Sr ÁviIa: folds
LeandroAku: folds
leohuck25: folds
LottusK: folds
Uncalled bet ($0.01) returned to lucaspaulist
lucaspaulist collected $0.02 from pot
lucaspaulist: doesn't show hand
*** SUMMARY ***
Total pot $0.02 | Rake $0
Seat 2: Sr ÁviIa folded before Flop (didn't bet)
Seat 3: LeandroAku folded before Flop (didn't bet)
Seat 4: leohuck25 (button) folded before Flop (didn't bet)
Seat 5: LottusK (small blind) folded before Flop
Seat 6: lucaspaulist (big blind) collected ($0.02)
Seat 7: ilovesomuchh folded before Flop (didn't bet)
Seat 8: Dorex2007 folded before Flop (didn't bet)
Seat 9: masonada213 folded before Flop (didn't bet)


*********** # 17 **************
PokerStars Hand #237591283258:  Hold'em No Limit ($0.01/$0.02 USD) - 2022/07/25 20:16:37 PT [2022/07/25 23:16:37 ET]
Table 'Clematis' 9-max Seat #3 is the button
Seat 2: Sr ÁviIa ($4.10 in chips)
Seat 3: LeandroAku ($2.19 in chips)
Seat 4: leohuck25 ($0.81 in chips)
Seat 5: LottusK ($2.04 in chips)
Seat 6: lucaspaulist ($3.87 in chips)
Seat 7: ilovesomuchh ($2.15 in chips)
Seat 8: Dorex2007 ($3.74 in chips)
Seat 9: masonada213 ($1.51 in chips)
leohuck25: posts small blind $0.01
LottusK: posts big blind $0.02
Sr ÁviIa: posts small & big blinds $0.03
*** HOLE CARDS ***
Dealt to Dorex2007 [8h 4c]
lucaspaulist: folds
ilovesomuchh: folds
Dorex2007: folds
masonada213: raises $0.07 to $0.09
Sr ÁviIa: folds
LeandroAku: folds
leohuck25: raises $0.19 to $0.28
LottusK: folds
masonada213: calls $0.19
*** FLOP *** [7d Jh 7s]
leohuck25: bets $0.53 and is all-in
masonada213: calls $0.53
*** TURN *** [7d Jh 7s] [8s]
*** RIVER *** [7d Jh 7s 8s] [Qs]
*** SHOW DOWN ***
leohuck25: shows [As Ah] (two pair, Aces and Sevens)
masonada213: shows [Ac Jc] (two pair, Jacks and Sevens)
leohuck25 collected $1.61 from pot
*** SUMMARY ***
Total pot $1.67 | Rake $0.06
Board [7d Jh 7s 8s Qs]
Seat 2: Sr ÁviIa folded before Flop (didn't bet)
Seat 3: LeandroAku (button) folded before Flop (didn't bet)
Seat 4: leohuck25 (small blind) showed [As Ah] and won ($1.61) with two pair, Aces and Sevens
Seat 5: LottusK (big blind) folded before Flop
Seat 6: lucaspaulist folded before Flop (didn't bet)
Seat 7: ilovesomuchh folded before Flop (didn't bet)
Seat 8: Dorex2007 folded before Flop (didn't bet)
Seat 9: masonada213 showed [Ac Jc] and lost with two pair, Jacks and Sevens


*********** # 18 **************
PokerStars Hand #237591275351:  Hold'em No Limit ($0.01/$0.02 USD) - 2022/07/25 20:15:48 PT [2022/07/25 23:15:48 ET]
Table 'Clematis' 9-max Seat #9 is the button
Seat 3: LeandroAku ($2.20 in chips)
Seat 4: leohuck25 ($0.78 in chips)
Seat 5: LottusK ($2.04 in chips)
Seat 6: lucaspaulist ($3.89 in chips)
Seat 7: ilovesomuchh ($2.15 in chips)
Seat 8: Dorex2007 ($3.74 in chips)
Seat 9: masonada213 ($1.51 in chips)
Sr ÁviIa will be allowed to play after the button
LeandroAku: posts small blind $0.01
leohuck25: posts big blind $0.02
*** HOLE CARDS ***
Dealt to Dorex2007 [As 7h]
LottusK: folds
lucaspaulist: calls $0.02
ilovesomuchh: folds
Dorex2007: folds
masonada213: folds
LeandroAku: folds
leohuck25: checks
*** FLOP *** [Qd 6s Kh]
leohuck25: checks
lucaspaulist: checks
*** TURN *** [Qd 6s Kh] [7c]
leohuck25: checks
lucaspaulist: checks
*** RIVER *** [Qd 6s Kh 7c] [3s]
leohuck25: checks
lucaspaulist: checks
*** SHOW DOWN ***
leohuck25: shows [5d Ac] (high card Ace)
lucaspaulist: mucks hand
leohuck25 collected $0.05 from pot
*** SUMMARY ***
Total pot $0.05 | Rake $0
Board [Qd 6s Kh 7c 3s]
Seat 3: LeandroAku (small blind) folded before Flop
Seat 4: leohuck25 (big blind) showed [5d Ac] and won ($0.05) with high card Ace
Seat 5: LottusK folded before Flop (didn't bet)
Seat 6: lucaspaulist mucked [2d 4s]
Seat 7: ilovesomuchh folded before Flop (didn't bet)
Seat 8: Dorex2007 folded before Flop (didn't bet)
Seat 9: masonada213 (button) folded before Flop (didn't bet)


*********** # 19 **************
PokerStars Hand #237591270324:  Hold'em No Limit ($0.01/$0.02 USD) - 2022/07/25 20:15:17 PT [2022/07/25 23:15:17 ET]
Table 'Clematis' 9-max Seat #8 is the button
Seat 3: LeandroAku ($2.22 in chips)
Seat 4: leohuck25 ($0.80 in chips)
Seat 5: LottusK ($1.99 in chips)
Seat 6: lucaspaulist ($3.89 in chips)
Seat 7: ilovesomuchh ($2.15 in chips)
Seat 8: Dorex2007 ($3.74 in chips)
Seat 9: masonada213 ($1.52 in chips)
masonada213: posts small blind $0.01
LeandroAku: posts big blind $0.02
leohuck25: posts big blind $0.02
*** HOLE CARDS ***
Dealt to Dorex2007 [Ac Ks]
leohuck25: checks
LottusK: raises $1.97 to $1.99 and is all-in
lucaspaulist: folds
ilovesomuchh: folds
Dorex2007: folds
masonada213: folds
LeandroAku: folds
leohuck25: folds
Uncalled bet ($1.97) returned to LottusK
LottusK collected $0.07 from pot
cthebesth1 leaves the table
*** SUMMARY ***
Total pot $0.07 | Rake $0
Seat 3: LeandroAku (big blind) folded before Flop
Seat 4: leohuck25 folded before Flop (didn't bet)
Seat 5: LottusK collected ($0.07)
Seat 6: lucaspaulist folded before Flop (didn't bet)
Seat 7: ilovesomuchh folded before Flop (didn't bet)
Seat 8: Dorex2007 (button) folded before Flop (didn't bet)
Seat 9: masonada213 (small blind) folded before Flop


*********** # 20 **************
PokerStars Hand #237591266256:  Hold'em No Limit ($0.01/$0.02 USD) - 2022/07/25 20:14:51 PT [2022/07/25 23:14:51 ET]
Table 'Clematis' 9-max Seat #7 is the button
Seat 2: Sr ÁviIa ($4.10 in chips)
Seat 3: LeandroAku ($2.22 in chips)
Seat 5: LottusK ($1.99 in chips)
Seat 6: lucaspaulist ($3.89 in chips)
Seat 7: ilovesomuchh ($2.12 in chips)
Seat 8: Dorex2007 ($3.75 in chips)
Seat 9: masonada213 ($1.54 in chips)
Dorex2007: posts small blind $0.01
masonada213: posts big blind $0.02
*** HOLE CARDS ***
Dealt to Dorex2007 [2h Qc]
Sr ÁviIa has timed out
Sr ÁviIa: folds
LeandroAku: folds
LottusK: folds
lucaspaulist: folds
ilovesomuchh: raises $0.03 to $0.05
Dorex2007: folds
leohuck25 joins the table at seat #4
masonada213: folds
Uncalled bet ($0.03) returned to ilovesomuchh
ilovesomuchh collected $0.05 from pot
*** SUMMARY ***
Total pot $0.05 | Rake $0
Seat 2: Sr ÁviIa folded before Flop (didn't bet)
Seat 3: LeandroAku folded before Flop (didn't bet)
Seat 5: LottusK folded before Flop (didn't bet)
Seat 6: lucaspaulist folded before Flop (didn't bet)
Seat 7: ilovesomuchh (button) collected ($0.05)
Seat 8: Dorex2007 (small blind) folded before Flop
Seat 9: masonada213 (big blind) folded before Flop


*********** # 21 **************
PokerStars Hand #237591262292:  Hold'em No Limit ($0.01/$0.02 USD) - 2022/07/25 20:14:27 PT [2022/07/25 23:14:27 ET]
Table 'Clematis' 9-max Seat #6 is the button
Seat 2: Sr ÁviIa ($4.10 in chips)
Seat 3: LeandroAku ($2.22 in chips)
Seat 5: LottusK ($2 in chips)
Seat 6: lucaspaulist ($3.85 in chips)
Seat 7: ilovesomuchh ($2.13 in chips)
Seat 8: Dorex2007 ($3.77 in chips)
Seat 9: masonada213 ($1.54 in chips)
ilovesomuchh: posts small blind $0.01
Dorex2007: posts big blind $0.02
LottusK: posts small blind $0.01
*** HOLE CARDS ***
Dealt to Dorex2007 [Ks 6c]
masonada213: folds
BrenoVns leaves the table
Sr ÁviIa: folds
LeandroAku: folds
LottusK: folds
lucaspaulist: raises $0.08 to $0.10
ilovesomuchh: folds
Dorex2007: folds
Uncalled bet ($0.08) returned to lucaspaulist
lucaspaulist collected $0.06 from pot
lucaspaulist: doesn't show hand
*** SUMMARY ***
Total pot $0.06 | Rake $0
Seat 2: Sr ÁviIa folded before Flop (didn't bet)
Seat 3: LeandroAku folded before Flop (didn't bet)
Seat 5: LottusK folded before Flop (didn't bet)
Seat 6: lucaspaulist (button) collected ($0.06)
Seat 7: ilovesomuchh (small blind) folded before Flop
Seat 8: Dorex2007 (big blind) folded before Flop
Seat 9: masonada213 folded before Flop (didn't bet)


*********** # 22 **************
PokerStars Hand #237591256824:  Hold'em No Limit ($0.01/$0.02 USD) - 2022/07/25 20:13:52 PT [2022/07/25 23:13:52 ET]
Table 'Clematis' 9-max Seat #4 is the button
Seat 2: Sr ÁviIa ($4.07 in chips)
Seat 3: LeandroAku ($2.22 in chips)
Seat 4: BrenoVns ($2.28 in chips)
Seat 6: lucaspaulist ($3.86 in chips)
Seat 7: ilovesomuchh ($2.15 in chips)
Seat 8: Dorex2007 ($3.77 in chips)
Seat 9: masonada213 ($1.54 in chips)
lucaspaulist: posts small blind $0.01
ilovesomuchh: posts big blind $0.02
*** HOLE CARDS ***
Dealt to Dorex2007 [2c 4c]
Dorex2007: folds
masonada213: folds
Sr ÁviIa: raises $0.06 to $0.08
LeandroAku: folds
BrenoVns has timed out
BrenoVns: folds
lucaspaulist: folds
ilovesomuchh: folds
Uncalled bet ($0.06) returned to Sr ÁviIa
Sr ÁviIa collected $0.05 from pot
Sr ÁviIa: doesn't show hand
*** SUMMARY ***
Total pot $0.05 | Rake $0
Seat 2: Sr ÁviIa collected ($0.05)
Seat 3: LeandroAku folded before Flop (didn't bet)
Seat 4: BrenoVns (button) folded before Flop (didn't bet)
Seat 6: lucaspaulist (small blind) folded before Flop
Seat 7: ilovesomuchh (big blind) folded before Flop
Seat 8: Dorex2007 folded before Flop (didn't bet)
Seat 9: masonada213 folded before Flop (didn't bet)


*********** # 23 **************
PokerStars Hand #237591246438:  Hold'em No Limit ($0.01/$0.02 USD) - 2022/07/25 20:12:47 PT [2022/07/25 23:12:47 ET]
Table 'Clematis' 9-max Seat #3 is the button
Seat 2: Sr ÁviIa ($4.13 in chips)
Seat 3: LeandroAku ($2.22 in chips)
Seat 4: BrenoVns ($2.29 in chips)
Seat 5: LottusK ($1.53 in chips)
Seat 6: lucaspaulist ($2.37 in chips)
Seat 7: ilovesomuchh ($2.15 in chips)
Seat 8: Dorex2007 ($3.77 in chips)
Seat 9: masonada213 ($1.54 in chips)
BrenoVns: posts small blind $0.01
LottusK: posts big blind $0.02
*** HOLE CARDS ***
Dealt to Dorex2007 [8c 2c]
lucaspaulist: calls $0.02
ilovesomuchh: folds
Dorex2007: folds
masonada213: folds
Sr ÁviIa: calls $0.02
LeandroAku: folds
BrenoVns: folds
LottusK: raises $0.04 to $0.06
lucaspaulist: calls $0.04
Sr ÁviIa: calls $0.04
*** FLOP *** [Qh Ts 8d]
LottusK: bets $0.20
lucaspaulist: raises $0.30 to $0.50
Sr ÁviIa: folds
LottusK: raises $0.97 to $1.47 and is all-in
lucaspaulist: calls $0.97
*** TURN *** [Qh Ts 8d] [Tc]
*** RIVER *** [Qh Ts 8d Tc] [7h]
*** SHOW DOWN ***
LottusK: shows [Qd Kh] (two pair, Queens and Tens)
lucaspaulist: shows [8h Td] (a full house, Tens full of Eights)
lucaspaulist collected $3.02 from pot
*** SUMMARY ***
Total pot $3.13 | Rake $0.11
Board [Qh Ts 8d Tc 7h]
Seat 2: Sr ÁviIa folded on the Flop
Seat 3: LeandroAku (button) folded before Flop (didn't bet)
Seat 4: BrenoVns (small blind) folded before Flop
Seat 5: LottusK (big blind) showed [Qd Kh] and lost with two pair, Queens and Tens
Seat 6: lucaspaulist showed [8h Td] and won ($3.02) with a full house, Tens full of Eights
Seat 7: ilovesomuchh folded before Flop (didn't bet)
Seat 8: Dorex2007 folded before Flop (didn't bet)
Seat 9: masonada213 folded before Flop (didn't bet)


*********** # 24 **************
PokerStars Hand #237591233620:  Hold'em No Limit ($0.01/$0.02 USD) - 2022/07/25 20:11:28 PT [2022/07/25 23:11:28 ET]
Table 'Clematis' 9-max Seat #2 is the button
Seat 2: Sr ÁviIa ($4.17 in chips)
Seat 3: LeandroAku ($2.23 in chips)
Seat 4: BrenoVns ($2.31 in chips)
Seat 5: LottusK ($1.68 in chips)
Seat 6: lucaspaulist ($2.16 in chips)
Seat 7: ilovesomuchh ($2.15 in chips)
Seat 8: Dorex2007 ($3.77 in chips)
Seat 9: masonada213 ($1.54 in chips)
LeandroAku: posts small blind $0.01
BrenoVns: posts big blind $0.02
*** HOLE CARDS ***
Dealt to Dorex2007 [8d 3d]
LottusK: raises $0.02 to $0.04
lucaspaulist: calls $0.04
ilovesomuchh: folds
Dorex2007: folds
masonada213: folds
Sr ÁviIa: calls $0.04
LeandroAku: folds
BrenoVns: folds
*** FLOP *** [Qs Kc 5h]
LottusK: checks
lucaspaulist: bets $0.11
Sr ÁviIa: folds
LottusK: calls $0.11
*** TURN *** [Qs Kc 5h] [7d]
LottusK: checks
lucaspaulist: bets $0.20
LottusK: folds
Uncalled bet ($0.20) returned to lucaspaulist
lucaspaulist collected $0.36 from pot
lucaspaulist: doesn't show hand
*** SUMMARY ***
Total pot $0.37 | Rake $0.01
Board [Qs Kc 5h 7d]
Seat 2: Sr ÁviIa (button) folded on the Flop
Seat 3: LeandroAku (small blind) folded before Flop
Seat 4: BrenoVns (big blind) folded before Flop
Seat 5: LottusK folded on the Turn
Seat 6: lucaspaulist collected ($0.36)
Seat 7: ilovesomuchh folded before Flop (didn't bet)
Seat 8: Dorex2007 folded before Flop (didn't bet)
Seat 9: masonada213 folded before Flop (didn't bet)


*********** # 25 **************
PokerStars Hand #237591229240:  Hold'em No Limit ($0.01/$0.02 USD) - 2022/07/25 20:11:02 PT [2022/07/25 23:11:02 ET]
Table 'Clematis' 9-max Seat #9 is the button
Seat 2: Sr ÁviIa ($4.18 in chips)
Seat 3: LeandroAku ($2.25 in chips)
Seat 4: BrenoVns ($2.31 in chips)
Seat 5: LottusK ($1.68 in chips)
Seat 6: lucaspaulist ($2.16 in chips)
Seat 7: ilovesomuchh ($2.15 in chips)
Seat 8: Dorex2007 ($3.77 in chips)
Seat 9: masonada213 ($1.51 in chips)
Sr ÁviIa: posts small blind $0.01
LeandroAku: posts big blind $0.02
*** HOLE CARDS ***
Dealt to Dorex2007 [8c 3s]
BrenoVns: folds
LottusK: folds
lucaspaulist: folds
ilovesomuchh: folds
Dorex2007: folds
masonada213: raises $0.03 to $0.05
Sr ÁviIa: folds
LeandroAku: folds
Uncalled bet ($0.03) returned to masonada213
masonada213 collected $0.05 from pot
masonada213: doesn't show hand
*** SUMMARY ***
Total pot $0.05 | Rake $0
Seat 2: Sr ÁviIa (small blind) folded before Flop
Seat 3: LeandroAku (big blind) folded before Flop
Seat 4: BrenoVns folded before Flop (didn't bet)
Seat 5: LottusK folded before Flop (didn't bet)
Seat 6: lucaspaulist folded before Flop (didn't bet)
Seat 7: ilovesomuchh folded before Flop (didn't bet)
Seat 8: Dorex2007 folded before Flop (didn't bet)
Seat 9: masonada213 (button) collected ($0.05)


*********** # 26 **************
PokerStars Hand #237591220235:  Hold'em No Limit ($0.01/$0.02 USD) - 2022/07/25 20:10:06 PT [2022/07/25 23:10:06 ET]
Table 'Clematis' 9-max Seat #8 is the button
Seat 2: Sr ÁviIa ($4.20 in chips)
Seat 3: LeandroAku ($2.25 in chips)
Seat 4: BrenoVns ($2.31 in chips)
Seat 5: LottusK ($1.68 in chips)
Seat 6: lucaspaulist ($2.03 in chips)
Seat 7: ilovesomuchh ($2.15 in chips)
Seat 8: Dorex2007 ($3.77 in chips)
Seat 9: masonada213 ($1.63 in chips)
masonada213: posts small blind $0.01
Sr ÁviIa: posts big blind $0.02
*** HOLE CARDS ***
Dealt to Dorex2007 [Jc 2h]
LeandroAku: folds
BrenoVns: folds
LottusK: folds
lucaspaulist: calls $0.02
ilovesomuchh: folds
Dorex2007: folds
masonada213: raises $0.06 to $0.08
Sr ÁviIa: folds
lucaspaulist: calls $0.06
*** FLOP *** [5h 3s As]
masonada213: checks
lucaspaulist: bets $0.04
masonada213: calls $0.04
*** TURN *** [5h 3s As] [Qc]
masonada213: checks
lucaspaulist: bets $0.16
masonada213: folds
Uncalled bet ($0.16) returned to lucaspaulist
lucaspaulist collected $0.25 from pot
lucaspaulist: doesn't show hand
*** SUMMARY ***
Total pot $0.26 | Rake $0.01
Board [5h 3s As Qc]
Seat 2: Sr ÁviIa (big blind) folded before Flop
Seat 3: LeandroAku folded before Flop (didn't bet)
Seat 4: BrenoVns folded before Flop (didn't bet)
Seat 5: LottusK folded before Flop (didn't bet)
Seat 6: lucaspaulist collected ($0.25)
Seat 7: ilovesomuchh folded before Flop (didn't bet)
Seat 8: Dorex2007 (button) folded before Flop (didn't bet)
Seat 9: masonada213 (small blind) folded on the Turn


*********** # 27 **************
PokerStars Hand #237591211629:  Hold'em No Limit ($0.01/$0.02 USD) - 2022/07/25 20:09:29 PT [2022/07/25 23:09:29 ET]
Table 'Clematis' 9-max Seat #7 is the button
Seat 2: Sr ÁviIa ($4.20 in chips)
Seat 3: LeandroAku ($2.25 in chips)
Seat 4: BrenoVns ($2.31 in chips)
Seat 5: LottusK ($1.68 in chips)
Seat 6: lucaspaulist ($2 in chips)
Seat 7: ilovesomuchh ($2.15 in chips)
Seat 8: Dorex2007 ($3.78 in chips)
Seat 9: masonada213 ($1.65 in chips)
Dorex2007: posts small blind $0.01
masonada213: posts big blind $0.02
lucaspaulist: posts big blind $0.02
*** HOLE CARDS ***
Dealt to Dorex2007 [5h Js]
Sr ÁviIa: folds
LeandroAku: folds
BrenoVns: folds
LottusK: folds
lucaspaulist: raises $0.04 to $0.06
ilovesomuchh: folds
Dorex2007: folds
masonada213: folds
Uncalled bet ($0.04) returned to lucaspaulist
lucaspaulist collected $0.05 from pot
lucaspaulist: doesn't show hand
*** SUMMARY ***
Total pot $0.05 | Rake $0
Seat 2: Sr ÁviIa folded before Flop (didn't bet)
Seat 3: LeandroAku folded before Flop (didn't bet)
Seat 4: BrenoVns folded before Flop (didn't bet)
Seat 5: LottusK folded before Flop (didn't bet)
Seat 6: lucaspaulist collected ($0.05)
Seat 7: ilovesomuchh (button) folded before Flop (didn't bet)
Seat 8: Dorex2007 (small blind) folded before Flop
Seat 9: masonada213 (big blind) folded before Flop


*********** # 28 **************
PokerStars Hand #237591205753:  Hold'em No Limit ($0.01/$0.02 USD) - 2022/07/25 20:08:52 PT [2022/07/25 23:08:52 ET]
Table 'Clematis' 9-max Seat #5 is the button
Seat 3: LeandroAku ($2.25 in chips)
Seat 4: BrenoVns ($2.26 in chips)
Seat 5: LottusK ($1.68 in chips)
Seat 7: ilovesomuchh ($2.16 in chips)
Seat 8: Dorex2007 ($3.82 in chips)
Seat 9: masonada213 ($1.65 in chips)
lucaspaulist will be allowed to play after the button
ilovesomuchh: posts small blind $0.01
Dorex2007: posts big blind $0.02
*** HOLE CARDS ***
Dealt to Dorex2007 [Kc 8d]
masonada213: folds
LeandroAku: folds
BrenoVns: raises $0.02 to $0.04
LottusK: folds
ilovesomuchh: folds
Dorex2007: calls $0.02
*** FLOP *** [3c Ah Js]
Dorex2007: checks
BrenoVns: bets $0.04
Dorex2007: folds
Uncalled bet ($0.04) returned to BrenoVns
BrenoVns collected $0.09 from pot
BrenoVns: doesn't show hand
*** SUMMARY ***
Total pot $0.09 | Rake $0
Board [3c Ah Js]
Seat 3: LeandroAku folded before Flop (didn't bet)
Seat 4: BrenoVns collected ($0.09)
Seat 5: LottusK (button) folded before Flop (didn't bet)
Seat 7: ilovesomuchh (small blind) folded before Flop
Seat 8: Dorex2007 (big blind) folded on the Flop
Seat 9: masonada213 folded before Flop (didn't bet)


*********** # 29 **************
PokerStars Hand #237591198150:  Hold'em No Limit ($0.01/$0.02 USD) - 2022/07/25 20:08:04 PT [2022/07/25 23:08:04 ET]
Table 'Clematis' 9-max Seat #4 is the button
Seat 2: Sr ÁviIa ($4.20 in chips)
Seat 3: LeandroAku ($2.25 in chips)
Seat 4: BrenoVns ($2.26 in chips)
Seat 5: LottusK ($1.69 in chips)
Seat 7: ilovesomuchh ($2.18 in chips)
Seat 8: Dorex2007 ($3.82 in chips)
Seat 9: masonada213 ($1.62 in chips)
LottusK: posts small blind $0.01
ilovesomuchh: posts big blind $0.02
*** HOLE CARDS ***
Dealt to Dorex2007 [Ah 7c]
Dorex2007: folds
masonada213: raises $0.03 to $0.05
Sr ÁviIa has timed out
Sr ÁviIa: folds
LeandroAku: folds
BrenoVns: folds
lucaspaulist joins the table at seat #6
LottusK: folds
ilovesomuchh: folds
Uncalled bet ($0.03) returned to masonada213
masonada213 collected $0.05 from pot
masonada213: doesn't show hand
*** SUMMARY ***
Total pot $0.05 | Rake $0
Seat 2: Sr ÁviIa folded before Flop (didn't bet)
Seat 3: LeandroAku folded before Flop (didn't bet)
Seat 4: BrenoVns (button) folded before Flop (didn't bet)
Seat 5: LottusK (small blind) folded before Flop
Seat 7: ilovesomuchh (big blind) folded before Flop
Seat 8: Dorex2007 folded before Flop (didn't bet)
Seat 9: masonada213 collected ($0.05)


*********** # 30 **************
PokerStars Hand #237591190556:  Hold'em No Limit ($0.01/$0.02 USD) - 2022/07/25 20:07:17 PT [2022/07/25 23:07:17 ET]
Table 'Clematis' 9-max Seat #3 is the button
Seat 2: Sr ÁviIa ($4.20 in chips)
Seat 3: LeandroAku ($2.25 in chips)
Seat 4: BrenoVns ($2.27 in chips)
Seat 5: LottusK ($0.87 in chips)
Seat 7: ilovesomuchh ($2.18 in chips)
Seat 8: Dorex2007 ($3.34 in chips)
Seat 9: masonada213 ($1.62 in chips)
BrenoVns: posts small blind $0.01
LottusK: posts big blind $0.02
*** HOLE CARDS ***
Dealt to Dorex2007 [Ac 4c]
ilovesomuchh: folds
Dorex2007: calls $0.02
masonada213: folds
Sr ÁviIa: folds
LeandroAku: folds
BrenoVns: folds
LottusK: raises $0.05 to $0.07
Dorex2007: calls $0.05
*** FLOP *** [4h 6d 3s]
LottusK: bets $0.14
Dorex2007: raises $0.18 to $0.32
LottusK: raises $0.48 to $0.80 and is all-in
Dorex2007: calls $0.48
*** TURN *** [4h 6d 3s] [9h]
*** RIVER *** [4h 6d 3s 9h] [8h]
*** SHOW DOWN ***
LottusK: shows [Qh Ah] (a flush, Ace high)
Dorex2007: shows [Ac 4c] (a pair of Fours)
LottusK collected $1.69 from pot
Dorex2007 cashed out the hand for $1.35 | Cash Out Fee $0.01
*** SUMMARY ***
Total pot $1.75 | Rake $0.06
Board [4h 6d 3s 9h 8h]
Seat 2: Sr ÁviIa folded before Flop (didn't bet)
Seat 3: LeandroAku (button) folded before Flop (didn't bet)
Seat 4: BrenoVns (small blind) folded before Flop
Seat 5: LottusK (big blind) showed [Qh Ah] and won ($1.69) with a flush, Ace high
Seat 7: ilovesomuchh folded before Flop (didn't bet)
Seat 8: Dorex2007 showed [Ac 4c] and lost with a pair of Fours (cashed out).
Seat 9: masonada213 folded before Flop (didn't bet)


*********** # 31 **************
PokerStars Hand #237591186499:  Hold'em No Limit ($0.01/$0.02 USD) - 2022/07/25 20:06:53 PT [2022/07/25 23:06:53 ET]
Table 'Clematis' 9-max Seat #2 is the button
Seat 2: Sr ÁviIa ($4.17 in chips)
Seat 3: LeandroAku ($2.26 in chips)
Seat 4: BrenoVns ($2.29 in chips)
Seat 5: LottusK ($0.87 in chips)
Seat 7: ilovesomuchh ($2.18 in chips)
Seat 8: Dorex2007 ($3.34 in chips)
Seat 9: masonada213 ($1.62 in chips)
LeandroAku: posts small blind $0.01
BrenoVns: posts big blind $0.02
*** HOLE CARDS ***
Dealt to Dorex2007 [8c 4s]
LottusK: folds
ilovesomuchh: folds
Dorex2007: folds
masonada213: folds
Sr ÁviIa: raises $0.04 to $0.06
LeandroAku: folds
BrenoVns: folds
Uncalled bet ($0.04) returned to Sr ÁviIa
Sr ÁviIa collected $0.05 from pot
Sr ÁviIa: doesn't show hand
*** SUMMARY ***
Total pot $0.05 | Rake $0
Seat 2: Sr ÁviIa (button) collected ($0.05)
Seat 3: LeandroAku (small blind) folded before Flop
Seat 4: BrenoVns (big blind) folded before Flop
Seat 5: LottusK folded before Flop (didn't bet)
Seat 7: ilovesomuchh folded before Flop (didn't bet)
Seat 8: Dorex2007 folded before Flop (didn't bet)
Seat 9: masonada213 folded before Flop (didn't bet)


*********** # 32 **************
PokerStars Hand #237591168256:  Hold'em No Limit ($0.01/$0.02 USD) - 2022/07/25 20:05:01 PT [2022/07/25 23:05:01 ET]
Table 'Clematis' 9-max Seat #9 is the button
Seat 2: Sr ÁviIa ($4.18 in chips)
Seat 3: LeandroAku ($2.06 in chips)
Seat 4: BrenoVns ($2.33 in chips)
Seat 5: LottusK ($0.87 in chips)
Seat 7: ilovesomuchh ($2.18 in chips)
Seat 8: Dorex2007 ($3.46 in chips)
Seat 9: masonada213 ($1.66 in chips)
Sr ÁviIa: posts small blind $0.01
LeandroAku: posts big blind $0.02
*** HOLE CARDS ***
Dealt to Dorex2007 [Ts Ac]
BrenoVns: raises $0.02 to $0.04
LottusK: folds
ilovesomuchh: folds
Dorex2007: calls $0.04
masonada213: calls $0.04
Sr ÁviIa: folds
LeandroAku: calls $0.02
*** FLOP *** [5d Kh 3c]
LeandroAku: checks
BrenoVns: checks
Dorex2007: checks
masonada213: checks
*** TURN *** [5d Kh 3c] [8s]
LeandroAku: checks
MaXiDe05 leaves the table
BrenoVns: checks
Dorex2007: bets $0.04
masonada213: folds
LeandroAku: calls $0.04
BrenoVns: folds
*** RIVER *** [5d Kh 3c 8s] [3h]
LeandroAku: checks
Dorex2007: bets $0.04
LeandroAku: calls $0.04
*** SHOW DOWN ***
Dorex2007: shows [Ts Ac] (a pair of Threes)
LeandroAku: shows [5c Ad] (two pair, Fives and Threes)
LeandroAku collected $0.32 from pot
*** SUMMARY ***
Total pot $0.33 | Rake $0.01
Board [5d Kh 3c 8s 3h]
Seat 2: Sr ÁviIa (small blind) folded before Flop
Seat 3: LeandroAku (big blind) showed [5c Ad] and won ($0.32) with two pair, Fives and Threes
Seat 4: BrenoVns folded on the Turn
Seat 5: LottusK folded before Flop (didn't bet)
Seat 7: ilovesomuchh folded before Flop (didn't bet)
Seat 8: Dorex2007 showed [Ts Ac] and lost with a pair of Threes
Seat 9: masonada213 (button) folded on the Turn


*********** # 33 **************
PokerStars Hand #237591165427:  Hold'em No Limit ($0.01/$0.02 USD) - 2022/07/25 20:04:44 PT [2022/07/25 23:04:44 ET]
Table 'Clematis' 9-max Seat #8 is the button
Seat 2: Sr ÁviIa ($4.20 in chips)
Seat 3: LeandroAku ($2.06 in chips)
Seat 4: BrenoVns ($2.33 in chips)
Seat 5: LottusK ($0.87 in chips)
Seat 7: ilovesomuchh ($2.18 in chips)
Seat 8: Dorex2007 ($3.46 in chips)
Seat 9: masonada213 ($1.64 in chips)
masonada213: posts small blind $0.01
Sr ÁviIa: posts big blind $0.02
*** HOLE CARDS ***
Dealt to Dorex2007 [3s 9s]
LeandroAku: folds
BrenoVns: folds
LottusK: folds
ilovesomuchh: folds
Dorex2007: folds
masonada213: raises $0.04 to $0.06
Sr ÁviIa: folds
Uncalled bet ($0.04) returned to masonada213
masonada213 collected $0.04 from pot
masonada213: doesn't show hand
*** SUMMARY ***
Total pot $0.04 | Rake $0
Seat 2: Sr ÁviIa (big blind) folded before Flop
Seat 3: LeandroAku folded before Flop (didn't bet)
Seat 4: BrenoVns folded before Flop (didn't bet)
Seat 5: LottusK folded before Flop (didn't bet)
Seat 7: ilovesomuchh folded before Flop (didn't bet)
Seat 8: Dorex2007 (button) folded before Flop (didn't bet)
Seat 9: masonada213 (small blind) collected ($0.04)


*********** # 34 **************
PokerStars Hand #237591162308:  Hold'em No Limit ($0.01/$0.02 USD) - 2022/07/25 20:04:25 PT [2022/07/25 23:04:25 ET]
Table 'Clematis' 9-max Seat #7 is the button
Seat 2: Sr ÁviIa ($4.20 in chips)
Seat 3: LeandroAku ($2.06 in chips)
Seat 4: BrenoVns ($2.33 in chips)
Seat 5: LottusK ($0.87 in chips)
Seat 7: ilovesomuchh ($2.18 in chips)
Seat 8: Dorex2007 ($3.47 in chips)
Seat 9: masonada213 ($1.63 in chips)
Dorex2007: posts small blind $0.01
masonada213: posts big blind $0.02
*** HOLE CARDS ***
Dealt to Dorex2007 [6c 9h]
Sr ÁviIa: folds
LeandroAku: folds
BrenoVns: folds
LottusK: folds
ilovesomuchh: folds
Dorex2007: folds
Uncalled bet ($0.01) returned to masonada213
masonada213 collected $0.02 from pot
masonada213: doesn't show hand
*** SUMMARY ***
Total pot $0.02 | Rake $0
Seat 2: Sr ÁviIa folded before Flop (didn't bet)
Seat 3: LeandroAku folded before Flop (didn't bet)
Seat 4: BrenoVns folded before Flop (didn't bet)
Seat 5: LottusK folded before Flop (didn't bet)
Seat 7: ilovesomuchh (button) folded before Flop (didn't bet)
Seat 8: Dorex2007 (small blind) folded before Flop
Seat 9: masonada213 (big blind) collected ($0.02)


*********** # 35 **************
PokerStars Hand #237591150366:  Hold'em No Limit ($0.01/$0.02 USD) - 2022/07/25 20:03:12 PT [2022/07/25 23:03:12 ET]
Table 'Clematis' 9-max Seat #5 is the button
Seat 2: Sr ÁviIa ($4.20 in chips)
Seat 3: LeandroAku ($2.09 in chips)
Seat 4: BrenoVns ($2.25 in chips)
Seat 5: LottusK ($0.87 in chips)
Seat 6: MaXiDe05 ($1.94 in chips)
Seat 7: ilovesomuchh ($2.22 in chips)
Seat 8: Dorex2007 ($3.47 in chips)
MaXiDe05: posts small blind $0.01
ilovesomuchh: posts big blind $0.02
masonada213: sits out
LeandroAku: posts small & big blinds $0.03
*** HOLE CARDS ***
Dealt to Dorex2007 [9h 5s]
Dorex2007: folds
Sr ÁviIa: folds
LeandroAku: checks
BrenoVns: raises $0.02 to $0.04
LottusK: folds
MaXiDe05: folds
ilovesomuchh: calls $0.02
LeandroAku: folds
*** FLOP *** [Qc 6s 4c]
ilovesomuchh: checks
BrenoVns: checks
*** TURN *** [Qc 6s 4c] [Ks]
ilovesomuchh: checks
BrenoVns: checks
*** RIVER *** [Qc 6s 4c Ks] [2h]
ilovesomuchh: checks
BrenoVns: checks
*** SHOW DOWN ***
ilovesomuchh: shows [Td 8c] (high card King)
BrenoVns: shows [3s 3c] (a pair of Threes)
BrenoVns collected $0.12 from pot
*** SUMMARY ***
Total pot $0.12 | Rake $0
Board [Qc 6s 4c Ks 2h]
Seat 2: Sr ÁviIa folded before Flop (didn't bet)
Seat 3: LeandroAku folded before Flop (didn't bet)
Seat 4: BrenoVns showed [3s 3c] and won ($0.12) with a pair of Threes
Seat 5: LottusK (button) folded before Flop (didn't bet)
Seat 6: MaXiDe05 (small blind) folded before Flop
Seat 7: ilovesomuchh (big blind) showed [Td 8c] and lost with high card King
Seat 8: Dorex2007 folded before Flop (didn't bet)


*********** # 36 **************
PokerStars Hand #237591145740:  Hold'em No Limit ($0.01/$0.02 USD) - 2022/07/25 20:02:43 PT [2022/07/25 23:02:43 ET]
Table 'Clematis' 9-max Seat #4 is the button
Seat 2: Sr ÁviIa ($4.20 in chips)
Seat 4: BrenoVns ($2.25 in chips)
Seat 5: LottusK ($0.83 in chips)
Seat 6: MaXiDe05 ($1.98 in chips)
Seat 7: ilovesomuchh ($2.22 in chips)
Seat 8: Dorex2007 ($3.47 in chips)
LottusK: posts small blind $0.01
MaXiDe05: posts big blind $0.02
masonada213: sits out
LeandroAku: sits out
*** HOLE CARDS ***
Dealt to Dorex2007 [As 3d]
ilovesomuchh: folds
Dorex2007: folds
Sr ÁviIa: folds
BrenoVns: folds
LottusK: raises $0.02 to $0.04
MaXiDe05: calls $0.02
*** FLOP *** [2d Kd Kc]
LottusK: bets $0.04
MaXiDe05: folds
Uncalled bet ($0.04) returned to LottusK
LottusK collected $0.08 from pot
*** SUMMARY ***
Total pot $0.08 | Rake $0
Board [2d Kd Kc]
Seat 2: Sr ÁviIa folded before Flop (didn't bet)
Seat 4: BrenoVns (button) folded before Flop (didn't bet)
Seat 5: LottusK (small blind) collected ($0.08)
Seat 6: MaXiDe05 (big blind) folded on the Flop
Seat 7: ilovesomuchh folded before Flop (didn't bet)
Seat 8: Dorex2007 folded before Flop (didn't bet)


*********** # 37 **************
PokerStars Hand #237591134047:  Hold'em No Limit ($0.01/$0.02 USD) - 2022/07/25 20:01:53 PT [2022/07/25 23:01:53 ET]
Table 'Clematis' 9-max Seat #2 is the button
Seat 2: Sr ÁviIa ($4.20 in chips)
Seat 4: BrenoVns ($2.26 in chips)
Seat 5: LottusK ($0.80 in chips)
Seat 6: MaXiDe05 ($1.92 in chips)
Seat 7: ilovesomuchh ($2.22 in chips)
Seat 8: Dorex2007 ($3.47 in chips)
LeandroAku will be allowed to play after the button
BrenoVns: posts small blind $0.01
LottusK: posts big blind $0.02
masonada213: sits out
*** HOLE CARDS ***
Dealt to Dorex2007 [5c 4h]
MaXiDe05: calls $0.02
ilovesomuchh: folds
Dorex2007: folds
Sr ÁviIa: folds
BrenoVns: folds
LottusK: checks
*** FLOP *** [2c 3h 7s]
LottusK: checks
MaXiDe05: checks
*** TURN *** [2c 3h 7s] [3s]
LottusK: checks
MaXiDe05: checks
*** RIVER *** [2c 3h 7s 3s] [Ts]
LottusK: checks
MaXiDe05: checks
*** SHOW DOWN ***
LottusK: shows [4s Kh] (a pair of Threes)
MaXiDe05: mucks hand
LottusK collected $0.05 from pot
*** SUMMARY ***
Total pot $0.05 | Rake $0
Board [2c 3h 7s 3s Ts]
Seat 2: Sr ÁviIa (button) folded before Flop (didn't bet)
Seat 4: BrenoVns (small blind) folded before Flop
Seat 5: LottusK (big blind) showed [4s Kh] and won ($0.05) with a pair of Threes
Seat 6: MaXiDe05 mucked [9c Jh]
Seat 7: ilovesomuchh folded before Flop (didn't bet)
Seat 8: Dorex2007 folded before Flop (didn't bet)


*********** # 38 **************
PokerStars Hand #237591124297:  Hold'em No Limit ($0.01/$0.02 USD) - 2022/07/25 20:00:54 PT [2022/07/25 23:00:54 ET]
Table 'Clematis' 9-max Seat #8 is the button
Seat 2: Sr ÁviIa ($4.21 in chips)
Seat 4: BrenoVns ($2.18 in chips)
Seat 6: MaXiDe05 ($2 in chips)
Seat 7: ilovesomuchh ($2.22 in chips)
Seat 8: Dorex2007 ($3.47 in chips)
masonada213 will be allowed to play after the button
Sr ÁviIa: posts small blind $0.01
LeandroAku: is sitting out
BrenoVns: posts big blind $0.02
LottusK: sits out
MaXiDe05: posts big blind $0.02
*** HOLE CARDS ***
Dealt to Dorex2007 [2c 9d]
MaXiDe05: checks
ilovesomuchh: folds
Dorex2007: folds
Sr ÁviIa: folds
BrenoVns: checks
*** FLOP *** [As 9c Jh]
BrenoVns: bets $0.02
MaXiDe05: calls $0.02
*** TURN *** [As 9c Jh] [Th]
BrenoVns: bets $0.04
MaXiDe05: calls $0.04
*** RIVER *** [As 9c Jh Th] [Jd]
BrenoVns: checks
MaXiDe05: checks
*** SHOW DOWN ***
BrenoVns: shows [6d Ah] (two pair, Aces and Jacks)
MaXiDe05: mucks hand
BrenoVns collected $0.16 from pot
*** SUMMARY ***
Total pot $0.17 | Rake $0.01
Board [As 9c Jh Th Jd]
Seat 2: Sr ÁviIa (small blind) folded before Flop
Seat 4: BrenoVns (big blind) showed [6d Ah] and won ($0.16) with two pair, Aces and Jacks
Seat 6: MaXiDe05 mucked [Ks 6s]
Seat 7: ilovesomuchh folded before Flop (didn't bet)
Seat 8: Dorex2007 (button) folded before Flop (didn't bet)


*********** # 39 **************
PokerStars Hand #237591103255:  Hold'em No Limit ($0.01/$0.02 USD) - 2022/07/25 19:58:33 PT [2022/07/25 22:58:33 ET]
Table 'Clematis' 9-max Seat #7 is the button
Seat 1: cthebesth1 ($2.25 in chips)
Seat 2: Sr ÁviIa ($4.18 in chips)
Seat 3: LeandroAku ($2.09 in chips)
Seat 4: BrenoVns ($2.18 in chips)
Seat 7: ilovesomuchh ($2.22 in chips)
Seat 8: Dorex2007 ($3.48 in chips)
Dorex2007: posts small blind $0.01
cthebesth1: posts big blind $0.02
*** HOLE CARDS ***
Dealt to Dorex2007 [2c Qd]
Sr ÁviIa: calls $0.02
LeandroAku: folds
BrenoVns: folds
ilovesomuchh: folds
Dorex2007: folds
LottusK joins the table at seat #5
cthebesth1 has timed out
cthebesth1: checks
*** FLOP *** [8s 5s 5h]
cthebesth1 has timed out
cthebesth1: checks
MaXiDe05 joins the table at seat #6
Sr ÁviIa: bets $0.05
cthebesth1 has timed out
cthebesth1: folds
Uncalled bet ($0.05) returned to Sr ÁviIa
Sr ÁviIa collected $0.05 from pot
Sr ÁviIa: doesn't show hand
*** SUMMARY ***
Total pot $0.05 | Rake $0
Board [8s 5s 5h]
Seat 1: cthebesth1 (big blind) folded on the Flop
Seat 2: Sr ÁviIa collected ($0.05)
Seat 3: LeandroAku folded before Flop (didn't bet)
Seat 4: BrenoVns folded before Flop (didn't bet)
Seat 7: ilovesomuchh (button) folded before Flop (didn't bet)
Seat 8: Dorex2007 (small blind) folded before Flop


*********** # 40 **************
PokerStars Hand #237591095609:  Hold'em No Limit ($0.01/$0.02 USD) - 2022/07/25 19:57:50 PT [2022/07/25 22:57:50 ET]
Table 'Clematis' 9-max Seat #4 is the button
Seat 1: cthebesth1 ($2.25 in chips)
Seat 2: Sr ÁviIa ($4.14 in chips)
Seat 3: LeandroAku ($2.09 in chips)
Seat 4: BrenoVns ($2.18 in chips)
Seat 7: ilovesomuchh ($2.24 in chips)
Seat 8: Dorex2007 ($3.50 in chips)
ilovesomuchh: posts small blind $0.01
Dorex2007: posts big blind $0.02
*** HOLE CARDS ***
Dealt to Dorex2007 [6s 8s]
cthebesth1: folds
Sr ÁviIa: calls $0.02
LeandroAku: folds
BrenoVns: folds
ilovesomuchh: calls $0.01
Dorex2007: checks
*** FLOP *** [9h 5h Jd]
ilovesomuchh: checks
Dorex2007: checks
Sr ÁviIa: checks
*** TURN *** [9h 5h Jd] [4h]
ilovesomuchh: checks
Dorex2007: checks
Sr ÁviIa: checks
*** RIVER *** [9h 5h Jd 4h] [6d]
ilovesomuchh: checks
Dorex2007: checks
Sr ÁviIa: checks
*** SHOW DOWN ***
ilovesomuchh: shows [Ts Qc] (high card Queen)
Dorex2007: shows [6s 8s] (a pair of Sixes)
Sr ÁviIa: shows [9d Ad] (a pair of Nines)
Sr ÁviIa collected $0.06 from pot
*** SUMMARY ***
Total pot $0.06 | Rake $0
Board [9h 5h Jd 4h 6d]
Seat 1: cthebesth1 folded before Flop (didn't bet)
Seat 2: Sr ÁviIa showed [9d Ad] and won ($0.06) with a pair of Nines
Seat 3: LeandroAku folded before Flop (didn't bet)
Seat 4: BrenoVns (button) folded before Flop (didn't bet)
Seat 7: ilovesomuchh (small blind) showed [Ts Qc] and lost with high card Queen
Seat 8: Dorex2007 (big blind) showed [6s 8s] and lost with a pair of Sixes


*********** # 41 **************
PokerStars Hand #237591092664:  Hold'em No Limit ($0.01/$0.02 USD) - 2022/07/25 19:57:29 PT [2022/07/25 22:57:29 ET]
Table 'Clematis' 9-max Seat #3 is the button
Seat 1: cthebesth1 ($2.25 in chips)
Seat 2: Sr ÁviIa ($4.14 in chips)
Seat 3: LeandroAku ($2.09 in chips)
Seat 4: BrenoVns ($2.19 in chips)
Seat 7: ilovesomuchh ($2.23 in chips)
Seat 8: Dorex2007 ($3.50 in chips)
BrenoVns: posts small blind $0.01
mumisber: is sitting out
ilovesomuchh: posts big blind $0.02
*** HOLE CARDS ***
Dealt to Dorex2007 [5h Kd]
Dorex2007: folds
mumisber leaves the table
cthebesth1: folds
Sr ÁviIa: folds
LeandroAku: folds
BrenoVns: folds
Uncalled bet ($0.01) returned to ilovesomuchh
ilovesomuchh collected $0.02 from pot
*** SUMMARY ***
Total pot $0.02 | Rake $0
Seat 1: cthebesth1 folded before Flop (didn't bet)
Seat 2: Sr ÁviIa folded before Flop (didn't bet)
Seat 3: LeandroAku (button) folded before Flop (didn't bet)
Seat 4: BrenoVns (small blind) folded before Flop
Seat 7: ilovesomuchh (big blind) collected ($0.02)
Seat 8: Dorex2007 folded before Flop (didn't bet)


*********** # 42 **************
PokerStars Hand #237591088896:  Hold'em No Limit ($0.01/$0.02 USD) - 2022/07/25 19:57:03 PT [2022/07/25 22:57:03 ET]
Table 'Clematis' 9-max Seat #2 is the button
Seat 1: cthebesth1 ($2.25 in chips)
Seat 2: Sr ÁviIa ($4.14 in chips)
Seat 3: LeandroAku ($2.10 in chips)
Seat 4: BrenoVns ($2.21 in chips)
Seat 6: mumisber ($1.90 in chips)
Seat 7: ilovesomuchh ($2.20 in chips)
Seat 8: Dorex2007 ($3.50 in chips)
LeandroAku: posts small blind $0.01
BrenoVns: posts big blind $0.02
*** HOLE CARDS ***
Dealt to Dorex2007 [Tc 9s]
mumisber: folds
ilovesomuchh: raises $0.03 to $0.05
Dorex2007: folds
Thiago 0421 leaves the table
cthebesth1: folds
Sr ÁviIa: folds
LeandroAku: folds
BrenoVns: folds
Uncalled bet ($0.03) returned to ilovesomuchh
ilovesomuchh collected $0.05 from pot
*** SUMMARY ***
Total pot $0.05 | Rake $0
Seat 1: cthebesth1 folded before Flop (didn't bet)
Seat 2: Sr ÁviIa (button) folded before Flop (didn't bet)
Seat 3: LeandroAku (small blind) folded before Flop
Seat 4: BrenoVns (big blind) folded before Flop
Seat 6: mumisber folded before Flop (didn't bet)
Seat 7: ilovesomuchh collected ($0.05)
Seat 8: Dorex2007 folded before Flop (didn't bet)


*********** # 43 **************
PokerStars Hand #237591077962:  Hold'em No Limit ($0.01/$0.02 USD) - 2022/07/25 19:55:53 PT [2022/07/25 22:55:53 ET]
Table 'Clematis' 9-max Seat #1 is the button
Seat 1: cthebesth1 ($2.25 in chips)
Seat 2: Sr ÁviIa ($4.15 in chips)
Seat 3: LeandroAku ($2.12 in chips)
Seat 4: BrenoVns ($2.31 in chips)
Seat 5: Thiago 0421 ($0.23 in chips)
Seat 6: mumisber ($1.56 in chips)
Seat 7: ilovesomuchh ($2.20 in chips)
Seat 8: Dorex2007 ($3.50 in chips)
Sr ÁviIa: posts small blind $0.01
LeandroAku: posts big blind $0.02
*** HOLE CARDS ***
Dealt to Dorex2007 [5h 9d]
BrenoVns: raises $0.02 to $0.04
Thiago 0421: calls $0.04
mumisber: raises $0.06 to $0.10
ilovesomuchh: folds
Dorex2007: folds
cthebesth1: folds
Sr ÁviIa: folds
LeandroAku: folds
BrenoVns: calls $0.06
Thiago 0421: raises $0.13 to $0.23 and is all-in
mumisber: calls $0.13
BrenoVns: folds
*** FLOP *** [6c 2s 5s]
*** TURN *** [6c 2s 5s] [4d]
*** RIVER *** [6c 2s 5s 4d] [8h]
*** SHOW DOWN ***
Thiago 0421: shows [As 9h] (high card Ace)
mumisber: shows [Kd Ad] (high card Ace - King kicker)
mumisber collected $0.57 from pot
*** SUMMARY ***
Total pot $0.59 | Rake $0.02
Board [6c 2s 5s 4d 8h]
Seat 1: cthebesth1 (button) folded before Flop (didn't bet)
Seat 2: Sr ÁviIa (small blind) folded before Flop
Seat 3: LeandroAku (big blind) folded before Flop
Seat 4: BrenoVns folded before Flop
Seat 5: Thiago 0421 showed [As 9h] and lost with high card Ace
Seat 6: mumisber showed [Kd Ad] and won ($0.57) with high card Ace
Seat 7: ilovesomuchh folded before Flop (didn't bet)
Seat 8: Dorex2007 folded before Flop (didn't bet)


*********** # 44 **************
PokerStars Hand #237591064801:  Hold'em No Limit ($0.01/$0.02 USD) - 2022/07/25 19:54:29 PT [2022/07/25 22:54:29 ET]
Table 'Clematis' 9-max Seat #9 is the button
Seat 1: cthebesth1 ($2.29 in chips)
Seat 2: Sr ÁviIa ($4.17 in chips)
Seat 3: LeandroAku ($2.12 in chips)
Seat 4: BrenoVns ($1.99 in chips)
Seat 5: Thiago 0421 ($0.47 in chips)
Seat 6: mumisber ($1.56 in chips)
Seat 7: ilovesomuchh ($2.20 in chips)
Seat 8: Dorex2007 ($3.54 in chips)
Seat 9: masonada213 ($1.63 in chips)
cthebesth1: posts small blind $0.01
Sr ÁviIa: posts big blind $0.02
*** HOLE CARDS ***
Dealt to Dorex2007 [Ks Ad]
LeandroAku: folds
BrenoVns: raises $0.02 to $0.04
Thiago 0421: calls $0.04
mumisber: folds
ilovesomuchh: folds
Dorex2007: calls $0.04
masonada213: folds
cthebesth1: calls $0.03
Sr ÁviIa: folds
*** FLOP *** [Js 9h 8d]
cthebesth1: checks
BrenoVns: bets $0.06
Thiago 0421: calls $0.06
Dorex2007: folds
cthebesth1: folds
*** TURN *** [Js 9h 8d] [8c]
BrenoVns: bets $0.14
Thiago 0421: calls $0.14
*** RIVER *** [Js 9h 8d 8c] [3c]
BrenoVns: checks
Thiago 0421: checks
*** SHOW DOWN ***
BrenoVns: shows [Kd Kh] (two pair, Kings and Eights)
Thiago 0421: mucks hand
BrenoVns collected $0.56 from pot
*** SUMMARY ***
Total pot $0.58 | Rake $0.02
Board [Js 9h 8d 8c 3c]
Seat 1: cthebesth1 (small blind) folded on the Flop
Seat 2: Sr ÁviIa (big blind) folded before Flop
Seat 3: LeandroAku folded before Flop (didn't bet)
Seat 4: BrenoVns showed [Kd Kh] and won ($0.56) with two pair, Kings and Eights
Seat 5: Thiago 0421 mucked [4d Jd]
Seat 6: mumisber folded before Flop (didn't bet)
Seat 7: ilovesomuchh folded before Flop (didn't bet)
Seat 8: Dorex2007 folded on the Flop
Seat 9: masonada213 (button) folded before Flop (didn't bet)


*********** # 45 **************
PokerStars Hand #237591061032:  Hold'em No Limit ($0.01/$0.02 USD) - 2022/07/25 19:54:06 PT [2022/07/25 22:54:06 ET]
Table 'Clematis' 9-max Seat #8 is the button
Seat 1: cthebesth1 ($2.28 in chips)
Seat 2: Sr ÁviIa ($4.17 in chips)
Seat 3: LeandroAku ($2.12 in chips)
Seat 4: BrenoVns ($1.99 in chips)
Seat 5: Thiago 0421 ($0.47 in chips)
Seat 6: mumisber ($1.56 in chips)
Seat 7: ilovesomuchh ($2.20 in chips)
Seat 8: Dorex2007 ($3.54 in chips)
Seat 9: masonada213 ($1.64 in chips)
masonada213: posts small blind $0.01
cthebesth1: posts big blind $0.02
*** HOLE CARDS ***
Dealt to Dorex2007 [Tc 3s]
Sr ÁviIa: folds
LeandroAku: folds
BrenoVns: folds
Thiago 0421: folds
mumisber: folds
ilovesomuchh: folds
Dorex2007: folds
masonada213: folds
Uncalled bet ($0.01) returned to cthebesth1
cthebesth1 collected $0.02 from pot
cthebesth1: doesn't show hand
*** SUMMARY ***
Total pot $0.02 | Rake $0
Seat 1: cthebesth1 (big blind) collected ($0.02)
Seat 2: Sr ÁviIa folded before Flop (didn't bet)
Seat 3: LeandroAku folded before Flop (didn't bet)
Seat 4: BrenoVns folded before Flop (didn't bet)
Seat 5: Thiago 0421 folded before Flop (didn't bet)
Seat 6: mumisber folded before Flop (didn't bet)
Seat 7: ilovesomuchh folded before Flop (didn't bet)
Seat 8: Dorex2007 (button) folded before Flop (didn't bet)
Seat 9: masonada213 (small blind) folded before Flop


*********** # 46 **************
PokerStars Hand #237591053010:  Hold'em No Limit ($0.01/$0.02 USD) - 2022/07/25 19:53:19 PT [2022/07/25 22:53:19 ET]
Table 'Clematis' 9-max Seat #7 is the button
Seat 1: cthebesth1 ($2.28 in chips)
Seat 2: Sr ÁviIa ($4.17 in chips)
Seat 3: LeandroAku ($2.12 in chips)
Seat 4: BrenoVns ($1.99 in chips)
Seat 5: Thiago 0421 ($0.47 in chips)
Seat 6: mumisber ($1.56 in chips)
Seat 7: ilovesomuchh ($2.14 in chips)
Seat 8: Dorex2007 ($3.55 in chips)
Seat 9: masonada213 ($1.69 in chips)
Dorex2007: posts small blind $0.01
masonada213: posts big blind $0.02
*** HOLE CARDS ***
Dealt to Dorex2007 [5d 9c]
cthebesth1: folds
Sr ÁviIa: folds
LeandroAku: folds
BrenoVns: folds
Thiago 0421: folds
mumisber: folds
ilovesomuchh: raises $0.03 to $0.05
Dorex2007: folds
masonada213: calls $0.03
*** FLOP *** [9h 4s 2h]
masonada213: checks
ilovesomuchh: checks
*** TURN *** [9h 4s 2h] [Ad]
masonada213: checks
ilovesomuchh: bets $0.08
masonada213: folds
Uncalled bet ($0.08) returned to ilovesomuchh
ilovesomuchh collected $0.11 from pot
*** SUMMARY ***
Total pot $0.11 | Rake $0
Board [9h 4s 2h Ad]
Seat 1: cthebesth1 folded before Flop (didn't bet)
Seat 2: Sr ÁviIa folded before Flop (didn't bet)
Seat 3: LeandroAku folded before Flop (didn't bet)
Seat 4: BrenoVns folded before Flop (didn't bet)
Seat 5: Thiago 0421 folded before Flop (didn't bet)
Seat 6: mumisber folded before Flop (didn't bet)
Seat 7: ilovesomuchh (button) collected ($0.11)
Seat 8: Dorex2007 (small blind) folded before Flop
Seat 9: masonada213 (big blind) folded on the Turn


*********** # 47 **************
PokerStars Hand #237591034196:  Hold'em No Limit ($0.01/$0.02 USD) - 2022/07/25 19:52:27 PT [2022/07/25 22:52:27 ET]
Table 'Clematis' 9-max Seat #6 is the button
Seat 1: cthebesth1 ($2.28 in chips)
Seat 2: Sr ÁviIa ($4.17 in chips)
Seat 3: LeandroAku ($2.12 in chips)
Seat 4: BrenoVns ($1.99 in chips)
Seat 5: Thiago 0421 ($0.42 in chips)
Seat 6: mumisber ($1.56 in chips)
Seat 7: ilovesomuchh ($2.15 in chips)
Seat 8: Dorex2007 ($3.59 in chips)
Seat 9: masonada213 ($1.69 in chips)
ilovesomuchh: posts small blind $0.01
Dorex2007: posts big blind $0.02
*** HOLE CARDS ***
Dealt to Dorex2007 [5d 9d]
masonada213: folds
cthebesth1: folds
Sr ÁviIa: folds
LeandroAku: folds
BrenoVns: folds
Thiago 0421: calls $0.02
mumisber: folds
ilovesomuchh: folds
Dorex2007: checks
*** FLOP *** [Qh Ts Qc]
Dorex2007: checks
Thiago 0421: checks
*** TURN *** [Qh Ts Qc] [6c]
Dorex2007: bets $0.02
Thiago 0421: calls $0.02
*** RIVER *** [Qh Ts Qc 6c] [7c]
Dorex2007: checks
Thiago 0421: checks
*** SHOW DOWN ***
Dorex2007: shows [5d 9d] (a pair of Queens)
Thiago 0421: shows [Qs 9s] (three of a kind, Queens)
Thiago 0421 collected $0.09 from pot
*** SUMMARY ***
Total pot $0.09 | Rake $0
Board [Qh Ts Qc 6c 7c]
Seat 1: cthebesth1 folded before Flop (didn't bet)
Seat 2: Sr ÁviIa folded before Flop (didn't bet)
Seat 3: LeandroAku folded before Flop (didn't bet)
Seat 4: BrenoVns folded before Flop (didn't bet)
Seat 5: Thiago 0421 showed [Qs 9s] and won ($0.09) with three of a kind, Queens
Seat 6: mumisber (button) folded before Flop (didn't bet)
Seat 7: ilovesomuchh (small blind) folded before Flop
Seat 8: Dorex2007 (big blind) showed [5d 9d] and lost with a pair of Queens
Seat 9: masonada213 folded before Flop (didn't bet)


*********** # 48 **************
PokerStars Hand #237591019583:  Hold'em No Limit ($0.01/$0.02 USD) - 2022/07/25 19:51:01 PT [2022/07/25 22:51:01 ET]
Table 'Clematis' 9-max Seat #5 is the button
Seat 1: cthebesth1 ($2.28 in chips)
Seat 2: Sr ÁviIa ($4.17 in chips)
Seat 3: LeandroAku ($2.12 in chips)
Seat 4: BrenoVns ($2.03 in chips)
Seat 5: Thiago 0421 ($0.31 in chips)
Seat 6: mumisber ($1.60 in chips)
Seat 7: ilovesomuchh ($2.19 in chips)
Seat 8: Dorex2007 ($3.59 in chips)
Seat 9: masonada213 ($1.69 in chips)
mumisber: posts small blind $0.01
ilovesomuchh: posts big blind $0.02
*** HOLE CARDS ***
Dealt to Dorex2007 [Kc Tc]
Dorex2007 has timed out
Dorex2007: folds
masonada213: folds
cthebesth1: folds
Sr ÁviIa: folds
LeandroAku: folds
BrenoVns: raises $0.02 to $0.04
Thiago 0421: calls $0.04
mumisber: calls $0.03
ilovesomuchh: calls $0.02
*** FLOP *** [9s 2d Kh]
mumisber: checks
ilovesomuchh: checks
BrenoVns: checks
Thiago 0421: bets $0.27 and is all-in
mumisber: folds
ilovesomuchh: folds
BrenoVns: folds
Uncalled bet ($0.27) returned to Thiago 0421
Thiago 0421 collected $0.15 from pot
Thiago 0421: doesn't show hand
*** SUMMARY ***
Total pot $0.16 | Rake $0.01
Board [9s 2d Kh]
Seat 1: cthebesth1 folded before Flop (didn't bet)
Seat 2: Sr ÁviIa folded before Flop (didn't bet)
Seat 3: LeandroAku folded before Flop (didn't bet)
Seat 4: BrenoVns folded on the Flop
Seat 5: Thiago 0421 (button) collected ($0.15)
Seat 6: mumisber (small blind) folded on the Flop
Seat 7: ilovesomuchh (big blind) folded on the Flop
Seat 8: Dorex2007 folded before Flop (didn't bet)
Seat 9: masonada213 folded before Flop (didn't bet)


*********** # 49 **************
PokerStars Hand #237591014201:  Hold'em No Limit ($0.01/$0.02 USD) - 2022/07/25 19:50:30 PT [2022/07/25 22:50:30 ET]
Table 'Clematis' 9-max Seat #4 is the button
Seat 1: cthebesth1 ($2.33 in chips)
Seat 2: Sr ÁviIa ($4.17 in chips)
Seat 3: LeandroAku ($2.12 in chips)
Seat 4: BrenoVns ($2.03 in chips)
Seat 5: Thiago 0421 ($0.32 in chips)
Seat 6: mumisber ($1.62 in chips)
Seat 7: ilovesomuchh ($2.11 in chips)
Seat 8: Dorex2007 ($3.59 in chips)
Seat 9: masonada213 ($1.69 in chips)
Thiago 0421: posts small blind $0.01
mumisber: posts big blind $0.02
*** HOLE CARDS ***
Dealt to Dorex2007 [3d Ts]
ilovesomuchh: raises $0.03 to $0.05
Dorex2007: folds
masonada213: folds
cthebesth1: calls $0.05
Sr ÁviIa: folds
LeandroAku: folds
BrenoVns: folds
Thiago 0421: folds
mumisber: folds
*** FLOP *** [7h Qs 7s]
ilovesomuchh: bets $0.07
cthebesth1: folds
Uncalled bet ($0.07) returned to ilovesomuchh
ilovesomuchh collected $0.13 from pot
*** SUMMARY ***
Total pot $0.13 | Rake $0
Board [7h Qs 7s]
Seat 1: cthebesth1 folded on the Flop
Seat 2: Sr ÁviIa folded before Flop (didn't bet)
Seat 3: LeandroAku folded before Flop (didn't bet)
Seat 4: BrenoVns (button) folded before Flop (didn't bet)
Seat 5: Thiago 0421 (small blind) folded before Flop
Seat 6: mumisber (big blind) folded before Flop
Seat 7: ilovesomuchh collected ($0.13)
Seat 8: Dorex2007 folded before Flop (didn't bet)
Seat 9: masonada213 folded before Flop (didn't bet)


*********** # 50 **************
PokerStars Hand #237591000484:  Hold'em No Limit ($0.01/$0.02 USD) - 2022/07/25 19:49:22 PT [2022/07/25 22:49:22 ET]
Table 'Clematis' 9-max Seat #3 is the button
Seat 1: cthebesth1 ($2.33 in chips)
Seat 2: Sr ÁviIa ($4.17 in chips)
Seat 3: LeandroAku ($2.12 in chips)
Seat 4: BrenoVns ($2.04 in chips)
Seat 5: Thiago 0421 ($0.39 in chips)
Seat 6: mumisber ($1.62 in chips)
Seat 7: ilovesomuchh ($2.11 in chips)
Seat 8: Dorex2007 ($3.52 in chips)
Seat 9: masonada213 ($1.69 in chips)
BrenoVns: posts small blind $0.01
Thiago 0421: posts big blind $0.02
*** HOLE CARDS ***
Dealt to Dorex2007 [Qd Th]
mumisber: folds
ilovesomuchh: folds
Dorex2007: calls $0.02
masonada213: folds
cthebesth1: folds
Sr ÁviIa: folds
LeandroAku: folds
BrenoVns: folds
Thiago 0421: checks
*** FLOP *** [Js 9s 3d]
Thiago 0421: checks
Dorex2007: checks
*** TURN *** [Js 9s 3d] [Ks]
Thiago 0421: checks
Dorex2007: bets $0.05
Thiago 0421: calls $0.05
*** RIVER *** [Js 9s 3d Ks] [4s]
Thiago 0421: checks
Dorex2007: checks
*** SHOW DOWN ***
Thiago 0421: shows [Jc 3h] (two pair, Jacks and Threes)
Dorex2007: shows [Qd Th] (a straight, Nine to King)
Dorex2007 collected $0.14 from pot
*** SUMMARY ***
Total pot $0.15 | Rake $0.01
Board [Js 9s 3d Ks 4s]
Seat 1: cthebesth1 folded before Flop (didn't bet)
Seat 2: Sr ÁviIa folded before Flop (didn't bet)
Seat 3: LeandroAku (button) folded before Flop (didn't bet)
Seat 4: BrenoVns (small blind) folded before Flop
Seat 5: Thiago 0421 (big blind) showed [Jc 3h] and lost with two pair, Jacks and Threes
Seat 6: mumisber folded before Flop (didn't bet)
Seat 7: ilovesomuchh folded before Flop (didn't bet)
Seat 8: Dorex2007 showed [Qd Th] and won ($0.14) with a straight, Nine to King
Seat 9: masonada213 folded before Flop (didn't bet)


*********** # 51 **************
PokerStars Hand #237590985333:  Hold'em No Limit ($0.01/$0.02 USD) - 2022/07/25 19:47:54 PT [2022/07/25 22:47:54 ET]
Table 'Clematis' 9-max Seat #2 is the button
Seat 1: cthebesth1 ($2.33 in chips)
Seat 2: Sr ÁviIa ($4.17 in chips)
Seat 3: LeandroAku ($2.13 in chips)
Seat 4: BrenoVns ($2.10 in chips)
Seat 5: Thiago 0421 ($0.32 in chips)
Seat 6: mumisber ($1.62 in chips)
Seat 7: ilovesomuchh ($2.11 in chips)
Seat 8: Dorex2007 ($3.52 in chips)
Seat 9: masonada213 ($1.69 in chips)
LeandroAku: posts small blind $0.01
BrenoVns: posts big blind $0.02
*** HOLE CARDS ***
Dealt to Dorex2007 [8c 6c]
Thiago 0421: calls $0.02
mumisber: folds
ilovesomuchh: folds
Dorex2007: folds
masonada213: folds
cthebesth1: folds
Sr ÁviIa: folds
LeandroAku: folds
BrenoVns: raises $0.02 to $0.04
Thiago 0421: calls $0.02
*** FLOP *** [2d Qh Ac]
BrenoVns: checks
Thiago 0421: checks
*** TURN *** [2d Qh Ac] [5d]
BrenoVns: checks
Thiago 0421: bets $0.02
BrenoVns: calls $0.02
*** RIVER *** [2d Qh Ac 5d] [3c]
BrenoVns: checks
Thiago 0421: checks
*** SHOW DOWN ***
BrenoVns: shows [Jh Js] (a pair of Jacks)
Thiago 0421: shows [Tc Qs] (a pair of Queens)
Thiago 0421 collected $0.13 from pot
*** SUMMARY ***
Total pot $0.13 | Rake $0
Board [2d Qh Ac 5d 3c]
Seat 1: cthebesth1 folded before Flop (didn't bet)
Seat 2: Sr ÁviIa (button) folded before Flop (didn't bet)
Seat 3: LeandroAku (small blind) folded before Flop
Seat 4: BrenoVns (big blind) showed [Jh Js] and lost with a pair of Jacks
Seat 5: Thiago 0421 showed [Tc Qs] and won ($0.13) with a pair of Queens
Seat 6: mumisber folded before Flop (didn't bet)
Seat 7: ilovesomuchh folded before Flop (didn't bet)
Seat 8: Dorex2007 folded before Flop (didn't bet)
Seat 9: masonada213 folded before Flop (didn't bet)


*********** # 52 **************
PokerStars Hand #237590955001:  Hold'em No Limit ($0.01/$0.02 USD) - 2022/07/25 19:45:49 PT [2022/07/25 22:45:49 ET]
Table 'Clematis' 9-max Seat #1 is the button
Seat 1: cthebesth1 ($2.19 in chips)
Seat 2: Sr ÁviIa ($4.18 in chips)
Seat 3: LeandroAku ($2.15 in chips)
Seat 4: BrenoVns ($2.10 in chips)
Seat 5: Thiago 0421 ($0.38 in chips)
Seat 6: mumisber ($1.62 in chips)
Seat 7: ilovesomuchh ($2.11 in chips)
Seat 8: Dorex2007 ($3.52 in chips)
Seat 9: masonada213 ($1.75 in chips)
Sr ÁviIa: posts small blind $0.01
LeandroAku: posts big blind $0.02
*** HOLE CARDS ***
Dealt to Dorex2007 [Ah 7s]
BrenoVns: folds
Thiago 0421: calls $0.02
mumisber: folds
ilovesomuchh: folds
Dorex2007: folds
masonada213: calls $0.02
cthebesth1: raises $0.04 to $0.06
Sr ÁviIa: folds
LeandroAku: folds
Thiago 0421: calls $0.04
masonada213: calls $0.04
*** FLOP *** [4c 8h Ts]
Thiago 0421: checks
masonada213: checks
cthebesth1: checks
*** TURN *** [4c 8h Ts] [Td]
Thiago 0421: checks
masonada213: checks
cthebesth1: checks
*** RIVER *** [4c 8h Ts Td] [Ad]
Thiago 0421: checks
masonada213: checks
cthebesth1: bets $0.10
Thiago 0421: folds
masonada213: folds
Uncalled bet ($0.10) returned to cthebesth1
cthebesth1 collected $0.20 from pot
*** SUMMARY ***
Total pot $0.21 | Rake $0.01
Board [4c 8h Ts Td Ad]
Seat 1: cthebesth1 (button) collected ($0.20)
Seat 2: Sr ÁviIa (small blind) folded before Flop
Seat 3: LeandroAku (big blind) folded before Flop
Seat 4: BrenoVns folded before Flop (didn't bet)
Seat 5: Thiago 0421 folded on the River
Seat 6: mumisber folded before Flop (didn't bet)
Seat 7: ilovesomuchh folded before Flop (didn't bet)
Seat 8: Dorex2007 folded before Flop (didn't bet)
Seat 9: masonada213 folded on the River


*********** # 53 **************
PokerStars Hand #237590948390:  Hold'em No Limit ($0.01/$0.02 USD) - 2022/07/25 19:45:10 PT [2022/07/25 22:45:10 ET]
Table 'Clematis' 9-max Seat #9 is the button
Seat 1: cthebesth1 ($2.20 in chips)
Seat 2: Sr ÁviIa ($4.20 in chips)
Seat 3: LeandroAku ($2.15 in chips)
Seat 4: BrenoVns ($2.10 in chips)
Seat 5: Thiago 0421 ($0.38 in chips)
Seat 6: mumisber ($1.62 in chips)
Seat 7: ilovesomuchh ($2.11 in chips)
Seat 8: Dorex2007 ($3.49 in chips)
Seat 9: masonada213 ($1.75 in chips)
cthebesth1: posts small blind $0.01
Sr ÁviIa: posts big blind $0.02
*** HOLE CARDS ***
Dealt to Dorex2007 [Ah Kc]
LeandroAku: folds
BrenoVns: folds
Thiago 0421 has timed out
Thiago 0421: folds
mumisber: folds
ilovesomuchh: folds
Dorex2007: raises $0.04 to $0.06
masonada213: folds
cthebesth1: folds
Sr ÁviIa: folds
Uncalled bet ($0.04) returned to Dorex2007
Dorex2007 collected $0.05 from pot
Dorex2007: doesn't show hand
*** SUMMARY ***
Total pot $0.05 | Rake $0
Seat 1: cthebesth1 (small blind) folded before Flop
Seat 2: Sr ÁviIa (big blind) folded before Flop
Seat 3: LeandroAku folded before Flop (didn't bet)
Seat 4: BrenoVns folded before Flop (didn't bet)
Seat 5: Thiago 0421 folded before Flop (didn't bet)
Seat 6: mumisber folded before Flop (didn't bet)
Seat 7: ilovesomuchh folded before Flop (didn't bet)
Seat 8: Dorex2007 collected ($0.05)
Seat 9: masonada213 (button) folded before Flop (didn't bet)


*********** # 54 **************
PokerStars Hand #237590938712:  Hold'em No Limit ($0.01/$0.02 USD) - 2022/07/25 19:44:14 PT [2022/07/25 22:44:14 ET]
Table 'Clematis' 9-max Seat #8 is the button
Seat 1: cthebesth1 ($2.22 in chips)
Seat 2: Sr ÁviIa ($4.20 in chips)
Seat 3: LeandroAku ($2.15 in chips)
Seat 4: BrenoVns ($2.14 in chips)
Seat 5: Thiago 0421 ($0.42 in chips)
Seat 6: mumisber ($1.51 in chips)
Seat 7: ilovesomuchh ($2.11 in chips)
Seat 8: Dorex2007 ($3.49 in chips)
Seat 9: masonada213 ($1.76 in chips)
masonada213: posts small blind $0.01
cthebesth1: posts big blind $0.02
*** HOLE CARDS ***
Dealt to Dorex2007 [3s 2s]
Sr ÁviIa: folds
LeandroAku: folds
BrenoVns: raises $0.02 to $0.04
Thiago 0421: calls $0.04
mumisber: raises $0.15 to $0.19
ilovesomuchh: folds
Dorex2007: folds
masonada213: folds
cthebesth1: folds
BrenoVns: folds
Thiago 0421: folds
Uncalled bet ($0.15) returned to mumisber
mumisber collected $0.15 from pot
mumisber: doesn't show hand
*** SUMMARY ***
Total pot $0.15 | Rake $0
Seat 1: cthebesth1 (big blind) folded before Flop
Seat 2: Sr ÁviIa folded before Flop (didn't bet)
Seat 3: LeandroAku folded before Flop (didn't bet)
Seat 4: BrenoVns folded before Flop
Seat 5: Thiago 0421 folded before Flop
Seat 6: mumisber collected ($0.15)
Seat 7: ilovesomuchh folded before Flop (didn't bet)
Seat 8: Dorex2007 (button) folded before Flop (didn't bet)
Seat 9: masonada213 (small blind) folded before Flop


*********** # 55 **************
PokerStars Hand #237590920885:  Hold'em No Limit ($0.01/$0.02 USD) - 2022/07/25 19:42:32 PT [2022/07/25 22:42:32 ET]
Table 'Clematis' 9-max Seat #7 is the button
Seat 2: Sr ÁviIa ($4.20 in chips)
Seat 3: LeandroAku ($2.15 in chips)
Seat 4: BrenoVns ($2.14 in chips)
Seat 5: Thiago 0421 ($0.44 in chips)
Seat 6: mumisber ($1.51 in chips)
Seat 7: ilovesomuchh ($2.11 in chips)
Seat 8: Dorex2007 ($3.50 in chips)
Seat 9: masonada213 ($1.73 in chips)
Dorex2007: posts small blind $0.01
masonada213: posts big blind $0.02
*** HOLE CARDS ***
Dealt to Dorex2007 [3h As]
Sr ÁviIa: folds
LeandroAku: folds
BrenoVns: folds
Thiago 0421: calls $0.02
mumisber: folds
ilovesomuchh: folds
Dorex2007: folds
masonada213: checks
*** FLOP *** [9s Td Qh]
masonada213: checks
Thiago 0421: checks
*** TURN *** [9s Td Qh] [7d]
masonada213: checks
Thiago 0421: checks
*** RIVER *** [9s Td Qh 7d] [2h]
masonada213: checks
Thiago 0421: checks
*** SHOW DOWN ***
masonada213: shows [6c 9c] (a pair of Nines)
Thiago 0421: mucks hand
masonada213 collected $0.05 from pot
*** SUMMARY ***
Total pot $0.05 | Rake $0
Board [9s Td Qh 7d 2h]
Seat 2: Sr ÁviIa folded before Flop (didn't bet)
Seat 3: LeandroAku folded before Flop (didn't bet)
Seat 4: BrenoVns folded before Flop (didn't bet)
Seat 5: Thiago 0421 mucked [3c Ad]
Seat 6: mumisber folded before Flop (didn't bet)
Seat 7: ilovesomuchh (button) folded before Flop (didn't bet)
Seat 8: Dorex2007 (small blind) folded before Flop
Seat 9: masonada213 (big blind) showed [6c 9c] and won ($0.05) with a pair of Nines


*********** # 56 **************
PokerStars Hand #237590912481:  Hold'em No Limit ($0.01/$0.02 USD) - 2022/07/25 19:41:44 PT [2022/07/25 22:41:44 ET]
Table 'Clematis' 9-max Seat #6 is the button
Seat 2: Sr ÁviIa ($4.22 in chips)
Seat 3: LeandroAku ($2.15 in chips)
Seat 4: BrenoVns ($2.14 in chips)
Seat 5: Thiago 0421 ($0.44 in chips)
Seat 6: mumisber ($1.51 in chips)
Seat 7: ilovesomuchh ($2.12 in chips)
Seat 8: Dorex2007 ($3.47 in chips)
Seat 9: masonada213 ($1.73 in chips)
ilovesomuchh: posts small blind $0.01
Dorex2007: posts big blind $0.02
*** HOLE CARDS ***
Dealt to Dorex2007 [5c 3h]
masonada213: folds
Sr ÁviIa: calls $0.02
LeandroAku: folds
BrenoVns: folds
Thiago 0421 has timed out
Thiago 0421: folds
mumisber: folds
ilovesomuchh: folds
Dorex2007: checks
*** FLOP *** [7c Th 9c]
Dorex2007: checks
Sr ÁviIa: checks
*** TURN *** [7c Th 9c] [As]
Dorex2007: checks
Sr ÁviIa: checks
*** RIVER *** [7c Th 9c As] [Qs]
Dorex2007: bets $0.10
Sr ÁviIa: folds
Uncalled bet ($0.10) returned to Dorex2007
Dorex2007 collected $0.05 from pot
Dorex2007: doesn't show hand
*** SUMMARY ***
Total pot $0.05 | Rake $0
Board [7c Th 9c As Qs]
Seat 2: Sr ÁviIa folded on the River
Seat 3: LeandroAku folded before Flop (didn't bet)
Seat 4: BrenoVns folded before Flop (didn't bet)
Seat 5: Thiago 0421 folded before Flop (didn't bet)
Seat 6: mumisber (button) folded before Flop (didn't bet)
Seat 7: ilovesomuchh (small blind) folded before Flop
Seat 8: Dorex2007 (big blind) collected ($0.05)
Seat 9: masonada213 folded before Flop (didn't bet)


*********** # 57 **************
PokerStars Hand #237590909692:  Hold'em No Limit ($0.01/$0.02 USD) - 2022/07/25 19:41:28 PT [2022/07/25 22:41:28 ET]
Table 'Clematis' 9-max Seat #5 is the button
Seat 2: Sr ÁviIa ($4.22 in chips)
Seat 3: LeandroAku ($2.15 in chips)
Seat 4: BrenoVns ($2.14 in chips)
Seat 5: Thiago 0421 ($0.44 in chips)
Seat 6: mumisber ($1.52 in chips)
Seat 7: ilovesomuchh ($2.11 in chips)
Seat 8: Dorex2007 ($3.47 in chips)
Seat 9: masonada213 ($1.73 in chips)
mumisber: posts small blind $0.01
ilovesomuchh: posts big blind $0.02
*** HOLE CARDS ***
Dealt to Dorex2007 [4d Tc]
Dorex2007: folds
masonada213: folds
Sr ÁviIa: folds
LeandroAku: folds
BrenoVns: folds
Thiago 0421: folds
mumisber: folds
Uncalled bet ($0.01) returned to ilovesomuchh
ilovesomuchh collected $0.02 from pot
*** SUMMARY ***
Total pot $0.02 | Rake $0
Seat 2: Sr ÁviIa folded before Flop (didn't bet)
Seat 3: LeandroAku folded before Flop (didn't bet)
Seat 4: BrenoVns folded before Flop (didn't bet)
Seat 5: Thiago 0421 (button) folded before Flop (didn't bet)
Seat 6: mumisber (small blind) folded before Flop
Seat 7: ilovesomuchh (big blind) collected ($0.02)
Seat 8: Dorex2007 folded before Flop (didn't bet)
Seat 9: masonada213 folded before Flop (didn't bet)


*********** # 58 **************
PokerStars Hand #237590894240:  Hold'em No Limit ($0.01/$0.02 USD) - 2022/07/25 19:40:20 PT [2022/07/25 22:40:20 ET]
Table 'Clematis' 9-max Seat #4 is the button
Seat 2: Sr ÁviIa ($4.22 in chips)
Seat 3: LeandroAku ($2.15 in chips)
Seat 4: BrenoVns ($1.89 in chips)
Seat 5: Thiago 0421 ($0.60 in chips)
Seat 6: mumisber ($1.62 in chips)
Seat 7: ilovesomuchh ($2.11 in chips)
Seat 8: Dorex2007 ($3.47 in chips)
Seat 9: masonada213 ($1.73 in chips)
Thiago 0421: posts small blind $0.01
mumisber: posts big blind $0.02
*** HOLE CARDS ***
Dealt to Dorex2007 [2h Jh]
ilovesomuchh: folds
Dorex2007: folds
masonada213: folds
Sr ÁviIa: folds
LeandroAku: folds
BrenoVns: raises $0.02 to $0.04
Thiago 0421: calls $0.03
mumisber: raises $0.06 to $0.10
BrenoVns: calls $0.06
Thiago 0421: calls $0.06
*** FLOP *** [4c 6s Kc]
Thiago 0421: checks
mumisber: checks
BrenoVns: bets $0.06
Thiago 0421: calls $0.06
mumisber: folds
*** TURN *** [4c 6s Kc] [Kd]
Thiago 0421: checks
BrenoVns: bets $0.20
Thiago 0421: folds
Uncalled bet ($0.20) returned to BrenoVns
BrenoVns collected $0.41 from pot
BrenoVns: doesn't show hand
*** SUMMARY ***
Total pot $0.42 | Rake $0.01
Board [4c 6s Kc Kd]
Seat 2: Sr ÁviIa folded before Flop (didn't bet)
Seat 3: LeandroAku folded before Flop (didn't bet)
Seat 4: BrenoVns (button) collected ($0.41)
Seat 5: Thiago 0421 (small blind) folded on the Turn
Seat 6: mumisber (big blind) folded on the Flop
Seat 7: ilovesomuchh folded before Flop (didn't bet)
Seat 8: Dorex2007 folded before Flop (didn't bet)
Seat 9: masonada213 folded before Flop (didn't bet)


*********** # 59 **************
PokerStars Hand #237590884352:  Hold'em No Limit ($0.01/$0.02 USD) - 2022/07/25 19:39:23 PT [2022/07/25 22:39:23 ET]
Table 'Clematis' 9-max Seat #3 is the button
Seat 1: cthebesth1 ($2.22 in chips)
Seat 2: Sr ÁviIa ($4.22 in chips)
Seat 3: LeandroAku ($2.21 in chips)
Seat 4: BrenoVns ($1.81 in chips)
Seat 5: Thiago 0421 ($0.62 in chips)
Seat 7: ilovesomuchh ($2.11 in chips)
Seat 8: Dorex2007 ($3.47 in chips)
Seat 9: masonada213 ($1.73 in chips)
BrenoVns: posts small blind $0.01
Thiago 0421: posts big blind $0.02
*** HOLE CARDS ***
Dealt to Dorex2007 [9h 8d]
ilovesomuchh: folds
Dorex2007: folds
masonada213 has timed out
masonada213: folds
cthebesth1 has timed out
cthebesth1: folds
Sr ÁviIa: folds
LeandroAku: raises $0.04 to $0.06
BrenoVns: calls $0.05
Thiago 0421: folds
*** FLOP *** [5h 9d Ah]
BrenoVns: checks
LeandroAku: checks
*** TURN *** [5h 9d Ah] [Jc]
BrenoVns: bets $0.06
LeandroAku: folds
Uncalled bet ($0.06) returned to BrenoVns
BrenoVns collected $0.14 from pot
BrenoVns: doesn't show hand
*** SUMMARY ***
Total pot $0.14 | Rake $0
Board [5h 9d Ah Jc]
Seat 1: cthebesth1 folded before Flop (didn't bet)
Seat 2: Sr ÁviIa folded before Flop (didn't bet)
Seat 3: LeandroAku (button) folded on the Turn
Seat 4: BrenoVns (small blind) collected ($0.14)
Seat 5: Thiago 0421 (big blind) folded before Flop
Seat 7: ilovesomuchh folded before Flop (didn't bet)
Seat 8: Dorex2007 folded before Flop (didn't bet)
Seat 9: masonada213 folded before Flop (didn't bet)


*********** # 60 **************
PokerStars Hand #237590863769:  Hold'em No Limit ($0.01/$0.02 USD) - 2022/07/25 19:37:26 PT [2022/07/25 22:37:26 ET]
Table 'Clematis' 9-max Seat #2 is the button
Seat 1: cthebesth1 ($2.22 in chips)
Seat 2: Sr ÁviIa ($4.22 in chips)
Seat 3: LeandroAku ($2.22 in chips)
Seat 4: BrenoVns ($1.83 in chips)
Seat 5: Thiago 0421 ($0.62 in chips)
Seat 6: mumisber ($2.59 in chips)
Seat 7: ilovesomuchh ($2.11 in chips)
Seat 8: Dorex2007 ($2.54 in chips)
Seat 9: masonada213 ($1.73 in chips)
LeandroAku: posts small blind $0.01
BrenoVns: posts big blind $0.02
*** HOLE CARDS ***
Dealt to Dorex2007 [Qs As]
Thiago 0421: folds
mumisber: raises $0.12 to $0.14
ilovesomuchh: folds
Dorex2007: raises $0.18 to $0.32
masonada213: folds
cthebesth1: folds
Sr ÁviIa: folds
LeandroAku: folds
BrenoVns: folds
mumisber: calls $0.18
*** FLOP *** [6d 7d 8s]
mumisber: checks
Dorex2007: bets $0.65
mumisber: calls $0.65
*** TURN *** [6d 7d 8s] [Qc]
mumisber: checks
Dorex2007: bets $1.57 and is all-in
mumisber has timed out
mumisber: folds
Uncalled bet ($1.57) returned to Dorex2007
Dorex2007 collected $1.90 from pot
Dorex2007: doesn't show hand
*** SUMMARY ***
Total pot $1.97 | Rake $0.07
Board [6d 7d 8s Qc]
Seat 1: cthebesth1 folded before Flop (didn't bet)
Seat 2: Sr ÁviIa (button) folded before Flop (didn't bet)
Seat 3: LeandroAku (small blind) folded before Flop
Seat 4: BrenoVns (big blind) folded before Flop
Seat 5: Thiago 0421 folded before Flop (didn't bet)
Seat 6: mumisber folded on the Turn
Seat 7: ilovesomuchh folded before Flop (didn't bet)
Seat 8: Dorex2007 collected ($1.90)
Seat 9: masonada213 folded before Flop (didn't bet)


*********** # 61 **************
PokerStars Hand #237590851362:  Hold'em No Limit ($0.01/$0.02 USD) - 2022/07/25 19:36:17 PT [2022/07/25 22:36:17 ET]
Table 'Clematis' 9-max Seat #1 is the button
Seat 1: cthebesth1 ($2.14 in chips)
Seat 2: Sr ÁviIa ($4.23 in chips)
Seat 3: LeandroAku ($2.24 in chips)
Seat 4: BrenoVns ($1.83 in chips)
Seat 5: Thiago 0421 ($0.68 in chips)
Seat 6: mumisber ($2.59 in chips)
Seat 7: ilovesomuchh ($2.11 in chips)
Seat 8: Dorex2007 ($2.54 in chips)
Seat 9: masonada213 ($1.73 in chips)
Sr ÁviIa: posts small blind $0.01
LeandroAku: posts big blind $0.02
*** HOLE CARDS ***
Dealt to Dorex2007 [2h 3c]
BrenoVns has timed out
BrenoVns: folds
Thiago 0421: calls $0.02
mumisber: folds
ilovesomuchh: folds
Dorex2007: folds
masonada213: folds
cthebesth1: raises $0.04 to $0.06
Sr ÁviIa: folds
LeandroAku: folds
Thiago 0421: calls $0.04
*** FLOP *** [7s 5s Kd]
Thiago 0421: checks
cthebesth1: bets $0.07
Thiago 0421: folds
Uncalled bet ($0.07) returned to cthebesth1
cthebesth1 collected $0.14 from pot
cthebesth1: doesn't show hand
*** SUMMARY ***
Total pot $0.15 | Rake $0.01
Board [7s 5s Kd]
Seat 1: cthebesth1 (button) collected ($0.14)
Seat 2: Sr ÁviIa (small blind) folded before Flop
Seat 3: LeandroAku (big blind) folded before Flop
Seat 4: BrenoVns folded before Flop (didn't bet)
Seat 5: Thiago 0421 folded on the Flop
Seat 6: mumisber folded before Flop (didn't bet)
Seat 7: ilovesomuchh folded before Flop (didn't bet)
Seat 8: Dorex2007 folded before Flop (didn't bet)
Seat 9: masonada213 folded before Flop (didn't bet)


*********** # 62 **************
PokerStars Hand #237590841785:  Hold'em No Limit ($0.01/$0.02 USD) - 2022/07/25 19:35:24 PT [2022/07/25 22:35:24 ET]
Table 'Clematis' 9-max Seat #9 is the button
Seat 1: cthebesth1 ($2.15 in chips)
Seat 2: Sr ÁviIa ($4.25 in chips)
Seat 3: LeandroAku ($2.24 in chips)
Seat 4: BrenoVns ($1.83 in chips)
Seat 5: Thiago 0421 ($0.77 in chips)
Seat 6: mumisber ($2.59 in chips)
Seat 7: ilovesomuchh ($2 in chips)
Seat 8: Dorex2007 ($2.54 in chips)
Seat 9: masonada213 ($1.73 in chips)
cthebesth1: posts small blind $0.01
Sr ÁviIa: posts big blind $0.02
*** HOLE CARDS ***
Dealt to Dorex2007 [Jh 5c]
LeandroAku: folds
BrenoVns: folds
Thiago 0421: calls $0.02
mumisber: folds
ilovesomuchh: raises $0.07 to $0.09
Dorex2007: folds
masonada213: folds
cthebesth1: folds
Sr ÁviIa: folds
Thiago 0421: calls $0.07
*** FLOP *** [Ks 2s 3c]
Thiago 0421: checks
ilovesomuchh: bets $0.15
Thiago 0421: folds
Uncalled bet ($0.15) returned to ilovesomuchh
ilovesomuchh collected $0.20 from pot
*** SUMMARY ***
Total pot $0.21 | Rake $0.01
Board [Ks 2s 3c]
Seat 1: cthebesth1 (small blind) folded before Flop
Seat 2: Sr ÁviIa (big blind) folded before Flop
Seat 3: LeandroAku folded before Flop (didn't bet)
Seat 4: BrenoVns folded before Flop (didn't bet)
Seat 5: Thiago 0421 folded on the Flop
Seat 6: mumisber folded before Flop (didn't bet)
Seat 7: ilovesomuchh collected ($0.20)
Seat 8: Dorex2007 folded before Flop (didn't bet)
Seat 9: masonada213 (button) folded before Flop (didn't bet)


*********** # 63 **************
PokerStars Hand #237590821754:  Hold'em No Limit ($0.01/$0.02 USD) - 2022/07/25 19:33:33 PT [2022/07/25 22:33:33 ET]
Table 'Clematis' 9-max Seat #8 is the button
Seat 1: cthebesth1 ($2.17 in chips)
Seat 2: Sr ÁviIa ($4.25 in chips)
Seat 3: LeandroAku ($2.24 in chips)
Seat 4: BrenoVns ($1.83 in chips)
Seat 5: Thiago 0421 ($0.73 in chips)
Seat 6: mumisber ($2.59 in chips)
Seat 7: ilovesomuchh ($2 in chips)
Seat 8: Dorex2007 ($2.54 in chips)
Seat 9: masonada213 ($1.75 in chips)
masonada213: posts small blind $0.01
cthebesth1: posts big blind $0.02
*** HOLE CARDS ***
Dealt to Dorex2007 [4s 8h]
Sr ÁviIa: folds
LeandroAku: folds
BrenoVns: folds
Thiago 0421: calls $0.02
mumisber: folds
ilovesomuchh: folds
Dorex2007: folds
masonada213: calls $0.01
cthebesth1: checks
*** FLOP *** [8d 7d Kd]
masonada213: checks
cthebesth1: checks
Thiago 0421: checks
*** TURN *** [8d 7d Kd] [4d]
masonada213: checks
cthebesth1: checks
Thiago 0421: checks
*** RIVER *** [8d 7d Kd 4d] [3h]
masonada213: checks
cthebesth1: checks
Thiago 0421: checks
*** SHOW DOWN ***
masonada213: shows [Ah 6c] (high card Ace)
cthebesth1: mucks hand
Thiago 0421: shows [Jh 8c] (a pair of Eights)
Thiago 0421 collected $0.06 from pot
*** SUMMARY ***
Total pot $0.06 | Rake $0
Board [8d 7d Kd 4d 3h]
Seat 1: cthebesth1 (big blind) mucked [Qs 6h]
Seat 2: Sr ÁviIa folded before Flop (didn't bet)
Seat 3: LeandroAku folded before Flop (didn't bet)
Seat 4: BrenoVns folded before Flop (didn't bet)
Seat 5: Thiago 0421 showed [Jh 8c] and won ($0.06) with a pair of Eights
Seat 6: mumisber folded before Flop (didn't bet)
Seat 7: ilovesomuchh folded before Flop (didn't bet)
Seat 8: Dorex2007 (button) folded before Flop (didn't bet)
Seat 9: masonada213 (small blind) showed [Ah 6c] and lost with high card Ace


*********** # 64 **************
PokerStars Hand #237590807462:  Hold'em No Limit ($0.01/$0.02 USD) - 2022/07/25 19:32:14 PT [2022/07/25 22:32:14 ET]
Table 'Clematis' 9-max Seat #7 is the button
Seat 1: cthebesth1 ($1.96 in chips)
Seat 2: Sr ÁviIa ($4.25 in chips)
Seat 3: LeandroAku ($2.24 in chips)
Seat 4: BrenoVns ($1.83 in chips)
Seat 5: Thiago 0421 ($0.73 in chips)
Seat 6: mumisber ($2.74 in chips)
Seat 7: ilovesomuchh ($2 in chips)
Seat 8: Dorex2007 ($2.55 in chips)
Seat 9: masonada213 ($1.81 in chips)
Dorex2007: posts small blind $0.01
masonada213: posts big blind $0.02
*** HOLE CARDS ***
Dealt to Dorex2007 [2d 9h]
cthebesth1: raises $0.04 to $0.06
Sr ÁviIa: folds
LeandroAku: folds
BrenoVns: folds
Thiago 0421: folds
mumisber: calls $0.06
ilovesomuchh: folds
Dorex2007: folds
masonada213: calls $0.04
*** FLOP *** [Th 7d 8s]
masonada213: checks
cthebesth1: bets $0.09
mumisber: calls $0.09
masonada213: folds
*** TURN *** [Th 7d 8s] [7s]
cthebesth1: bets $0.18
mumisber: folds
Uncalled bet ($0.18) returned to cthebesth1
cthebesth1 collected $0.36 from pot
cthebesth1: doesn't show hand
*** SUMMARY ***
Total pot $0.37 | Rake $0.01
Board [Th 7d 8s 7s]
Seat 1: cthebesth1 collected ($0.36)
Seat 2: Sr ÁviIa folded before Flop (didn't bet)
Seat 3: LeandroAku folded before Flop (didn't bet)
Seat 4: BrenoVns folded before Flop (didn't bet)
Seat 5: Thiago 0421 folded before Flop (didn't bet)
Seat 6: mumisber folded on the Turn
Seat 7: ilovesomuchh (button) folded before Flop (didn't bet)
Seat 8: Dorex2007 (small blind) folded before Flop
Seat 9: masonada213 (big blind) folded on the Flop


*********** # 65 **************
PokerStars Hand #237590801199:  Hold'em No Limit ($0.01/$0.02 USD) - 2022/07/25 19:31:40 PT [2022/07/25 22:31:40 ET]
Table 'Clematis' 9-max Seat #6 is the button
Seat 1: cthebesth1 ($1.96 in chips)
Seat 2: Sr ÁviIa ($4.25 in chips)
Seat 3: LeandroAku ($2.24 in chips)
Seat 4: BrenoVns ($1.83 in chips)
Seat 5: Thiago 0421 ($0.76 in chips)
Seat 6: mumisber ($2.68 in chips)
Seat 7: ilovesomuchh ($2 in chips)
Seat 8: Dorex2007 ($2.57 in chips)
Seat 9: masonada213 ($1.81 in chips)
ilovesomuchh: posts small blind $0.01
Dorex2007: posts big blind $0.02
Thiago 0421: posts small & big blinds $0.03
*** HOLE CARDS ***
Dealt to Dorex2007 [3d Js]
masonada213: folds
cthebesth1: folds
Sr ÁviIa: folds
LeandroAku: folds
BrenoVns: folds
Thiago 0421: checks
mumisber: raises $0.18 to $0.20
ilovesomuchh: folds
Dorex2007: folds
Thiago 0421: folds
Uncalled bet ($0.18) returned to mumisber
mumisber collected $0.08 from pot
mumisber: doesn't show hand
*** SUMMARY ***
Total pot $0.08 | Rake $0
Seat 1: cthebesth1 folded before Flop (didn't bet)
Seat 2: Sr ÁviIa folded before Flop (didn't bet)
Seat 3: LeandroAku folded before Flop (didn't bet)
Seat 4: BrenoVns folded before Flop (didn't bet)
Seat 5: Thiago 0421 folded before Flop (didn't bet)
Seat 6: mumisber (button) collected ($0.08)
Seat 7: ilovesomuchh (small blind) folded before Flop
Seat 8: Dorex2007 (big blind) folded before Flop
Seat 9: masonada213 folded before Flop (didn't bet)


*********** # 66 **************
PokerStars Hand #237590792911:  Hold'em No Limit ($0.01/$0.02 USD) - 2022/07/25 19:30:54 PT [2022/07/25 22:30:54 ET]
Table 'Clematis' 9-max Seat #4 is the button
Seat 1: cthebesth1 ($1.96 in chips)
Seat 2: Sr ÁviIa ($4.25 in chips)
Seat 3: LeandroAku ($1.94 in chips)
Seat 4: BrenoVns ($1.83 in chips)
Seat 6: mumisber ($2.69 in chips)
Seat 7: ilovesomuchh ($2.02 in chips)
Seat 8: Dorex2007 ($2.57 in chips)
Seat 9: masonada213 ($2.10 in chips)
Thiago 0421 will be allowed to play after the button
mumisber: posts small blind $0.01
ilovesomuchh: posts big blind $0.02
*** HOLE CARDS ***
Dealt to Dorex2007 [3c 7d]
Dorex2007: folds
masonada213: raises $0.03 to $0.05
cthebesth1: folds
Sr ÁviIa: folds
LeandroAku: calls $0.05
BrenoVns: folds
mumisber: folds
ilovesomuchh: folds
*** FLOP *** [4s Qd Jh]
masonada213: bets $0.09
LeandroAku: calls $0.09
*** TURN *** [4s Qd Jh] [2c]
masonada213: checks
LeandroAku: bets $0.15
masonada213: calls $0.15
*** RIVER *** [4s Qd Jh 2c] [8h]
masonada213: checks
LeandroAku: checks
*** SHOW DOWN ***
masonada213: shows [Kc Ac] (high card Ace)
LeandroAku: shows [Jc Ad] (a pair of Jacks)
LeandroAku collected $0.59 from pot
*** SUMMARY ***
Total pot $0.61 | Rake $0.02
Board [4s Qd Jh 2c 8h]
Seat 1: cthebesth1 folded before Flop (didn't bet)
Seat 2: Sr ÁviIa folded before Flop (didn't bet)
Seat 3: LeandroAku showed [Jc Ad] and won ($0.59) with a pair of Jacks
Seat 4: BrenoVns (button) folded before Flop (didn't bet)
Seat 6: mumisber (small blind) folded before Flop
Seat 7: ilovesomuchh (big blind) folded before Flop
Seat 8: Dorex2007 folded before Flop (didn't bet)
Seat 9: masonada213 showed [Kc Ac] and lost with high card Ace


*********** # 67 **************
PokerStars Hand #237590784583:  Hold'em No Limit ($0.01/$0.02 USD) - 2022/07/25 19:30:07 PT [2022/07/25 22:30:07 ET]
Table 'Clematis' 9-max Seat #3 is the button
Seat 1: cthebesth1 ($1.96 in chips)
Seat 2: Sr ÁviIa ($4.25 in chips)
Seat 3: LeandroAku ($1.94 in chips)
Seat 4: BrenoVns ($1.89 in chips)
Seat 6: mumisber ($2.71 in chips)
Seat 7: ilovesomuchh ($2.02 in chips)
Seat 8: Dorex2007 ($2.57 in chips)
Seat 9: masonada213 ($2.02 in chips)
BrenoVns: posts small blind $0.01
mumisber: posts big blind $0.02
*** HOLE CARDS ***
Dealt to Dorex2007 [Qs 8d]
ilovesomuchh: folds
Dorex2007: folds
masonada213: raises $0.04 to $0.06
cthebesth1: folds
Sr ÁviIa has timed out
Sr ÁviIa: folds
LeandroAku: folds
BrenoVns: calls $0.05
mumisber: folds
*** FLOP *** [8h 3s 9h]
BrenoVns: checks
masonada213: bets $0.09
BrenoVns: folds
Uncalled bet ($0.09) returned to masonada213
masonada213 collected $0.14 from pot
masonada213: doesn't show hand
*** SUMMARY ***
Total pot $0.14 | Rake $0
Board [8h 3s 9h]
Seat 1: cthebesth1 folded before Flop (didn't bet)
Seat 2: Sr ÁviIa folded before Flop (didn't bet)
Seat 3: LeandroAku (button) folded before Flop (didn't bet)
Seat 4: BrenoVns (small blind) folded on the Flop
Seat 6: mumisber (big blind) folded before Flop
Seat 7: ilovesomuchh folded before Flop (didn't bet)
Seat 8: Dorex2007 folded before Flop (didn't bet)
Seat 9: masonada213 collected ($0.14)


*********** # 68 **************
PokerStars Hand #237590781057:  Hold'em No Limit ($0.01/$0.02 USD) - 2022/07/25 19:29:48 PT [2022/07/25 22:29:48 ET]
Table 'Clematis' 9-max Seat #2 is the button
Seat 1: cthebesth1 ($1.96 in chips)
Seat 2: Sr ÁviIa ($4.25 in chips)
Seat 3: LeandroAku ($1.95 in chips)
Seat 4: BrenoVns ($1.88 in chips)
Seat 6: mumisber ($2.71 in chips)
Seat 7: ilovesomuchh ($2.02 in chips)
Seat 8: Dorex2007 ($2.57 in chips)
Seat 9: masonada213 ($2.02 in chips)
LeandroAku: posts small blind $0.01
BrenoVns: posts big blind $0.02
*** HOLE CARDS ***
Dealt to Dorex2007 [2d 9d]
mumisber: folds
ilovesomuchh: folds
Dorex2007: folds
masonada213: folds
cthebesth1: folds
Sr ÁviIa: folds
LeandroAku: folds
Uncalled bet ($0.01) returned to BrenoVns
BrenoVns collected $0.02 from pot
BrenoVns: doesn't show hand
*** SUMMARY ***
Total pot $0.02 | Rake $0
Seat 1: cthebesth1 folded before Flop (didn't bet)
Seat 2: Sr ÁviIa (button) folded before Flop (didn't bet)
Seat 3: LeandroAku (small blind) folded before Flop
Seat 4: BrenoVns (big blind) collected ($0.02)
Seat 6: mumisber folded before Flop (didn't bet)
Seat 7: ilovesomuchh folded before Flop (didn't bet)
Seat 8: Dorex2007 folded before Flop (didn't bet)
Seat 9: masonada213 folded before Flop (didn't bet)


*********** # 69 **************
PokerStars Hand #237590765936:  Hold'em No Limit ($0.01/$0.02 USD) - 2022/07/25 19:29:03 PT [2022/07/25 22:29:03 ET]
Table 'Clematis' 9-max Seat #1 is the button
Seat 1: cthebesth1 ($1.77 in chips)
Seat 2: Sr ÁviIa ($4.26 in chips)
Seat 3: LeandroAku ($1.97 in chips)
Seat 4: BrenoVns ($1.92 in chips)
Seat 5: Thiago 0421 ($0.76 in chips)
Seat 6: mumisber ($2.71 in chips)
Seat 7: ilovesomuchh ($2.02 in chips)
Seat 8: Dorex2007 ($2.57 in chips)
Seat 9: masonada213 ($2.14 in chips)
Sr ÁviIa: posts small blind $0.01
LeandroAku: posts big blind $0.02
*** HOLE CARDS ***
Dealt to Dorex2007 [Th 2s]
BrenoVns: raises $0.02 to $0.04
Thiago 0421: folds
mumisber: folds
ilovesomuchh: folds
Dorex2007: folds
masonada213: raises $0.08 to $0.12
cthebesth1: raises $1.65 to $1.77 and is all-in
Sr ÁviIa: folds
LeandroAku: folds
BrenoVns: folds
masonada213: folds
Uncalled bet ($1.65) returned to cthebesth1
cthebesth1 collected $0.31 from pot
cthebesth1: doesn't show hand
*** SUMMARY ***
Total pot $0.31 | Rake $0
Seat 1: cthebesth1 (button) collected ($0.31)
Seat 2: Sr ÁviIa (small blind) folded before Flop
Seat 3: LeandroAku (big blind) folded before Flop
Seat 4: BrenoVns folded before Flop
Seat 5: Thiago 0421 folded before Flop (didn't bet)
Seat 6: mumisber folded before Flop (didn't bet)
Seat 7: ilovesomuchh folded before Flop (didn't bet)
Seat 8: Dorex2007 folded before Flop (didn't bet)
Seat 9: masonada213 folded before Flop


*********** # 70 **************
PokerStars Hand #237590757460:  Hold'em No Limit ($0.01/$0.02 USD) - 2022/07/25 19:28:16 PT [2022/07/25 22:28:16 ET]
Table 'Clematis' 9-max Seat #9 is the button
Seat 1: cthebesth1 ($1.78 in chips)
Seat 2: Sr ÁviIa ($4.28 in chips)
Seat 3: LeandroAku ($1.97 in chips)
Seat 4: BrenoVns ($1.96 in chips)
Seat 5: Thiago 0421 ($0.80 in chips)
Seat 6: mumisber ($2.71 in chips)
Seat 7: ilovesomuchh ($2.02 in chips)
Seat 8: Dorex2007 ($2.46 in chips)
Seat 9: masonada213 ($2.14 in chips)
cthebesth1: posts small blind $0.01
Sr ÁviIa: posts big blind $0.02
Thiago 0421: posts big blind $0.02
*** HOLE CARDS ***
Dealt to Dorex2007 [Kc Ad]
LeandroAku: folds
BrenoVns: raises $0.02 to $0.04
Thiago 0421: calls $0.02
mumisber: folds
ilovesomuchh: folds
Dorex2007: raises $0.10 to $0.14
masonada213: folds
cthebesth1: folds
Sr ÁviIa: folds
BrenoVns: folds
Thiago 0421: folds
Uncalled bet ($0.10) returned to Dorex2007
Dorex2007 collected $0.15 from pot
Dorex2007: doesn't show hand
*** SUMMARY ***
Total pot $0.15 | Rake $0
Seat 1: cthebesth1 (small blind) folded before Flop
Seat 2: Sr ÁviIa (big blind) folded before Flop
Seat 3: LeandroAku folded before Flop (didn't bet)
Seat 4: BrenoVns folded before Flop
Seat 5: Thiago 0421 folded before Flop
Seat 6: mumisber folded before Flop (didn't bet)
Seat 7: ilovesomuchh folded before Flop (didn't bet)
Seat 8: Dorex2007 collected ($0.15)
Seat 9: masonada213 (button) folded before Flop (didn't bet)


*********** # 71 **************
PokerStars Hand #237590741965:  Hold'em No Limit ($0.01/$0.02 USD) - 2022/07/25 19:26:52 PT [2022/07/25 22:26:52 ET]
Table 'Clematis' 9-max Seat #8 is the button
Seat 1: cthebesth1 ($1.89 in chips)
Seat 2: Sr ÁviIa ($4.28 in chips)
Seat 3: LeandroAku ($1.97 in chips)
Seat 4: BrenoVns ($2 in chips)
Seat 6: mumisber ($2.71 in chips)
Seat 7: ilovesomuchh ($2.02 in chips)
Seat 8: Dorex2007 ($2.57 in chips)
Seat 9: masonada213 ($1.89 in chips)
masonada213: posts small blind $0.01
cthebesth1: posts big blind $0.02
*** HOLE CARDS ***
Dealt to Dorex2007 [As 8s]
Sr ÁviIa: folds
LeandroAku: folds
BrenoVns: raises $0.02 to $0.04
mumisber: folds
ilovesomuchh: folds
Dorex2007: calls $0.04
Thiago 0421 joins the table at seat #5
masonada213: calls $0.03
cthebesth1: calls $0.02
*** FLOP *** [6h Tc Jd]
masonada213: checks
cthebesth1: checks
BrenoVns: checks
Dorex2007: bets $0.07
masonada213: calls $0.07
cthebesth1: calls $0.07
BrenoVns: folds
*** TURN *** [6h Tc Jd] [7c]
masonada213: bets $0.12
cthebesth1: folds
Dorex2007: folds
Uncalled bet ($0.12) returned to masonada213
masonada213 collected $0.36 from pot
masonada213: doesn't show hand
*** SUMMARY ***
Total pot $0.37 | Rake $0.01
Board [6h Tc Jd 7c]
Seat 1: cthebesth1 (big blind) folded on the Turn
Seat 2: Sr ÁviIa folded before Flop (didn't bet)
Seat 3: LeandroAku folded before Flop (didn't bet)
Seat 4: BrenoVns folded on the Flop
Seat 6: mumisber folded before Flop (didn't bet)
Seat 7: ilovesomuchh folded before Flop (didn't bet)
Seat 8: Dorex2007 (button) folded on the Turn
Seat 9: masonada213 (small blind) collected ($0.36)


*********** # 72 **************
PokerStars Hand #237590730522:  Hold'em No Limit ($0.01/$0.02 USD) - 2022/07/25 19:25:49 PT [2022/07/25 22:25:49 ET]
Table 'Clematis' 9-max Seat #7 is the button
Seat 1: cthebesth1 ($1.89 in chips)
Seat 2: Sr ÁviIa ($4.21 in chips)
Seat 3: LeandroAku ($1.97 in chips)
Seat 4: BrenoVns ($2 in chips)
Seat 6: mumisber ($2.71 in chips)
Seat 7: ilovesomuchh ($2.02 in chips)
Seat 8: Dorex2007 ($2.58 in chips)
Seat 9: masonada213 ($1.95 in chips)
Dorex2007: posts small blind $0.01
masonada213: posts big blind $0.02
*** HOLE CARDS ***
Dealt to Dorex2007 [7h Kc]
cthebesth1: folds
Sr ÁviIa: raises $0.04 to $0.06
LeandroAku: folds
BrenoVns: folds
mumisber: folds
ilovesomuchh: folds
Dorex2007: folds
masonada213: calls $0.04
*** FLOP *** [Th As 5s]
masonada213: checks
Sr ÁviIa: checks
*** TURN *** [Th As 5s] [4c]
masonada213: checks
Sr ÁviIa: checks
*** RIVER *** [Th As 5s 4c] [Tc]
masonada213: checks
Sr ÁviIa: checks
*** SHOW DOWN ***
masonada213: shows [7c 6c] (a pair of Tens)
Sr ÁviIa: shows [Qc 9c] (a pair of Tens - Ace+Queen kicker)
Sr ÁviIa collected $0.13 from pot
*** SUMMARY ***
Total pot $0.13 | Rake $0
Board [Th As 5s 4c Tc]
Seat 1: cthebesth1 folded before Flop (didn't bet)
Seat 2: Sr ÁviIa showed [Qc 9c] and won ($0.13) with a pair of Tens
Seat 3: LeandroAku folded before Flop (didn't bet)
Seat 4: BrenoVns folded before Flop (didn't bet)
Seat 6: mumisber folded before Flop (didn't bet)
Seat 7: ilovesomuchh (button) folded before Flop (didn't bet)
Seat 8: Dorex2007 (small blind) folded before Flop
Seat 9: masonada213 (big blind) showed [7c 6c] and lost with a pair of Tens


*********** # 73 **************
PokerStars Hand #237590726874:  Hold'em No Limit ($0.01/$0.02 USD) - 2022/07/25 19:25:29 PT [2022/07/25 22:25:29 ET]
Table 'Clematis' 9-max Seat #6 is the button
Seat 1: cthebesth1 ($1.89 in chips)
Seat 2: Sr ÁviIa ($4.21 in chips)
Seat 3: LeandroAku ($1.97 in chips)
Seat 5: mihaelnate ($2.30 in chips)
Seat 6: mumisber ($2.71 in chips)
Seat 7: ilovesomuchh ($2 in chips)
Seat 8: Dorex2007 ($2.60 in chips)
Seat 9: masonada213 ($1.95 in chips)
ilovesomuchh: posts small blind $0.01
Dorex2007: posts big blind $0.02
*** HOLE CARDS ***
Dealt to Dorex2007 [Qh 5c]
masonada213: folds
cthebesth1: folds
Sr ÁviIa: folds
LeandroAku: folds
mihaelnate: folds
mihaelnate leaves the table
mumisber: folds
ilovesomuchh: raises $0.04 to $0.06
Dorex2007: folds
Uncalled bet ($0.04) returned to ilovesomuchh
ilovesomuchh collected $0.04 from pot
*** SUMMARY ***
Total pot $0.04 | Rake $0
Seat 1: cthebesth1 folded before Flop (didn't bet)
Seat 2: Sr ÁviIa folded before Flop (didn't bet)
Seat 3: LeandroAku folded before Flop (didn't bet)
Seat 5: mihaelnate folded before Flop (didn't bet)
Seat 6: mumisber (button) folded before Flop (didn't bet)
Seat 7: ilovesomuchh (small blind) collected ($0.04)
Seat 8: Dorex2007 (big blind) folded before Flop
Seat 9: masonada213 folded before Flop (didn't bet)


*********** # 74 **************
PokerStars Hand #237590716427:  Hold'em No Limit ($0.01/$0.02 USD) - 2022/07/25 19:24:32 PT [2022/07/25 22:24:32 ET]
Table 'Clematis' 9-max Seat #5 is the button
Seat 1: cthebesth1 ($1.89 in chips)
Seat 2: Sr ÁviIa ($4.21 in chips)
Seat 3: LeandroAku ($1.97 in chips)
Seat 4: BrenoVns ($0.97 in chips)
Seat 5: mihaelnate ($1.37 in chips)
Seat 6: mumisber ($2.72 in chips)
Seat 7: ilovesomuchh ($2 in chips)
Seat 8: Dorex2007 ($2.60 in chips)
Seat 9: masonada213 ($1.95 in chips)
mumisber: posts small blind $0.01
ilovesomuchh: posts big blind $0.02
*** HOLE CARDS ***
Dealt to Dorex2007 [Ts 2d]
Dorex2007: folds
masonada213: folds
cthebesth1: folds
Sr ÁviIa: folds
LeandroAku: folds
BrenoVns: raises $0.02 to $0.04
mihaelnate: calls $0.04
mumisber: folds
ilovesomuchh: folds
*** FLOP *** [5d 7h Kh]
BrenoVns: bets $0.04
mihaelnate: calls $0.04
*** TURN *** [5d 7h Kh] [Ac]
BrenoVns: bets $0.10
mihaelnate: calls $0.10
*** RIVER *** [5d 7h Kh Ac] [Qh]
BrenoVns: bets $0.19
mihaelnate: raises $1 to $1.19 and is all-in
BrenoVns: calls $0.60 and is all-in
Uncalled bet ($0.40) returned to mihaelnate
*** SHOW DOWN ***
mihaelnate: shows [Jh 2h] (a flush, King high)
BrenoVns: shows [As Ks] (two pair, Aces and Kings)
mihaelnate collected $1.90 from pot
*** SUMMARY ***
Total pot $1.97 | Rake $0.07
Board [5d 7h Kh Ac Qh]
Seat 1: cthebesth1 folded before Flop (didn't bet)
Seat 2: Sr ÁviIa folded before Flop (didn't bet)
Seat 3: LeandroAku folded before Flop (didn't bet)
Seat 4: BrenoVns showed [As Ks] and lost with two pair, Aces and Kings
Seat 5: mihaelnate (button) showed [Jh 2h] and won ($1.90) with a flush, King high
Seat 6: mumisber (small blind) folded before Flop
Seat 7: ilovesomuchh (big blind) folded before Flop
Seat 8: Dorex2007 folded before Flop (didn't bet)
Seat 9: masonada213 folded before Flop (didn't bet)


*********** # 75 **************
PokerStars Hand #237590713665:  Hold'em No Limit ($0.01/$0.02 USD) - 2022/07/25 19:24:18 PT [2022/07/25 22:24:18 ET]
Table 'Clematis' 9-max Seat #4 is the button
Seat 1: cthebesth1 ($1.89 in chips)
Seat 2: Sr ÁviIa ($4.21 in chips)
Seat 3: LeandroAku ($1.97 in chips)
Seat 4: BrenoVns ($0.97 in chips)
Seat 5: mihaelnate ($1.38 in chips)
Seat 6: mumisber ($2.74 in chips)
Seat 8: Dorex2007 ($2.57 in chips)
Seat 9: masonada213 ($1.95 in chips)
mihaelnate: posts small blind $0.01
mumisber: posts big blind $0.02
ilovesomuchh: sits out
*** HOLE CARDS ***
Dealt to Dorex2007 [Kc Ad]
Dorex2007: raises $0.04 to $0.06
masonada213: folds
cthebesth1: folds
Sr ÁviIa: folds
LeandroAku: folds
BrenoVns: folds
mihaelnate: folds
mumisber: folds
Uncalled bet ($0.04) returned to Dorex2007
Dorex2007 collected $0.05 from pot
Dorex2007: doesn't show hand
*** SUMMARY ***
Total pot $0.05 | Rake $0
Seat 1: cthebesth1 folded before Flop (didn't bet)
Seat 2: Sr ÁviIa folded before Flop (didn't bet)
Seat 3: LeandroAku folded before Flop (didn't bet)
Seat 4: BrenoVns (button) folded before Flop (didn't bet)
Seat 5: mihaelnate (small blind) folded before Flop
Seat 6: mumisber (big blind) folded before Flop
Seat 8: Dorex2007 collected ($0.05)
Seat 9: masonada213 folded before Flop (didn't bet)


*********** # 76 **************
PokerStars Hand #237590705581:  Hold'em No Limit ($0.01/$0.02 USD) - 2022/07/25 19:23:34 PT [2022/07/25 22:23:34 ET]
Table 'Clematis' 9-max Seat #3 is the button
Seat 1: cthebesth1 ($1.89 in chips)
Seat 2: Sr ÁviIa ($4.21 in chips)
Seat 3: LeandroAku ($1.97 in chips)
Seat 4: BrenoVns ($0.98 in chips)
Seat 5: mihaelnate ($1.46 in chips)
Seat 6: mumisber ($2.66 in chips)
Seat 8: Dorex2007 ($2.57 in chips)
Seat 9: masonada213 ($1.95 in chips)
BrenoVns: posts small blind $0.01
mihaelnate: posts big blind $0.02
ilovesomuchh: sits out
*** HOLE CARDS ***
Dealt to Dorex2007 [9s Qh]
mumisber: raises $0.06 to $0.08
Dorex2007: folds
masonada213: folds
cthebesth1: folds
Sr ÁviIa: folds
LeandroAku: folds
BrenoVns: folds
mihaelnate: calls $0.06
*** FLOP *** [3d Kc 6c]
mihaelnate: checks
mumisber: bets $0.06
mihaelnate: folds
Uncalled bet ($0.06) returned to mumisber
mumisber collected $0.16 from pot
mumisber: doesn't show hand
*** SUMMARY ***
Total pot $0.17 | Rake $0.01
Board [3d Kc 6c]
Seat 1: cthebesth1 folded before Flop (didn't bet)
Seat 2: Sr ÁviIa folded before Flop (didn't bet)
Seat 3: LeandroAku (button) folded before Flop (didn't bet)
Seat 4: BrenoVns (small blind) folded before Flop
Seat 5: mihaelnate (big blind) folded on the Flop
Seat 6: mumisber collected ($0.16)
Seat 8: Dorex2007 folded before Flop (didn't bet)
Seat 9: masonada213 folded before Flop (didn't bet)


*********** # 77 **************
PokerStars Hand #237590683908:  Hold'em No Limit ($0.01/$0.02 USD) - 2022/07/25 19:21:59 PT [2022/07/25 22:21:59 ET]
Table 'Clematis' 9-max Seat #2 is the button
Seat 1: cthebesth1 ($2 in chips)
Seat 2: Sr ÁviIa ($4.04 in chips)
Seat 3: LeandroAku ($1.98 in chips)
Seat 4: BrenoVns ($1 in chips)
Seat 5: mihaelnate ($1.46 in chips)
Seat 6: mumisber ($2.66 in chips)
Seat 8: Dorex2007 ($2.57 in chips)
Seat 9: masonada213 ($1.99 in chips)
LeandroAku: posts small blind $0.01
BrenoVns: posts big blind $0.02
cthebesth1: posts big blind $0.02
*** HOLE CARDS ***
Dealt to Dorex2007 [8d Ac]
mihaelnate: folds
mumisber: folds
Dorex2007: folds
masonada213: raises $0.02 to $0.04
cthebesth1: calls $0.02
Sr ÁviIa: calls $0.04
LeandroAku: folds
BrenoVns: folds
*** FLOP *** [Th 2h Kh]
masonada213: checks
cthebesth1: checks
Sr ÁviIa: checks
*** TURN *** [Th 2h Kh] [2d]
masonada213: checks
ilovesomuchh joins the table at seat #7
cthebesth1: bets $0.07
Sr ÁviIa: calls $0.07
masonada213: folds
*** RIVER *** [Th 2h Kh 2d] [4s]
cthebesth1: checks
Sr ÁviIa: bets $0.16
cthebesth1: folds
Uncalled bet ($0.16) returned to Sr ÁviIa
Sr ÁviIa collected $0.28 from pot
Sr ÁviIa: doesn't show hand
*** SUMMARY ***
Total pot $0.29 | Rake $0.01
Board [Th 2h Kh 2d 4s]
Seat 1: cthebesth1 folded on the River
Seat 2: Sr ÁviIa (button) collected ($0.28)
Seat 3: LeandroAku (small blind) folded before Flop
Seat 4: BrenoVns (big blind) folded before Flop
Seat 5: mihaelnate folded before Flop (didn't bet)
Seat 6: mumisber folded before Flop (didn't bet)
Seat 8: Dorex2007 folded before Flop (didn't bet)
Seat 9: masonada213 folded on the Turn


*********** # 78 **************
PokerStars Hand #237590678608:  Hold'em No Limit ($0.01/$0.02 USD) - 2022/07/25 19:21:31 PT [2022/07/25 22:21:31 ET]
Table 'Clematis' 9-max Seat #9 is the button
Seat 2: Sr ÁviIa ($4.05 in chips)
Seat 3: LeandroAku ($1.91 in chips)
Seat 4: BrenoVns ($1 in chips)
Seat 5: mihaelnate ($1.52 in chips)
Seat 6: mumisber ($2.66 in chips)
Seat 8: Dorex2007 ($2.57 in chips)
Seat 9: masonada213 ($1.99 in chips)
Sr ÁviIa: posts small blind $0.01
LeandroAku: posts big blind $0.02
*** HOLE CARDS ***
Dealt to Dorex2007 [5s 7s]
HeyRail leaves the table
BrenoVns: folds
cthebesth1 joins the table at seat #1
mihaelnate: calls $0.02
mumisber: folds
Dorex2007: folds
masonada213: folds
Sr ÁviIa: folds
LeandroAku: raises $0.04 to $0.06
mihaelnate: calls $0.04
*** FLOP *** [2h 6h 9s]
LeandroAku: bets $0.13
mihaelnate: folds
Uncalled bet ($0.13) returned to LeandroAku
LeandroAku collected $0.13 from pot
LeandroAku: doesn't show hand
*** SUMMARY ***
Total pot $0.13 | Rake $0
Board [2h 6h 9s]
Seat 2: Sr ÁviIa (small blind) folded before Flop
Seat 3: LeandroAku (big blind) collected ($0.13)
Seat 4: BrenoVns folded before Flop (didn't bet)
Seat 5: mihaelnate folded on the Flop
Seat 6: mumisber folded before Flop (didn't bet)
Seat 8: Dorex2007 folded before Flop (didn't bet)
Seat 9: masonada213 (button) folded before Flop (didn't bet)


*********** # 79 **************
PokerStars Hand #237590673276:  Hold'em No Limit ($0.01/$0.02 USD) - 2022/07/25 19:21:02 PT [2022/07/25 22:21:02 ET]
Table 'Clematis' 9-max Seat #8 is the button
Seat 2: Sr ÁviIa ($4.04 in chips)
Seat 3: LeandroAku ($1.91 in chips)
Seat 4: BrenoVns ($1 in chips)
Seat 5: mihaelnate ($1.52 in chips)
Seat 6: mumisber ($2.66 in chips)
Seat 7: HeyRail ($2.05 in chips)
Seat 8: Dorex2007 ($2.57 in chips)
Seat 9: masonada213 ($2 in chips)
masonada213: posts small blind $0.01
Sr ÁviIa: posts big blind $0.02
*** HOLE CARDS ***
Dealt to Dorex2007 [2d 9h]
LeandroAku: folds
BrenoVns: folds
mihaelnate: folds
mumisber: folds
HeyRail has timed out
HeyRail: folds
Dorex2007: folds
masonada213: folds
Uncalled bet ($0.01) returned to Sr ÁviIa
Sr ÁviIa collected $0.02 from pot
Sr ÁviIa: doesn't show hand
*** SUMMARY ***
Total pot $0.02 | Rake $0
Seat 2: Sr ÁviIa (big blind) collected ($0.02)
Seat 3: LeandroAku folded before Flop (didn't bet)
Seat 4: BrenoVns folded before Flop (didn't bet)
Seat 5: mihaelnate folded before Flop (didn't bet)
Seat 6: mumisber folded before Flop (didn't bet)
Seat 7: HeyRail folded before Flop (didn't bet)
Seat 8: Dorex2007 (button) folded before Flop (didn't bet)
Seat 9: masonada213 (small blind) folded before Flop


*********** # 80 **************
PokerStars Hand #237590670323:  Hold'em No Limit ($0.01/$0.02 USD) - 2022/07/25 19:20:46 PT [2022/07/25 22:20:46 ET]
Table 'Clematis' 9-max Seat #7 is the button
Seat 2: Sr ÁviIa ($4.04 in chips)
Seat 3: LeandroAku ($1.91 in chips)
Seat 4: BrenoVns ($1 in chips)
Seat 5: mihaelnate ($1.52 in chips)
Seat 6: mumisber ($2.66 in chips)
Seat 7: HeyRail ($2.05 in chips)
Seat 8: Dorex2007 ($2.58 in chips)
Seat 9: masonada213 ($1.99 in chips)
Dorex2007: posts small blind $0.01
masonada213: posts big blind $0.02
*** HOLE CARDS ***
Dealt to Dorex2007 [4h 2s]
Sr ÁviIa: folds
LeandroAku: folds
karica_tmaga leaves the table
BrenoVns: folds
mihaelnate: folds
mumisber: folds
HeyRail: folds
Dorex2007: folds
Uncalled bet ($0.01) returned to masonada213
masonada213 collected $0.02 from pot
masonada213: doesn't show hand
*** SUMMARY ***
Total pot $0.02 | Rake $0
Seat 2: Sr ÁviIa folded before Flop (didn't bet)
Seat 3: LeandroAku folded before Flop (didn't bet)
Seat 4: BrenoVns folded before Flop (didn't bet)
Seat 5: mihaelnate folded before Flop (didn't bet)
Seat 6: mumisber folded before Flop (didn't bet)
Seat 7: HeyRail (button) folded before Flop (didn't bet)
Seat 8: Dorex2007 (small blind) folded before Flop
Seat 9: masonada213 (big blind) collected ($0.02)


*********** # 81 **************
PokerStars Hand #237590658908:  Hold'em No Limit ($0.01/$0.02 USD) - 2022/07/25 19:19:45 PT [2022/07/25 22:19:45 ET]
Table 'Clematis' 9-max Seat #6 is the button
Seat 1: karica_tmaga ($0.02 in chips)
Seat 2: Sr ÁviIa ($4.04 in chips)
Seat 3: LeandroAku ($1.91 in chips)
Seat 4: BrenoVns ($1.14 in chips)
Seat 5: mihaelnate ($1.52 in chips)
Seat 6: mumisber ($2.66 in chips)
Seat 7: HeyRail ($2.06 in chips)
Seat 8: Dorex2007 ($2.43 in chips)
Seat 9: masonada213 ($1.99 in chips)
HeyRail: posts small blind $0.01
Dorex2007: posts big blind $0.02
*** HOLE CARDS ***
Dealt to Dorex2007 [Jc Jh]
masonada213: folds
karica_tmaga: calls $0.02 and is all-in
Sr ÁviIa: folds
LeandroAku: folds
BrenoVns: raises $0.02 to $0.04
mihaelnate: folds
mumisber: folds
HeyRail: folds
Dorex2007: raises $0.10 to $0.14
BrenoVns: calls $0.10
*** FLOP *** [8d Kc 4c]
Dorex2007: bets $0.30
BrenoVns: folds
Uncalled bet ($0.30) returned to Dorex2007
*** TURN *** [8d Kc 4c] [2s]
*** RIVER *** [8d Kc 4c 2s] [9s]
*** SHOW DOWN ***
Dorex2007: shows [Jc Jh] (a pair of Jacks)
karica_tmaga: shows [8h 9d] (two pair, Nines and Eights)
karica_tmaga cashed out the hand for $0.01
Dorex2007 cashed out the hand for $0.29
*** SUMMARY ***
Total pot $0.31 Main pot $0.07. Side pot $0.23. | Rake $0.01
Board [8d Kc 4c 2s 9s]
Seat 1: karica_tmaga showed [8h 9d] and won ($0.07) with two pair, Nines and Eights (pot not awarded as player cashed out)
Seat 2: Sr ÁviIa folded before Flop (didn't bet)
Seat 3: LeandroAku folded before Flop (didn't bet)
Seat 4: BrenoVns folded on the Flop
Seat 5: mihaelnate folded before Flop (didn't bet)
Seat 6: mumisber (button) folded before Flop (didn't bet)
Seat 7: HeyRail (small blind) folded before Flop
Seat 8: Dorex2007 (big blind) showed [Jc Jh] and won ($0.23) with a pair of Jacks (pot not awarded as player cashed out)
Seat 9: masonada213 folded before Flop (didn't bet)


*********** # 82 **************
PokerStars Hand #237590641264:  Hold'em No Limit ($0.01/$0.02 USD) - 2022/07/25 19:18:47 PT [2022/07/25 22:18:47 ET]
Table 'Clematis' 9-max Seat #5 is the button
Seat 1: karica_tmaga ($0.75 in chips)
Seat 2: Sr ÁviIa ($4.08 in chips)
Seat 3: LeandroAku ($1.91 in chips)
Seat 4: BrenoVns ($1.18 in chips)
Seat 5: mihaelnate ($0.73 in chips)
Seat 6: mumisber ($2.67 in chips)
Seat 7: HeyRail ($2.08 in chips)
Seat 8: Dorex2007 ($2.43 in chips)
Seat 9: masonada213 ($1.99 in chips)
mumisber: posts small blind $0.01
HeyRail: posts big blind $0.02
*** HOLE CARDS ***
Dealt to Dorex2007 [6d Qd]
Dorex2007: folds
masonada213: folds
karica_tmaga: raises $0.02 to $0.04
Sr ÁviIa: calls $0.04
LeandroAku: folds
BrenoVns: calls $0.04
mihaelnate: raises $0.04 to $0.08
mumisber: folds
HeyRail: folds
karica_tmaga: raises $0.67 to $0.75 and is all-in
Sr ÁviIa: folds
BrenoVns: folds
mihaelnate: calls $0.65 and is all-in
Uncalled bet ($0.02) returned to karica_tmaga
*** FLOP *** [Qs 4h 9d]
*** TURN *** [Qs 4h 9d] [2c]
*** RIVER *** [Qs 4h 9d 2c] [Kd]
*** SHOW DOWN ***
karica_tmaga: shows [Jh Ah] (high card Ace)
mihaelnate: shows [Kh Ad] (a pair of Kings)
mihaelnate collected $1.52 from pot
*** SUMMARY ***
Total pot $1.57 | Rake $0.05
Board [Qs 4h 9d 2c Kd]
Seat 1: karica_tmaga showed [Jh Ah] and lost with high card Ace
Seat 2: Sr ÁviIa folded before Flop
Seat 3: LeandroAku folded before Flop (didn't bet)
Seat 4: BrenoVns folded before Flop
Seat 5: mihaelnate (button) showed [Kh Ad] and won ($1.52) with a pair of Kings
Seat 6: mumisber (small blind) folded before Flop
Seat 7: HeyRail (big blind) folded before Flop
Seat 8: Dorex2007 folded before Flop (didn't bet)
Seat 9: masonada213 folded before Flop (didn't bet)


*********** # 83 **************
PokerStars Hand #237590634552:  Hold'em No Limit ($0.01/$0.02 USD) - 2022/07/25 19:18:10 PT [2022/07/25 22:18:10 ET]
Table 'Clematis' 9-max Seat #4 is the button
Seat 1: karica_tmaga ($0.75 in chips)
Seat 2: Sr ÁviIa ($4.08 in chips)
Seat 3: LeandroAku ($1.91 in chips)
Seat 4: BrenoVns ($1.18 in chips)
Seat 5: mihaelnate ($0.69 in chips)
Seat 6: mumisber ($2.71 in chips)
Seat 7: HeyRail ($2.08 in chips)
Seat 8: Dorex2007 ($2.43 in chips)
Seat 9: masonada213 ($1.99 in chips)
mihaelnate: posts small blind $0.01
mumisber: posts big blind $0.02
*** HOLE CARDS ***
Dealt to Dorex2007 [Kc 7s]
HeyRail: folds
Dorex2007: folds
masonada213: folds
karica_tmaga: folds
Sr ÁviIa: folds
LeandroAku: folds
BrenoVns: folds
mihaelnate: calls $0.01
mumisber: checks
*** FLOP *** [5c Jh 7c]
mihaelnate: bets $0.02
mumisber: calls $0.02
*** TURN *** [5c Jh 7c] [Th]
mihaelnate: bets $0.02
mumisber: folds
Uncalled bet ($0.02) returned to mihaelnate
mihaelnate collected $0.08 from pot
mihaelnate: doesn't show hand
*** SUMMARY ***
Total pot $0.08 | Rake $0
Board [5c Jh 7c Th]
Seat 1: karica_tmaga folded before Flop (didn't bet)
Seat 2: Sr ÁviIa folded before Flop (didn't bet)
Seat 3: LeandroAku folded before Flop (didn't bet)
Seat 4: BrenoVns (button) folded before Flop (didn't bet)
Seat 5: mihaelnate (small blind) collected ($0.08)
Seat 6: mumisber (big blind) folded on the Turn
Seat 7: HeyRail folded before Flop (didn't bet)
Seat 8: Dorex2007 folded before Flop (didn't bet)
Seat 9: masonada213 folded before Flop (didn't bet)


*********** # 84 **************
PokerStars Hand #237590624590:  Hold'em No Limit ($0.01/$0.02 USD) - 2022/07/25 19:17:17 PT [2022/07/25 22:17:17 ET]
Table 'Clematis' 9-max Seat #3 is the button
Seat 1: karica_tmaga ($0.75 in chips)
Seat 2: Sr ÁviIa ($4.13 in chips)
Seat 3: LeandroAku ($1.91 in chips)
Seat 4: BrenoVns ($1.19 in chips)
Seat 5: mihaelnate ($0.71 in chips)
Seat 6: mumisber ($2.71 in chips)
Seat 7: HeyRail ($2 in chips)
Seat 8: Dorex2007 ($2.43 in chips)
Seat 9: masonada213 ($1.99 in chips)
BrenoVns: posts small blind $0.01
mihaelnate: posts big blind $0.02
*** HOLE CARDS ***
Dealt to Dorex2007 [7h 4h]
mumisber: folds
HeyRail: raises $0.03 to $0.05
Dorex2007: folds
masonada213: folds
karica_tmaga: folds
Sr ÁviIa: calls $0.05
LeandroAku: folds
BrenoVns: folds
mihaelnate: folds
*** FLOP *** [5h 6c 6s]
HeyRail: checks
Sr ÁviIa: checks
*** TURN *** [5h 6c 6s] [6d]
HeyRail: checks
Sr ÁviIa: checks
*** RIVER *** [5h 6c 6s 6d] [8s]
HeyRail: bets $0.04
Sr ÁviIa: folds
Uncalled bet ($0.04) returned to HeyRail
HeyRail collected $0.13 from pot
HeyRail: doesn't show hand
*** SUMMARY ***
Total pot $0.13 | Rake $0
Board [5h 6c 6s 6d 8s]
Seat 1: karica_tmaga folded before Flop (didn't bet)
Seat 2: Sr ÁviIa folded on the River
Seat 3: LeandroAku (button) folded before Flop (didn't bet)
Seat 4: BrenoVns (small blind) folded before Flop
Seat 5: mihaelnate (big blind) folded before Flop
Seat 6: mumisber folded before Flop (didn't bet)
Seat 7: HeyRail collected ($0.13)
Seat 8: Dorex2007 folded before Flop (didn't bet)
Seat 9: masonada213 folded before Flop (didn't bet)


*********** # 85 **************
PokerStars Hand #237590611601:  Hold'em No Limit ($0.01/$0.02 USD) - 2022/07/25 19:16:09 PT [2022/07/25 22:16:09 ET]
Table 'Clematis' 9-max Seat #2 is the button
Seat 1: karica_tmaga ($0.75 in chips)
Seat 2: Sr ÁviIa ($4.01 in chips)
Seat 3: LeandroAku ($1.92 in chips)
Seat 4: BrenoVns ($1.21 in chips)
Seat 5: mihaelnate ($0.71 in chips)
Seat 6: mumisber ($2.81 in chips)
Seat 7: HeyRail ($2 in chips)
Seat 8: Dorex2007 ($2.43 in chips)
Seat 9: masonada213 ($1.99 in chips)
LeandroAku: posts small blind $0.01
BrenoVns: posts big blind $0.02
*** HOLE CARDS ***
Dealt to Dorex2007 [2c 2h]
mihaelnate: folds
mumisber: raises $0.08 to $0.10
HeyRail: folds
Dorex2007: folds
masonada213: folds
karica_tmaga: folds
Sr ÁviIa: calls $0.10
LeandroAku: folds
BrenoVns: folds
*** FLOP *** [6s 3c 9c]
mumisber: checks
Sr ÁviIa: bets $0.12
mumisber: folds
Uncalled bet ($0.12) returned to Sr ÁviIa
Sr ÁviIa collected $0.22 from pot
Sr ÁviIa: doesn't show hand
*** SUMMARY ***
Total pot $0.23 | Rake $0.01
Board [6s 3c 9c]
Seat 1: karica_tmaga folded before Flop (didn't bet)
Seat 2: Sr ÁviIa (button) collected ($0.22)
Seat 3: LeandroAku (small blind) folded before Flop
Seat 4: BrenoVns (big blind) folded before Flop
Seat 5: mihaelnate folded before Flop (didn't bet)
Seat 6: mumisber folded on the Flop
Seat 7: HeyRail folded before Flop (didn't bet)
Seat 8: Dorex2007 folded before Flop (didn't bet)
Seat 9: masonada213 folded before Flop (didn't bet)


*********** # 86 **************
PokerStars Hand #237590604836:  Hold'em No Limit ($0.01/$0.02 USD) - 2022/07/25 19:15:34 PT [2022/07/25 22:15:34 ET]
Table 'Clematis' 9-max Seat #1 is the button
Seat 1: karica_tmaga ($0.75 in chips)
Seat 2: Sr ÁviIa ($4.02 in chips)
Seat 3: LeandroAku ($1.94 in chips)
Seat 4: BrenoVns ($1.21 in chips)
Seat 5: mihaelnate ($0.73 in chips)
Seat 6: mumisber ($2.81 in chips)
Seat 7: HeyRail ($2 in chips)
Seat 8: Dorex2007 ($2.38 in chips)
Seat 9: masonada213 ($1.99 in chips)
Sr ÁviIa: posts small blind $0.01
LeandroAku: posts big blind $0.02
*** HOLE CARDS ***
Dealt to Dorex2007 [Ad Jd]
BrenoVns: folds
mihaelnate: calls $0.02
mumisber: folds
HeyRail: folds
Dorex2007: raises $0.08 to $0.10
masonada213: folds
karica_tmaga: folds
Sr ÁviIa: folds
LeandroAku: folds
mihaelnate: folds
Uncalled bet ($0.08) returned to Dorex2007
Dorex2007 collected $0.07 from pot
Dorex2007: doesn't show hand
*** SUMMARY ***
Total pot $0.07 | Rake $0
Seat 1: karica_tmaga (button) folded before Flop (didn't bet)
Seat 2: Sr ÁviIa (small blind) folded before Flop
Seat 3: LeandroAku (big blind) folded before Flop
Seat 4: BrenoVns folded before Flop (didn't bet)
Seat 5: mihaelnate folded before Flop
Seat 6: mumisber folded before Flop (didn't bet)
Seat 7: HeyRail folded before Flop (didn't bet)
Seat 8: Dorex2007 collected ($0.07)
Seat 9: masonada213 folded before Flop (didn't bet)


*********** # 87 **************
PokerStars Hand #237590586947:  Hold'em No Limit ($0.01/$0.02 USD) - 2022/07/25 19:14:36 PT [2022/07/25 22:14:36 ET]
Table 'Clematis' 9-max Seat #9 is the button
Seat 1: karica_tmaga ($0.76 in chips)
Seat 2: Sr ÁviIa ($4.04 in chips)
Seat 3: LeandroAku ($1.94 in chips)
Seat 4: BrenoVns ($1.21 in chips)
Seat 5: mihaelnate ($0.75 in chips)
Seat 6: mumisber ($2.81 in chips)
Seat 7: HeyRail ($2 in chips)
Seat 8: Dorex2007 ($2.11 in chips)
Seat 9: masonada213 ($1.99 in chips)
karica_tmaga: posts small blind $0.01
Sr ÁviIa: posts big blind $0.02
*** HOLE CARDS ***
Dealt to Dorex2007 [Qs Kh]
LeandroAku: folds
BrenoVns: folds
mihaelnate: calls $0.02
mumisber has timed out
mumisber: folds
HeyRail: raises $0.07 to $0.09
Dorex2007: calls $0.09
masonada213: folds
karica_tmaga: folds
Sr ÁviIa: folds
mihaelnate: folds
*** FLOP *** [4h Js 9s]
HeyRail: bets $0.15
Dorex2007: raises $0.25 to $0.40
HeyRail: folds
Uncalled bet ($0.25) returned to Dorex2007
Dorex2007 collected $0.51 from pot
Dorex2007: doesn't show hand
*** SUMMARY ***
Total pot $0.53 | Rake $0.02
Board [4h Js 9s]
Seat 1: karica_tmaga (small blind) folded before Flop
Seat 2: Sr ÁviIa (big blind) folded before Flop
Seat 3: LeandroAku folded before Flop (didn't bet)
Seat 4: BrenoVns folded before Flop (didn't bet)
Seat 5: mihaelnate folded before Flop
Seat 6: mumisber folded before Flop (didn't bet)
Seat 7: HeyRail folded on the Flop
Seat 8: Dorex2007 collected ($0.51)
Seat 9: masonada213 (button) folded before Flop (didn't bet)


*********** # 88 **************
PokerStars Hand #237590577223:  Hold'em No Limit ($0.01/$0.02 USD) - 2022/07/25 19:13:45 PT [2022/07/25 22:13:45 ET]
Table 'Clematis' 9-max Seat #8 is the button
Seat 1: karica_tmaga ($0.78 in chips)
Seat 2: Sr ÁviIa ($3.96 in chips)
Seat 3: LeandroAku ($1.94 in chips)
Seat 4: BrenoVns ($1.21 in chips)
Seat 5: mihaelnate ($0.75 in chips)
Seat 6: mumisber ($2.87 in chips)
Seat 7: HeyRail ($2 in chips)
Seat 8: Dorex2007 ($2.11 in chips)
Seat 9: masonada213 ($2 in chips)
masonada213: posts small blind $0.01
karica_tmaga: posts big blind $0.02
*** HOLE CARDS ***
Dealt to Dorex2007 [2d 9c]
Sr ÁviIa: raises $0.04 to $0.06
LeandroAku: folds
BrenoVns: folds
mihaelnate: folds
mumisber: calls $0.06
HeyRail: folds
Dorex2007: folds
masonada213: folds
karica_tmaga: folds
*** FLOP *** [9s Td 8h]
Sr ÁviIa: checks
mumisber: checks
*** TURN *** [9s Td 8h] [Ts]
Sr ÁviIa: bets $0.07
mumisber: folds
Uncalled bet ($0.07) returned to Sr ÁviIa
Sr ÁviIa collected $0.14 from pot
Sr ÁviIa: doesn't show hand
*** SUMMARY ***
Total pot $0.15 | Rake $0.01
Board [9s Td 8h Ts]
Seat 1: karica_tmaga (big blind) folded before Flop
Seat 2: Sr ÁviIa collected ($0.14)
Seat 3: LeandroAku folded before Flop (didn't bet)
Seat 4: BrenoVns folded before Flop (didn't bet)
Seat 5: mihaelnate folded before Flop (didn't bet)
Seat 6: mumisber folded on the Turn
Seat 7: HeyRail folded before Flop (didn't bet)
Seat 8: Dorex2007 (button) folded before Flop (didn't bet)
Seat 9: masonada213 (small blind) folded before Flop


*********** # 89 **************
PokerStars Hand #237590567103:  Hold'em No Limit ($0.01/$0.02 USD) - 2022/07/25 19:13:01 PT [2022/07/25 22:13:01 ET]
Table 'Clematis' 9-max Seat #7 is the button
Seat 1: karica_tmaga ($0.78 in chips)
Seat 2: Sr ÁviIa ($3.96 in chips)
Seat 3: LeandroAku ($1.94 in chips)
Seat 4: BrenoVns ($1.13 in chips)
Seat 5: mihaelnate ($0.81 in chips)
Seat 6: mumisber ($2.87 in chips)
Seat 7: HeyRail ($2 in chips)
Seat 8: Dorex2007 ($2.12 in chips)
Seat 9: masonada213 ($2.02 in chips)
Dorex2007: posts small blind $0.01
masonada213: posts big blind $0.02
*** HOLE CARDS ***
Dealt to Dorex2007 [Jc 3c]
karica_tmaga: folds
Sr ÁviIa: folds
LeandroAku: folds
BrenoVns: raises $0.02 to $0.04
mihaelnate: calls $0.04
mumisber: folds
HeyRail: folds
Dorex2007: folds
masonada213: folds
*** FLOP *** [7d 7s 7c]
BrenoVns: bets $0.02
mihaelnate: calls $0.02
*** TURN *** [7d 7s 7c] [Jd]
BrenoVns: checks
mihaelnate: checks
*** RIVER *** [7d 7s 7c Jd] [8h]
BrenoVns: checks
mihaelnate: checks
*** SHOW DOWN ***
BrenoVns: shows [Ac 4c] (three of a kind, Sevens)
mihaelnate: mucks hand
BrenoVns collected $0.14 from pot
*** SUMMARY ***
Total pot $0.15 | Rake $0.01
Board [7d 7s 7c Jd 8h]
Seat 1: karica_tmaga folded before Flop (didn't bet)
Seat 2: Sr ÁviIa folded before Flop (didn't bet)
Seat 3: LeandroAku folded before Flop (didn't bet)
Seat 4: BrenoVns showed [Ac 4c] and won ($0.14) with three of a kind, Sevens
Seat 5: mihaelnate mucked [Kd Qh]
Seat 6: mumisber folded before Flop (didn't bet)
Seat 7: HeyRail (button) folded before Flop (didn't bet)
Seat 8: Dorex2007 (small blind) folded before Flop
Seat 9: masonada213 (big blind) folded before Flop


*********** # 90 **************
PokerStars Hand #237590559641:  Hold'em No Limit ($0.01/$0.02 USD) - 2022/07/25 19:12:21 PT [2022/07/25 22:12:21 ET]
Table 'Clematis' 9-max Seat #6 is the button
Seat 1: karica_tmaga ($0.75 in chips)
Seat 2: Sr ÁviIa ($3.96 in chips)
Seat 3: LeandroAku ($1.94 in chips)
Seat 4: BrenoVns ($1.13 in chips)
Seat 5: mihaelnate ($0.81 in chips)
Seat 6: mumisber ($2.87 in chips)
Seat 7: HeyRail ($2.01 in chips)
Seat 8: Dorex2007 ($2.14 in chips)
Seat 9: masonada213 ($2.02 in chips)
HeyRail: posts small blind $0.01
Dorex2007: posts big blind $0.02
*** HOLE CARDS ***
Dealt to Dorex2007 [3h 3s]
masonada213: folds
karica_tmaga: calls $0.02
Sr ÁviIa: folds
LeandroAku: folds
BrenoVns: folds
mihaelnate: folds
mumisber: folds
HeyRail: folds
Dorex2007: checks
*** FLOP *** [Td Js Kh]
Dorex2007: checks
karica_tmaga: bets $0.06
Dorex2007: folds
Uncalled bet ($0.06) returned to karica_tmaga
karica_tmaga collected $0.05 from pot
karica_tmaga: doesn't show hand
*** SUMMARY ***
Total pot $0.05 | Rake $0
Board [Td Js Kh]
Seat 1: karica_tmaga collected ($0.05)
Seat 2: Sr ÁviIa folded before Flop (didn't bet)
Seat 3: LeandroAku folded before Flop (didn't bet)
Seat 4: BrenoVns folded before Flop (didn't bet)
Seat 5: mihaelnate folded before Flop (didn't bet)
Seat 6: mumisber (button) folded before Flop (didn't bet)
Seat 7: HeyRail (small blind) folded before Flop
Seat 8: Dorex2007 (big blind) folded on the Flop
Seat 9: masonada213 folded before Flop (didn't bet)


*********** # 91 **************
PokerStars Hand #237590554761:  Hold'em No Limit ($0.01/$0.02 USD) - 2022/07/25 19:11:56 PT [2022/07/25 22:11:56 ET]
Table 'Clematis' 9-max Seat #5 is the button
Seat 1: karica_tmaga ($0.75 in chips)
Seat 2: Sr ÁviIa ($3.96 in chips)
Seat 3: LeandroAku ($1.94 in chips)
Seat 4: BrenoVns ($1.13 in chips)
Seat 5: mihaelnate ($0.81 in chips)
Seat 6: mumisber ($2.88 in chips)
Seat 7: HeyRail ($2 in chips)
Seat 8: Dorex2007 ($2.14 in chips)
Seat 9: masonada213 ($2.02 in chips)
mumisber: posts small blind $0.01
HeyRail: posts big blind $0.02
*** HOLE CARDS ***
Dealt to Dorex2007 [6c Js]
Dorex2007: folds
masonada213: folds
karica_tmaga: folds
Sr ÁviIa: folds
LeandroAku: folds
BrenoVns: folds
mihaelnate: folds
mumisber: folds
Uncalled bet ($0.01) returned to HeyRail
HeyRail collected $0.02 from pot
HeyRail: doesn't show hand
*** SUMMARY ***
Total pot $0.02 | Rake $0
Seat 1: karica_tmaga folded before Flop (didn't bet)
Seat 2: Sr ÁviIa folded before Flop (didn't bet)
Seat 3: LeandroAku folded before Flop (didn't bet)
Seat 4: BrenoVns folded before Flop (didn't bet)
Seat 5: mihaelnate (button) folded before Flop (didn't bet)
Seat 6: mumisber (small blind) folded before Flop
Seat 7: HeyRail (big blind) collected ($0.02)
Seat 8: Dorex2007 folded before Flop (didn't bet)
Seat 9: masonada213 folded before Flop (didn't bet)


*********** # 92 **************
PokerStars Hand #237590548438:  Hold'em No Limit ($0.01/$0.02 USD) - 2022/07/25 19:11:23 PT [2022/07/25 22:11:23 ET]
Table 'Clematis' 9-max Seat #4 is the button
Seat 1: karica_tmaga ($0.75 in chips)
Seat 2: Sr ÁviIa ($3.96 in chips)
Seat 3: LeandroAku ($1.94 in chips)
Seat 4: BrenoVns ($1.13 in chips)
Seat 5: mihaelnate ($0.79 in chips)
Seat 6: mumisber ($2.90 in chips)
Seat 7: HeyRail ($2 in chips)
Seat 8: Dorex2007 ($2.14 in chips)
Seat 9: masonada213 ($2.02 in chips)
mihaelnate: posts small blind $0.01
mumisber: posts big blind $0.02
*** HOLE CARDS ***
Dealt to Dorex2007 [9c Kd]
HeyRail has timed out
HeyRail: folds
Dorex2007: folds
masonada213: folds
karica_tmaga: folds
Sr ÁviIa: folds
LeandroAku: folds
BrenoVns: folds
mihaelnate: raises $0.02 to $0.04
mumisber: folds
Uncalled bet ($0.02) returned to mihaelnate
mihaelnate collected $0.04 from pot
mihaelnate: doesn't show hand
*** SUMMARY ***
Total pot $0.04 | Rake $0
Seat 1: karica_tmaga folded before Flop (didn't bet)
Seat 2: Sr ÁviIa folded before Flop (didn't bet)
Seat 3: LeandroAku folded before Flop (didn't bet)
Seat 4: BrenoVns (button) folded before Flop (didn't bet)
Seat 5: mihaelnate (small blind) collected ($0.04)
Seat 6: mumisber (big blind) folded before Flop
Seat 7: HeyRail folded before Flop (didn't bet)
Seat 8: Dorex2007 folded before Flop (didn't bet)
Seat 9: masonada213 folded before Flop (didn't bet)


*********** # 93 **************
PokerStars Hand #237590532183:  Hold'em No Limit ($0.01/$0.02 USD) - 2022/07/25 19:10:09 PT [2022/07/25 22:10:09 ET]
Table 'Clematis' 9-max Seat #3 is the button
Seat 1: karica_tmaga ($0.79 in chips)
Seat 2: Sr ÁviIa ($3.96 in chips)
Seat 3: LeandroAku ($1.94 in chips)
Seat 4: BrenoVns ($1.14 in chips)
Seat 5: mihaelnate ($0.74 in chips)
Seat 6: mumisber ($2.90 in chips)
Seat 7: HeyRail ($2 in chips)
Seat 8: Dorex2007 ($2.14 in chips)
Seat 9: masonada213 ($2.02 in chips)
BrenoVns: posts small blind $0.01
mihaelnate: posts big blind $0.02
*** HOLE CARDS ***
Dealt to Dorex2007 [7c 5d]
mumisber: folds
HeyRail: folds
Dorex2007: folds
masonada213: folds
karica_tmaga: raises $0.02 to $0.04
Sr ÁviIa: folds
LeandroAku: folds
BrenoVns: folds
mihaelnate: calls $0.02
*** FLOP *** [9s Qc Th]
mihaelnate: checks
karica_tmaga: checks
*** TURN *** [9s Qc Th] [6s]
mihaelnate: bets $0.70 and is all-in
karica_tmaga: folds
Uncalled bet ($0.70) returned to mihaelnate
mihaelnate collected $0.09 from pot
mihaelnate: doesn't show hand
*** SUMMARY ***
Total pot $0.09 | Rake $0
Board [9s Qc Th 6s]
Seat 1: karica_tmaga folded on the Turn
Seat 2: Sr ÁviIa folded before Flop (didn't bet)
Seat 3: LeandroAku (button) folded before Flop (didn't bet)
Seat 4: BrenoVns (small blind) folded before Flop
Seat 5: mihaelnate (big blind) collected ($0.09)
Seat 6: mumisber folded before Flop (didn't bet)
Seat 7: HeyRail folded before Flop (didn't bet)
Seat 8: Dorex2007 folded before Flop (didn't bet)
Seat 9: masonada213 folded before Flop (didn't bet)


*********** # 94 **************
PokerStars Hand #237590518019:  Hold'em No Limit ($0.01/$0.02 USD) - 2022/07/25 19:08:56 PT [2022/07/25 22:08:56 ET]
Table 'Clematis' 9-max Seat #2 is the button
Seat 1: karica_tmaga ($0.85 in chips)
Seat 2: Sr ÁviIa ($3.98 in chips)
Seat 3: LeandroAku ($1.95 in chips)
Seat 4: BrenoVns ($1.20 in chips)
Seat 5: mihaelnate ($0.74 in chips)
Seat 6: mumisber ($2.90 in chips)
Seat 7: HeyRail ($2 in chips)
Seat 8: Dorex2007 ($2 in chips)
Seat 9: masonada213 ($2.02 in chips)
LeandroAku: posts small blind $0.01
BrenoVns: posts big blind $0.02
Dorex2007: posts big blind $0.02
*** HOLE CARDS ***
Dealt to Dorex2007 [7d 3h]
mihaelnate: folds
mumisber: folds
HeyRail: folds
Dorex2007: checks
masonada213: folds
karica_tmaga: calls $0.02
Sr ÁviIa: calls $0.02
LeandroAku: folds
BrenoVns: checks
*** FLOP *** [Kh 8d 7c]
BrenoVns: checks
Dorex2007: checks
karica_tmaga: bets $0.04
Sr ÁviIa: folds
BrenoVns: calls $0.04
Dorex2007: calls $0.04
*** TURN *** [Kh 8d 7c] [Qd]
BrenoVns: checks
Dorex2007: checks
karica_tmaga: checks
*** RIVER *** [Kh 8d 7c Qd] [Qc]
BrenoVns: checks
Dorex2007: bets $0.10
karica_tmaga: folds
BrenoVns: folds
Uncalled bet ($0.10) returned to Dorex2007
Dorex2007 collected $0.20 from pot
Dorex2007: doesn't show hand
*** SUMMARY ***
Total pot $0.21 | Rake $0.01
Board [Kh 8d 7c Qd Qc]
Seat 1: karica_tmaga folded on the River
Seat 2: Sr ÁviIa (button) folded on the Flop
Seat 3: LeandroAku (small blind) folded before Flop
Seat 4: BrenoVns (big blind) folded on the River
Seat 5: mihaelnate folded before Flop (didn't bet)
Seat 6: mumisber folded before Flop (didn't bet)
Seat 7: HeyRail folded before Flop (didn't bet)
Seat 8: Dorex2007 collected ($0.20)
Seat 9: masonada213 folded before Flop (didn't bet)


*********** # 95 **************
PokerStars Hand #237590498530:  Hold'em No Limit ($0.01/$0.02 USD) - 2022/07/25 19:07:16 PT [2022/07/25 22:07:16 ET]
Table 'Gatria' 9-max Seat #5 is the button
Seat 1: Dorex2007 ($2.20 in chips)
Seat 4: gambitl1 ($3.67 in chips)
Seat 5: BlackChinee1 ($0.90 in chips)
Seat 9: DEYINGBON ($4.69 in chips)
DEYINGBON: posts small blind $0.01
Dorex2007: posts big blind $0.02
*** HOLE CARDS ***
Dealt to Dorex2007 [2s Tc]
gambitl1: raises $0.04 to $0.06
BlackChinee1: folds
BlackChinee1 leaves the table
DEYINGBON: raises $0.14 to $0.20
Dorex2007: folds
gambitl1: calls $0.14
*** FLOP *** [6d Kc 5s]
Dorex2007 leaves the table
DEYINGBON: bets $0.20
gambitl1: calls $0.20
*** TURN *** [6d Kc 5s] [8h]
DEYINGBON: checks
gambitl1: bets $0.26
DEYINGBON: calls $0.26
*** RIVER *** [6d Kc 5s 8h] [Ks]
DEYINGBON: checks
gambitl1: bets $0.98
DEYINGBON: folds
Uncalled bet ($0.98) returned to gambitl1
gambitl1 collected $1.29 from pot
*** SUMMARY ***
Total pot $1.34 | Rake $0.05
Board [6d Kc 5s 8h Ks]
Seat 1: Dorex2007 (big blind) folded before Flop
Seat 4: gambitl1 collected ($1.29)
Seat 5: BlackChinee1 (button) folded before Flop (didn't bet)
Seat 9: DEYINGBON (small blind) folded on the River


*********** # 96 **************
PokerStars Hand #237590492346:  Hold'em No Limit ($0.01/$0.02 USD) - 2022/07/25 19:06:45 PT [2022/07/25 22:06:45 ET]
Table 'Gatria' 9-max Seat #4 is the button
Seat 1: Dorex2007 ($2.20 in chips)
Seat 4: gambitl1 ($3.67 in chips)
Seat 5: BlackChinee1 ($1.02 in chips)
Seat 9: DEYINGBON ($4.58 in chips)
BlackChinee1: posts small blind $0.01
cberto09: is sitting out
DEYINGBON: posts big blind $0.02
*** HOLE CARDS ***
Dealt to Dorex2007 [7c As]
Dorex2007: folds
cberto09 leaves the table
gambitl1: folds
BlackChinee1: raises $0.02 to $0.04
DEYINGBON: calls $0.02
*** FLOP *** [8c Ad 8h]
BlackChinee1: checks
DEYINGBON: checks
*** TURN *** [8c Ad 8h] [Qd]
BlackChinee1: bets $0.04
DEYINGBON: calls $0.04
*** RIVER *** [8c Ad 8h Qd] [2d]
BlackChinee1: bets $0.04
DEYINGBON: raises $0.23 to $0.27
BlackChinee1: folds
Uncalled bet ($0.23) returned to DEYINGBON
DEYINGBON collected $0.23 from pot
DEYINGBON: doesn't show hand
*** SUMMARY ***
Total pot $0.24 | Rake $0.01
Board [8c Ad 8h Qd 2d]
Seat 1: Dorex2007 folded before Flop (didn't bet)
Seat 4: gambitl1 (button) folded before Flop (didn't bet)
Seat 5: BlackChinee1 (small blind) folded on the River
Seat 9: DEYINGBON (big blind) collected ($0.23)


*********** # 97 **************
PokerStars Hand #237590478757:  Hold'em No Limit ($0.01/$0.02 USD) - 2022/07/25 19:05:35 PT [2022/07/25 22:05:35 ET]
Table 'Gatria' 9-max Seat #3 is the button
Seat 1: Dorex2007 ($2.30 in chips)
Seat 3: al-dominus ($1.72 in chips)
Seat 4: gambitl1 ($3.68 in chips)
Seat 5: BlackChinee1 ($0.86 in chips)
Seat 6: ConquestadorG ($3.38 in chips)
Seat 7: cberto09 ($5.32 in chips)
Seat 9: DEYINGBON ($4.64 in chips)
gambitl1: posts small blind $0.01
BlackChinee1: posts big blind $0.02
*** HOLE CARDS ***
Dealt to Dorex2007 [Ad 9d]
ConquestadorG: folds
cberto09: folds
DEYINGBON: calls $0.02
Dorex2007: raises $0.04 to $0.06
al-dominus: folds
emamedina564 leaves the table
gambitl1: folds
al-dominus leaves the table
BlackChinee1: calls $0.04
DEYINGBON: calls $0.04
*** FLOP *** [7h Jc 4c]
BlackChinee1: bets $0.04
DEYINGBON: folds
Dorex2007: calls $0.04
*** TURN *** [7h Jc 4c] [5h]
ConquestadorG leaves the table
BlackChinee1: checks
Dorex2007: checks
*** RIVER *** [7h Jc 4c 5h] [6s]
BlackChinee1: bets $0.26
Dorex2007: folds
Uncalled bet ($0.26) returned to BlackChinee1
BlackChinee1 collected $0.26 from pot
BlackChinee1: doesn't show hand
*** SUMMARY ***
Total pot $0.27 | Rake $0.01
Board [7h Jc 4c 5h 6s]
Seat 1: Dorex2007 folded on the River
Seat 3: al-dominus (button) folded before Flop (didn't bet)
Seat 4: gambitl1 (small blind) folded before Flop
Seat 5: BlackChinee1 (big blind) collected ($0.26)
Seat 6: ConquestadorG folded before Flop (didn't bet)
Seat 7: cberto09 folded before Flop (didn't bet)
Seat 9: DEYINGBON folded on the Flop


*********** # 98 **************
PokerStars Hand #237590463038:  Hold'em No Limit ($0.01/$0.02 USD) - 2022/07/25 19:04:14 PT [2022/07/25 22:04:14 ET]
Table 'Gatria' 9-max Seat #1 is the button
Seat 1: Dorex2007 ($2.36 in chips)
Seat 3: al-dominus ($1.73 in chips)
Seat 4: gambitl1 ($1.90 in chips)
Seat 5: BlackChinee1 ($0.86 in chips)
Seat 6: ConquestadorG ($3.38 in chips)
Seat 7: cberto09 ($5.38 in chips)
Seat 8: emamedina564 ($1.72 in chips)
Seat 9: DEYINGBON ($4.70 in chips)
al-dominus: posts small blind $0.01
gambitl1: posts big blind $0.02
*** HOLE CARDS ***
Dealt to Dorex2007 [Ts Kc]
BlackChinee1: folds
ConquestadorG: folds
cberto09: raises $0.04 to $0.06
emamedina564: calls $0.06
DEYINGBON: calls $0.06
Dorex2007: calls $0.06
al-dominus: folds
gambitl1: raises $0.18 to $0.24
cberto09: folds
emamedina564: calls $0.18
DEYINGBON: folds
Dorex2007: folds
*** FLOP *** [2s Jh 9s]
gambitl1: bets $0.32
emamedina564: raises $1.16 to $1.48 and is all-in
gambitl1: calls $1.16
*** TURN *** [2s Jh 9s] [Qs]
*** RIVER *** [2s Jh 9s Qs] [9c]
*** SHOW DOWN ***
gambitl1: shows [Kh Kd] (two pair, Kings and Nines)
emamedina564: shows [Ac Js] (two pair, Jacks and Nines)
gambitl1 collected $3.50 from pot
*** SUMMARY ***
Total pot $3.63 | Rake $0.13
Board [2s Jh 9s Qs 9c]
Seat 1: Dorex2007 (button) folded before Flop
Seat 3: al-dominus (small blind) folded before Flop
Seat 4: gambitl1 (big blind) showed [Kh Kd] and won ($3.50) with two pair, Kings and Nines
Seat 5: BlackChinee1 folded before Flop (didn't bet)
Seat 6: ConquestadorG folded before Flop (didn't bet)
Seat 7: cberto09 folded before Flop
Seat 8: emamedina564 showed [Ac Js] and lost with two pair, Jacks and Nines
Seat 9: DEYINGBON folded before Flop


*********** # 99 **************
PokerStars Hand #237590457424:  Hold'em No Limit ($0.01/$0.02 USD) - 2022/07/25 19:03:46 PT [2022/07/25 22:03:46 ET]
Table 'Gatria' 9-max Seat #9 is the button
Seat 1: Dorex2007 ($2.37 in chips)
Seat 3: al-dominus ($1.75 in chips)
Seat 4: gambitl1 ($1.90 in chips)
Seat 5: BlackChinee1 ($0.90 in chips)
Seat 6: ConquestadorG ($3.38 in chips)
Seat 7: cberto09 ($5.42 in chips)
Seat 8: emamedina564 ($1.61 in chips)
Seat 9: DEYINGBON ($4.70 in chips)
Dorex2007: posts small blind $0.01
al-dominus: posts big blind $0.02
*** HOLE CARDS ***
Dealt to Dorex2007 [9s Ac]
gambitl1: folds
BlackChinee1: raises $0.02 to $0.04
ConquestadorG: folds
cberto09: calls $0.04
emamedina564: raises $0.15 to $0.19
DEYINGBON: folds
Dorex2007: folds
al-dominus: folds
BlackChinee1: folds
cberto09: folds
Uncalled bet ($0.15) returned to emamedina564
emamedina564 collected $0.15 from pot
emamedina564: doesn't show hand
*** SUMMARY ***
Total pot $0.15 | Rake $0
Seat 1: Dorex2007 (small blind) folded before Flop
Seat 3: al-dominus (big blind) folded before Flop
Seat 4: gambitl1 folded before Flop (didn't bet)
Seat 5: BlackChinee1 folded before Flop
Seat 6: ConquestadorG folded before Flop (didn't bet)
Seat 7: cberto09 folded before Flop
Seat 8: emamedina564 collected ($0.15)
Seat 9: DEYINGBON (button) folded before Flop (didn't bet)


*********** # 100 **************
PokerStars Hand #237590450891:  Hold'em No Limit ($0.01/$0.02 USD) - 2022/07/25 19:03:13 PT [2022/07/25 22:03:13 ET]
Table 'Gatria' 9-max Seat #8 is the button
Seat 1: Dorex2007 ($2.39 in chips)
Seat 2: In-Solem ($7.19 in chips)
Seat 3: al-dominus ($1.75 in chips)
Seat 4: gambitl1 ($1.90 in chips)
Seat 5: BlackChinee1 ($1 in chips)
Seat 6: ConquestadorG ($3.17 in chips)
Seat 7: cberto09 ($5.42 in chips)
Seat 8: emamedina564 ($1.61 in chips)
Seat 9: DEYINGBON ($4.80 in chips)
DEYINGBON: posts small blind $0.01
Dorex2007: posts big blind $0.02
BlackChinee1: posts big blind $0.02
*** HOLE CARDS ***
Dealt to Dorex2007 [Jh 3h]
In-Solem: folds
al-dominus: folds
gambitl1: folds
BlackChinee1: checks
In-Solem leaves the table
ConquestadorG: raises $0.08 to $0.10
cberto09: folds
emamedina564: folds
DEYINGBON: calls $0.09
Dorex2007: folds
BlackChinee1: calls $0.08
*** FLOP *** [Jc 2h Ac]
DEYINGBON: checks
BlackChinee1: checks
ConquestadorG: bets $0.22
DEYINGBON: folds
BlackChinee1: folds
Uncalled bet ($0.22) returned to ConquestadorG
ConquestadorG collected $0.31 from pot
ConquestadorG: doesn't show hand
*** SUMMARY ***
Total pot $0.32 | Rake $0.01
Board [Jc 2h Ac]
Seat 1: Dorex2007 (big blind) folded before Flop
Seat 2: In-Solem folded before Flop (didn't bet)
Seat 3: al-dominus folded before Flop (didn't bet)
Seat 4: gambitl1 folded before Flop (didn't bet)
Seat 5: BlackChinee1 folded on the Flop
Seat 6: ConquestadorG collected ($0.31)
Seat 7: cberto09 folded before Flop (didn't bet)
Seat 8: emamedina564 (button) folded before Flop (didn't bet)
Seat 9: DEYINGBON (small blind) folded on the Flop


*********** # 101 **************
PokerStars Hand #237590440833:  Hold'em No Limit ($0.01/$0.02 USD) - 2022/07/25 19:02:22 PT [2022/07/25 22:02:22 ET]
Table 'Gatria' 9-max Seat #7 is the button
Seat 1: Dorex2007 ($2.66 in chips)
Seat 2: In-Solem ($6.71 in chips)
Seat 3: al-dominus ($1.75 in chips)
Seat 4: gambitl1 ($1.90 in chips)
Seat 6: ConquestadorG ($3.17 in chips)
Seat 7: cberto09 ($5.50 in chips)
Seat 8: emamedina564 ($1.69 in chips)
Seat 9: DEYINGBON ($4.88 in chips)
emamedina564: posts small blind $0.01
DEYINGBON: posts big blind $0.02
BlackChinee1: sits out
*** HOLE CARDS ***
Dealt to Dorex2007 [Ah Jd]
Dorex2007: raises $0.06 to $0.08
In-Solem: calls $0.08
al-dominus: folds
gambitl1: folds
ConquestadorG: folds
cberto09: calls $0.08
emamedina564: calls $0.07
DEYINGBON: calls $0.06
*** FLOP *** [7h 2d 8d]
emamedina564: checks
DEYINGBON: checks
Dorex2007: bets $0.19
In-Solem: raises $6.44 to $6.63 and is all-in
cberto09: folds
emamedina564: folds
DEYINGBON: folds
Dorex2007: folds
Uncalled bet ($6.44) returned to In-Solem
In-Solem collected $0.75 from pot
*** SUMMARY ***
Total pot $0.78 | Rake $0.03
Board [7h 2d 8d]
Seat 1: Dorex2007 folded on the Flop
Seat 2: In-Solem collected ($0.75)
Seat 3: al-dominus folded before Flop (didn't bet)
Seat 4: gambitl1 folded before Flop (didn't bet)
Seat 6: ConquestadorG folded before Flop (didn't bet)
Seat 7: cberto09 (button) folded on the Flop
Seat 8: emamedina564 (small blind) folded on the Flop
Seat 9: DEYINGBON (big blind) folded on the Flop


*********** # 102 **************
PokerStars Hand #237590426716:  Hold'em No Limit ($0.01/$0.02 USD) - 2022/07/25 19:01:27 PT [2022/07/25 22:01:27 ET]
Table 'Gatria' 9-max Seat #6 is the button
Seat 1: Dorex2007 ($2.66 in chips)
Seat 2: In-Solem ($6.75 in chips)
Seat 3: al-dominus ($1.75 in chips)
Seat 4: gambitl1 ($1.90 in chips)
Seat 6: ConquestadorG ($3.17 in chips)
Seat 7: cberto09 ($5.69 in chips)
Seat 8: emamedina564 ($1.78 in chips)
Seat 9: DEYINGBON ($4.58 in chips)
cberto09: posts small blind $0.01
emamedina564: posts big blind $0.02
*** HOLE CARDS ***
Dealt to Dorex2007 [9c Th]
DEYINGBON: raises $0.02 to $0.04
Dorex2007: folds
In-Solem: calls $0.04
al-dominus: folds
gambitl1: folds
ConquestadorG: folds
DilicoAK leaves the table
cberto09: calls $0.03
emamedina564: calls $0.02
*** FLOP *** [Qs 8s 7h]
BlackChinee1 joins the table at seat #5
cberto09: bets $0.05
emamedina564: calls $0.05
DEYINGBON: calls $0.05
In-Solem: folds
*** TURN *** [Qs 8s 7h] [Tc]
cberto09: bets $0.10
emamedina564: folds
DEYINGBON: calls $0.10
*** RIVER *** [Qs 8s 7h Tc] [2s]
cberto09: checks
DEYINGBON: bets $0.49
cberto09: folds
Uncalled bet ($0.49) returned to DEYINGBON
DEYINGBON collected $0.49 from pot
DEYINGBON: doesn't show hand
*** SUMMARY ***
Total pot $0.51 | Rake $0.02
Board [Qs 8s 7h Tc 2s]
Seat 1: Dorex2007 folded before Flop (didn't bet)
Seat 2: In-Solem folded on the Flop
Seat 3: al-dominus folded before Flop (didn't bet)
Seat 4: gambitl1 folded before Flop (didn't bet)
Seat 6: ConquestadorG (button) folded before Flop (didn't bet)
Seat 7: cberto09 (small blind) folded on the River
Seat 8: emamedina564 (big blind) folded on the Turn
Seat 9: DEYINGBON collected ($0.49)


*********** # 103 **************
PokerStars Hand #237590418317:  Hold'em No Limit ($0.01/$0.02 USD) - 2022/07/25 19:00:42 PT [2022/07/25 22:00:42 ET]
Table 'Gatria' 9-max Seat #4 is the button
Seat 1: Dorex2007 ($2.66 in chips)
Seat 2: In-Solem ($6.75 in chips)
Seat 3: al-dominus ($1.75 in chips)
Seat 4: gambitl1 ($1.90 in chips)
Seat 5: DilicoAK ($0.87 in chips)
Seat 6: ConquestadorG ($2.26 in chips)
Seat 7: cberto09 ($5.69 in chips)
Seat 8: emamedina564 ($1.78 in chips)
Seat 9: DEYINGBON ($4.68 in chips)
DilicoAK: posts small blind $0.01
ConquestadorG: posts big blind $0.02
*** HOLE CARDS ***
Dealt to Dorex2007 [9d Jh]
cberto09: folds
emamedina564: folds
DEYINGBON: raises $0.02 to $0.04
Dorex2007: folds
In-Solem: folds
al-dominus: folds
gambitl1: folds
DilicoAK: calls $0.03
ConquestadorG: calls $0.02
*** FLOP *** [Jc 2h 6h]
DilicoAK: checks
ConquestadorG: checks
DEYINGBON: bets $0.06
DilicoAK: raises $0.77 to $0.83 and is all-in
ConquestadorG: calls $0.83
DEYINGBON: folds
*** TURN *** [Jc 2h 6h] [7d]
*** RIVER *** [Jc 2h 6h 7d] [4d]
*** SHOW DOWN ***
DilicoAK: shows [Js Qh] (a pair of Jacks)
ConquestadorG: shows [Jd Ah] (a pair of Jacks - Ace kicker)
ConquestadorG collected $1.78 from pot
*** SUMMARY ***
Total pot $1.84 | Rake $0.06
Board [Jc 2h 6h 7d 4d]
Seat 1: Dorex2007 folded before Flop (didn't bet)
Seat 2: In-Solem folded before Flop (didn't bet)
Seat 3: al-dominus folded before Flop (didn't bet)
Seat 4: gambitl1 (button) folded before Flop (didn't bet)
Seat 5: DilicoAK (small blind) showed [Js Qh] and lost with a pair of Jacks
Seat 6: ConquestadorG (big blind) showed [Jd Ah] and won ($1.78) with a pair of Jacks
Seat 7: cberto09 folded before Flop (didn't bet)
Seat 8: emamedina564 folded before Flop (didn't bet)
Seat 9: DEYINGBON folded on the Flop


*********** # 104 **************
PokerStars Hand #237590409474:  Hold'em No Limit ($0.01/$0.02 USD) - 2022/07/25 18:59:51 PT [2022/07/25 21:59:51 ET]
Table 'Gatria' 9-max Seat #3 is the button
Seat 1: Dorex2007 ($2.66 in chips)
Seat 2: In-Solem ($6.75 in chips)
Seat 3: al-dominus ($1.75 in chips)
Seat 4: gambitl1 ($1.96 in chips)
Seat 5: DilicoAK ($0.89 in chips)
Seat 6: ConquestadorG ($2.32 in chips)
Seat 7: cberto09 ($5.69 in chips)
Seat 8: emamedina564 ($1.65 in chips)
Seat 9: DEYINGBON ($4.68 in chips)
gambitl1: posts small blind $0.01
DilicoAK: posts big blind $0.02
*** HOLE CARDS ***
Dealt to Dorex2007 [8h 9c]
ConquestadorG: raises $0.04 to $0.06
cberto09: folds
emamedina564: calls $0.06
DEYINGBON: folds
Dorex2007: folds
In-Solem: folds
al-dominus: folds
gambitl1: calls $0.05
DilicoAK: folds
*** FLOP *** [Ts 4s Kc]
gambitl1: checks
ConquestadorG: checks
emamedina564: bets $0.08
gambitl1: folds
ConquestadorG: folds
Uncalled bet ($0.08) returned to emamedina564
emamedina564 collected $0.19 from pot
emamedina564: doesn't show hand
*** SUMMARY ***
Total pot $0.20 | Rake $0.01
Board [Ts 4s Kc]
Seat 1: Dorex2007 folded before Flop (didn't bet)
Seat 2: In-Solem folded before Flop (didn't bet)
Seat 3: al-dominus (button) folded before Flop (didn't bet)
Seat 4: gambitl1 (small blind) folded on the Flop
Seat 5: DilicoAK (big blind) folded before Flop
Seat 6: ConquestadorG folded on the Flop
Seat 7: cberto09 folded before Flop (didn't bet)
Seat 8: emamedina564 collected ($0.19)
Seat 9: DEYINGBON folded before Flop (didn't bet)


*********** # 105 **************
PokerStars Hand #237590406409:  Hold'em No Limit ($0.01/$0.02 USD) - 2022/07/25 18:59:32 PT [2022/07/25 21:59:32 ET]
Table 'Gatria' 9-max Seat #2 is the button
Seat 1: Dorex2007 ($2.66 in chips)
Seat 2: In-Solem ($6.75 in chips)
Seat 3: al-dominus ($1.76 in chips)
Seat 4: gambitl1 ($1.98 in chips)
Seat 5: DilicoAK ($0.89 in chips)
Seat 6: ConquestadorG ($2.29 in chips)
Seat 7: cberto09 ($5.69 in chips)
Seat 8: emamedina564 ($1.65 in chips)
Seat 9: DEYINGBON ($4.68 in chips)
al-dominus: posts small blind $0.01
gambitl1: posts big blind $0.02
*** HOLE CARDS ***
Dealt to Dorex2007 [Th 4s]
DilicoAK: folds
ConquestadorG: raises $0.04 to $0.06
cberto09: folds
emamedina564: folds
DEYINGBON: folds
Dorex2007: folds
In-Solem: folds
al-dominus: folds
gambitl1: folds
Uncalled bet ($0.04) returned to ConquestadorG
ConquestadorG collected $0.05 from pot
ConquestadorG: doesn't show hand
*** SUMMARY ***
Total pot $0.05 | Rake $0
Seat 1: Dorex2007 folded before Flop (didn't bet)
Seat 2: In-Solem (button) folded before Flop (didn't bet)
Seat 3: al-dominus (small blind) folded before Flop
Seat 4: gambitl1 (big blind) folded before Flop
Seat 5: DilicoAK folded before Flop (didn't bet)
Seat 6: ConquestadorG collected ($0.05)
Seat 7: cberto09 folded before Flop (didn't bet)
Seat 8: emamedina564 folded before Flop (didn't bet)
Seat 9: DEYINGBON folded before Flop (didn't bet)


*********** # 106 **************
PokerStars Hand #237590395880:  Hold'em No Limit ($0.01/$0.02 USD) - 2022/07/25 18:58:27 PT [2022/07/25 21:58:27 ET]
Table 'Gatria' 9-max Seat #1 is the button
Seat 1: Dorex2007 ($2.66 in chips)
Seat 2: In-Solem ($7.09 in chips)
Seat 3: al-dominus ($1.39 in chips)
Seat 4: gambitl1 ($1.98 in chips)
Seat 5: DilicoAK ($0.89 in chips)
Seat 6: ConquestadorG ($2.29 in chips)
Seat 7: cberto09 ($5.69 in chips)
Seat 8: emamedina564 ($1.65 in chips)
Seat 9: DEYINGBON ($4.74 in chips)
In-Solem: posts small blind $0.01
al-dominus: posts big blind $0.02
*** HOLE CARDS ***
Dealt to Dorex2007 [7d 6s]
gambitl1 has timed out
gambitl1: folds
DilicoAK: folds
ConquestadorG: folds
cberto09: folds
emamedina564: folds
DEYINGBON: calls $0.02
Dorex2007: folds
In-Solem: calls $0.01
al-dominus: raises $0.04 to $0.06
DEYINGBON: calls $0.04
In-Solem: calls $0.04
*** FLOP *** [Ks 8d Js]
In-Solem: checks
al-dominus: bets $0.08
DEYINGBON: folds
In-Solem: calls $0.08
*** TURN *** [Ks 8d Js] [5d]
In-Solem: checks
al-dominus: bets $0.08
In-Solem: calls $0.08
*** RIVER *** [Ks 8d Js 5d] [6c]
In-Solem: checks
al-dominus: bets $0.12
In-Solem: calls $0.12
*** SHOW DOWN ***
al-dominus: shows [Qh Kh] (a pair of Kings)
In-Solem: mucks hand
al-dominus collected $0.71 from pot
*** SUMMARY ***
Total pot $0.74 | Rake $0.03
Board [Ks 8d Js 5d 6c]
Seat 1: Dorex2007 (button) folded before Flop (didn't bet)
Seat 2: In-Solem (small blind) mucked [Kc Ts]
Seat 3: al-dominus (big blind) showed [Qh Kh] and won ($0.71) with a pair of Kings
Seat 4: gambitl1 folded before Flop (didn't bet)
Seat 5: DilicoAK folded before Flop (didn't bet)
Seat 6: ConquestadorG folded before Flop (didn't bet)
Seat 7: cberto09 folded before Flop (didn't bet)
Seat 8: emamedina564 folded before Flop (didn't bet)
Seat 9: DEYINGBON folded on the Flop


*********** # 107 **************
PokerStars Hand #237590390520:  Hold'em No Limit ($0.01/$0.02 USD) - 2022/07/25 18:57:54 PT [2022/07/25 21:57:54 ET]
Table 'Gatria' 9-max Seat #9 is the button
Seat 1: Dorex2007 ($2.67 in chips)
Seat 2: In-Solem ($7.11 in chips)
Seat 3: al-dominus ($1.39 in chips)
Seat 4: gambitl1 ($1.98 in chips)
Seat 5: DilicoAK ($1.10 in chips)
Seat 6: ConquestadorG ($2.29 in chips)
Seat 7: cberto09 ($5.69 in chips)
Seat 8: emamedina564 ($1.65 in chips)
Seat 9: DEYINGBON ($4.52 in chips)
Dorex2007: posts small blind $0.01
In-Solem: posts big blind $0.02
*** HOLE CARDS ***
Dealt to Dorex2007 [6s 8d]
al-dominus: folds
gambitl1: folds
DilicoAK: raises $0.04 to $0.06
ConquestadorG: folds
cberto09: folds
emamedina564: folds
DEYINGBON: raises $0.15 to $0.21
Dorex2007: folds
In-Solem: folds
DilicoAK: calls $0.15
*** FLOP *** [6c Ts 2c]
DilicoAK: checks
DEYINGBON: bets $0.43
DilicoAK: folds
Uncalled bet ($0.43) returned to DEYINGBON
DEYINGBON collected $0.43 from pot
DEYINGBON: doesn't show hand
*** SUMMARY ***
Total pot $0.45 | Rake $0.02
Board [6c Ts 2c]
Seat 1: Dorex2007 (small blind) folded before Flop
Seat 2: In-Solem (big blind) folded before Flop
Seat 3: al-dominus folded before Flop (didn't bet)
Seat 4: gambitl1 folded before Flop (didn't bet)
Seat 5: DilicoAK folded on the Flop
Seat 6: ConquestadorG folded before Flop (didn't bet)
Seat 7: cberto09 folded before Flop (didn't bet)
Seat 8: emamedina564 folded before Flop (didn't bet)
Seat 9: DEYINGBON (button) collected ($0.43)


*********** # 108 **************
PokerStars Hand #237590384344:  Hold'em No Limit ($0.01/$0.02 USD) - 2022/07/25 18:57:17 PT [2022/07/25 21:57:17 ET]
Table 'Gatria' 9-max Seat #8 is the button
Seat 1: Dorex2007 ($2.69 in chips)
Seat 2: In-Solem ($7.11 in chips)
Seat 3: al-dominus ($1.39 in chips)
Seat 4: gambitl1 ($1.98 in chips)
Seat 5: DilicoAK ($1.16 in chips)
Seat 6: ConquestadorG ($2.29 in chips)
Seat 7: cberto09 ($5.56 in chips)
Seat 8: emamedina564 ($1.65 in chips)
Seat 9: DEYINGBON ($4.58 in chips)
DEYINGBON: posts small blind $0.01
Dorex2007: posts big blind $0.02
*** HOLE CARDS ***
Dealt to Dorex2007 [6s 2s]
In-Solem: folds
al-dominus: folds
gambitl1: folds
DilicoAK: calls $0.02
ConquestadorG: folds
cberto09: raises $0.04 to $0.06
emamedina564: folds
DEYINGBON: calls $0.05
Dorex2007: folds
DilicoAK: calls $0.04
*** FLOP *** [6h 7s 2c]
DEYINGBON: checks
DilicoAK: checks
cberto09: bets $0.06
DEYINGBON: folds
DilicoAK: folds
Uncalled bet ($0.06) returned to cberto09
cberto09 collected $0.19 from pot
cberto09: doesn't show hand
*** SUMMARY ***
Total pot $0.20 | Rake $0.01
Board [6h 7s 2c]
Seat 1: Dorex2007 (big blind) folded before Flop
Seat 2: In-Solem folded before Flop (didn't bet)
Seat 3: al-dominus folded before Flop (didn't bet)
Seat 4: gambitl1 folded before Flop (didn't bet)
Seat 5: DilicoAK folded on the Flop
Seat 6: ConquestadorG folded before Flop (didn't bet)
Seat 7: cberto09 collected ($0.19)
Seat 8: emamedina564 (button) folded before Flop (didn't bet)
Seat 9: DEYINGBON (small blind) folded on the Flop


*********** # 109 **************
PokerStars Hand #237590372619:  Hold'em No Limit ($0.01/$0.02 USD) - 2022/07/25 18:56:42 PT [2022/07/25 21:56:42 ET]
Table 'Gatria' 9-max Seat #7 is the button
Seat 1: Dorex2007 ($2.69 in chips)
Seat 2: In-Solem ($7.02 in chips)
Seat 3: al-dominus ($1.39 in chips)
Seat 4: gambitl1 ($1.98 in chips)
Seat 5: DilicoAK ($1.16 in chips)
Seat 6: ConquestadorG ($2.29 in chips)
Seat 7: cberto09 ($5.63 in chips)
Seat 8: emamedina564 ($1.66 in chips)
Seat 9: DEYINGBON ($4.60 in chips)
emamedina564: posts small blind $0.01
DEYINGBON: posts big blind $0.02
*** HOLE CARDS ***
Dealt to Dorex2007 [7s Ac]
Dorex2007: folds
In-Solem: raises $0.05 to $0.07
al-dominus: folds
gambitl1: folds
DilicoAK: folds
ConquestadorG: folds
cberto09: calls $0.07
emamedina564: folds
DEYINGBON: folds
*** FLOP *** [6h 4d Jh]
In-Solem: bets $0.16
cberto09: folds
Uncalled bet ($0.16) returned to In-Solem
In-Solem collected $0.16 from pot
*** SUMMARY ***
Total pot $0.17 | Rake $0.01
Board [6h 4d Jh]
Seat 1: Dorex2007 folded before Flop (didn't bet)
Seat 2: In-Solem collected ($0.16)
Seat 3: al-dominus folded before Flop (didn't bet)
Seat 4: gambitl1 folded before Flop (didn't bet)
Seat 5: DilicoAK folded before Flop (didn't bet)
Seat 6: ConquestadorG folded before Flop (didn't bet)
Seat 7: cberto09 (button) folded on the Flop
Seat 8: emamedina564 (small blind) folded before Flop
Seat 9: DEYINGBON (big blind) folded before Flop


*********** # 110 **************
PokerStars Hand #237590364650:  Hold'em No Limit ($0.01/$0.02 USD) - 2022/07/25 18:55:52 PT [2022/07/25 21:55:52 ET]
Table 'Gatria' 9-max Seat #6 is the button
Seat 1: Dorex2007 ($2.69 in chips)
Seat 2: In-Solem ($7.22 in chips)
Seat 3: al-dominus ($1.39 in chips)
Seat 4: gambitl1 ($1.98 in chips)
Seat 5: DilicoAK ($1.22 in chips)
Seat 6: ConquestadorG ($2 in chips)
Seat 7: cberto09 ($5.64 in chips)
Seat 8: emamedina564 ($1.68 in chips)
Seat 9: DEYINGBON ($4.62 in chips)
cberto09: posts small blind $0.01
emamedina564: posts big blind $0.02
DEYINGBON: posts big blind $0.02
*** HOLE CARDS ***
Dealt to Dorex2007 [2s Kc]
DEYINGBON: checks
Dorex2007: folds
In-Solem: raises $0.04 to $0.06
al-dominus: folds
gambitl1: folds
DilicoAK: calls $0.06
ConquestadorG: raises $0.14 to $0.20
cberto09: folds
emamedina564: folds
DEYINGBON: folds
In-Solem: calls $0.14
DilicoAK: folds
*** FLOP *** [4s 2c Ah]
In-Solem: checks
ConquestadorG: bets $0.30
In-Solem: folds
Uncalled bet ($0.30) returned to ConquestadorG
ConquestadorG collected $0.49 from pot
ConquestadorG: doesn't show hand
*** SUMMARY ***
Total pot $0.51 | Rake $0.02
Board [4s 2c Ah]
Seat 1: Dorex2007 folded before Flop (didn't bet)
Seat 2: In-Solem folded on the Flop
Seat 3: al-dominus folded before Flop (didn't bet)
Seat 4: gambitl1 folded before Flop (didn't bet)
Seat 5: DilicoAK folded before Flop
Seat 6: ConquestadorG (button) collected ($0.49)
Seat 7: cberto09 (small blind) folded before Flop
Seat 8: emamedina564 (big blind) folded before Flop
Seat 9: DEYINGBON folded before Flop (didn't bet)


*********** # 111 **************
PokerStars Hand #237590358868:  Hold'em No Limit ($0.01/$0.02 USD) - 2022/07/25 18:55:16 PT [2022/07/25 21:55:16 ET]
Table 'Gatria' 9-max Seat #5 is the button
Seat 1: Dorex2007 ($2.69 in chips)
Seat 2: In-Solem ($7.22 in chips)
Seat 3: al-dominus ($1.31 in chips)
Seat 4: gambitl1 ($1.98 in chips)
Seat 5: DilicoAK ($1.28 in chips)
Seat 6: ConquestadorG ($2 in chips)
Seat 7: cberto09 ($5.66 in chips)
Seat 8: emamedina564 ($1.68 in chips)
ConquestadorG: posts small blind $0.01
cberto09: posts big blind $0.02
*** HOLE CARDS ***
Dealt to Dorex2007 [5s 2d]
emamedina564: folds
Dorex2007: folds
In-Solem: folds
al-dominus: raises $0.04 to $0.06
gambitl1: folds
DilicoAK: calls $0.06
ConquestadorG: folds
cberto09: folds
*** FLOP *** [9d Jd 9c]
al-dominus: bets $0.04
DilicoAK: folds
Uncalled bet ($0.04) returned to al-dominus
al-dominus collected $0.14 from pot
al-dominus: doesn't show hand
*** SUMMARY ***
Total pot $0.15 | Rake $0.01
Board [9d Jd 9c]
Seat 1: Dorex2007 folded before Flop (didn't bet)
Seat 2: In-Solem folded before Flop (didn't bet)
Seat 3: al-dominus collected ($0.14)
Seat 4: gambitl1 folded before Flop (didn't bet)
Seat 5: DilicoAK (button) folded on the Flop
Seat 6: ConquestadorG (small blind) folded before Flop
Seat 7: cberto09 (big blind) folded before Flop
Seat 8: emamedina564 folded before Flop (didn't bet)


*********** # 112 **************
PokerStars Hand #237590355509:  Hold'em No Limit ($0.01/$0.02 USD) - 2022/07/25 18:54:56 PT [2022/07/25 21:54:56 ET]
Table 'Gatria' 9-max Seat #4 is the button
Seat 1: Dorex2007 ($2.69 in chips)
Seat 2: In-Solem ($7.22 in chips)
Seat 3: al-dominus ($1.31 in chips)
Seat 4: gambitl1 ($1.98 in chips)
Seat 5: DilicoAK ($1.29 in chips)
Seat 6: ConquestadorG ($2 in chips)
Seat 7: cberto09 ($5.66 in chips)
Seat 8: emamedina564 ($1.65 in chips)
DilicoAK: posts small blind $0.01
ConquestadorG: posts big blind $0.02
*** HOLE CARDS ***
Dealt to Dorex2007 [3h 7d]
cberto09: folds
emamedina564: raises $1.63 to $1.65 and is all-in
Dorex2007: folds
In-Solem: folds
al-dominus: folds
gambitl1: folds
DilicoAK: folds
ConquestadorG: folds
Uncalled bet ($1.63) returned to emamedina564
emamedina564 collected $0.05 from pot
emamedina564: doesn't show hand
*** SUMMARY ***
Total pot $0.05 | Rake $0
Seat 1: Dorex2007 folded before Flop (didn't bet)
Seat 2: In-Solem folded before Flop (didn't bet)
Seat 3: al-dominus folded before Flop (didn't bet)
Seat 4: gambitl1 (button) folded before Flop (didn't bet)
Seat 5: DilicoAK (small blind) folded before Flop
Seat 6: ConquestadorG (big blind) folded before Flop
Seat 7: cberto09 folded before Flop (didn't bet)
Seat 8: emamedina564 collected ($0.05)


*********** # 113 **************
PokerStars Hand #237590348559:  Hold'em No Limit ($0.01/$0.02 USD) - 2022/07/25 18:54:22 PT [2022/07/25 21:54:22 ET]
Table 'Gatria' 9-max Seat #3 is the button
Seat 1: Dorex2007 ($2.69 in chips)
Seat 2: In-Solem ($7.22 in chips)
Seat 3: al-dominus ($1.33 in chips)
Seat 4: gambitl1 ($1.99 in chips)
Seat 5: DilicoAK ($1.31 in chips)
Seat 6: ConquestadorG ($2 in chips)
Seat 7: cberto09 ($5.66 in chips)
Seat 8: emamedina564 ($1.60 in chips)
gambitl1: posts small blind $0.01
DilicoAK: posts big blind $0.02
*** HOLE CARDS ***
Dealt to Dorex2007 [Qh 4c]
ConquestadorG: folds
cberto09: folds
emamedina564: calls $0.02
Dorex2007: folds
In-Solem: folds
al-dominus: calls $0.02
gambitl1: folds
DilicoAK: checks
*** FLOP *** [7s 4h Th]
DilicoAK: checks
emamedina564: bets $0.08
al-dominus: folds
DilicoAK: folds
Uncalled bet ($0.08) returned to emamedina564
emamedina564 collected $0.07 from pot
emamedina564: doesn't show hand
*** SUMMARY ***
Total pot $0.07 | Rake $0
Board [7s 4h Th]
Seat 1: Dorex2007 folded before Flop (didn't bet)
Seat 2: In-Solem folded before Flop (didn't bet)
Seat 3: al-dominus (button) folded on the Flop
Seat 4: gambitl1 (small blind) folded before Flop
Seat 5: DilicoAK (big blind) folded on the Flop
Seat 6: ConquestadorG folded before Flop (didn't bet)
Seat 7: cberto09 folded before Flop (didn't bet)
Seat 8: emamedina564 collected ($0.07)


*********** # 114 **************
PokerStars Hand #237590332788:  Hold'em No Limit ($0.01/$0.02 USD) - 2022/07/25 18:53:04 PT [2022/07/25 21:53:04 ET]
Table 'Gatria' 9-max Seat #2 is the button
Seat 1: Dorex2007 ($2.69 in chips)
Seat 2: In-Solem ($6.55 in chips)
Seat 3: al-dominus ($1.34 in chips)
Seat 4: gambitl1 ($2.01 in chips)
Seat 5: DilicoAK ($1.51 in chips)
Seat 6: ConquestadorG ($2 in chips)
Seat 7: cberto09 ($5.66 in chips)
Seat 8: emamedina564 ($2 in chips)
al-dominus: posts small blind $0.01
gambitl1: posts big blind $0.02
*** HOLE CARDS ***
Dealt to Dorex2007 [3s 5s]
DilicoAK: calls $0.02
ConquestadorG: raises $0.06 to $0.08
cberto09: folds
emamedina564: calls $0.08
Dorex2007: folds
In-Solem: calls $0.08
al-dominus: folds
gambitl1: folds
DilicoAK: calls $0.06
*** FLOP *** [9h 6s 4c]
DilicoAK: checks
ConquestadorG: checks
emamedina564: checks
In-Solem: checks
*** TURN *** [9h 6s 4c] [6c]
DilicoAK: checks
ConquestadorG: checks
emamedina564: bets $0.12
In-Solem: calls $0.12
DilicoAK: calls $0.12
ConquestadorG: folds
*** RIVER *** [9h 6s 4c 6c] [Ad]
DilicoAK: checks
emamedina564: bets $0.20
In-Solem: calls $0.20
DilicoAK: folds
*** SHOW DOWN ***
emamedina564: shows [Jh Kh] (a pair of Sixes)
In-Solem: shows [9d Ac] (two pair, Aces and Nines)
In-Solem collected $1.07 from pot
*** SUMMARY ***
Total pot $1.11 | Rake $0.04
Board [9h 6s 4c 6c Ad]
Seat 1: Dorex2007 folded before Flop (didn't bet)
Seat 2: In-Solem (button) showed [9d Ac] and won ($1.07) with two pair, Aces and Nines
Seat 3: al-dominus (small blind) folded before Flop
Seat 4: gambitl1 (big blind) folded before Flop
Seat 5: DilicoAK folded on the River
Seat 6: ConquestadorG folded on the Turn
Seat 7: cberto09 folded before Flop (didn't bet)
Seat 8: emamedina564 showed [Jh Kh] and lost with a pair of Sixes


*********** # 115 **************
PokerStars Hand #237590317974:  Hold'em No Limit ($0.01/$0.02 USD) - 2022/07/25 18:51:50 PT [2022/07/25 21:51:50 ET]
Table 'Gatria' 9-max Seat #1 is the button
Seat 1: Dorex2007 ($2.69 in chips)
Seat 2: In-Solem ($6.56 in chips)
Seat 3: al-dominus ($1.36 in chips)
Seat 4: gambitl1 ($2 in chips)
Seat 5: DilicoAK ($1.50 in chips)
Seat 6: ConquestadorG ($2 in chips)
Seat 7: cberto09 ($5.66 in chips)
In-Solem: posts small blind $0.01
al-dominus: posts big blind $0.02
*** HOLE CARDS ***
Dealt to Dorex2007 [6c 5d]
gambitl1: raises $0.04 to $0.06
DilicoAK: calls $0.06
ConquestadorG: calls $0.06
cberto09: folds
Dorex2007: folds
In-Solem: folds
al-dominus: folds
*** FLOP *** [Qd Js Qh]
gambitl1: checks
DilicoAK: checks
ConquestadorG: bets $0.02
gambitl1: calls $0.02
DilicoAK: calls $0.02
*** TURN *** [Qd Js Qh] [4c]
gambitl1: checks
DilicoAK: checks
ConquestadorG: bets $0.02
gambitl1: raises $0.05 to $0.07
DilicoAK: calls $0.07
ConquestadorG: folds
*** RIVER *** [Qd Js Qh 4c] [Qs]
gambitl1: bets $1.85 and is all-in
DilicoAK: calls $1.35 and is all-in
Uncalled bet ($0.50) returned to gambitl1
*** SHOW DOWN ***
gambitl1: shows [Jc Jh] (a full house, Queens full of Jacks)
DilicoAK: shows [Jd 2d] (a full house, Queens full of Jacks)
gambitl1 collected $1.51 from pot
DilicoAK collected $1.51 from pot
*** SUMMARY ***
Total pot $3.13 | Rake $0.11
Board [Qd Js Qh 4c Qs]
Seat 1: Dorex2007 (button) folded before Flop (didn't bet)
Seat 2: In-Solem (small blind) folded before Flop
Seat 3: al-dominus (big blind) folded before Flop
Seat 4: gambitl1 showed [Jc Jh] and won ($1.51) with a full house, Queens full of Jacks
Seat 5: DilicoAK showed [Jd 2d] and won ($1.51) with a full house, Queens full of Jacks
Seat 6: ConquestadorG folded on the Turn
Seat 7: cberto09 folded before Flop (didn't bet)


*********** # 116 **************
PokerStars Hand #237590307663:  Hold'em No Limit ($0.01/$0.02 USD) - 2022/07/25 18:51:00 PT [2022/07/25 21:51:00 ET]
Table 'Gatria' 9-max Seat #7 is the button
Seat 1: Dorex2007 ($2.71 in chips)
Seat 2: In-Solem ($5.62 in chips)
Seat 3: al-dominus ($1.36 in chips)
Seat 4: gambitl1 ($2 in chips)
Seat 5: DilicoAK ($1.50 in chips)
Seat 6: ConquestadorG ($2 in chips)
Seat 7: cberto09 ($5.66 in chips)
Seat 8: emamedina564 ($0.99 in chips)
emamedina564: posts small blind $0.01
Dorex2007: posts big blind $0.02
*** HOLE CARDS ***
Dealt to Dorex2007 [3s 5c]
In-Solem: raises $0.06 to $0.08
al-dominus: folds
gambitl1: folds
DilicoAK: folds
ConquestadorG: folds
cberto09: folds
emamedina564: calls $0.07
Dorex2007: folds
*** FLOP *** [Qh 8d 3h]
emamedina564: bets $0.06
In-Solem: raises $5.48 to $5.54 and is all-in
emamedina564: calls $0.85 and is all-in
Uncalled bet ($4.63) returned to In-Solem
*** TURN *** [Qh 8d 3h] [7s]
*** RIVER *** [Qh 8d 3h 7s] [Ac]
*** SHOW DOWN ***
emamedina564: shows [Qs Jh] (a pair of Queens)
In-Solem: shows [7c 7h] (three of a kind, Sevens)
In-Solem collected $1.93 from pot
*** SUMMARY ***
Total pot $2 | Rake $0.07
Board [Qh 8d 3h 7s Ac]
Seat 1: Dorex2007 (big blind) folded before Flop
Seat 2: In-Solem showed [7c 7h] and won ($1.93) with three of a kind, Sevens
Seat 3: al-dominus folded before Flop (didn't bet)
Seat 4: gambitl1 folded before Flop (didn't bet)
Seat 5: DilicoAK folded before Flop (didn't bet)
Seat 6: ConquestadorG folded before Flop (didn't bet)
Seat 7: cberto09 (button) folded before Flop (didn't bet)
Seat 8: emamedina564 (small blind) showed [Qs Jh] and lost with a pair of Queens


*********** # 117 **************
PokerStars Hand #237590300910:  Hold'em No Limit ($0.01/$0.02 USD) - 2022/07/25 18:50:27 PT [2022/07/25 21:50:27 ET]
Table 'Gatria' 9-max Seat #6 is the button
Seat 1: Dorex2007 ($2.61 in chips)
Seat 2: In-Solem ($5.62 in chips)
Seat 3: al-dominus ($1.36 in chips)
Seat 4: gambitl1 ($2 in chips)
Seat 5: DilicoAK ($1.50 in chips)
Seat 6: ConquestadorG ($2 in chips)
Seat 7: cberto09 ($5.67 in chips)
Seat 8: emamedina564 ($1.09 in chips)
cberto09: posts small blind $0.01
emamedina564: posts big blind $0.02
*** HOLE CARDS ***
Dealt to Dorex2007 [Th Ah]
Dorex2007: raises $0.08 to $0.10
In-Solem: folds
al-dominus: folds
gambitl1: folds
DilicoAK: folds
ConquestadorG: folds
cberto09: folds
emamedina564: calls $0.08
*** FLOP *** [6c 2s 9c]
emamedina564: checks
Dorex2007: bets $0.20
emamedina564: folds
Uncalled bet ($0.20) returned to Dorex2007
Dorex2007 collected $0.20 from pot
Dorex2007: doesn't show hand
*** SUMMARY ***
Total pot $0.21 | Rake $0.01
Board [6c 2s 9c]
Seat 1: Dorex2007 collected ($0.20)
Seat 2: In-Solem folded before Flop (didn't bet)
Seat 3: al-dominus folded before Flop (didn't bet)
Seat 4: gambitl1 folded before Flop (didn't bet)
Seat 5: DilicoAK folded before Flop (didn't bet)
Seat 6: ConquestadorG (button) folded before Flop (didn't bet)
Seat 7: cberto09 (small blind) folded before Flop
Seat 8: emamedina564 (big blind) folded on the Flop


*********** # 118 **************
PokerStars Hand #237590288912:  Hold'em No Limit ($0.01/$0.02 USD) - 2022/07/25 18:49:44 PT [2022/07/25 21:49:44 ET]
Table 'Gatria' 9-max Seat #5 is the button
Seat 1: Dorex2007 ($2.61 in chips)
Seat 2: In-Solem ($5.62 in chips)
Seat 3: al-dominus ($1.36 in chips)
Seat 4: gambitl1 ($2 in chips)
Seat 5: DilicoAK ($1.54 in chips)
Seat 6: ConquestadorG ($2 in chips)
Seat 7: cberto09 ($5.42 in chips)
Seat 8: emamedina564 ($1.31 in chips)
Seat 9: DEYINGBON ($4.62 in chips)
ConquestadorG: posts small blind $0.01
cberto09: posts big blind $0.02
*** HOLE CARDS ***
Dealt to Dorex2007 [3d 9c]
emamedina564: raises $0.02 to $0.04
DEYINGBON: folds
Dorex2007: folds
In-Solem: folds
al-dominus: folds
gambitl1: folds
DilicoAK: calls $0.04
ConquestadorG: folds
cberto09: raises $0.08 to $0.12
emamedina564: calls $0.08
DilicoAK: folds
*** FLOP *** [3s 8d Jh]
cberto09: bets $0.10
emamedina564: calls $0.10
*** TURN *** [3s 8d Jh] [5d]
cberto09: bets $0.18
emamedina564: folds
Uncalled bet ($0.18) returned to cberto09
cberto09 collected $0.47 from pot
cberto09: doesn't show hand
*** SUMMARY ***
Total pot $0.49 | Rake $0.02
Board [3s 8d Jh 5d]
Seat 1: Dorex2007 folded before Flop (didn't bet)
Seat 2: In-Solem folded before Flop (didn't bet)
Seat 3: al-dominus folded before Flop (didn't bet)
Seat 4: gambitl1 folded before Flop (didn't bet)
Seat 5: DilicoAK (button) folded before Flop
Seat 6: ConquestadorG (small blind) folded before Flop
Seat 7: cberto09 (big blind) collected ($0.47)
Seat 8: emamedina564 folded on the Turn
Seat 9: DEYINGBON folded before Flop (didn't bet)


*********** # 119 **************
PokerStars Hand #237590283952:  Hold'em No Limit ($0.01/$0.02 USD) - 2022/07/25 18:49:19 PT [2022/07/25 21:49:19 ET]
Table 'Gatria' 9-max Seat #4 is the button
Seat 1: Dorex2007 ($2.61 in chips)
Seat 2: In-Solem ($5.62 in chips)
Seat 3: al-dominus ($1.36 in chips)
Seat 4: gambitl1 ($1.20 in chips)
Seat 5: DilicoAK ($1.55 in chips)
Seat 6: ConquestadorG ($2 in chips)
Seat 7: cberto09 ($5.42 in chips)
Seat 8: emamedina564 ($1.33 in chips)
Seat 9: DEYINGBON ($4.57 in chips)
DilicoAK: posts small blind $0.01
ConquestadorG: posts big blind $0.02
*** HOLE CARDS ***
Dealt to Dorex2007 [2d 4c]
cberto09: folds
emamedina564: calls $0.02
DEYINGBON: raises $0.10 to $0.12
Dorex2007: folds
In-Solem: folds
al-dominus: folds
gambitl1: folds
DilicoAK: folds
ConquestadorG: folds
emamedina564: folds
Uncalled bet ($0.10) returned to DEYINGBON
DEYINGBON collected $0.07 from pot
DEYINGBON: doesn't show hand
*** SUMMARY ***
Total pot $0.07 | Rake $0
Seat 1: Dorex2007 folded before Flop (didn't bet)
Seat 2: In-Solem folded before Flop (didn't bet)
Seat 3: al-dominus folded before Flop (didn't bet)
Seat 4: gambitl1 (button) folded before Flop (didn't bet)
Seat 5: DilicoAK (small blind) folded before Flop
Seat 6: ConquestadorG (big blind) folded before Flop
Seat 7: cberto09 folded before Flop (didn't bet)
Seat 8: emamedina564 folded before Flop
Seat 9: DEYINGBON collected ($0.07)


*********** # 120 **************
PokerStars Hand #237590256893:  Hold'em No Limit ($0.01/$0.02 USD) - 2022/07/25 18:47:45 PT [2022/07/25 21:47:45 ET]
Table 'Gatria' 9-max Seat #3 is the button
Seat 1: Dorex2007 ($1.98 in chips)
Seat 2: In-Solem ($5.62 in chips)
Seat 3: al-dominus ($1.36 in chips)
Seat 4: gambitl1 ($1.86 in chips)
Seat 5: DilicoAK ($1.57 in chips)
Seat 6: ConquestadorG ($2 in chips)
Seat 7: cberto09 ($5.42 in chips)
Seat 8: emamedina564 ($1.33 in chips)
Seat 9: DEYINGBON ($4.57 in chips)
gambitl1: posts small blind $0.01
DilicoAK: posts big blind $0.02
*** HOLE CARDS ***
Dealt to Dorex2007 [Kc Qd]
ConquestadorG: folds
cberto09: folds
emamedina564: folds
DEYINGBON: folds
Dorex2007: raises $0.06 to $0.08
In-Solem: folds
al-dominus: folds
gambitl1: raises $0.18 to $0.26
DilicoAK: folds
Dorex2007: calls $0.18
*** FLOP *** [4s Kh 8d]
gambitl1: bets $0.20
Dorex2007: raises $0.20 to $0.40
gambitl1: calls $0.20
*** TURN *** [4s Kh 8d] [4h]
gambitl1: checks
Dorex2007: bets $1.32 and is all-in
gambitl1: folds
Uncalled bet ($1.32) returned to Dorex2007
Dorex2007 collected $1.29 from pot
Dorex2007: doesn't show hand
*** SUMMARY ***
Total pot $1.34 | Rake $0.05
Board [4s Kh 8d 4h]
Seat 1: Dorex2007 collected ($1.29)
Seat 2: In-Solem folded before Flop (didn't bet)
Seat 3: al-dominus (button) folded before Flop (didn't bet)
Seat 4: gambitl1 (small blind) folded on the Turn
Seat 5: DilicoAK (big blind) folded before Flop
Seat 6: ConquestadorG folded before Flop (didn't bet)
Seat 7: cberto09 folded before Flop (didn't bet)
Seat 8: emamedina564 folded before Flop (didn't bet)
Seat 9: DEYINGBON folded before Flop (didn't bet)


*********** # 121 **************
PokerStars Hand #237590249204:  Hold'em No Limit ($0.01/$0.02 USD) - 2022/07/25 18:47:07 PT [2022/07/25 21:47:07 ET]
Table 'Gatria' 9-max Seat #2 is the button
Seat 1: Dorex2007 ($2 in chips)
Seat 2: In-Solem ($5.73 in chips)
Seat 3: al-dominus ($1.37 in chips)
Seat 4: gambitl1 ($1.88 in chips)
Seat 5: DilicoAK ($1.68 in chips)
Seat 6: ConquestadorG ($2 in chips)
Seat 7: cberto09 ($5.42 in chips)
Seat 8: emamedina564 ($1.33 in chips)
Seat 9: DEYINGBON ($4.31 in chips)
al-dominus: posts small blind $0.01
gambitl1: posts big blind $0.02
Dorex2007: posts big blind $0.02
*** HOLE CARDS ***
Dealt to Dorex2007 [Jc 8c]
DilicoAK: calls $0.02
ConquestadorG: folds
cberto09: folds
emamedina564: folds
DEYINGBON: raises $0.09 to $0.11
Dorex2007: folds
In-Solem: calls $0.11
al-dominus: folds
gambitl1: folds
DilicoAK: calls $0.09
*** FLOP *** [2d 3c Td]
DilicoAK: checks
DEYINGBON: bets $0.18
In-Solem: folds
DilicoAK: folds
Uncalled bet ($0.18) returned to DEYINGBON
DEYINGBON collected $0.37 from pot
DEYINGBON: doesn't show hand
*** SUMMARY ***
Total pot $0.38 | Rake $0.01
Board [2d 3c Td]
Seat 1: Dorex2007 folded before Flop (didn't bet)
Seat 2: In-Solem (button) folded on the Flop
Seat 3: al-dominus (small blind) folded before Flop
Seat 4: gambitl1 (big blind) folded before Flop
Seat 5: DilicoAK folded on the Flop
Seat 6: ConquestadorG folded before Flop (didn't bet)
Seat 7: cberto09 folded before Flop (didn't bet)
Seat 8: emamedina564 folded before Flop (didn't bet)
Seat 9: DEYINGBON collected ($0.37)