PokerStars Hand #230657193990:  Hold'em No Limit ($0.01/$0.02 USD) - 2021/10/16 12:28:02 PT [2021/10/16 15:28:02 ET]
Table 'Gellivara III' 9-max Seat #8 is the button
Seat 1: monstrrrik ($2.03 in chips) 
Seat 4: Vadimur1962 ($1.23 in chips) 
Seat 5: Dorex2007 ($2 in chips) 
Seat 6: rononun ($2.26 in chips) 
Seat 7: JohanSlon ($1.70 in chips) 
Seat 8: AlMorino ($1.81 in chips) 
Seat 9: xherr latzx ($0.89 in chips) 
xherr latzx: posts small blind $0.01
monstrrrik: posts big blind $0.02
Dorex2007: posts big blind $0.02
*** HOLE CARDS ***
Dealt to Dorex2007 [7d 7c]
Vadimur1962: folds 
Dorex2007: raises $0.04 to $0.06
rononun: folds 
JohanSlon: calls $0.06
AlMorino: folds 
xherr latzx: folds 
monstrrrik: folds 
*** FLOP *** [3h Ac 8h]
Dorex2007: checks 
JohanSlon: bets $0.07
Dorex2007: calls $0.07
*** TURN *** [3h Ac 8h] [Qs]
Dorex2007: checks 
JohanSlon: bets $0.28
Dorex2007: folds 
Uncalled bet ($0.28) returned to JohanSlon
JohanSlon collected $0.28 from pot
JohanSlon: doesn't show hand 
*** SUMMARY ***
Total pot $0.29 | Rake $0.01 
Board [3h Ac 8h Qs]
Seat 1: monstrrrik (big blind) folded before Flop
Seat 4: Vadimur1962 folded before Flop (didn't bet)
Seat 5: Dorex2007 folded on the Turn
Seat 6: rononun folded before Flop (didn't bet)
Seat 7: JohanSlon collected ($0.28)
Seat 8: AlMorino (button) folded before Flop (didn't bet)
Seat 9: xherr latzx (small blind) folded before Flop



PokerStars Hand #230657208181:  Hold'em No Limit ($0.01/$0.02 USD) - 2021/10/16 12:28:31 PT [2021/10/16 15:28:31 ET]
Table 'Gellivara III' 9-max Seat #9 is the button
Seat 1: monstrrrik ($2.01 in chips) 
Seat 4: Vadimur1962 ($1.23 in chips) 
Seat 5: Dorex2007 ($1.87 in chips) 
Seat 6: rononun ($2.26 in chips) 
Seat 7: JohanSlon ($1.85 in chips) 
Seat 8: AlMorino ($1.81 in chips) 
Seat 9: xherr latzx ($0.88 in chips) 
monstrrrik: posts small blind $0.01
Vadimur1962: posts big blind $0.02
*** HOLE CARDS ***
Dealt to Dorex2007 [8d Qc]
Dorex2007: folds 
rononun: folds 
JohanSlon: folds 
AlMorino: folds 
xherr latzx: folds 
monstrrrik: raises $0.04 to $0.06
Vadimur1962: calls $0.04
*** FLOP *** [3c Kc 3d]
monstrrrik: bets $0.08
Vadimur1962: calls $0.08
*** TURN *** [3c Kc 3d] [Ah]
monstrrrik: bets $0.21
Vadimur1962: folds 
Uncalled bet ($0.21) returned to monstrrrik
monstrrrik collected $0.27 from pot
monstrrrik: doesn't show hand 
*** SUMMARY ***
Total pot $0.28 | Rake $0.01 
Board [3c Kc 3d Ah]
Seat 1: monstrrrik (small blind) collected ($0.27)
Seat 4: Vadimur1962 (big blind) folded on the Turn
Seat 5: Dorex2007 folded before Flop (didn't bet)
Seat 6: rononun folded before Flop (didn't bet)
Seat 7: JohanSlon folded before Flop (didn't bet)
Seat 8: AlMorino folded before Flop (didn't bet)
Seat 9: xherr latzx (button) folded before Flop (didn't bet)



PokerStars Hand #230657231179:  Hold'em No Limit ($0.01/$0.02 USD) - 2021/10/16 12:29:17 PT [2021/10/16 15:29:17 ET]
Table 'Gellivara III' 9-max Seat #1 is the button
Seat 1: monstrrrik ($2.14 in chips) 
Seat 4: Vadimur1962 ($1.09 in chips) 
Seat 5: Dorex2007 ($2 in chips) 
Seat 6: rononun ($2.26 in chips) 
Seat 7: JohanSlon ($1.85 in chips) 
Seat 8: AlMorino ($1.81 in chips) 
Seat 9: xherr latzx ($0.88 in chips) 
Vadimur1962: posts small blind $0.01
Dorex2007: posts big blind $0.02
*** HOLE CARDS ***
Dealt to Dorex2007 [Td 8c]
rononun: folds 
JohanSlon: folds 
AlMorino: folds 
xherr latzx: folds 
monstrrrik: folds 
Vadimur1962: calls $0.01
Dorex2007: checks 
*** FLOP *** [7h 8d Jh]
Vadimur1962: checks 
Dorex2007: bets $0.04
Vadimur1962: calls $0.04
*** TURN *** [7h 8d Jh] [3s]
Vadimur1962: checks 
Dorex2007: checks 
*** RIVER *** [7h 8d Jh 3s] [Js]
Vadimur1962: checks 
Dorex2007: bets $0.06
Vadimur1962: folds 
Uncalled bet ($0.06) returned to Dorex2007
Dorex2007 collected $0.12 from pot
Dorex2007: doesn't show hand 
*** SUMMARY ***
Total pot $0.12 | Rake $0 
Board [7h 8d Jh 3s Js]
Seat 1: monstrrrik (button) folded before Flop (didn't bet)
Seat 4: Vadimur1962 (small blind) folded on the River
Seat 5: Dorex2007 (big blind) collected ($0.12)
Seat 6: rononun folded before Flop (didn't bet)
Seat 7: JohanSlon folded before Flop (didn't bet)
Seat 8: AlMorino folded before Flop (didn't bet)
Seat 9: xherr latzx folded before Flop (didn't bet)



PokerStars Hand #230657251763:  Hold'em No Limit ($0.01/$0.02 USD) - 2021/10/16 12:29:58 PT [2021/10/16 15:29:58 ET]
Table 'Gellivara III' 9-max Seat #4 is the button
Seat 1: monstrrrik ($2.14 in chips) 
Seat 4: Vadimur1962 ($1.03 in chips) 
Seat 5: Dorex2007 ($2.06 in chips) 
Seat 6: rononun ($2.26 in chips) 
Seat 7: JohanSlon ($1.85 in chips) 
Seat 8: AlMorino ($1.81 in chips) 
Seat 9: xherr latzx ($0.88 in chips) 
Dorex2007: posts small blind $0.01
rononun: posts big blind $0.02
*** HOLE CARDS ***
Dealt to Dorex2007 [4s Jd]
JohanSlon: folds 
AlMorino: calls $0.02
xherr latzx: folds 
monstrrrik: folds 
Vadimur1962: folds 
Dorex2007: calls $0.01
rononun: checks 
*** FLOP *** [9s Kh 9h]
Dorex2007: checks 
rononun: bets $0.06
AlMorino: calls $0.06
Dorex2007: folds 
*** TURN *** [9s Kh 9h] [Ts]
rononun: bets $0.09
AlMorino: calls $0.09
*** RIVER *** [9s Kh 9h Ts] [Js]
rononun: bets $0.18
AlMorino: calls $0.18
*** SHOW DOWN ***
rononun: shows [Qc 8d] (a straight, Nine to King)
AlMorino: mucks hand 
rononun collected $0.69 from pot
*** SUMMARY ***
Total pot $0.72 | Rake $0.03 
Board [9s Kh 9h Ts Js]
Seat 1: monstrrrik folded before Flop (didn't bet)
Seat 4: Vadimur1962 (button) folded before Flop (didn't bet)
Seat 5: Dorex2007 (small blind) folded on the Flop
Seat 6: rononun (big blind) showed [Qc 8d] and won ($0.69) with a straight, Nine to King
Seat 7: JohanSlon folded before Flop (didn't bet)
Seat 8: AlMorino mucked [As Ah]
Seat 9: xherr latzx folded before Flop (didn't bet)



PokerStars Hand #230657272748:  Hold'em No Limit ($0.01/$0.02 USD) - 2021/10/16 12:30:39 PT [2021/10/16 15:30:39 ET]
Table 'Gellivara III' 9-max Seat #5 is the button
Seat 1: monstrrrik ($2.14 in chips) 
Seat 4: Vadimur1962 ($1.03 in chips) 
Seat 5: Dorex2007 ($2.04 in chips) 
Seat 6: rononun ($2.60 in chips) 
Seat 8: AlMorino ($1.46 in chips) 
Seat 9: xherr latzx ($0.88 in chips) 
rononun: posts small blind $0.01
JohanSlon: is sitting out 
AlMorino: posts big blind $0.02
*** HOLE CARDS ***
Dealt to Dorex2007 [8h 4d]
xherr latzx: folds 
monstrrrik: folds 
Vadimur1962: folds 
Dorex2007: folds 
JohanSlon leaves the table
rononun: folds 
Uncalled bet ($0.01) returned to AlMorino
AlMorino collected $0.02 from pot
AlMorino: shows [Kh Kd] (a pair of Kings)
*** SUMMARY ***
Total pot $0.02 | Rake $0 
Seat 1: monstrrrik folded before Flop (didn't bet)
Seat 4: Vadimur1962 folded before Flop (didn't bet)
Seat 5: Dorex2007 (button) folded before Flop (didn't bet)
Seat 6: rononun (small blind) folded before Flop
Seat 8: AlMorino (big blind) collected ($0.02)
Seat 9: xherr latzx folded before Flop (didn't bet)



PokerStars Hand #230657278893:  Hold'em No Limit ($0.01/$0.02 USD) - 2021/10/16 12:30:51 PT [2021/10/16 15:30:51 ET]
Table 'Gellivara III' 9-max Seat #6 is the button
Seat 1: monstrrrik ($2.14 in chips) 
Seat 4: Vadimur1962 ($1.03 in chips) 
Seat 5: Dorex2007 ($2.04 in chips) 
Seat 6: rononun ($2.59 in chips) 
Seat 8: AlMorino ($1.47 in chips) 
Seat 9: xherr latzx ($0.88 in chips) 
AlMorino: posts small blind $0.01
xherr latzx: posts big blind $0.02
*** HOLE CARDS ***
Dealt to Dorex2007 [Ad 2c]
monstrrrik: folds 
Vadimur1962: folds 
Dorex2007: folds 
rononun: raises $0.04 to $0.06
AlMorino: folds 
xherr latzx: folds 
Uncalled bet ($0.04) returned to rononun
AlMorino leaves the table
rononun collected $0.05 from pot
rononun: doesn't show hand 
ADosjky joins the table at seat #7 
*** SUMMARY ***
Total pot $0.05 | Rake $0 
Seat 1: monstrrrik folded before Flop (didn't bet)
Seat 4: Vadimur1962 folded before Flop (didn't bet)
Seat 5: Dorex2007 folded before Flop (didn't bet)
Seat 6: rononun (button) collected ($0.05)
Seat 8: AlMorino (small blind) folded before Flop
Seat 9: xherr latzx (big blind) folded before Flop



PokerStars Hand #230657286357:  Hold'em No Limit ($0.01/$0.02 USD) - 2021/10/16 12:31:06 PT [2021/10/16 15:31:06 ET]
Table 'Gellivara III' 9-max Seat #9 is the button
Seat 1: monstrrrik ($2.14 in chips) 
Seat 4: Vadimur1962 ($1.03 in chips) 
Seat 5: Dorex2007 ($2.04 in chips) 
Seat 6: rononun ($2.62 in chips) 
Seat 9: xherr latzx ($0.86 in chips) 
monstrrrik: posts small blind $0.01
Vadimur1962: posts big blind $0.02
ADosjky: sits out 
*** HOLE CARDS ***
Dealt to Dorex2007 [Ac Jc]
Dorex2007: raises $0.04 to $0.06
rononun: folds 
xherr latzx: folds 
monstrrrik: folds 
Vadimur1962: folds 
Uncalled bet ($0.04) returned to Dorex2007
Dorex2007 collected $0.05 from pot
kaboobi one leaves the table
Dorex2007: doesn't show hand 
*** SUMMARY ***
Total pot $0.05 | Rake $0 
Seat 1: monstrrrik (small blind) folded before Flop
Seat 4: Vadimur1962 (big blind) folded before Flop
Seat 5: Dorex2007 collected ($0.05)
Seat 6: rononun folded before Flop (didn't bet)
Seat 9: xherr latzx (button) folded before Flop (didn't bet)



PokerStars Hand #230657296145:  Hold'em No Limit ($0.01/$0.02 USD) - 2021/10/16 12:31:25 PT [2021/10/16 15:31:25 ET]
Table 'Gellivara III' 9-max Seat #1 is the button
Seat 1: monstrrrik ($2.13 in chips) 
Seat 4: Vadimur1962 ($1.01 in chips) 
Seat 5: Dorex2007 ($2.07 in chips) 
Seat 6: rononun ($2.62 in chips) 
Seat 7: ADosjky ($2 in chips) 
Seat 9: xherr latzx ($0.86 in chips) 
Vadimur1962: posts small blind $0.01
Dorex2007: posts big blind $0.02
ADosjky: posts big blind $0.02
*** HOLE CARDS ***
Dealt to Dorex2007 [Ac 7s]
rononun: folds 
ADosjky: checks 
xherr latzx: calls $0.02
monstrrrik: folds 
Vadimur1962: calls $0.01
Dorex2007: checks 
*** FLOP *** [8c 7h 9h]
Vadimur1962: checks 
Dorex2007: checks 
ADosjky: checks 
xherr latzx: checks 
*** TURN *** [8c 7h 9h] [6s]
Vadimur1962: checks 
Dorex2007: checks 
ADosjky: bets $0.04
xherr latzx: calls $0.04
Vadimur1962: calls $0.04
Dorex2007: folds 
*** RIVER *** [8c 7h 9h 6s] [9s]
Vadimur1962: checks 
ADosjky: checks 
xherr latzx: checks 
*** SHOW DOWN ***
Vadimur1962: shows [3h 5d] (a straight, Five to Nine)
ADosjky: shows [5s Ad] (a straight, Five to Nine)
xherr latzx: shows [Qs Th] (a straight, Six to Ten)
xherr latzx collected $0.19 from pot
*** SUMMARY ***
Total pot $0.20 | Rake $0.01 
Board [8c 7h 9h 6s 9s]
Seat 1: monstrrrik (button) folded before Flop (didn't bet)
Seat 4: Vadimur1962 (small blind) showed [3h 5d] and lost with a straight, Five to Nine
Seat 5: Dorex2007 (big blind) folded on the Turn
Seat 6: rononun folded before Flop (didn't bet)
Seat 7: ADosjky showed [5s Ad] and lost with a straight, Five to Nine
Seat 9: xherr latzx showed [Qs Th] and won ($0.19) with a straight, Six to Ten



PokerStars Hand #230657329673:  Hold'em No Limit ($0.01/$0.02 USD) - 2021/10/16 12:32:32 PT [2021/10/16 15:32:32 ET]
Table 'Gellivara III' 9-max Seat #4 is the button
Seat 1: monstrrrik ($2.13 in chips) 
Seat 4: Vadimur1962 ($0.95 in chips) 
Seat 5: Dorex2007 ($2.05 in chips) 
Seat 6: rononun ($2.62 in chips) 
Seat 7: ADosjky ($1.94 in chips) 
Seat 9: xherr latzx ($0.99 in chips) 
Dorex2007: posts small blind $0.01
rononun: posts big blind $0.02
*** HOLE CARDS ***
Dealt to Dorex2007 [4d 7h]
ADosjky: folds 
xherr latzx: folds 
monstrrrik: raises $0.05 to $0.07
Vadimur1962: folds 
Dorex2007: folds 
rononun: folds 
Uncalled bet ($0.05) returned to monstrrrik
monstrrrik collected $0.05 from pot
monstrrrik: doesn't show hand 
*** SUMMARY ***
Total pot $0.05 | Rake $0 
Seat 1: monstrrrik collected ($0.05)
Seat 4: Vadimur1962 (button) folded before Flop (didn't bet)
Seat 5: Dorex2007 (small blind) folded before Flop
Seat 6: rononun (big blind) folded before Flop
Seat 7: ADosjky folded before Flop (didn't bet)
Seat 9: xherr latzx folded before Flop (didn't bet)



PokerStars Hand #230657335148:  Hold'em No Limit ($0.01/$0.02 USD) - 2021/10/16 12:32:43 PT [2021/10/16 15:32:43 ET]
Table 'Gellivara III' 9-max Seat #5 is the button
Seat 1: monstrrrik ($2.16 in chips) 
Seat 4: Vadimur1962 ($0.95 in chips) 
Seat 5: Dorex2007 ($2.04 in chips) 
Seat 6: rononun ($2.60 in chips) 
Seat 7: ADosjky ($1.94 in chips) 
Seat 9: xherr latzx ($0.99 in chips) 
rononun: posts small blind $0.01
ADosjky: posts big blind $0.02
*** HOLE CARDS ***
Dealt to Dorex2007 [8c 3s]
xherr latzx: folds 
monstrrrik: raises $0.05 to $0.07
Vadimur1962: calls $0.07
Dorex2007: folds 
rononun: folds 
ADosjky: folds 
*** FLOP *** [8s 6c Js]
monstrrrik: bets $0.13
Vadimur1962: folds 
Uncalled bet ($0.13) returned to monstrrrik
monstrrrik collected $0.16 from pot
monstrrrik: doesn't show hand 
*** SUMMARY ***
Total pot $0.17 | Rake $0.01 
Board [8s 6c Js]
Seat 1: monstrrrik collected ($0.16)
Seat 4: Vadimur1962 folded on the Flop
Seat 5: Dorex2007 (button) folded before Flop (didn't bet)
Seat 6: rononun (small blind) folded before Flop
Seat 7: ADosjky (big blind) folded before Flop
Seat 9: xherr latzx folded before Flop (didn't bet)



PokerStars Hand #230657355321:  Hold'em No Limit ($0.01/$0.02 USD) - 2021/10/16 12:33:24 PT [2021/10/16 15:33:24 ET]
Table 'Gellivara III' 9-max Seat #6 is the button
Seat 1: monstrrrik ($2.25 in chips) 
Seat 4: Vadimur1962 ($0.88 in chips) 
Seat 5: Dorex2007 ($2.04 in chips) 
Seat 6: rononun ($2.59 in chips) 
Seat 7: ADosjky ($1.92 in chips) 
Seat 9: xherr latzx ($0.99 in chips) 
ADosjky: posts small blind $0.01
xherr latzx: posts big blind $0.02
*** HOLE CARDS ***
Dealt to Dorex2007 [6s 5s]
monstrrrik: folds 
Vadimur1962: folds 
Dorex2007: raises $0.04 to $0.06
rononun: folds 
ADosjky: folds 
xherr latzx: folds 
Uncalled bet ($0.04) returned to Dorex2007
Dorex2007 collected $0.05 from pot
Dorex2007: doesn't show hand 
*** SUMMARY ***
Total pot $0.05 | Rake $0 
Seat 1: monstrrrik folded before Flop (didn't bet)
Seat 4: Vadimur1962 folded before Flop (didn't bet)
Seat 5: Dorex2007 collected ($0.05)
Seat 6: rononun (button) folded before Flop (didn't bet)
Seat 7: ADosjky (small blind) folded before Flop
Seat 9: xherr latzx (big blind) folded before Flop



PokerStars Hand #230657364772:  Hold'em No Limit ($0.01/$0.02 USD) - 2021/10/16 12:33:42 PT [2021/10/16 15:33:42 ET]
Table 'Gellivara III' 9-max Seat #7 is the button
Seat 1: monstrrrik ($2.25 in chips) 
Seat 4: Vadimur1962 ($0.88 in chips) 
Seat 5: Dorex2007 ($2.07 in chips) 
Seat 6: rononun ($2.59 in chips) 
Seat 7: ADosjky ($1.91 in chips) 
Seat 9: xherr latzx ($0.97 in chips) 
xherr latzx: posts small blind $0.01
monstrrrik: posts big blind $0.02
*** HOLE CARDS ***
Dealt to Dorex2007 [Js 9s]
Vadimur1962: folds 
Dorex2007: folds 
rononun: raises $0.04 to $0.06
ADosjky: folds 
xherr latzx: folds 
monstrrrik: folds 
Uncalled bet ($0.04) returned to rononun
rononun collected $0.05 from pot
rononun: doesn't show hand 
*** SUMMARY ***
Total pot $0.05 | Rake $0 
Seat 1: monstrrrik (big blind) folded before Flop
Seat 4: Vadimur1962 folded before Flop (didn't bet)
Seat 5: Dorex2007 folded before Flop (didn't bet)
Seat 6: rononun collected ($0.05)
Seat 7: ADosjky (button) folded before Flop (didn't bet)
Seat 9: xherr latzx (small blind) folded before Flop



PokerStars Hand #230657381824:  Hold'em No Limit ($0.01/$0.02 USD) - 2021/10/16 12:33:58 PT [2021/10/16 15:33:58 ET]
Table 'Gellivara III' 9-max Seat #9 is the button
Seat 1: monstrrrik ($2.23 in chips) 
Seat 4: Vadimur1962 ($0.88 in chips) 
Seat 5: Dorex2007 ($2.07 in chips) 
Seat 6: rononun ($2.62 in chips) 
Seat 7: ADosjky ($1.91 in chips) 
Seat 9: xherr latzx ($0.96 in chips) 
monstrrrik: posts small blind $0.01
Vadimur1962: posts big blind $0.02
*** HOLE CARDS ***
Dealt to Dorex2007 [Tc Qd]
Dorex2007: folds 
rononun: folds 
ADosjky: folds 
xherr latzx: calls $0.02
monstrrrik: folds 
Vadimur1962: checks 
*** FLOP *** [Kc 7s 6c]
Vadimur1962: checks 
xherr latzx: checks 
*** TURN *** [Kc 7s 6c] [8s]
Vadimur1962: checks 
xherr latzx: bets $0.08
Vadimur1962: folds 
Uncalled bet ($0.08) returned to xherr latzx
xherr latzx collected $0.05 from pot
KZabolotskii leaves the table
xherr latzx: doesn't show hand 
*** SUMMARY ***
Total pot $0.05 | Rake $0 
Board [Kc 7s 6c 8s]
Seat 1: monstrrrik (small blind) folded before Flop
Seat 4: Vadimur1962 (big blind) folded on the Turn
Seat 5: Dorex2007 folded before Flop (didn't bet)
Seat 6: rononun folded before Flop (didn't bet)
Seat 7: ADosjky folded before Flop (didn't bet)
Seat 9: xherr latzx (button) collected ($0.05)



PokerStars Hand #230657414122:  Hold'em No Limit ($0.01/$0.02 USD) - 2021/10/16 12:35:02 PT [2021/10/16 15:35:02 ET]
Table 'Gellivara III' 9-max Seat #1 is the button
Seat 1: monstrrrik ($2.22 in chips) 
Seat 4: Vadimur1962 ($0.86 in chips) 
Seat 5: Dorex2007 ($2.07 in chips) 
Seat 6: rononun ($2.62 in chips) 
Seat 7: ADosjky ($1.91 in chips) 
Seat 9: xherr latzx ($0.99 in chips) 
Vadimur1962: posts small blind $0.01
Dorex2007: posts big blind $0.02
*** HOLE CARDS ***
Dealt to Dorex2007 [5s 9d]
rononun: folds 
ADosjky: raises $0.04 to $0.06
xherr latzx: folds 
monstrrrik: folds 
Vadimur1962: folds 
Dorex2007: folds 
Uncalled bet ($0.04) returned to ADosjky
ADosjky collected $0.05 from pot
ADosjky: doesn't show hand 
*** SUMMARY ***
Total pot $0.05 | Rake $0 
Seat 1: monstrrrik (button) folded before Flop (didn't bet)
Seat 4: Vadimur1962 (small blind) folded before Flop
Seat 5: Dorex2007 (big blind) folded before Flop
Seat 6: rononun folded before Flop (didn't bet)
Seat 7: ADosjky collected ($0.05)
Seat 9: xherr latzx folded before Flop (didn't bet)



PokerStars Hand #230657422633:  Hold'em No Limit ($0.01/$0.02 USD) - 2021/10/16 12:35:19 PT [2021/10/16 15:35:19 ET]
Table 'Gellivara III' 9-max Seat #4 is the button
Seat 1: monstrrrik ($2.22 in chips) 
Seat 4: Vadimur1962 ($0.85 in chips) 
Seat 5: Dorex2007 ($2.05 in chips) 
Seat 6: rononun ($2.62 in chips) 
Seat 7: ADosjky ($1.94 in chips) 
Seat 9: xherr latzx ($0.99 in chips) 
Dorex2007: posts small blind $0.01
rononun: posts big blind $0.02
*** HOLE CARDS ***
Dealt to Dorex2007 [Kc 6h]
ADosjky: folds 
xherr latzx: folds 
monstrrrik: raises $0.05 to $0.07
Vadimur1962: folds 
Dorex2007: folds 
rononun: folds 
Uncalled bet ($0.05) returned to monstrrrik
monstrrrik collected $0.05 from pot
monstrrrik: doesn't show hand 
*** SUMMARY ***
Total pot $0.05 | Rake $0 
Seat 1: monstrrrik collected ($0.05)
Seat 4: Vadimur1962 (button) folded before Flop (didn't bet)
Seat 5: Dorex2007 (small blind) folded before Flop
Seat 6: rononun (big blind) folded before Flop
Seat 7: ADosjky folded before Flop (didn't bet)
Seat 9: xherr latzx folded before Flop (didn't bet)



PokerStars Hand #230657429197:  Hold'em No Limit ($0.01/$0.02 USD) - 2021/10/16 12:35:32 PT [2021/10/16 15:35:32 ET]
Table 'Gellivara III' 9-max Seat #5 is the button
Seat 1: monstrrrik ($2.25 in chips) 
Seat 4: Vadimur1962 ($0.85 in chips) 
Seat 5: Dorex2007 ($2.04 in chips) 
Seat 6: rononun ($2.60 in chips) 
Seat 7: ADosjky ($1.94 in chips) 
Seat 9: xherr latzx ($0.99 in chips) 
rononun: posts small blind $0.01
ADosjky: posts big blind $0.02
*** HOLE CARDS ***
Dealt to Dorex2007 [8s 7h]
xherr latzx: folds 
monstrrrik: folds 
Vadimur1962: calls $0.02
Dorex2007: folds 
rononun: folds 
ADosjky: raises $0.04 to $0.06
Vadimur1962: calls $0.04
*** FLOP *** [Jh Ah 5c]
ADosjky: bets $0.08
Vadimur1962: calls $0.08
*** TURN *** [Jh Ah 5c] [8c]
ADosjky: bets $0.20
Vadimur1962: calls $0.20
*** RIVER *** [Jh Ah 5c 8c] [9s]
rononun leaves the table
ADosjky: checks 
Vadimur1962: checks 
*** SHOW DOWN ***
ADosjky: shows [Jd Kh] (a pair of Jacks)
Vadimur1962: mucks hand 
ADosjky collected $0.67 from pot
*** SUMMARY ***
Total pot $0.69 | Rake $0.02 
Board [Jh Ah 5c 8c 9s]
Seat 1: monstrrrik folded before Flop (didn't bet)
Seat 4: Vadimur1962 mucked [Jc Qc]
Seat 5: Dorex2007 (button) folded before Flop (didn't bet)
Seat 6: rononun (small blind) folded before Flop
Seat 7: ADosjky (big blind) showed [Jd Kh] and won ($0.67) with a pair of Jacks
Seat 9: xherr latzx folded before Flop (didn't bet)



PokerStars Hand #230657465575:  Hold'em No Limit ($0.01/$0.02 USD) - 2021/10/16 12:36:45 PT [2021/10/16 15:36:45 ET]
Table 'Gellivara III' 9-max Seat #7 is the button
Seat 1: monstrrrik ($2.25 in chips) 
Seat 4: Vadimur1962 ($0.51 in chips) 
Seat 5: Dorex2007 ($2.04 in chips) 
Seat 7: ADosjky ($2.27 in chips) 
Seat 9: xherr latzx ($0.99 in chips) 
xherr latzx: posts small blind $0.01
monstrrrik: posts big blind $0.02
*** HOLE CARDS ***
Dealt to Dorex2007 [4c 5d]
Vadimur1962: folds 
Dorex2007: folds 
ADosjky: folds 
xherr latzx: calls $0.01
monstrrrik: checks 
*** FLOP *** [Tc 2c 2d]
LibuyRT joins the table at seat #2 
xherr latzx: checks 
monstrrrik: checks 
*** TURN *** [Tc 2c 2d] [Kc]
xherr latzx: bets $0.02
monstrrrik: folds 
Uncalled bet ($0.02) returned to xherr latzx
xherr latzx collected $0.04 from pot
xherr latzx: doesn't show hand 
*** SUMMARY ***
Total pot $0.04 | Rake $0 
Board [Tc 2c 2d Kc]
Seat 1: monstrrrik (big blind) folded on the Turn
Seat 4: Vadimur1962 folded before Flop (didn't bet)
Seat 5: Dorex2007 folded before Flop (didn't bet)
Seat 7: ADosjky (button) folded before Flop (didn't bet)
Seat 9: xherr latzx (small blind) collected ($0.04)



PokerStars Hand #230659851635:  Hold'em No Limit ($0.01/$0.02 USD) - 2021/10/16 13:59:41 PT [2021/10/16 16:59:41 ET]
Table 'Gellivara III' 9-max Seat #7 is the button
Seat 1: kilgrak ($2.69 in chips) 
Seat 2: maksim-2003 ($2 in chips) 
Seat 4: Maxedu777 ($3.53 in chips) 
Seat 5: Zauberer_1 ($2 in chips) 
Seat 6: Dorex2007 ($2.04 in chips) 
Seat 7: tucimira ($2.84 in chips) 
Seat 9: RamziSaadi ($1.81 in chips) 
RamziSaadi: posts small blind $0.01
kilgrak: posts big blind $0.02
baligo666: sits out 
Dorex2007: posts big blind $0.02
*** HOLE CARDS ***
Dealt to Dorex2007 [5c 6d]
maksim-2003: folds 
Maxedu777: folds 
Zauberer_1: folds 
Dorex2007: checks 
tucimira: folds 
filakia29 leaves the table
RamziSaadi: calls $0.01
kilgrak: raises $0.04 to $0.06
Dorex2007: folds 
RamziSaadi: calls $0.04
*** FLOP *** [8s Qc Jd]
vadim3107 joins the table at seat #8 
RamziSaadi: checks 
kilgrak: bets $0.07
RamziSaadi: calls $0.07
*** TURN *** [8s Qc Jd] [Ad]
RamziSaadi: checks 
kilgrak: bets $0.27
RamziSaadi: folds 
Uncalled bet ($0.27) returned to kilgrak
kilgrak collected $0.27 from pot
kilgrak: doesn't show hand 
*** SUMMARY ***
Total pot $0.28 | Rake $0.01 
Board [8s Qc Jd Ad]
Seat 1: kilgrak (big blind) collected ($0.27)
Seat 2: maksim-2003 folded before Flop (didn't bet)
Seat 4: Maxedu777 folded before Flop (didn't bet)
Seat 5: Zauberer_1 folded before Flop (didn't bet)
Seat 6: Dorex2007 folded before Flop (didn't bet)
Seat 7: tucimira (button) folded before Flop (didn't bet)
Seat 9: RamziSaadi (small blind) folded on the Turn



PokerStars Hand #230659865971:  Hold'em No Limit ($0.01/$0.02 USD) - 2021/10/16 14:00:22 PT [2021/10/16 17:00:22 ET]
Table 'Gellivara III' 9-max Seat #9 is the button
Seat 1: kilgrak ($2.83 in chips) 
Seat 2: maksim-2003 ($2 in chips) 
Seat 4: Maxedu777 ($3.53 in chips) 
Seat 5: Zauberer_1 ($2 in chips) 
Seat 6: Dorex2007 ($2.02 in chips) 
Seat 7: tucimira ($2.84 in chips) 
Seat 9: RamziSaadi ($1.68 in chips) 
kilgrak: posts small blind $0.01
maksim-2003: posts big blind $0.02
baligo666: sits out 
vadim3107: sits out 
*** HOLE CARDS ***
Dealt to Dorex2007 [4h Kh]
Maxedu777: folds 
Zauberer_1: folds 
Dorex2007: folds 
tucimira: folds 
RamziSaadi: calls $0.02
kilgrak: raises $0.04 to $0.06
maksim-2003: calls $0.04
RamziSaadi: calls $0.04
*** FLOP *** [8c 6d 6s]
kilgrak: checks 
maksim-2003: bets $0.09
RamziSaadi: folds 
kilgrak: calls $0.09
*** TURN *** [8c 6d 6s] [4c]
kilgrak: checks 
maksim-2003: bets $0.18
kilgrak: calls $0.18
*** RIVER *** [8c 6d 6s 4c] [7s]
kilgrak: checks 
maksim-2003: checks 
*** SHOW DOWN ***
kilgrak: shows [Td Jd] (a pair of Sixes)
maksim-2003: shows [9d 9h] (two pair, Nines and Sixes)
maksim-2003 collected $0.69 from pot
*** SUMMARY ***
Total pot $0.72 | Rake $0.03 
Board [8c 6d 6s 4c 7s]
Seat 1: kilgrak (small blind) showed [Td Jd] and lost with a pair of Sixes
Seat 2: maksim-2003 (big blind) showed [9d 9h] and won ($0.69) with two pair, Nines and Sixes
Seat 4: Maxedu777 folded before Flop (didn't bet)
Seat 5: Zauberer_1 folded before Flop (didn't bet)
Seat 6: Dorex2007 folded before Flop (didn't bet)
Seat 7: tucimira folded before Flop (didn't bet)
Seat 9: RamziSaadi (button) folded on the Flop



PokerStars Hand #230659881037:  Hold'em No Limit ($0.01/$0.02 USD) - 2021/10/16 14:01:01 PT [2021/10/16 17:01:01 ET]
Table 'Gellivara III' 9-max Seat #1 is the button
Seat 1: kilgrak ($2.50 in chips) 
Seat 2: maksim-2003 ($2.36 in chips) 
Seat 3: baligo666 ($1.60 in chips) 
Seat 4: Maxedu777 ($3.53 in chips) 
Seat 5: Zauberer_1 ($2 in chips) 
Seat 6: Dorex2007 ($2.02 in chips) 
Seat 7: tucimira ($2.84 in chips) 
Seat 9: RamziSaadi ($1.62 in chips) 
maksim-2003: posts small blind $0.01
baligo666: posts big blind $0.02
vadim3107: sits out 
*** HOLE CARDS ***
Dealt to Dorex2007 [3h 7s]
Maxedu777: folds 
Zauberer_1: folds 
Dorex2007: folds 
tucimira: folds 
RamziSaadi: calls $0.02
kilgrak: raises $0.04 to $0.06
maksim-2003: folds 
baligo666: calls $0.04
RamziSaadi: calls $0.04
*** FLOP *** [4s Kc 2h]
baligo666: checks 
RamziSaadi: bets $0.09
kilgrak: raises $0.09 to $0.18
baligo666: folds 
RamziSaadi: folds 
Uncalled bet ($0.09) returned to kilgrak
kilgrak collected $0.36 from pot
kilgrak: doesn't show hand 
*** SUMMARY ***
Total pot $0.37 | Rake $0.01 
Board [4s Kc 2h]
Seat 1: kilgrak (button) collected ($0.36)
Seat 2: maksim-2003 (small blind) folded before Flop
Seat 3: baligo666 (big blind) folded on the Flop
Seat 4: Maxedu777 folded before Flop (didn't bet)
Seat 5: Zauberer_1 folded before Flop (didn't bet)
Seat 6: Dorex2007 folded before Flop (didn't bet)
Seat 7: tucimira folded before Flop (didn't bet)
Seat 9: RamziSaadi folded on the Flop



PokerStars Hand #230659902157:  Hold'em No Limit ($0.01/$0.02 USD) - 2021/10/16 14:01:49 PT [2021/10/16 17:01:49 ET]
Table 'Gellivara III' 9-max Seat #2 is the button
Seat 1: kilgrak ($2.71 in chips) 
Seat 2: maksim-2003 ($2.35 in chips) 
Seat 3: baligo666 ($1.54 in chips) 
Seat 5: Zauberer_1 ($2 in chips) 
Seat 6: Dorex2007 ($2.02 in chips) 
Seat 7: tucimira ($2.84 in chips) 
Seat 9: RamziSaadi ($1.47 in chips) 
baligo666: posts small blind $0.01
Maxedu777: is sitting out 
Zauberer_1: posts big blind $0.02
vadim3107: sits out 
*** HOLE CARDS ***
Dealt to Dorex2007 [Qh 9c]
Dorex2007: folds 
tucimira: folds 
RamziSaadi: calls $0.02
kilgrak: folds 
Maxedu777 leaves the table
maksim-2003: calls $0.02
baligo666: calls $0.01
vortso joins the table at seat #4 
Zauberer_1: checks 
*** FLOP *** [7d 4c Jh]
baligo666: checks 
Zauberer_1: checks 
RamziSaadi: bets $0.08
maksim-2003: folds 
baligo666: calls $0.08
Zauberer_1: folds 
*** TURN *** [7d 4c Jh] [Kd]
baligo666: checks 
RamziSaadi: checks 
*** RIVER *** [7d 4c Jh Kd] [Ac]
baligo666: bets $0.12
RamziSaadi: raises $0.22 to $0.34
baligo666: folds 
Uncalled bet ($0.22) returned to RamziSaadi
RamziSaadi collected $0.46 from pot
RamziSaadi: doesn't show hand 
*** SUMMARY ***
Total pot $0.48 | Rake $0.02 
Board [7d 4c Jh Kd Ac]
Seat 1: kilgrak folded before Flop (didn't bet)
Seat 2: maksim-2003 (button) folded on the Flop
Seat 3: baligo666 (small blind) folded on the River
Seat 5: Zauberer_1 (big blind) folded on the Flop
Seat 6: Dorex2007 folded before Flop (didn't bet)
Seat 7: tucimira folded before Flop (didn't bet)
Seat 9: RamziSaadi collected ($0.46)



PokerStars Hand #230659938018:  Hold'em No Limit ($0.01/$0.02 USD) - 2021/10/16 14:03:05 PT [2021/10/16 17:03:05 ET]
Table 'Gellivara III' 9-max Seat #3 is the button
Seat 1: kilgrak ($2.71 in chips) 
Seat 2: maksim-2003 ($2.33 in chips) 
Seat 3: baligo666 ($1.32 in chips) 
Seat 5: Zauberer_1 ($2 in chips) 
Seat 6: Dorex2007 ($2.02 in chips) 
Seat 7: tucimira ($2.84 in chips) 
Seat 9: RamziSaadi ($1.71 in chips) 
Zauberer_1: posts small blind $0.01
Dorex2007: posts big blind $0.02
vadim3107: sits out 
*** HOLE CARDS ***
Dealt to Dorex2007 [3c 4s]
tucimira: folds 
RamziSaadi: calls $0.02
kilgrak: folds 
maksim-2003: calls $0.02
baligo666: folds 
Zauberer_1: calls $0.01
Dorex2007: checks 
*** FLOP *** [3d 5c 9c]
Zauberer_1: checks 
Dorex2007: checks 
RamziSaadi: checks 
maksim-2003: checks 
*** TURN *** [3d 5c 9c] [8s]
Zauberer_1: checks 
Dorex2007: checks 
RamziSaadi: checks 
maksim-2003: bets $0.04
Zauberer_1: folds 
Dorex2007: folds 
RamziSaadi: folds 
Uncalled bet ($0.04) returned to maksim-2003
maksim-2003 collected $0.08 from pot
maksim-2003: doesn't show hand 
*** SUMMARY ***
Total pot $0.08 | Rake $0 
Board [3d 5c 9c 8s]
Seat 1: kilgrak folded before Flop (didn't bet)
Seat 2: maksim-2003 collected ($0.08)
Seat 3: baligo666 (button) folded before Flop (didn't bet)
Seat 5: Zauberer_1 (small blind) folded on the Turn
Seat 6: Dorex2007 (big blind) folded on the Turn
Seat 7: tucimira folded before Flop (didn't bet)
Seat 9: RamziSaadi folded on the Turn



PokerStars Hand #230659958132:  Hold'em No Limit ($0.01/$0.02 USD) - 2021/10/16 14:03:46 PT [2021/10/16 17:03:46 ET]
Table 'Gellivara III' 9-max Seat #5 is the button
Seat 1: kilgrak ($2.71 in chips) 
Seat 2: maksim-2003 ($2.39 in chips) 
Seat 3: baligo666 ($1.32 in chips) 
Seat 5: Zauberer_1 ($2 in chips) 
Seat 6: Dorex2007 ($2 in chips) 
Seat 7: tucimira ($2.84 in chips) 
Seat 9: RamziSaadi ($1.69 in chips) 
Dorex2007: posts small blind $0.01
tucimira: posts big blind $0.02
vadim3107: sits out 
vortso: sits out 
*** HOLE CARDS ***
Dealt to Dorex2007 [Th 5h]
RamziSaadi: calls $0.02
kilgrak: folds 
maksim-2003: folds 
baligo666: folds 
Zauberer_1: folds 
Dorex2007: folds 
tucimira: checks 
*** FLOP *** [9d 5s Ac]
tucimira: checks 
RamziSaadi: bets $0.05
tucimira: folds 
Uncalled bet ($0.05) returned to RamziSaadi
RamziSaadi collected $0.05 from pot
RamziSaadi: doesn't show hand 
*** SUMMARY ***
Total pot $0.05 | Rake $0 
Board [9d 5s Ac]
Seat 1: kilgrak folded before Flop (didn't bet)
Seat 2: maksim-2003 folded before Flop (didn't bet)
Seat 3: baligo666 folded before Flop (didn't bet)
Seat 5: Zauberer_1 (button) folded before Flop (didn't bet)
Seat 6: Dorex2007 (small blind) folded before Flop
Seat 7: tucimira (big blind) folded on the Flop
Seat 9: RamziSaadi collected ($0.05)



PokerStars Hand #230659970831:  Hold'em No Limit ($0.01/$0.02 USD) - 2021/10/16 14:04:13 PT [2021/10/16 17:04:13 ET]
Table 'Gellivara III' 9-max Seat #6 is the button
Seat 1: kilgrak ($2.71 in chips) 
Seat 2: maksim-2003 ($2.39 in chips) 
Seat 3: baligo666 ($1.32 in chips) 
Seat 5: Zauberer_1 ($2 in chips) 
Seat 6: Dorex2007 ($1.99 in chips) 
Seat 7: tucimira ($2.82 in chips) 
Seat 8: vadim3107 ($1.60 in chips) 
Seat 9: RamziSaadi ($1.72 in chips) 
tucimira: posts small blind $0.01
vadim3107: posts big blind $0.02
vortso: sits out 
*** HOLE CARDS ***
Dealt to Dorex2007 [3s Qs]
RamziSaadi: calls $0.02
kilgrak: folds 
maksim-2003: folds 
baligo666: folds 
Zauberer_1: folds 
Dorex2007: folds 
tucimira: folds 
vadim3107: checks 
*** FLOP *** [9s Kc As]
vadim3107: checks 
RamziSaadi: checks 
*** TURN *** [9s Kc As] [5s]
vadim3107: checks 
RamziSaadi: checks 
*** RIVER *** [9s Kc As 5s] [Qd]
vadim3107: checks 
RamziSaadi: bets $0.05
vadim3107: folds 
Uncalled bet ($0.05) returned to RamziSaadi
RamziSaadi collected $0.05 from pot
RamziSaadi: doesn't show hand 
*** SUMMARY ***
Total pot $0.05 | Rake $0 
Board [9s Kc As 5s Qd]
Seat 1: kilgrak folded before Flop (didn't bet)
Seat 2: maksim-2003 folded before Flop (didn't bet)
Seat 3: baligo666 folded before Flop (didn't bet)
Seat 5: Zauberer_1 folded before Flop (didn't bet)
Seat 6: Dorex2007 (button) folded before Flop (didn't bet)
Seat 7: tucimira (small blind) folded before Flop
Seat 8: vadim3107 (big blind) folded on the River
Seat 9: RamziSaadi collected ($0.05)



PokerStars Hand #230659990961:  Hold'em No Limit ($0.01/$0.02 USD) - 2021/10/16 14:04:44 PT [2021/10/16 17:04:44 ET]
Table 'Gellivara III' 9-max Seat #7 is the button
Seat 1: kilgrak ($2.71 in chips) 
Seat 2: maksim-2003 ($2.39 in chips) 
Seat 3: baligo666 ($1.32 in chips) 
Seat 5: Zauberer_1 ($2 in chips) 
Seat 6: Dorex2007 ($1.99 in chips) 
Seat 7: tucimira ($2.81 in chips) 
Seat 8: vadim3107 ($1.60 in chips) 
Seat 9: RamziSaadi ($1.75 in chips) 
vadim3107: posts small blind $0.01
RamziSaadi: posts big blind $0.02
vortso: sits out 
*** HOLE CARDS ***
Dealt to Dorex2007 [Td 4d]
kilgrak: folds 
maksim-2003: folds 
baligo666: calls $0.02
Zauberer_1: folds 
Dorex2007: folds 
tucimira: folds 
vadim3107: calls $0.01
RamziSaadi: raises $0.04 to $0.06
baligo666: calls $0.04
vadim3107: folds 
*** FLOP *** [8h Qc 2h]
RamziSaadi: checks 
baligo666: checks 
*** TURN *** [8h Qc 2h] [9d]
RamziSaadi: bets $0.14
baligo666: calls $0.14
*** RIVER *** [8h Qc 2h 9d] [4h]
RamziSaadi: bets $0.41
baligo666: raises $0.71 to $1.12 and is all-in
RamziSaadi: calls $0.71
*** SHOW DOWN ***
baligo666: shows [9s 4s] (two pair, Nines and Fours)
RamziSaadi: shows [Qs Ts] (a pair of Queens)
baligo666 collected $2.57 from pot
*** SUMMARY ***
Total pot $2.66 | Rake $0.09 
Board [8h Qc 2h 9d 4h]
Seat 1: kilgrak folded before Flop (didn't bet)
Seat 2: maksim-2003 folded before Flop (didn't bet)
Seat 3: baligo666 showed [9s 4s] and won ($2.57) with two pair, Nines and Fours
Seat 5: Zauberer_1 folded before Flop (didn't bet)
Seat 6: Dorex2007 folded before Flop (didn't bet)
Seat 7: tucimira (button) folded before Flop (didn't bet)
Seat 8: vadim3107 (small blind) folded before Flop
Seat 9: RamziSaadi (big blind) showed [Qs Ts] and lost with a pair of Queens



PokerStars Hand #230660020093:  Hold'em No Limit ($0.01/$0.02 USD) - 2021/10/16 14:05:45 PT [2021/10/16 17:05:45 ET]
Table 'Gellivara III' 9-max Seat #8 is the button
Seat 1: kilgrak ($2.71 in chips) 
Seat 2: maksim-2003 ($2.39 in chips) 
Seat 3: baligo666 ($2.57 in chips) 
Seat 5: Zauberer_1 ($2 in chips) 
Seat 6: Dorex2007 ($1.99 in chips) 
Seat 7: tucimira ($2.81 in chips) 
Seat 8: vadim3107 ($1.60 in chips) 
Seat 9: RamziSaadi ($0.43 in chips) 
RamziSaadi: posts small blind $0.01
kilgrak: posts big blind $0.02
vortso: sits out 
*** HOLE CARDS ***
Dealt to Dorex2007 [9s 2s]
maksim-2003: folds 
baligo666: folds 
Zauberer_1: calls $0.02
Dorex2007: folds 
tucimira: calls $0.02
vadim3107: folds 
RamziSaadi: calls $0.01
kilgrak: raises $0.04 to $0.06
Zauberer_1: calls $0.04
tucimira: calls $0.04
RamziSaadi: calls $0.04
*** FLOP *** [4s 6s 8h]
RamziSaadi: checks 
kilgrak: checks 
Zauberer_1: checks 
tucimira: checks 
*** TURN *** [4s 6s 8h] [4c]
RamziSaadi: checks 
kilgrak: bets $0.23
Zauberer_1: folds 
tucimira: folds 
RamziSaadi: folds 
Uncalled bet ($0.23) returned to kilgrak
kilgrak collected $0.23 from pot
kilgrak: doesn't show hand 
*** SUMMARY ***
Total pot $0.24 | Rake $0.01 
Board [4s 6s 8h 4c]
Seat 1: kilgrak (big blind) collected ($0.23)
Seat 2: maksim-2003 folded before Flop (didn't bet)
Seat 3: baligo666 folded before Flop (didn't bet)
Seat 5: Zauberer_1 folded on the Turn
Seat 6: Dorex2007 folded before Flop (didn't bet)
Seat 7: tucimira folded on the Turn
Seat 8: vadim3107 (button) folded before Flop (didn't bet)
Seat 9: RamziSaadi (small blind) folded on the Turn



PokerStars Hand #230660041244:  Hold'em No Limit ($0.01/$0.02 USD) - 2021/10/16 14:06:29 PT [2021/10/16 17:06:29 ET]
Table 'Gellivara III' 9-max Seat #9 is the button
Seat 1: kilgrak ($2.88 in chips) 
Seat 2: maksim-2003 ($2.39 in chips) 
Seat 3: baligo666 ($2.57 in chips) 
Seat 5: Zauberer_1 ($2 in chips) 
Seat 6: Dorex2007 ($1.99 in chips) 
Seat 7: tucimira ($2.75 in chips) 
Seat 8: vadim3107 ($1.60 in chips) 
Seat 9: RamziSaadi ($0.37 in chips) 
kilgrak: posts small blind $0.01
maksim-2003: posts big blind $0.02
vortso: sits out 
*** HOLE CARDS ***
Dealt to Dorex2007 [3s 8c]
baligo666: folds 
Zauberer_1: calls $0.02
Dorex2007: folds 
tucimira: calls $0.02
vadim3107: folds 
RamziSaadi: raises $0.08 to $0.10
kilgrak: folds 
maksim-2003: folds 
Zauberer_1: folds 
tucimira: folds 
Uncalled bet ($0.08) returned to RamziSaadi
RamziSaadi collected $0.09 from pot
RamziSaadi: doesn't show hand 
*** SUMMARY ***
Total pot $0.09 | Rake $0 
Seat 1: kilgrak (small blind) folded before Flop
Seat 2: maksim-2003 (big blind) folded before Flop
Seat 3: baligo666 folded before Flop (didn't bet)
Seat 5: Zauberer_1 folded before Flop
Seat 6: Dorex2007 folded before Flop (didn't bet)
Seat 7: tucimira folded before Flop
Seat 8: vadim3107 folded before Flop (didn't bet)
Seat 9: RamziSaadi (button) collected ($0.09)



PokerStars Hand #230660052223:  Hold'em No Limit ($0.01/$0.02 USD) - 2021/10/16 14:06:52 PT [2021/10/16 17:06:52 ET]
Table 'Gellivara III' 9-max Seat #1 is the button
Seat 1: kilgrak ($2.87 in chips) 
Seat 2: maksim-2003 ($2.37 in chips) 
Seat 3: baligo666 ($2.57 in chips) 
Seat 5: Zauberer_1 ($2 in chips) 
Seat 6: Dorex2007 ($1.99 in chips) 
Seat 7: tucimira ($2.73 in chips) 
Seat 8: vadim3107 ($1.60 in chips) 
Seat 9: RamziSaadi ($0.44 in chips) 
maksim-2003: posts small blind $0.01
baligo666: posts big blind $0.02
vortso: sits out 
*** HOLE CARDS ***
Dealt to Dorex2007 [8d 2h]
Zauberer_1: folds 
Dorex2007: folds 
tucimira: folds 
vadim3107: raises $0.02 to $0.04
RamziSaadi: calls $0.04
kilgrak: folds 
maksim-2003: folds 
baligo666: folds 
*** FLOP *** [8h Td 8c]
vadim3107: bets $0.02
RamziSaadi: calls $0.02
*** TURN *** [8h Td 8c] [2s]
vadim3107: bets $0.07
RamziSaadi: calls $0.07
*** RIVER *** [8h Td 8c 2s] [6s]
vadim3107: checks 
RamziSaadi: bets $0.28
vadim3107: folds 
Uncalled bet ($0.28) returned to RamziSaadi
RamziSaadi collected $0.28 from pot
RamziSaadi: doesn't show hand 
*** SUMMARY ***
Total pot $0.29 | Rake $0.01 
Board [8h Td 8c 2s 6s]
Seat 1: kilgrak (button) folded before Flop (didn't bet)
Seat 2: maksim-2003 (small blind) folded before Flop
Seat 3: baligo666 (big blind) folded before Flop
Seat 5: Zauberer_1 folded before Flop (didn't bet)
Seat 6: Dorex2007 folded before Flop (didn't bet)
Seat 7: tucimira folded before Flop (didn't bet)
Seat 8: vadim3107 folded on the River
Seat 9: RamziSaadi collected ($0.28)



PokerStars Hand #230660070570:  Hold'em No Limit ($0.01/$0.02 USD) - 2021/10/16 14:07:30 PT [2021/10/16 17:07:30 ET]
Table 'Gellivara III' 9-max Seat #2 is the button
Seat 1: kilgrak ($2.87 in chips) 
Seat 2: maksim-2003 ($2.36 in chips) 
Seat 3: baligo666 ($2.55 in chips) 
Seat 4: vortso ($0.80 in chips) 
Seat 5: Zauberer_1 ($2 in chips) 
Seat 6: Dorex2007 ($1.99 in chips) 
Seat 7: tucimira ($2.73 in chips) 
Seat 8: vadim3107 ($1.60 in chips) 
Seat 9: RamziSaadi ($0.59 in chips) 
baligo666: posts small blind $0.01
vortso: posts big blind $0.02
*** HOLE CARDS ***
Dealt to Dorex2007 [8d 3h]
Zauberer_1: folds 
Dorex2007: folds 
tucimira: folds 
Zauberer_1 leaves the table
vadim3107: raises $0.04 to $0.06
RamziSaadi: calls $0.06
kilgrak: folds 
maksim-2003: folds 
baligo666: folds 
vortso: folds 
*** FLOP *** [8s 2c Ts]
vadim3107: checks 
RamziSaadi: checks 
*** TURN *** [8s 2c Ts] [Qs]
vadim3107: checks 
dimas210485 joins the table at seat #5 
RamziSaadi: bets $0.14
vadim3107: folds 
Uncalled bet ($0.14) returned to RamziSaadi
RamziSaadi collected $0.14 from pot
RamziSaadi: doesn't show hand 
*** SUMMARY ***
Total pot $0.15 | Rake $0.01 
Board [8s 2c Ts Qs]
Seat 1: kilgrak folded before Flop (didn't bet)
Seat 2: maksim-2003 (button) folded before Flop (didn't bet)
Seat 3: baligo666 (small blind) folded before Flop
Seat 4: vortso (big blind) folded before Flop
Seat 5: Zauberer_1 folded before Flop (didn't bet)
Seat 6: Dorex2007 folded before Flop (didn't bet)
Seat 7: tucimira folded before Flop (didn't bet)
Seat 8: vadim3107 folded on the Turn
Seat 9: RamziSaadi collected ($0.14)



PokerStars Hand #230660085843:  Hold'em No Limit ($0.01/$0.02 USD) - 2021/10/16 14:08:02 PT [2021/10/16 17:08:02 ET]
Table 'Gellivara III' 9-max Seat #3 is the button
Seat 1: kilgrak ($2.87 in chips) 
Seat 2: maksim-2003 ($2.36 in chips) 
Seat 3: baligo666 ($2.54 in chips) 
Seat 4: vortso ($0.80 in chips) 
Seat 5: dimas210485 ($2 in chips) 
Seat 6: Dorex2007 ($1.99 in chips) 
Seat 7: tucimira ($2.73 in chips) 
Seat 8: vadim3107 ($1.60 in chips) 
Seat 9: RamziSaadi ($0.67 in chips) 
vortso: posts small blind $0.01
dimas210485: posts big blind $0.02
*** HOLE CARDS ***
Dealt to Dorex2007 [3c 8s]
Dorex2007: folds 
tucimira: folds 
vadim3107: folds 
RamziSaadi: calls $0.02
kilgrak: folds 
maksim-2003: folds 
baligo666: folds 
vortso: folds 
dimas210485: checks 
*** FLOP *** [8h 2h Jd]
dimas210485: checks 
RamziSaadi: bets $0.05
dimas210485: calls $0.05
*** TURN *** [8h 2h Jd] [6d]
dimas210485: checks 
RamziSaadi: bets $0.07
dimas210485: folds 
Uncalled bet ($0.07) returned to RamziSaadi
RamziSaadi collected $0.14 from pot
RamziSaadi: doesn't show hand 
*** SUMMARY ***
Total pot $0.15 | Rake $0.01 
Board [8h 2h Jd 6d]
Seat 1: kilgrak folded before Flop (didn't bet)
Seat 2: maksim-2003 folded before Flop (didn't bet)
Seat 3: baligo666 (button) folded before Flop (didn't bet)
Seat 4: vortso (small blind) folded before Flop
Seat 5: dimas210485 (big blind) folded on the Turn
Seat 6: Dorex2007 folded before Flop (didn't bet)
Seat 7: tucimira folded before Flop (didn't bet)
Seat 8: vadim3107 folded before Flop (didn't bet)
Seat 9: RamziSaadi collected ($0.14)



PokerStars Hand #230660106908:  Hold'em No Limit ($0.01/$0.02 USD) - 2021/10/16 14:08:46 PT [2021/10/16 17:08:46 ET]
Table 'Gellivara III' 9-max Seat #4 is the button
Seat 1: kilgrak ($2.87 in chips) 
Seat 2: maksim-2003 ($2.36 in chips) 
Seat 3: baligo666 ($2.54 in chips) 
Seat 4: vortso ($0.80 in chips) 
Seat 5: dimas210485 ($1.93 in chips) 
Seat 6: Dorex2007 ($1.99 in chips) 
Seat 7: tucimira ($2.73 in chips) 
Seat 8: vadim3107 ($1.60 in chips) 
Seat 9: RamziSaadi ($0.74 in chips) 
dimas210485: posts small blind $0.01
Dorex2007: posts big blind $0.02
*** HOLE CARDS ***
Dealt to Dorex2007 [Qc Ad]
tucimira: folds 
vadim3107: folds 
RamziSaadi: calls $0.02
kilgrak: folds 
maksim-2003: folds 
baligo666: folds 
vortso: raises $0.02 to $0.04
dimas210485: folds 
Dorex2007: calls $0.02
RamziSaadi: calls $0.02
*** FLOP *** [5d 5s Jd]
Dorex2007: checks 
RamziSaadi: checks 
vortso: bets $0.07
Dorex2007: calls $0.07
RamziSaadi: calls $0.07
*** TURN *** [5d 5s Jd] [4s]
Dorex2007: checks 
RamziSaadi: checks 
vortso: bets $0.19
Dorex2007: folds 
RamziSaadi: calls $0.19
*** RIVER *** [5d 5s Jd 4s] [6s]
RamziSaadi: bets $0.44 and is all-in
vortso: calls $0.44
*** SHOW DOWN ***
RamziSaadi: shows [5c Qd] (three of a kind, Fives)
vortso: shows [Ah Ac] (two pair, Aces and Fives)
RamziSaadi collected $1.54 from pot
*** SUMMARY ***
Total pot $1.60 | Rake $0.06 
Board [5d 5s Jd 4s 6s]
Seat 1: kilgrak folded before Flop (didn't bet)
Seat 2: maksim-2003 folded before Flop (didn't bet)
Seat 3: baligo666 folded before Flop (didn't bet)
Seat 4: vortso (button) showed [Ah Ac] and lost with two pair, Aces and Fives
Seat 5: dimas210485 (small blind) folded before Flop
Seat 6: Dorex2007 (big blind) folded on the Turn
Seat 7: tucimira folded before Flop (didn't bet)
Seat 8: vadim3107 folded before Flop (didn't bet)
Seat 9: RamziSaadi showed [5c Qd] and won ($1.54) with three of a kind, Fives



PokerStars Hand #230660141414:  Hold'em No Limit ($0.01/$0.02 USD) - 2021/10/16 14:09:59 PT [2021/10/16 17:09:59 ET]
Table 'Gellivara III' 9-max Seat #5 is the button
Seat 1: kilgrak ($2.87 in chips) 
Seat 2: maksim-2003 ($2.36 in chips) 
Seat 3: baligo666 ($2.54 in chips) 
Seat 4: vortso ($0.80 in chips) 
Seat 5: dimas210485 ($1.92 in chips) 
Seat 6: Dorex2007 ($1.88 in chips) 
Seat 7: tucimira ($2.73 in chips) 
Seat 8: vadim3107 ($1.60 in chips) 
Seat 9: RamziSaadi ($1.54 in chips) 
Dorex2007: posts small blind $0.01
tucimira: posts big blind $0.02
*** HOLE CARDS ***
Dealt to Dorex2007 [Qc 3h]
vadim3107: folds 
RamziSaadi: calls $0.02
kilgrak: folds 
maksim-2003: folds 
baligo666: folds 
vortso: folds 
dimas210485: folds 
Dorex2007: folds 
tucimira: checks 
*** FLOP *** [3s Ad 9d]
tucimira: checks 
RamziSaadi: checks 
*** TURN *** [3s Ad 9d] [As]
tucimira: checks 
RamziSaadi: checks 
*** RIVER *** [3s Ad 9d As] [Qs]
tucimira: checks 
RamziSaadi: checks 
*** SHOW DOWN ***
tucimira: shows [7s 8c] (a pair of Aces)
RamziSaadi: shows [Kc Js] (a pair of Aces - King kicker)
RamziSaadi collected $0.05 from pot
*** SUMMARY ***
Total pot $0.05 | Rake $0 
Board [3s Ad 9d As Qs]
Seat 1: kilgrak folded before Flop (didn't bet)
Seat 2: maksim-2003 folded before Flop (didn't bet)
Seat 3: baligo666 folded before Flop (didn't bet)
Seat 4: vortso folded before Flop (didn't bet)
Seat 5: dimas210485 (button) folded before Flop (didn't bet)
Seat 6: Dorex2007 (small blind) folded before Flop
Seat 7: tucimira (big blind) showed [7s 8c] and lost with a pair of Aces
Seat 8: vadim3107 folded before Flop (didn't bet)
Seat 9: RamziSaadi showed [Kc Js] and won ($0.05) with a pair of Aces



PokerStars Hand #230660154849:  Hold'em No Limit ($0.01/$0.02 USD) - 2021/10/16 14:10:28 PT [2021/10/16 17:10:28 ET]
Table 'Gellivara III' 9-max Seat #6 is the button
Seat 1: kilgrak ($2.87 in chips) 
Seat 2: maksim-2003 ($2.36 in chips) 
Seat 3: baligo666 ($2.54 in chips) 
Seat 4: vortso ($0.80 in chips) 
Seat 5: dimas210485 ($1.92 in chips) 
Seat 6: Dorex2007 ($1.87 in chips) 
Seat 7: tucimira ($2.71 in chips) 
Seat 8: vadim3107 ($1.60 in chips) 
Seat 9: RamziSaadi ($1.57 in chips) 
tucimira: posts small blind $0.01
vadim3107: posts big blind $0.02
*** HOLE CARDS ***
Dealt to Dorex2007 [5d 7s]
RamziSaadi: calls $0.02
kilgrak: folds 
maksim-2003: raises $0.08 to $0.10
baligo666: folds 
vortso: folds 
dimas210485: folds 
Dorex2007: folds 
tucimira: folds 
vadim3107: folds 
RamziSaadi: calls $0.08
*** FLOP *** [Js 9s Ts]
RamziSaadi: checks 
maksim-2003: bets $0.11
RamziSaadi: calls $0.11
*** TURN *** [Js 9s Ts] [3h]
RamziSaadi: checks 
maksim-2003: bets $0.22
RamziSaadi: calls $0.22
*** RIVER *** [Js 9s Ts 3h] [Kh]
RamziSaadi: checks 
maksim-2003: checks 
*** SHOW DOWN ***
RamziSaadi: shows [Qc Ks] (a straight, Nine to King)
maksim-2003: mucks hand 
RamziSaadi collected $0.86 from pot
*** SUMMARY ***
Total pot $0.89 | Rake $0.03 
Board [Js 9s Ts 3h Kh]
Seat 1: kilgrak folded before Flop (didn't bet)
Seat 2: maksim-2003 mucked [Ah Ac]
Seat 3: baligo666 folded before Flop (didn't bet)
Seat 4: vortso folded before Flop (didn't bet)
Seat 5: dimas210485 folded before Flop (didn't bet)
Seat 6: Dorex2007 (button) folded before Flop (didn't bet)
Seat 7: tucimira (small blind) folded before Flop
Seat 8: vadim3107 (big blind) folded before Flop
Seat 9: RamziSaadi showed [Qc Ks] and won ($0.86) with a straight, Nine to King



PokerStars Hand #230660177471:  Hold'em No Limit ($0.01/$0.02 USD) - 2021/10/16 14:11:16 PT [2021/10/16 17:11:16 ET]
Table 'Gellivara III' 9-max Seat #7 is the button
Seat 1: kilgrak ($2.87 in chips) 
Seat 2: maksim-2003 ($2 in chips) 
Seat 3: baligo666 ($2.54 in chips) 
Seat 4: vortso ($0.80 in chips) 
Seat 5: dimas210485 ($1.92 in chips) 
Seat 6: Dorex2007 ($1.87 in chips) 
Seat 7: tucimira ($2.70 in chips) 
Seat 8: vadim3107 ($1.60 in chips) 
Seat 9: RamziSaadi ($2 in chips) 
vadim3107: posts small blind $0.01
RamziSaadi: posts big blind $0.02
*** HOLE CARDS ***
Dealt to Dorex2007 [8s 7c]
kilgrak: raises $0.04 to $0.06
maksim-2003: calls $0.06
baligo666: folds 
vortso: folds 
dimas210485: folds 
Dorex2007: folds 
tucimira: folds 
vadim3107: folds 
RamziSaadi: calls $0.04
*** FLOP *** [2c 6c Qd]
RamziSaadi: checks 
kilgrak: checks 
maksim-2003: bets $0.10
RamziSaadi: folds 
kilgrak: calls $0.10
*** TURN *** [2c 6c Qd] [6h]
kilgrak: checks 
maksim-2003: bets $0.19
kilgrak: calls $0.19
*** RIVER *** [2c 6c Qd 6h] [Ad]
kilgrak: bets $0.74
maksim-2003: folds 
Uncalled bet ($0.74) returned to kilgrak
kilgrak collected $0.74 from pot
kilgrak: doesn't show hand 
*** SUMMARY ***
Total pot $0.77 | Rake $0.03 
Board [2c 6c Qd 6h Ad]
Seat 1: kilgrak collected ($0.74)
Seat 2: maksim-2003 folded on the River
Seat 3: baligo666 folded before Flop (didn't bet)
Seat 4: vortso folded before Flop (didn't bet)
Seat 5: dimas210485 folded before Flop (didn't bet)
Seat 6: Dorex2007 folded before Flop (didn't bet)
Seat 7: tucimira (button) folded before Flop (didn't bet)
Seat 8: vadim3107 (small blind) folded before Flop
Seat 9: RamziSaadi (big blind) folded on the Flop



PokerStars Hand #230660199062:  Hold'em No Limit ($0.01/$0.02 USD) - 2021/10/16 14:12:02 PT [2021/10/16 17:12:02 ET]
Table 'Gellivara III' 9-max Seat #8 is the button
Seat 1: kilgrak ($3.26 in chips) 
Seat 2: maksim-2003 ($2 in chips) 
Seat 3: baligo666 ($2.54 in chips) 
Seat 4: vortso ($0.80 in chips) 
Seat 5: dimas210485 ($1.92 in chips) 
Seat 6: Dorex2007 ($1.87 in chips) 
Seat 7: tucimira ($2.70 in chips) 
Seat 8: vadim3107 ($1.60 in chips) 
Seat 9: RamziSaadi ($1.94 in chips) 
RamziSaadi: posts small blind $0.01
kilgrak: posts big blind $0.02
*** HOLE CARDS ***
Dealt to Dorex2007 [Qs 3d]
maksim-2003: folds 
baligo666: folds 
vortso: folds 
dimas210485: raises $0.04 to $0.06
Dorex2007: folds 
tucimira: folds 
vadim3107: folds 
RamziSaadi: calls $0.05
kilgrak: calls $0.04
*** FLOP *** [Jd Kd 6s]
RamziSaadi: checks 
kilgrak: bets $0.09
dimas210485: calls $0.09
RamziSaadi: folds 
*** TURN *** [Jd Kd 6s] [Td]
kilgrak: bets $0.35
dimas210485: folds 
Uncalled bet ($0.35) returned to kilgrak
kilgrak collected $0.35 from pot
kilgrak: doesn't show hand 
*** SUMMARY ***
Total pot $0.36 | Rake $0.01 
Board [Jd Kd 6s Td]
Seat 1: kilgrak (big blind) collected ($0.35)
Seat 2: maksim-2003 folded before Flop (didn't bet)
Seat 3: baligo666 folded before Flop (didn't bet)
Seat 4: vortso folded before Flop (didn't bet)
Seat 5: dimas210485 folded on the Turn
Seat 6: Dorex2007 folded before Flop (didn't bet)
Seat 7: tucimira folded before Flop (didn't bet)
Seat 8: vadim3107 (button) folded before Flop (didn't bet)
Seat 9: RamziSaadi (small blind) folded on the Flop



PokerStars Hand #230660217814:  Hold'em No Limit ($0.01/$0.02 USD) - 2021/10/16 14:12:41 PT [2021/10/16 17:12:41 ET]
Table 'Gellivara III' 9-max Seat #9 is the button
Seat 1: kilgrak ($3.46 in chips) 
Seat 2: maksim-2003 ($2 in chips) 
Seat 3: baligo666 ($2.54 in chips) 
Seat 4: vortso ($0.80 in chips) 
Seat 5: dimas210485 ($1.77 in chips) 
Seat 6: Dorex2007 ($1.87 in chips) 
Seat 7: tucimira ($2.70 in chips) 
Seat 8: vadim3107 ($1.60 in chips) 
Seat 9: RamziSaadi ($1.88 in chips) 
kilgrak: posts small blind $0.01
maksim-2003: posts big blind $0.02
*** HOLE CARDS ***
Dealt to Dorex2007 [5d 3c]
baligo666: folds 
vortso: folds 
dimas210485: folds 
Dorex2007: folds 
tucimira: folds 
vadim3107: folds 
RamziSaadi: folds 
kilgrak: raises $0.04 to $0.06
maksim-2003: folds 
Uncalled bet ($0.04) returned to kilgrak
kilgrak collected $0.04 from pot
kilgrak: doesn't show hand 
*** SUMMARY ***
Total pot $0.04 | Rake $0 
Seat 1: kilgrak (small blind) collected ($0.04)
Seat 2: maksim-2003 (big blind) folded before Flop
Seat 3: baligo666 folded before Flop (didn't bet)
Seat 4: vortso folded before Flop (didn't bet)
Seat 5: dimas210485 folded before Flop (didn't bet)
Seat 6: Dorex2007 folded before Flop (didn't bet)
Seat 7: tucimira folded before Flop (didn't bet)
Seat 8: vadim3107 folded before Flop (didn't bet)
Seat 9: RamziSaadi (button) folded before Flop (didn't bet)



PokerStars Hand #230660225677:  Hold'em No Limit ($0.01/$0.02 USD) - 2021/10/16 14:12:58 PT [2021/10/16 17:12:58 ET]
Table 'Gellivara III' 9-max Seat #1 is the button
Seat 1: kilgrak ($3.48 in chips) 
Seat 2: maksim-2003 ($2 in chips) 
Seat 3: baligo666 ($2.54 in chips) 
Seat 4: vortso ($0.80 in chips) 
Seat 5: dimas210485 ($1.77 in chips) 
Seat 6: Dorex2007 ($1.87 in chips) 
Seat 7: tucimira ($2.70 in chips) 
Seat 8: vadim3107 ($1.60 in chips) 
Seat 9: RamziSaadi ($1.88 in chips) 
maksim-2003: posts small blind $0.01
baligo666: posts big blind $0.02
*** HOLE CARDS ***
Dealt to Dorex2007 [3h Kd]
vortso: folds 
dimas210485: folds 
Dorex2007: folds 
tucimira: raises $0.06 to $0.08
vadim3107: folds 
RamziSaadi: folds 
kilgrak: raises $0.16 to $0.24
maksim-2003: folds 
baligo666: folds 
tucimira: calls $0.16
*** FLOP *** [8h 6s Qd]
tucimira: checks 
kilgrak: bets $0.49
tucimira: folds 
Uncalled bet ($0.49) returned to kilgrak
kilgrak collected $0.49 from pot
kilgrak: doesn't show hand 
*** SUMMARY ***
Total pot $0.51 | Rake $0.02 
Board [8h 6s Qd]
Seat 1: kilgrak (button) collected ($0.49)
Seat 2: maksim-2003 (small blind) folded before Flop
Seat 3: baligo666 (big blind) folded before Flop
Seat 4: vortso folded before Flop (didn't bet)
Seat 5: dimas210485 folded before Flop (didn't bet)
Seat 6: Dorex2007 folded before Flop (didn't bet)
Seat 7: tucimira folded on the Flop
Seat 8: vadim3107 folded before Flop (didn't bet)
Seat 9: RamziSaadi folded before Flop (didn't bet)



PokerStars Hand #230660245184:  Hold'em No Limit ($0.01/$0.02 USD) - 2021/10/16 14:13:40 PT [2021/10/16 17:13:40 ET]
Table 'Gellivara III' 9-max Seat #2 is the button
Seat 1: kilgrak ($3.73 in chips) 
Seat 2: maksim-2003 ($2 in chips) 
Seat 3: baligo666 ($2.52 in chips) 
Seat 4: vortso ($0.80 in chips) 
Seat 5: dimas210485 ($1.77 in chips) 
Seat 6: Dorex2007 ($1.87 in chips) 
Seat 7: tucimira ($2.46 in chips) 
Seat 8: vadim3107 ($1.60 in chips) 
Seat 9: RamziSaadi ($1.88 in chips) 
baligo666: posts small blind $0.01
vortso: posts big blind $0.02
*** HOLE CARDS ***
Dealt to Dorex2007 [3c 5c]
dimas210485: folds 
Dorex2007: folds 
tucimira: folds 
vadim3107: folds 
RamziSaadi: calls $0.02
kilgrak: raises $0.04 to $0.06
maksim-2003: calls $0.06
baligo666: folds 
vortso: folds 
RamziSaadi: calls $0.04
*** FLOP *** [5d As 8c]
RamziSaadi: checks 
kilgrak: bets $0.10
maksim-2003: calls $0.10
RamziSaadi: folds 
*** TURN *** [5d As 8c] [Kd]
kilgrak: bets $0.40
maksim-2003: folds 
Uncalled bet ($0.40) returned to kilgrak
kilgrak collected $0.40 from pot
kilgrak: doesn't show hand 
*** SUMMARY ***
Total pot $0.41 | Rake $0.01 
Board [5d As 8c Kd]
Seat 1: kilgrak collected ($0.40)
Seat 2: maksim-2003 (button) folded on the Turn
Seat 3: baligo666 (small blind) folded before Flop
Seat 4: vortso (big blind) folded before Flop
Seat 5: dimas210485 folded before Flop (didn't bet)
Seat 6: Dorex2007 folded before Flop (didn't bet)
Seat 7: tucimira folded before Flop (didn't bet)
Seat 8: vadim3107 folded before Flop (didn't bet)
Seat 9: RamziSaadi folded on the Flop



PokerStars Hand #230660264017:  Hold'em No Limit ($0.01/$0.02 USD) - 2021/10/16 14:14:20 PT [2021/10/16 17:14:20 ET]
Table 'Gellivara III' 9-max Seat #3 is the button
Seat 1: kilgrak ($3.97 in chips) 
Seat 2: maksim-2003 ($2 in chips) 
Seat 3: baligo666 ($2.51 in chips) 
Seat 4: vortso ($0.80 in chips) 
Seat 5: dimas210485 ($1.77 in chips) 
Seat 6: Dorex2007 ($1.87 in chips) 
Seat 7: tucimira ($2.46 in chips) 
Seat 8: vadim3107 ($1.60 in chips) 
Seat 9: RamziSaadi ($1.82 in chips) 
vortso: posts small blind $0.01
dimas210485: posts big blind $0.02
*** HOLE CARDS ***
Dealt to Dorex2007 [Ah 2c]
Dorex2007: folds 
tucimira: folds 
vadim3107: folds 
RamziSaadi: calls $0.02
kilgrak: folds 
maksim-2003: folds 
baligo666: folds 
vortso: folds 
dimas210485: checks 
*** FLOP *** [6h 5h 7d]
dimas210485: checks 
RamziSaadi: bets $0.05
dimas210485: calls $0.05
*** TURN *** [6h 5h 7d] [Qs]
dimas210485: checks 
RamziSaadi: checks 
*** RIVER *** [6h 5h 7d Qs] [Qd]
dimas210485: checks 
RamziSaadi: bets $0.14
dimas210485: calls $0.14
*** SHOW DOWN ***
RamziSaadi: shows [4h 8s] (a straight, Four to Eight)
dimas210485: mucks hand 
RamziSaadi collected $0.41 from pot
*** SUMMARY ***
Total pot $0.43 | Rake $0.02 
Board [6h 5h 7d Qs Qd]
Seat 1: kilgrak folded before Flop (didn't bet)
Seat 2: maksim-2003 folded before Flop (didn't bet)
Seat 3: baligo666 (button) folded before Flop (didn't bet)
Seat 4: vortso (small blind) folded before Flop
Seat 5: dimas210485 (big blind) mucked [3s 6s]
Seat 6: Dorex2007 folded before Flop (didn't bet)
Seat 7: tucimira folded before Flop (didn't bet)
Seat 8: vadim3107 folded before Flop (didn't bet)
Seat 9: RamziSaadi showed [4h 8s] and won ($0.41) with a straight, Four to Eight



PokerStars Hand #230660293881:  Hold'em No Limit ($0.01/$0.02 USD) - 2021/10/16 14:15:11 PT [2021/10/16 17:15:11 ET]
Table 'Gellivara III' 9-max Seat #4 is the button
Seat 1: kilgrak ($3.97 in chips) 
Seat 2: maksim-2003 ($2 in chips) 
Seat 3: baligo666 ($2.51 in chips) 
Seat 4: vortso ($0.80 in chips) 
Seat 5: dimas210485 ($1.56 in chips) 
Seat 6: Dorex2007 ($1.87 in chips) 
Seat 7: tucimira ($2.46 in chips) 
Seat 8: vadim3107 ($1.60 in chips) 
Seat 9: RamziSaadi ($2.02 in chips) 
dimas210485: posts small blind $0.01
Dorex2007: posts big blind $0.02
*** HOLE CARDS ***
Dealt to Dorex2007 [8h 9d]
tucimira: folds 
vadim3107: folds 
RamziSaadi: calls $0.02
kilgrak: folds 
maksim-2003: folds 
baligo666: folds 
vortso: folds 
dimas210485: raises $0.06 to $0.08
Dorex2007: folds 
RamziSaadi: calls $0.06
*** FLOP *** [5d 9s 3d]
dimas210485: bets $0.07
RamziSaadi: calls $0.07
*** TURN *** [5d 9s 3d] [2h]
dimas210485: checks 
RamziSaadi: bets $0.31
dimas210485: folds 
Uncalled bet ($0.31) returned to RamziSaadi
RamziSaadi collected $0.31 from pot
RamziSaadi: doesn't show hand 
*** SUMMARY ***
Total pot $0.32 | Rake $0.01 
Board [5d 9s 3d 2h]
Seat 1: kilgrak folded before Flop (didn't bet)
Seat 2: maksim-2003 folded before Flop (didn't bet)
Seat 3: baligo666 folded before Flop (didn't bet)
Seat 4: vortso (button) folded before Flop (didn't bet)
Seat 5: dimas210485 (small blind) folded on the Turn
Seat 6: Dorex2007 (big blind) folded before Flop
Seat 7: tucimira folded before Flop (didn't bet)
Seat 8: vadim3107 folded before Flop (didn't bet)
Seat 9: RamziSaadi collected ($0.31)



PokerStars Hand #230660314416:  Hold'em No Limit ($0.01/$0.02 USD) - 2021/10/16 14:15:55 PT [2021/10/16 17:15:55 ET]
Table 'Gellivara III' 9-max Seat #5 is the button
Seat 1: kilgrak ($3.97 in chips) 
Seat 2: maksim-2003 ($2 in chips) 
Seat 3: baligo666 ($2.51 in chips) 
Seat 4: vortso ($0.80 in chips) 
Seat 5: dimas210485 ($1.41 in chips) 
Seat 6: Dorex2007 ($2 in chips) 
Seat 7: tucimira ($2.46 in chips) 
Seat 8: vadim3107 ($1.60 in chips) 
Seat 9: RamziSaadi ($2.18 in chips) 
Dorex2007: posts small blind $0.01
tucimira: posts big blind $0.02
*** HOLE CARDS ***
Dealt to Dorex2007 [Td Qc]
vadim3107: folds 
RamziSaadi: raises $0.06 to $0.08
kilgrak: folds 
maksim-2003: folds 
baligo666: folds 
vortso: folds 
dimas210485: folds 
Dorex2007: folds 
tucimira: folds 
Uncalled bet ($0.06) returned to RamziSaadi
RamziSaadi collected $0.05 from pot
RamziSaadi: doesn't show hand 
*** SUMMARY ***
Total pot $0.05 | Rake $0 
Seat 1: kilgrak folded before Flop (didn't bet)
Seat 2: maksim-2003 folded before Flop (didn't bet)
Seat 3: baligo666 folded before Flop (didn't bet)
Seat 4: vortso folded before Flop (didn't bet)
Seat 5: dimas210485 (button) folded before Flop (didn't bet)
Seat 6: Dorex2007 (small blind) folded before Flop
Seat 7: tucimira (big blind) folded before Flop
Seat 8: vadim3107 folded before Flop (didn't bet)
Seat 9: RamziSaadi collected ($0.05)



PokerStars Hand #230660324689:  Hold'em No Limit ($0.01/$0.02 USD) - 2021/10/16 14:16:17 PT [2021/10/16 17:16:17 ET]
Table 'Gellivara III' 9-max Seat #6 is the button
Seat 1: kilgrak ($3.97 in chips) 
Seat 2: maksim-2003 ($2 in chips) 
Seat 3: baligo666 ($2.51 in chips) 
Seat 4: vortso ($0.80 in chips) 
Seat 5: dimas210485 ($1.41 in chips) 
Seat 6: Dorex2007 ($2 in chips) 
Seat 7: tucimira ($2.44 in chips) 
Seat 8: vadim3107 ($1.60 in chips) 
Seat 9: RamziSaadi ($2.21 in chips) 
tucimira: posts small blind $0.01
vadim3107: posts big blind $0.02
*** HOLE CARDS ***
Dealt to Dorex2007 [8d Jd]
RamziSaadi: calls $0.02
kilgrak: folds 
maksim-2003: folds 
baligo666: folds 
vortso: folds 
dimas210485: folds 
Dorex2007: folds 
tucimira: folds 
vadim3107: checks 
*** FLOP *** [7h Ac 5c]
vadim3107: checks 
RamziSaadi: bets $0.05
vadim3107: folds 
Uncalled bet ($0.05) returned to RamziSaadi
RamziSaadi collected $0.05 from pot
RamziSaadi: doesn't show hand 
*** SUMMARY ***
Total pot $0.05 | Rake $0 
Board [7h Ac 5c]
Seat 1: kilgrak folded before Flop (didn't bet)
Seat 2: maksim-2003 folded before Flop (didn't bet)
Seat 3: baligo666 folded before Flop (didn't bet)
Seat 4: vortso folded before Flop (didn't bet)
Seat 5: dimas210485 folded before Flop (didn't bet)
Seat 6: Dorex2007 (button) folded before Flop (didn't bet)
Seat 7: tucimira (small blind) folded before Flop
Seat 8: vadim3107 (big blind) folded on the Flop
Seat 9: RamziSaadi collected ($0.05)



PokerStars Hand #230660336886:  Hold'em No Limit ($0.01/$0.02 USD) - 2021/10/16 14:16:43 PT [2021/10/16 17:16:43 ET]
Table 'Gellivara III' 9-max Seat #7 is the button
Seat 1: kilgrak ($3.97 in chips) 
Seat 2: maksim-2003 ($2 in chips) 
Seat 3: baligo666 ($2.51 in chips) 
Seat 4: vortso ($0.80 in chips) 
Seat 5: dimas210485 ($1.41 in chips) 
Seat 6: Dorex2007 ($2 in chips) 
Seat 7: tucimira ($2.43 in chips) 
Seat 8: vadim3107 ($1.60 in chips) 
Seat 9: RamziSaadi ($2.24 in chips) 
vadim3107: posts small blind $0.01
RamziSaadi: posts big blind $0.02
*** HOLE CARDS ***
Dealt to Dorex2007 [9c 6d]
kilgrak: raises $0.04 to $0.06
maksim-2003: folds 
baligo666: folds 
vortso: folds 
dimas210485: folds 
Dorex2007: folds 
tucimira: folds 
vadim3107: folds 
RamziSaadi: folds 
Uncalled bet ($0.04) returned to kilgrak
kilgrak collected $0.05 from pot
kilgrak: doesn't show hand 
*** SUMMARY ***
Total pot $0.05 | Rake $0 
Seat 1: kilgrak collected ($0.05)
Seat 2: maksim-2003 folded before Flop (didn't bet)
Seat 3: baligo666 folded before Flop (didn't bet)
Seat 4: vortso folded before Flop (didn't bet)
Seat 5: dimas210485 folded before Flop (didn't bet)
Seat 6: Dorex2007 folded before Flop (didn't bet)
Seat 7: tucimira (button) folded before Flop (didn't bet)
Seat 8: vadim3107 (small blind) folded before Flop
Seat 9: RamziSaadi (big blind) folded before Flop



PokerStars Hand #230660349892:  Hold'em No Limit ($0.01/$0.02 USD) - 2021/10/16 14:17:11 PT [2021/10/16 17:17:11 ET]
Table 'Gellivara III' 9-max Seat #8 is the button
Seat 1: kilgrak ($4 in chips) 
Seat 2: maksim-2003 ($2 in chips) 
Seat 3: baligo666 ($2.51 in chips) 
Seat 4: vortso ($0.80 in chips) 
Seat 5: dimas210485 ($1.41 in chips) 
Seat 6: Dorex2007 ($2 in chips) 
Seat 7: tucimira ($2.43 in chips) 
Seat 8: vadim3107 ($1.60 in chips) 
Seat 9: RamziSaadi ($2.22 in chips) 
RamziSaadi: posts small blind $0.01
kilgrak: posts big blind $0.02
*** HOLE CARDS ***
Dealt to Dorex2007 [6d 6c]
maksim-2003: folds 
baligo666: folds 
vortso: folds 
dimas210485: folds 
Dorex2007: raises $0.02 to $0.04
tucimira: folds 
vadim3107: folds 
RamziSaadi: folds 
kilgrak: raises $0.02 to $0.06
Dorex2007: calls $0.02
*** FLOP *** [5h Kd 4s]
kilgrak: checks 
Dorex2007: bets $0.13
kilgrak: folds 
Uncalled bet ($0.13) returned to Dorex2007
Dorex2007 collected $0.13 from pot
Dorex2007: doesn't show hand 
*** SUMMARY ***
Total pot $0.13 | Rake $0 
Board [5h Kd 4s]
Seat 1: kilgrak (big blind) folded on the Flop
Seat 2: maksim-2003 folded before Flop (didn't bet)
Seat 3: baligo666 folded before Flop (didn't bet)
Seat 4: vortso folded before Flop (didn't bet)
Seat 5: dimas210485 folded before Flop (didn't bet)
Seat 6: Dorex2007 collected ($0.13)
Seat 7: tucimira folded before Flop (didn't bet)
Seat 8: vadim3107 (button) folded before Flop (didn't bet)
Seat 9: RamziSaadi (small blind) folded before Flop



PokerStars Hand #230660369425:  Hold'em No Limit ($0.01/$0.02 USD) - 2021/10/16 14:17:53 PT [2021/10/16 17:17:53 ET]
Table 'Gellivara III' 9-max Seat #9 is the button
Seat 1: kilgrak ($3.94 in chips) 
Seat 2: maksim-2003 ($2 in chips) 
Seat 3: baligo666 ($2.51 in chips) 
Seat 4: vortso ($0.80 in chips) 
Seat 5: dimas210485 ($1.41 in chips) 
Seat 6: Dorex2007 ($2.07 in chips) 
Seat 7: tucimira ($2.43 in chips) 
Seat 8: vadim3107 ($1.60 in chips) 
Seat 9: RamziSaadi ($2.21 in chips) 
kilgrak: posts small blind $0.01
maksim-2003: posts big blind $0.02
*** HOLE CARDS ***
Dealt to Dorex2007 [3d Qs]
baligo666: folds 
vortso has timed out
vortso: folds 
dimas210485: raises $0.04 to $0.06
Dorex2007: folds 
tucimira: folds 
vadim3107: folds 
RamziSaadi: calls $0.06
kilgrak: raises $0.12 to $0.18
maksim-2003: folds 
dimas210485: calls $0.12
RamziSaadi: calls $0.12
*** FLOP *** [5c 2h 6h]
kilgrak: checks 
dimas210485: checks 
RamziSaadi: bets $0.54
kilgrak: calls $0.54
dimas210485: folds 
*** TURN *** [5c 2h 6h] [Ac]
kilgrak: checks 
RamziSaadi: bets $1.49 and is all-in
kilgrak: calls $1.49
*** RIVER *** [5c 2h 6h Ac] [Qd]
*** SHOW DOWN ***
kilgrak: shows [Ts Th] (a pair of Tens)
RamziSaadi: shows [5d 2d] (two pair, Fives and Deuces)
RamziSaadi collected $4.46 from pot
kilgrak cashed out the hand for $0.81 | Cash Out Fee $0.01
*** SUMMARY ***
Total pot $4.62 | Rake $0.16 
Board [5c 2h 6h Ac Qd]
Seat 1: kilgrak (small blind) showed [Ts Th] and lost with a pair of Tens (cashed out).
Seat 2: maksim-2003 (big blind) folded before Flop
Seat 3: baligo666 folded before Flop (didn't bet)
Seat 4: vortso folded before Flop (didn't bet)
Seat 5: dimas210485 folded on the Flop
Seat 6: Dorex2007 folded before Flop (didn't bet)
Seat 7: tucimira folded before Flop (didn't bet)
Seat 8: vadim3107 folded before Flop (didn't bet)
Seat 9: RamziSaadi (button) showed [5d 2d] and won ($4.46) with two pair, Fives and Deuces



PokerStars Hand #230660404682:  Hold'em No Limit ($0.01/$0.02 USD) - 2021/10/16 14:19:09 PT [2021/10/16 17:19:09 ET]
Table 'Gellivara III' 9-max Seat #1 is the button
Seat 1: kilgrak ($2.54 in chips) 
Seat 2: maksim-2003 ($2 in chips) 
Seat 3: baligo666 ($2.51 in chips) 
Seat 4: vortso ($0.80 in chips) 
Seat 5: dimas210485 ($1.23 in chips) 
Seat 6: Dorex2007 ($2.07 in chips) 
Seat 7: tucimira ($2.43 in chips) 
Seat 8: vadim3107 ($1.60 in chips) 
Seat 9: RamziSaadi ($4.46 in chips) 
maksim-2003: posts small blind $0.01
baligo666: posts big blind $0.02
*** HOLE CARDS ***
Dealt to Dorex2007 [7d 6s]
vortso has timed out
vortso: folds 
vortso leaves the table
dimas210485: folds 
Dorex2007: folds 
tucimira: folds 
vadim3107: folds 
RamziSaadi: calls $0.02
kilgrak: raises $0.04 to $0.06
maksim-2003: folds 
baligo666: raises $0.15 to $0.21
realmadrid18win joins the table at seat #4 
RamziSaadi: calls $0.19
kilgrak: calls $0.15
*** FLOP *** [8h Ac Ts]
baligo666: checks 
RamziSaadi: checks 
kilgrak: bets $0.62
baligo666: calls $0.62
RamziSaadi: folds 
*** TURN *** [8h Ac Ts] [5s]
baligo666: bets $1.68 and is all-in
kilgrak: calls $1.68
*** RIVER *** [8h Ac Ts 5s] [Kc]
*** SHOW DOWN ***
baligo666: shows [Ad Ah] (three of a kind, Aces)
kilgrak: shows [Kd Qd] (a pair of Kings)
baligo666 collected $5.06 from pot
*** SUMMARY ***
Total pot $5.24 | Rake $0.18 
Board [8h Ac Ts 5s Kc]
Seat 1: kilgrak (button) showed [Kd Qd] and lost with a pair of Kings
Seat 2: maksim-2003 (small blind) folded before Flop
Seat 3: baligo666 (big blind) showed [Ad Ah] and won ($5.06) with three of a kind, Aces
Seat 4: vortso folded before Flop (didn't bet)
Seat 5: dimas210485 folded before Flop (didn't bet)
Seat 6: Dorex2007 folded before Flop (didn't bet)
Seat 7: tucimira folded before Flop (didn't bet)
Seat 8: vadim3107 folded before Flop (didn't bet)
Seat 9: RamziSaadi folded on the Flop



PokerStars Hand #230660438599:  Hold'em No Limit ($0.01/$0.02 USD) - 2021/10/16 14:20:22 PT [2021/10/16 17:20:22 ET]
Table 'Gellivara III' 9-max Seat #2 is the button
Seat 1: kilgrak ($0.03 in chips) 
Seat 2: maksim-2003 ($2 in chips) 
Seat 3: baligo666 ($5.06 in chips) 
Seat 4: realmadrid18win ($0.80 in chips) 
Seat 5: dimas210485 ($1.23 in chips) 
Seat 6: Dorex2007 ($2.07 in chips) 
Seat 7: tucimira ($2.43 in chips) 
Seat 8: vadim3107 ($1.60 in chips) 
Seat 9: RamziSaadi ($4.25 in chips) 
baligo666: posts small blind $0.01
realmadrid18win: posts big blind $0.02
*** HOLE CARDS ***
Dealt to Dorex2007 [Td 5s]
dimas210485: folds 
Dorex2007: folds 
tucimira: folds 
vadim3107: folds 
RamziSaadi: calls $0.02
kilgrak: folds 
kilgrak leaves the table
maksim-2003: calls $0.02
baligo666: folds 
realmadrid18win: checks 
*** FLOP *** [Jc Js Jh]
realmadrid18win: checks 
RamziSaadi: checks 
maksim-2003: checks 
*** TURN *** [Jc Js Jh] [4h]
realmadrid18win: checks 
RamziSaadi: bets $0.07
maksim-2003: folds 
realmadrid18win: folds 
Uncalled bet ($0.07) returned to RamziSaadi
RamziSaadi collected $0.07 from pot
RamziSaadi: doesn't show hand 
*** SUMMARY ***
Total pot $0.07 | Rake $0 
Board [Jc Js Jh 4h]
Seat 1: kilgrak folded before Flop (didn't bet)
Seat 2: maksim-2003 (button) folded on the Turn
Seat 3: baligo666 (small blind) folded before Flop
Seat 4: realmadrid18win (big blind) folded on the Turn
Seat 5: dimas210485 folded before Flop (didn't bet)
Seat 6: Dorex2007 folded before Flop (didn't bet)
Seat 7: tucimira folded before Flop (didn't bet)
Seat 8: vadim3107 folded before Flop (didn't bet)
Seat 9: RamziSaadi collected ($0.07)



PokerStars Hand #230660450858:  Hold'em No Limit ($0.01/$0.02 USD) - 2021/10/16 14:20:49 PT [2021/10/16 17:20:49 ET]
Table 'Gellivara III' 9-max Seat #3 is the button
Seat 2: maksim-2003 ($2 in chips) 
Seat 3: baligo666 ($5.05 in chips) 
Seat 4: realmadrid18win ($0.78 in chips) 
Seat 5: dimas210485 ($1.23 in chips) 
Seat 6: Dorex2007 ($2.07 in chips) 
Seat 7: tucimira ($2.43 in chips) 
Seat 8: vadim3107 ($1.60 in chips) 
Seat 9: RamziSaadi ($4.30 in chips) 
realmadrid18win: posts small blind $0.01
dimas210485: posts big blind $0.02
*** HOLE CARDS ***
Dealt to Dorex2007 [3c Jc]
Dorex2007: folds 
tucimira: folds 
vadim3107: folds 
RamziSaadi: calls $0.02
ku-Vt7993 joins the table at seat #1 
maksim-2003: raises $0.06 to $0.08
baligo666: folds 
realmadrid18win: folds 
dimas210485: folds 
RamziSaadi: calls $0.06
*** FLOP *** [2h Ks 6d]
RamziSaadi: checks 
maksim-2003: bets $0.09
RamziSaadi: folds 
Uncalled bet ($0.09) returned to maksim-2003
maksim-2003 collected $0.18 from pot
maksim-2003: doesn't show hand 
*** SUMMARY ***
Total pot $0.19 | Rake $0.01 
Board [2h Ks 6d]
Seat 2: maksim-2003 collected ($0.18)
Seat 3: baligo666 (button) folded before Flop (didn't bet)
Seat 4: realmadrid18win (small blind) folded before Flop
Seat 5: dimas210485 (big blind) folded before Flop
Seat 6: Dorex2007 folded before Flop (didn't bet)
Seat 7: tucimira folded before Flop (didn't bet)
Seat 8: vadim3107 folded before Flop (didn't bet)
Seat 9: RamziSaadi folded on the Flop



PokerStars Hand #230660465453:  Hold'em No Limit ($0.01/$0.02 USD) - 2021/10/16 14:21:21 PT [2021/10/16 17:21:21 ET]
Table 'Gellivara III' 9-max Seat #4 is the button
Seat 2: maksim-2003 ($2.10 in chips) 
Seat 3: baligo666 ($5.05 in chips) 
Seat 4: realmadrid18win ($0.77 in chips) 
Seat 5: dimas210485 ($1.21 in chips) 
Seat 6: Dorex2007 ($2.07 in chips) 
Seat 7: tucimira ($2.43 in chips) 
Seat 8: vadim3107 ($1.60 in chips) 
Seat 9: RamziSaadi ($4.22 in chips) 
dimas210485: posts small blind $0.01
Dorex2007: posts big blind $0.02
ku-Vt7993: sits out 
*** HOLE CARDS ***
Dealt to Dorex2007 [Jc Td]
tucimira: folds 
vadim3107: folds 
RamziSaadi: calls $0.02
maksim-2003: raises $0.06 to $0.08
baligo666: folds 
realmadrid18win: folds 
dimas210485: folds 
Dorex2007: folds 
RamziSaadi: calls $0.06
*** FLOP *** [Qd 4s 5s]
RamziSaadi: checks 
maksim-2003: checks 
*** TURN *** [Qd 4s 5s] [Ah]
RamziSaadi: bets $0.09
maksim-2003: calls $0.09
*** RIVER *** [Qd 4s 5s Ah] [Kh]
RamziSaadi: bets $0.36
maksim-2003: calls $0.36
*** SHOW DOWN ***
RamziSaadi: shows [Tc Jd] (a straight, Ten to Ace)
maksim-2003: mucks hand 
RamziSaadi collected $1.05 from pot
*** SUMMARY ***
Total pot $1.09 | Rake $0.04 
Board [Qd 4s 5s Ah Kh]
Seat 2: maksim-2003 mucked [Ad Ks]
Seat 3: baligo666 folded before Flop (didn't bet)
Seat 4: realmadrid18win (button) folded before Flop (didn't bet)
Seat 5: dimas210485 (small blind) folded before Flop
Seat 6: Dorex2007 (big blind) folded before Flop
Seat 7: tucimira folded before Flop (didn't bet)
Seat 8: vadim3107 folded before Flop (didn't bet)
Seat 9: RamziSaadi showed [Tc Jd] and won ($1.05) with a straight, Ten to Ace



PokerStars Hand #230660486542:  Hold'em No Limit ($0.01/$0.02 USD) - 2021/10/16 14:22:07 PT [2021/10/16 17:22:07 ET]
Table 'Gellivara III' 9-max Seat #5 is the button
Seat 2: maksim-2003 ($2 in chips) 
Seat 3: baligo666 ($5.05 in chips) 
Seat 4: realmadrid18win ($0.77 in chips) 
Seat 5: dimas210485 ($1.99 in chips) 
Seat 6: Dorex2007 ($2.05 in chips) 
Seat 7: tucimira ($2.43 in chips) 
Seat 8: vadim3107 ($1.60 in chips) 
Seat 9: RamziSaadi ($4.74 in chips) 
Dorex2007: posts small blind $0.01
tucimira: posts big blind $0.02
ku-Vt7993: sits out 
*** HOLE CARDS ***
Dealt to Dorex2007 [2d Qd]
vadim3107: folds 
RamziSaadi: calls $0.02
maksim-2003: folds 
baligo666: raises $0.02 to $0.04
realmadrid18win: folds 
dimas210485: folds 
Dorex2007: folds 
tucimira: raises $0.06 to $0.10
RamziSaadi: folds 
baligo666: calls $0.06
*** FLOP *** [Ad 4s 9c]
tucimira: bets $0.14
baligo666: folds 
Uncalled bet ($0.14) returned to tucimira
tucimira collected $0.22 from pot
tucimira: doesn't show hand 
*** SUMMARY ***
Total pot $0.23 | Rake $0.01 
Board [Ad 4s 9c]
Seat 2: maksim-2003 folded before Flop (didn't bet)
Seat 3: baligo666 folded on the Flop
Seat 4: realmadrid18win folded before Flop (didn't bet)
Seat 5: dimas210485 (button) folded before Flop (didn't bet)
Seat 6: Dorex2007 (small blind) folded before Flop
Seat 7: tucimira (big blind) collected ($0.22)
Seat 8: vadim3107 folded before Flop (didn't bet)
Seat 9: RamziSaadi folded before Flop



PokerStars Hand #230660514682:  Hold'em No Limit ($0.01/$0.02 USD) - 2021/10/16 14:23:01 PT [2021/10/16 17:23:01 ET]
Table 'Gellivara III' 9-max Seat #6 is the button
Seat 2: maksim-2003 ($2 in chips) 
Seat 3: baligo666 ($4.95 in chips) 
Seat 4: realmadrid18win ($0.77 in chips) 
Seat 5: dimas210485 ($1.99 in chips) 
Seat 6: Dorex2007 ($2.04 in chips) 
Seat 7: tucimira ($2.55 in chips) 
Seat 8: vadim3107 ($1.60 in chips) 
Seat 9: RamziSaadi ($4.72 in chips) 
tucimira: posts small blind $0.01
vadim3107: posts big blind $0.02
ku-Vt7993: sits out 
*** HOLE CARDS ***
Dealt to Dorex2007 [5c As]
RamziSaadi: calls $0.02
maksim-2003: folds 
baligo666: folds 
realmadrid18win: folds 
dimas210485: raises $0.06 to $0.08
Dorex2007: folds 
tucimira: folds 
vadim3107: folds 
RamziSaadi: folds 
Uncalled bet ($0.06) returned to dimas210485
dimas210485 collected $0.07 from pot
dimas210485: doesn't show hand 
*** SUMMARY ***
Total pot $0.07 | Rake $0 
Seat 2: maksim-2003 folded before Flop (didn't bet)
Seat 3: baligo666 folded before Flop (didn't bet)
Seat 4: realmadrid18win folded before Flop (didn't bet)
Seat 5: dimas210485 collected ($0.07)
Seat 6: Dorex2007 (button) folded before Flop (didn't bet)
Seat 7: tucimira (small blind) folded before Flop
Seat 8: vadim3107 (big blind) folded before Flop
Seat 9: RamziSaadi folded before Flop



PokerStars Hand #230660523185:  Hold'em No Limit ($0.01/$0.02 USD) - 2021/10/16 14:23:20 PT [2021/10/16 17:23:20 ET]
Table 'Gellivara III' 9-max Seat #7 is the button
Seat 2: maksim-2003 ($2 in chips) 
Seat 3: baligo666 ($4.95 in chips) 
Seat 4: realmadrid18win ($0.77 in chips) 
Seat 5: dimas210485 ($2.04 in chips) 
Seat 6: Dorex2007 ($2.04 in chips) 
Seat 7: tucimira ($2.54 in chips) 
Seat 8: vadim3107 ($1.60 in chips) 
Seat 9: RamziSaadi ($4.70 in chips) 
vadim3107: posts small blind $0.01
RamziSaadi: posts big blind $0.02
ku-Vt7993: sits out 
*** HOLE CARDS ***
Dealt to Dorex2007 [2s Ks]
maksim-2003: folds 
baligo666: raises $0.03 to $0.05
realmadrid18win: folds 
dimas210485: folds 
Dorex2007: folds 
tucimira: folds 
vadim3107: folds 
RamziSaadi: calls $0.03
*** FLOP *** [Jc As 8s]
RamziSaadi: checks 
baligo666: bets $0.05
RamziSaadi: calls $0.05
*** TURN *** [Jc As 8s] [2d]
RamziSaadi: checks 
baligo666: bets $0.10
RamziSaadi: calls $0.10
*** RIVER *** [Jc As 8s 2d] [6h]
RamziSaadi: checks 
baligo666: bets $0.20
RamziSaadi: calls $0.20
*** SHOW DOWN ***
baligo666: shows [Ts Qs] (high card Ace)
RamziSaadi: shows [Ac 4d] (a pair of Aces)
RamziSaadi collected $0.78 from pot
*** SUMMARY ***
Total pot $0.81 | Rake $0.03 
Board [Jc As 8s 2d 6h]
Seat 2: maksim-2003 folded before Flop (didn't bet)
Seat 3: baligo666 showed [Ts Qs] and lost with high card Ace
Seat 4: realmadrid18win folded before Flop (didn't bet)
Seat 5: dimas210485 folded before Flop (didn't bet)
Seat 6: Dorex2007 folded before Flop (didn't bet)
Seat 7: tucimira (button) folded before Flop (didn't bet)
Seat 8: vadim3107 (small blind) folded before Flop
Seat 9: RamziSaadi (big blind) showed [Ac 4d] and won ($0.78) with a pair of Aces



PokerStars Hand #230660546739:  Hold'em No Limit ($0.01/$0.02 USD) - 2021/10/16 14:24:11 PT [2021/10/16 17:24:11 ET]
Table 'Gellivara III' 9-max Seat #8 is the button
Seat 1: ku-Vt7993 ($2 in chips) 
Seat 2: maksim-2003 ($2 in chips) 
Seat 3: baligo666 ($4.55 in chips) 
Seat 4: realmadrid18win ($0.77 in chips) 
Seat 5: dimas210485 ($2.04 in chips) 
Seat 6: Dorex2007 ($2.04 in chips) 
Seat 7: tucimira ($2.54 in chips) 
Seat 8: vadim3107 ($1.60 in chips) 
Seat 9: RamziSaadi ($5.08 in chips) 
RamziSaadi: posts small blind $0.01
ku-Vt7993: posts big blind $0.02
*** HOLE CARDS ***
Dealt to Dorex2007 [7c Qd]
maksim-2003: folds 
baligo666: folds 
realmadrid18win: folds 
dimas210485: raises $0.04 to $0.06
Dorex2007: folds 
tucimira: folds 
vadim3107: calls $0.06
RamziSaadi: calls $0.05
ku-Vt7993: folds 
*** FLOP *** [Ah 8d Ad]
RamziSaadi: checks 
dimas210485: bets $0.08
vadim3107: folds 
RamziSaadi: folds 
Uncalled bet ($0.08) returned to dimas210485
dimas210485 collected $0.19 from pot
dimas210485: doesn't show hand 
*** SUMMARY ***
Total pot $0.20 | Rake $0.01 
Board [Ah 8d Ad]
Seat 1: ku-Vt7993 (big blind) folded before Flop
Seat 2: maksim-2003 folded before Flop (didn't bet)
Seat 3: baligo666 folded before Flop (didn't bet)
Seat 4: realmadrid18win folded before Flop (didn't bet)
Seat 5: dimas210485 collected ($0.19)
Seat 6: Dorex2007 folded before Flop (didn't bet)
Seat 7: tucimira folded before Flop (didn't bet)
Seat 8: vadim3107 (button) folded on the Flop
Seat 9: RamziSaadi (small blind) folded on the Flop



PokerStars Hand #230660563103:  Hold'em No Limit ($0.01/$0.02 USD) - 2021/10/16 14:24:47 PT [2021/10/16 17:24:47 ET]
Table 'Gellivara III' 9-max Seat #9 is the button
Seat 1: ku-Vt7993 ($1.98 in chips) 
Seat 2: maksim-2003 ($2 in chips) 
Seat 3: baligo666 ($4.55 in chips) 
Seat 4: realmadrid18win ($0.77 in chips) 
Seat 5: dimas210485 ($2.17 in chips) 
Seat 6: Dorex2007 ($2.04 in chips) 
Seat 7: tucimira ($2.54 in chips) 
Seat 8: vadim3107 ($1.60 in chips) 
Seat 9: RamziSaadi ($5.02 in chips) 
ku-Vt7993: posts small blind $0.01
maksim-2003: posts big blind $0.02
*** HOLE CARDS ***
Dealt to Dorex2007 [Ad 3c]
baligo666: folds 
realmadrid18win: folds 
dimas210485: raises $0.04 to $0.06
Dorex2007: folds 
tucimira: folds 
vadim3107: folds 
RamziSaadi: calls $0.06
ku-Vt7993: folds 
maksim-2003: calls $0.04
*** FLOP *** [5s 3h 8h]
maksim-2003: checks 
dimas210485: checks 
RamziSaadi: checks 
*** TURN *** [5s 3h 8h] [6h]
maksim-2003: checks 
dimas210485: checks 
RamziSaadi: bets $0.09
maksim-2003: folds 
dimas210485: folds 
Uncalled bet ($0.09) returned to RamziSaadi
RamziSaadi collected $0.18 from pot
RamziSaadi: doesn't show hand 
*** SUMMARY ***
Total pot $0.19 | Rake $0.01 
Board [5s 3h 8h 6h]
Seat 1: ku-Vt7993 (small blind) folded before Flop
Seat 2: maksim-2003 (big blind) folded on the Turn
Seat 3: baligo666 folded before Flop (didn't bet)
Seat 4: realmadrid18win folded before Flop (didn't bet)
Seat 5: dimas210485 folded on the Turn
Seat 6: Dorex2007 folded before Flop (didn't bet)
Seat 7: tucimira folded before Flop (didn't bet)
Seat 8: vadim3107 folded before Flop (didn't bet)
Seat 9: RamziSaadi (button) collected ($0.18)



PokerStars Hand #230660582846:  Hold'em No Limit ($0.01/$0.02 USD) - 2021/10/16 14:25:30 PT [2021/10/16 17:25:30 ET]
Table 'Gellivara III' 9-max Seat #1 is the button
Seat 1: ku-Vt7993 ($1.97 in chips) 
Seat 2: maksim-2003 ($2 in chips) 
Seat 3: baligo666 ($4.55 in chips) 
Seat 4: realmadrid18win ($0.77 in chips) 
Seat 5: dimas210485 ($2.11 in chips) 
Seat 6: Dorex2007 ($2.04 in chips) 
Seat 7: tucimira ($2.54 in chips) 
Seat 8: vadim3107 ($1.60 in chips) 
Seat 9: RamziSaadi ($5.14 in chips) 
maksim-2003: posts small blind $0.01
baligo666: posts big blind $0.02
*** HOLE CARDS ***
Dealt to Dorex2007 [Jh Ks]
realmadrid18win: folds 
dimas210485: folds 
Dorex2007: folds 
tucimira: folds 
vadim3107 has timed out
vadim3107: folds 
RamziSaadi: calls $0.02
ku-Vt7993: raises $0.06 to $0.08
maksim-2003: folds 
baligo666: folds 
RamziSaadi: calls $0.06
*** FLOP *** [Th Tc Kd]
RamziSaadi: checks 
ku-Vt7993: bets $0.09
RamziSaadi: folds 
Uncalled bet ($0.09) returned to ku-Vt7993
ku-Vt7993 collected $0.18 from pot
ku-Vt7993: doesn't show hand 
*** SUMMARY ***
Total pot $0.19 | Rake $0.01 
Board [Th Tc Kd]
Seat 1: ku-Vt7993 (button) collected ($0.18)
Seat 2: maksim-2003 (small blind) folded before Flop
Seat 3: baligo666 (big blind) folded before Flop
Seat 4: realmadrid18win folded before Flop (didn't bet)
Seat 5: dimas210485 folded before Flop (didn't bet)
Seat 6: Dorex2007 folded before Flop (didn't bet)
Seat 7: tucimira folded before Flop (didn't bet)
Seat 8: vadim3107 folded before Flop (didn't bet)
Seat 9: RamziSaadi folded on the Flop



PokerStars Hand #230660603068:  Hold'em No Limit ($0.01/$0.02 USD) - 2021/10/16 14:26:15 PT [2021/10/16 17:26:15 ET]
Table 'Gellivara III' 9-max Seat #2 is the button
Seat 1: ku-Vt7993 ($2.07 in chips) 
Seat 2: maksim-2003 ($2 in chips) 
Seat 3: baligo666 ($4.53 in chips) 
Seat 4: realmadrid18win ($0.77 in chips) 
Seat 5: dimas210485 ($2.11 in chips) 
Seat 6: Dorex2007 ($2.04 in chips) 
Seat 7: tucimira ($2.54 in chips) 
Seat 8: vadim3107 ($1.60 in chips) 
Seat 9: RamziSaadi ($5.06 in chips) 
baligo666: posts small blind $0.01
realmadrid18win: posts big blind $0.02
*** HOLE CARDS ***
Dealt to Dorex2007 [7h Jc]
dimas210485: folds 
Dorex2007: folds 
tucimira: folds 
vadim3107: folds 
RamziSaadi: folds 
ku-Vt7993: folds 
maksim-2003: raises $0.04 to $0.06
baligo666: folds 
realmadrid18win: folds 
Uncalled bet ($0.04) returned to maksim-2003
maksim-2003 collected $0.05 from pot
maksim-2003: doesn't show hand 
*** SUMMARY ***
Total pot $0.05 | Rake $0 
Seat 1: ku-Vt7993 folded before Flop (didn't bet)
Seat 2: maksim-2003 (button) collected ($0.05)
Seat 3: baligo666 (small blind) folded before Flop
Seat 4: realmadrid18win (big blind) folded before Flop
Seat 5: dimas210485 folded before Flop (didn't bet)
Seat 6: Dorex2007 folded before Flop (didn't bet)
Seat 7: tucimira folded before Flop (didn't bet)
Seat 8: vadim3107 folded before Flop (didn't bet)
Seat 9: RamziSaadi folded before Flop (didn't bet)



PokerStars Hand #230660614480:  Hold'em No Limit ($0.01/$0.02 USD) - 2021/10/16 14:26:40 PT [2021/10/16 17:26:40 ET]
Table 'Gellivara III' 9-max Seat #3 is the button
Seat 1: ku-Vt7993 ($2.07 in chips) 
Seat 2: maksim-2003 ($2.03 in chips) 
Seat 3: baligo666 ($4.52 in chips) 
Seat 4: realmadrid18win ($0.75 in chips) 
Seat 5: dimas210485 ($2.11 in chips) 
Seat 6: Dorex2007 ($2.04 in chips) 
Seat 7: tucimira ($2.54 in chips) 
Seat 8: vadim3107 ($1.60 in chips) 
Seat 9: RamziSaadi ($5.06 in chips) 
realmadrid18win: posts small blind $0.01
dimas210485: posts big blind $0.02
*** HOLE CARDS ***
Dealt to Dorex2007 [7s 6c]
Dorex2007: folds 
tucimira: folds 
vadim3107: folds 
RamziSaadi: calls $0.02
ku-Vt7993: folds 
maksim-2003: folds 
baligo666: calls $0.02
realmadrid18win: calls $0.01
dimas210485: checks 
*** FLOP *** [3s 5h Th]
realmadrid18win: checks 
dimas210485: checks 
RamziSaadi: checks 
baligo666: bets $0.04
realmadrid18win: raises $0.13 to $0.17
dimas210485: folds 
RamziSaadi: folds 
baligo666: calls $0.13
*** TURN *** [3s 5h Th] [7c]
realmadrid18win: checks 
baligo666: checks 
*** RIVER *** [3s 5h Th 7c] [Jh]
realmadrid18win: checks 
baligo666: checks 
*** SHOW DOWN ***
realmadrid18win: shows [Ac Tc] (a pair of Tens)
baligo666: mucks hand 
realmadrid18win collected $0.41 from pot
*** SUMMARY ***
Total pot $0.42 | Rake $0.01 
Board [3s 5h Th 7c Jh]
Seat 1: ku-Vt7993 folded before Flop (didn't bet)
Seat 2: maksim-2003 folded before Flop (didn't bet)
Seat 3: baligo666 (button) mucked [Td Qh]
Seat 4: realmadrid18win (small blind) showed [Ac Tc] and won ($0.41) with a pair of Tens
Seat 5: dimas210485 (big blind) folded on the Flop
Seat 6: Dorex2007 folded before Flop (didn't bet)
Seat 7: tucimira folded before Flop (didn't bet)
Seat 8: vadim3107 folded before Flop (didn't bet)
Seat 9: RamziSaadi folded on the Flop



PokerStars Hand #230660643261:  Hold'em No Limit ($0.01/$0.02 USD) - 2021/10/16 14:27:43 PT [2021/10/16 17:27:43 ET]
Table 'Gellivara III' 9-max Seat #4 is the button
Seat 1: ku-Vt7993 ($2.07 in chips) 
Seat 2: maksim-2003 ($2.03 in chips) 
Seat 3: baligo666 ($4.33 in chips) 
Seat 4: realmadrid18win ($0.97 in chips) 
Seat 5: dimas210485 ($2.09 in chips) 
Seat 6: Dorex2007 ($2.04 in chips) 
Seat 7: tucimira ($2.54 in chips) 
Seat 8: vadim3107 ($1.60 in chips) 
Seat 9: RamziSaadi ($5.04 in chips) 
dimas210485: posts small blind $0.01
Dorex2007: posts big blind $0.02
*** HOLE CARDS ***
Dealt to Dorex2007 [9c 8c]
tucimira: folds 
vadim3107: folds 
RamziSaadi: folds 
ku-Vt7993: folds 
maksim-2003: folds 
baligo666: raises $0.04 to $0.06
realmadrid18win: folds 
dimas210485: folds 
Dorex2007: calls $0.04
*** FLOP *** [As Qc 5h]
Dorex2007: checks 
baligo666: bets $0.09
Dorex2007: folds 
Uncalled bet ($0.09) returned to baligo666
baligo666 collected $0.13 from pot
baligo666: doesn't show hand 
*** SUMMARY ***
Total pot $0.13 | Rake $0 
Board [As Qc 5h]
Seat 1: ku-Vt7993 folded before Flop (didn't bet)
Seat 2: maksim-2003 folded before Flop (didn't bet)
Seat 3: baligo666 collected ($0.13)
Seat 4: realmadrid18win (button) folded before Flop (didn't bet)
Seat 5: dimas210485 (small blind) folded before Flop
Seat 6: Dorex2007 (big blind) folded on the Flop
Seat 7: tucimira folded before Flop (didn't bet)
Seat 8: vadim3107 folded before Flop (didn't bet)
Seat 9: RamziSaadi folded before Flop (didn't bet)



PokerStars Hand #230660657892:  Hold'em No Limit ($0.01/$0.02 USD) - 2021/10/16 14:28:16 PT [2021/10/16 17:28:16 ET]
Table 'Gellivara III' 9-max Seat #5 is the button
Seat 1: ku-Vt7993 ($2.07 in chips) 
Seat 2: maksim-2003 ($2.03 in chips) 
Seat 3: baligo666 ($4.40 in chips) 
Seat 4: realmadrid18win ($0.97 in chips) 
Seat 5: dimas210485 ($2.08 in chips) 
Seat 6: Dorex2007 ($2 in chips) 
Seat 7: tucimira ($2.54 in chips) 
Seat 8: vadim3107 ($1.60 in chips) 
Seat 9: RamziSaadi ($5.04 in chips) 
Dorex2007: posts small blind $0.01
tucimira: posts big blind $0.02
*** HOLE CARDS ***
Dealt to Dorex2007 [8s 9d]
vadim3107: folds 
RamziSaadi: calls $0.02
ku-Vt7993: raises $0.04 to $0.06
maksim-2003: folds 
baligo666: folds 
realmadrid18win: folds 
dimas210485: folds 
Dorex2007: folds 
tucimira: calls $0.04
RamziSaadi: calls $0.04
*** FLOP *** [2s Jd 4s]
tucimira: checks 
RamziSaadi: checks 
ku-Vt7993: bets $0.09
tucimira: folds 
RamziSaadi: calls $0.09
*** TURN *** [2s Jd 4s] [3d]
RamziSaadi: checks 
ku-Vt7993: checks 
*** RIVER *** [2s Jd 4s 3d] [Qh]
RamziSaadi: bets $0.18
ku-Vt7993: folds 
Uncalled bet ($0.18) returned to RamziSaadi
RamziSaadi collected $0.36 from pot
RamziSaadi: doesn't show hand 
*** SUMMARY ***
Total pot $0.37 | Rake $0.01 
Board [2s Jd 4s 3d Qh]
Seat 1: ku-Vt7993 folded on the River
Seat 2: maksim-2003 folded before Flop (didn't bet)
Seat 3: baligo666 folded before Flop (didn't bet)
Seat 4: realmadrid18win folded before Flop (didn't bet)
Seat 5: dimas210485 (button) folded before Flop (didn't bet)
Seat 6: Dorex2007 (small blind) folded before Flop
Seat 7: tucimira (big blind) folded on the Flop
Seat 8: vadim3107 folded before Flop (didn't bet)
Seat 9: RamziSaadi collected ($0.36)



PokerStars Hand #230660686250:  Hold'em No Limit ($0.01/$0.02 USD) - 2021/10/16 14:29:19 PT [2021/10/16 17:29:19 ET]
Table 'Gellivara III' 9-max Seat #6 is the button
Seat 1: ku-Vt7993 ($1.92 in chips) 
Seat 2: maksim-2003 ($2.03 in chips) 
Seat 3: baligo666 ($4.40 in chips) 
Seat 4: realmadrid18win ($0.97 in chips) 
Seat 5: dimas210485 ($2.08 in chips) 
Seat 6: Dorex2007 ($2 in chips) 
Seat 7: tucimira ($2.48 in chips) 
Seat 8: vadim3107 ($1.60 in chips) 
Seat 9: RamziSaadi ($5.25 in chips) 
tucimira: posts small blind $0.01
vadim3107: posts big blind $0.02
*** HOLE CARDS ***
Dealt to Dorex2007 [6h 5c]
RamziSaadi: folds 
ku-Vt7993: folds 
maksim-2003: folds 
baligo666: folds 
realmadrid18win: folds 
dimas210485: folds 
Dorex2007: folds 
tucimira: folds 
Uncalled bet ($0.01) returned to vadim3107
vadim3107 collected $0.02 from pot
*** SUMMARY ***
Total pot $0.02 | Rake $0 
Seat 1: ku-Vt7993 folded before Flop (didn't bet)
Seat 2: maksim-2003 folded before Flop (didn't bet)
Seat 3: baligo666 folded before Flop (didn't bet)
Seat 4: realmadrid18win folded before Flop (didn't bet)
Seat 5: dimas210485 folded before Flop (didn't bet)
Seat 6: Dorex2007 (button) folded before Flop (didn't bet)
Seat 7: tucimira (small blind) folded before Flop
Seat 8: vadim3107 (big blind) collected ($0.02)
Seat 9: RamziSaadi folded before Flop (didn't bet)



PokerStars Hand #230660697615:  Hold'em No Limit ($0.01/$0.02 USD) - 2021/10/16 14:29:44 PT [2021/10/16 17:29:44 ET]
Table 'Gellivara III' 9-max Seat #7 is the button
Seat 1: ku-Vt7993 ($1.92 in chips) 
Seat 2: maksim-2003 ($2.03 in chips) 
Seat 3: baligo666 ($4.40 in chips) 
Seat 4: realmadrid18win ($0.97 in chips) 
Seat 5: dimas210485 ($2.08 in chips) 
Seat 6: Dorex2007 ($2 in chips) 
Seat 7: tucimira ($2.47 in chips) 
Seat 8: vadim3107 ($1.61 in chips) 
Seat 9: RamziSaadi ($5.25 in chips) 
vadim3107: posts small blind $0.01
RamziSaadi: posts big blind $0.02
*** HOLE CARDS ***
Dealt to Dorex2007 [4h 9h]
ku-Vt7993: folds 
maksim-2003: folds 
baligo666: folds 
realmadrid18win: folds 
dimas210485: raises $0.04 to $0.06
Dorex2007: folds 
tucimira: folds 
vadim3107: folds 
RamziSaadi: folds 
Uncalled bet ($0.04) returned to dimas210485
dimas210485 collected $0.05 from pot
dimas210485: doesn't show hand 
*** SUMMARY ***
Total pot $0.05 | Rake $0 
Seat 1: ku-Vt7993 folded before Flop (didn't bet)
Seat 2: maksim-2003 folded before Flop (didn't bet)
Seat 3: baligo666 folded before Flop (didn't bet)
Seat 4: realmadrid18win folded before Flop (didn't bet)
Seat 5: dimas210485 collected ($0.05)
Seat 6: Dorex2007 folded before Flop (didn't bet)
Seat 7: tucimira (button) folded before Flop (didn't bet)
Seat 8: vadim3107 (small blind) folded before Flop
Seat 9: RamziSaadi (big blind) folded before Flop



PokerStars Hand #230660705852:  Hold'em No Limit ($0.01/$0.02 USD) - 2021/10/16 14:30:03 PT [2021/10/16 17:30:03 ET]
Table 'Gellivara III' 9-max Seat #8 is the button
Seat 1: ku-Vt7993 ($1.92 in chips) 
Seat 2: maksim-2003 ($2.03 in chips) 
Seat 3: baligo666 ($4.40 in chips) 
Seat 4: realmadrid18win ($0.97 in chips) 
Seat 5: dimas210485 ($2.11 in chips) 
Seat 6: Dorex2007 ($2 in chips) 
Seat 7: tucimira ($2.47 in chips) 
Seat 8: vadim3107 ($1.60 in chips) 
Seat 9: RamziSaadi ($5.23 in chips) 
RamziSaadi: posts small blind $0.01
ku-Vt7993: posts big blind $0.02
*** HOLE CARDS ***
Dealt to Dorex2007 [5s 3d]
maksim-2003: folds 
baligo666: folds 
realmadrid18win: folds 
dimas210485: folds 
Dorex2007: folds 
tucimira: folds 
vadim3107: folds 
RamziSaadi: calls $0.01
ku-Vt7993: checks 
*** FLOP *** [Jc Qs 9s]
RamziSaadi: checks 
tucimira leaves the table
ku-Vt7993: bets $0.02
RamziSaadi: calls $0.02
*** TURN *** [Jc Qs 9s] [5d]
RamziSaadi: checks 
ku-Vt7993: bets $0.04
RamziSaadi: calls $0.04
*** RIVER *** [Jc Qs 9s 5d] [2s]
RamziSaadi: checks 
ku-Vt7993: bets $0.08
RamziSaadi: folds 
Uncalled bet ($0.08) returned to ku-Vt7993
ku-Vt7993 collected $0.15 from pot
ku-Vt7993: doesn't show hand 
*** SUMMARY ***
Total pot $0.16 | Rake $0.01 
Board [Jc Qs 9s 5d 2s]
Seat 1: ku-Vt7993 (big blind) collected ($0.15)
Seat 2: maksim-2003 folded before Flop (didn't bet)
Seat 3: baligo666 folded before Flop (didn't bet)
Seat 4: realmadrid18win folded before Flop (didn't bet)
Seat 5: dimas210485 folded before Flop (didn't bet)
Seat 6: Dorex2007 folded before Flop (didn't bet)
Seat 7: tucimira folded before Flop (didn't bet)
Seat 8: vadim3107 (button) folded before Flop (didn't bet)
Seat 9: RamziSaadi (small blind) folded on the River



PokerStars Hand #230660727324:  Hold'em No Limit ($0.01/$0.02 USD) - 2021/10/16 14:30:51 PT [2021/10/16 17:30:51 ET]
Table 'Gellivara III' 9-max Seat #9 is the button
Seat 1: ku-Vt7993 ($1.99 in chips) 
Seat 2: maksim-2003 ($2.03 in chips) 
Seat 3: baligo666 ($4.40 in chips) 
Seat 4: realmadrid18win ($0.97 in chips) 
Seat 5: dimas210485 ($2.11 in chips) 
Seat 6: Dorex2007 ($2 in chips) 
Seat 8: vadim3107 ($1.60 in chips) 
Seat 9: RamziSaadi ($5.15 in chips) 
ku-Vt7993: posts small blind $0.01
maksim-2003: posts big blind $0.02
*** HOLE CARDS ***
Dealt to Dorex2007 [Ts 3h]
baligo666: folds 
realmadrid18win: folds 
dimas210485 has timed out
dimas210485: folds 
Dorex2007: folds 
vadim3107: folds 
RamziSaadi: folds 
ku-Vt7993: folds 
Uncalled bet ($0.01) returned to maksim-2003
maksim-2003 collected $0.02 from pot
maksim-2003: doesn't show hand 
*** SUMMARY ***
Total pot $0.02 | Rake $0 
Seat 1: ku-Vt7993 (small blind) folded before Flop
Seat 2: maksim-2003 (big blind) collected ($0.02)
Seat 3: baligo666 folded before Flop (didn't bet)
Seat 4: realmadrid18win folded before Flop (didn't bet)
Seat 5: dimas210485 folded before Flop (didn't bet)
Seat 6: Dorex2007 folded before Flop (didn't bet)
Seat 8: vadim3107 folded before Flop (didn't bet)
Seat 9: RamziSaadi (button) folded before Flop (didn't bet)



PokerStars Hand #230660738448:  Hold'em No Limit ($0.01/$0.02 USD) - 2021/10/16 14:31:16 PT [2021/10/16 17:31:16 ET]
Table 'Gellivara III' 9-max Seat #1 is the button
Seat 1: ku-Vt7993 ($1.98 in chips) 
Seat 2: maksim-2003 ($2.04 in chips) 
Seat 3: baligo666 ($4.40 in chips) 
Seat 4: realmadrid18win ($0.97 in chips) 
Seat 6: Dorex2007 ($2 in chips) 
Seat 8: vadim3107 ($1.60 in chips) 
Seat 9: RamziSaadi ($5.15 in chips) 
maksim-2003: posts small blind $0.01
baligo666: posts big blind $0.02
*** HOLE CARDS ***
Dealt to Dorex2007 [3h Ts]
realmadrid18win: folds 
Dorex2007: folds 
vadim3107: folds 
RamziSaadi: calls $0.02
Andrei232Zah joins the table at seat #7 
ku-Vt7993: raises $0.06 to $0.08
maksim-2003: folds 
baligo666: folds 
RamziSaadi: calls $0.06
*** FLOP *** [Tc 7d 9d]
RamziSaadi: checks 
ku-Vt7993: bets $0.09
RamziSaadi: calls $0.09
*** TURN *** [Tc 7d 9d] [Kh]
RamziSaadi: checks 
ku-Vt7993: checks 
*** RIVER *** [Tc 7d 9d Kh] [8s]
RamziSaadi: bets $0.18
ku-Vt7993: raises $0.24 to $0.42
RamziSaadi: calls $0.24
*** SHOW DOWN ***
ku-Vt7993: shows [Jc Jh] (a straight, Seven to Jack)
RamziSaadi: shows [8d Jd] (a straight, Seven to Jack)
RamziSaadi collected $0.59 from pot
ku-Vt7993 collected $0.58 from pot
*** SUMMARY ***
Total pot $1.21 | Rake $0.04 
Board [Tc 7d 9d Kh 8s]
Seat 1: ku-Vt7993 (button) showed [Jc Jh] and won ($0.58) with a straight, Seven to Jack
Seat 2: maksim-2003 (small blind) folded before Flop
Seat 3: baligo666 (big blind) folded before Flop
Seat 4: realmadrid18win folded before Flop (didn't bet)
Seat 6: Dorex2007 folded before Flop (didn't bet)
Seat 8: vadim3107 folded before Flop (didn't bet)
Seat 9: RamziSaadi showed [8d Jd] and won ($0.59) with a straight, Seven to Jack



PokerStars Hand #230660764744:  Hold'em No Limit ($0.01/$0.02 USD) - 2021/10/16 14:32:15 PT [2021/10/16 17:32:15 ET]
Table 'Gellivara III' 9-max Seat #2 is the button
Seat 1: ku-Vt7993 ($1.97 in chips) 
Seat 2: maksim-2003 ($2.03 in chips) 
Seat 3: baligo666 ($4.38 in chips) 
Seat 4: realmadrid18win ($0.97 in chips) 
Seat 5: dimas210485 ($2.11 in chips) 
Seat 6: Dorex2007 ($2 in chips) 
Seat 7: Andrei232Zah ($0.83 in chips) 
Seat 8: vadim3107 ($1.60 in chips) 
Seat 9: RamziSaadi ($5.15 in chips) 
baligo666: posts small blind $0.01
realmadrid18win: posts big blind $0.02
Andrei232Zah: posts big blind $0.02
*** HOLE CARDS ***
Dealt to Dorex2007 [5s 6s]
dimas210485: folds 
Dorex2007: folds 
Andrei232Zah: checks 
vadim3107: folds 
RamziSaadi has timed out
RamziSaadi: folds 
ku-Vt7993: folds 
maksim-2003: calls $0.02
baligo666: calls $0.01
realmadrid18win: checks 
*** FLOP *** [Th 8s Kd]
baligo666: checks 
realmadrid18win: checks 
Andrei232Zah: checks 
maksim-2003: checks 
*** TURN *** [Th 8s Kd] [Qd]
baligo666: checks 
realmadrid18win: checks 
Andrei232Zah: checks 
maksim-2003: bets $0.04
baligo666: folds 
realmadrid18win: folds 
Andrei232Zah: folds 
Uncalled bet ($0.04) returned to maksim-2003
maksim-2003 collected $0.08 from pot
maksim-2003: doesn't show hand 
*** SUMMARY ***
Total pot $0.08 | Rake $0 
Board [Th 8s Kd Qd]
Seat 1: ku-Vt7993 folded before Flop (didn't bet)
Seat 2: maksim-2003 (button) collected ($0.08)
Seat 3: baligo666 (small blind) folded on the Turn
Seat 4: realmadrid18win (big blind) folded on the Turn
Seat 5: dimas210485 folded before Flop (didn't bet)
Seat 6: Dorex2007 folded before Flop (didn't bet)
Seat 7: Andrei232Zah folded on the Turn (didn't bet)
Seat 8: vadim3107 folded before Flop (didn't bet)
Seat 9: RamziSaadi folded before Flop (didn't bet)



PokerStars Hand #230660788997:  Hold'em No Limit ($0.01/$0.02 USD) - 2021/10/16 14:33:10 PT [2021/10/16 17:33:10 ET]
Table 'Gellivara III' 9-max Seat #3 is the button
Seat 1: ku-Vt7993 ($1.97 in chips) 
Seat 2: maksim-2003 ($2.09 in chips) 
Seat 3: baligo666 ($4.36 in chips) 
Seat 4: realmadrid18win ($0.95 in chips) 
Seat 5: dimas210485 ($2.11 in chips) 
Seat 6: Dorex2007 ($2 in chips) 
Seat 7: Andrei232Zah ($0.81 in chips) 
Seat 8: vadim3107 ($1.60 in chips) 
Seat 9: RamziSaadi ($5.15 in chips) 
realmadrid18win: posts small blind $0.01
dimas210485: posts big blind $0.02
*** HOLE CARDS ***
Dealt to Dorex2007 [Ts 3h]
Dorex2007: folds 
Andrei232Zah: folds 
vadim3107: raises $0.04 to $0.06
RamziSaadi: calls $0.06
ku-Vt7993: folds 
maksim-2003: calls $0.06
baligo666: folds 
realmadrid18win: folds 
dimas210485: calls $0.04
*** FLOP *** [Qs Kc Jc]
dimas210485: checks 
vadim3107: checks 
RamziSaadi: bets $0.12
maksim-2003: folds 
dimas210485: calls $0.12
vadim3107: folds 
*** TURN *** [Qs Kc Jc] [Qh]
dimas210485: checks 
RamziSaadi: checks 
*** RIVER *** [Qs Kc Jc Qh] [5d]
dimas210485: checks 
RamziSaadi: bets $0.47
dimas210485: folds 
Uncalled bet ($0.47) returned to RamziSaadi
RamziSaadi collected $0.47 from pot
RamziSaadi: doesn't show hand 
*** SUMMARY ***
Total pot $0.49 | Rake $0.02 
Board [Qs Kc Jc Qh 5d]
Seat 1: ku-Vt7993 folded before Flop (didn't bet)
Seat 2: maksim-2003 folded on the Flop
Seat 3: baligo666 (button) folded before Flop (didn't bet)
Seat 4: realmadrid18win (small blind) folded before Flop
Seat 5: dimas210485 (big blind) folded on the River
Seat 6: Dorex2007 folded before Flop (didn't bet)
Seat 7: Andrei232Zah folded before Flop (didn't bet)
Seat 8: vadim3107 folded on the Flop
Seat 9: RamziSaadi collected ($0.47)



PokerStars Hand #230660820567:  Hold'em No Limit ($0.01/$0.02 USD) - 2021/10/16 14:34:05 PT [2021/10/16 17:34:05 ET]
Table 'Gellivara III' 9-max Seat #4 is the button
Seat 1: ku-Vt7993 ($1.97 in chips) 
Seat 2: maksim-2003 ($2.03 in chips) 
Seat 3: baligo666 ($4.36 in chips) 
Seat 4: realmadrid18win ($0.94 in chips) 
Seat 5: dimas210485 ($1.93 in chips) 
Seat 6: Dorex2007 ($2 in chips) 
Seat 7: Andrei232Zah ($0.81 in chips) 
Seat 8: vadim3107 ($1.60 in chips) 
Seat 9: RamziSaadi ($5.44 in chips) 
dimas210485: posts small blind $0.01
Dorex2007: posts big blind $0.02
*** HOLE CARDS ***
Dealt to Dorex2007 [Td 2d]
Andrei232Zah: folds 
vadim3107: calls $0.02
RamziSaadi: calls $0.02
ku-Vt7993: folds 
maksim-2003: calls $0.02
baligo666: folds 
realmadrid18win: folds 
dimas210485: folds 
Dorex2007: checks 
*** FLOP *** [3h Ts 2h]
Dorex2007: checks 
vadim3107: checks 
RamziSaadi: checks 
maksim-2003: bets $0.05
Dorex2007: calls $0.05
vadim3107: folds 
RamziSaadi: folds 
*** TURN *** [3h Ts 2h] [3s]
Dorex2007: checks 
maksim-2003: bets $0.09
Dorex2007: calls $0.09
*** RIVER *** [3h Ts 2h 3s] [9s]
Dorex2007: checks 
maksim-2003: bets $0.18
Dorex2007: calls $0.18
*** SHOW DOWN ***
maksim-2003: shows [Tc Js] (two pair, Tens and Threes)
Dorex2007: mucks hand 
maksim-2003 collected $0.70 from pot
*** SUMMARY ***
Total pot $0.73 | Rake $0.03 
Board [3h Ts 2h 3s 9s]
Seat 1: ku-Vt7993 folded before Flop (didn't bet)
Seat 2: maksim-2003 showed [Tc Js] and won ($0.70) with two pair, Tens and Threes
Seat 3: baligo666 folded before Flop (didn't bet)
Seat 4: realmadrid18win (button) folded before Flop (didn't bet)
Seat 5: dimas210485 (small blind) folded before Flop
Seat 6: Dorex2007 (big blind) mucked [Td 2d]
Seat 7: Andrei232Zah folded before Flop (didn't bet)
Seat 8: vadim3107 folded on the Flop
Seat 9: RamziSaadi folded on the Flop



PokerStars Hand #230660843082:  Hold'em No Limit ($0.01/$0.02 USD) - 2021/10/16 14:34:56 PT [2021/10/16 17:34:56 ET]
Table 'Gellivara III' 9-max Seat #5 is the button
Seat 1: ku-Vt7993 ($1.97 in chips) 
Seat 2: maksim-2003 ($2.39 in chips) 
Seat 3: baligo666 ($4.36 in chips) 
Seat 4: realmadrid18win ($0.94 in chips) 
Seat 5: dimas210485 ($1.92 in chips) 
Seat 6: Dorex2007 ($2 in chips) 
Seat 7: Andrei232Zah ($0.81 in chips) 
Seat 8: vadim3107 ($1.60 in chips) 
Seat 9: RamziSaadi ($5.42 in chips) 
Dorex2007: posts small blind $0.01
Andrei232Zah: posts big blind $0.02
*** HOLE CARDS ***
Dealt to Dorex2007 [Qd 6c]
vadim3107: folds 
RamziSaadi: calls $0.02
ku-Vt7993: folds 
maksim-2003: folds 
baligo666 has timed out
baligo666: folds 
realmadrid18win: folds 
dimas210485: folds 
Dorex2007: calls $0.01
Andrei232Zah: checks 
*** FLOP *** [2d Ac 4c]
Dorex2007: checks 
Andrei232Zah: checks 
RamziSaadi: bets $0.06
Dorex2007: folds 
Andrei232Zah: folds 
Uncalled bet ($0.06) returned to RamziSaadi
RamziSaadi collected $0.06 from pot
RamziSaadi: doesn't show hand 
*** SUMMARY ***
Total pot $0.06 | Rake $0 
Board [2d Ac 4c]
Seat 1: ku-Vt7993 folded before Flop (didn't bet)
Seat 2: maksim-2003 folded before Flop (didn't bet)
Seat 3: baligo666 folded before Flop (didn't bet)
Seat 4: realmadrid18win folded before Flop (didn't bet)
Seat 5: dimas210485 (button) folded before Flop (didn't bet)
Seat 6: Dorex2007 (small blind) folded on the Flop
Seat 7: Andrei232Zah (big blind) folded on the Flop
Seat 8: vadim3107 folded before Flop (didn't bet)
Seat 9: RamziSaadi collected ($0.06)



PokerStars Hand #230660858493:  Hold'em No Limit ($0.01/$0.02 USD) - 2021/10/16 14:35:30 PT [2021/10/16 17:35:30 ET]
Table 'Gellivara III' 9-max Seat #6 is the button
Seat 1: ku-Vt7993 ($1.97 in chips) 
Seat 2: maksim-2003 ($2.39 in chips) 
Seat 3: baligo666 ($4.36 in chips) 
Seat 4: realmadrid18win ($0.94 in chips) 
Seat 5: dimas210485 ($1.92 in chips) 
Seat 6: Dorex2007 ($2 in chips) 
Seat 7: Andrei232Zah ($0.79 in chips) 
Seat 8: vadim3107 ($1.60 in chips) 
Seat 9: RamziSaadi ($5.46 in chips) 
Andrei232Zah: posts small blind $0.01
vadim3107: posts big blind $0.02
*** HOLE CARDS ***
Dealt to Dorex2007 [9s 2d]
RamziSaadi: calls $0.02
ku-Vt7993: folds 
maksim-2003: folds 
baligo666: folds 
realmadrid18win: folds 
dimas210485: folds 
Dorex2007: folds 
Andrei232Zah: folds 
vadim3107: checks 
*** FLOP *** [7s 6c Jd]
vadim3107: checks 
RamziSaadi: checks 
*** TURN *** [7s 6c Jd] [Kc]
vadim3107: bets $0.04
RamziSaadi: calls $0.04
*** RIVER *** [7s 6c Jd Kc] [Th]
vadim3107: bets $0.13
RamziSaadi: raises $0.13 to $0.26
vadim3107: calls $0.13
*** SHOW DOWN ***
RamziSaadi: shows [Ad Ac] (a pair of Aces)
vadim3107: shows [7c 7d] (three of a kind, Sevens)
vadim3107 collected $0.63 from pot
*** SUMMARY ***
Total pot $0.65 | Rake $0.02 
Board [7s 6c Jd Kc Th]
Seat 1: ku-Vt7993 folded before Flop (didn't bet)
Seat 2: maksim-2003 folded before Flop (didn't bet)
Seat 3: baligo666 folded before Flop (didn't bet)
Seat 4: realmadrid18win folded before Flop (didn't bet)
Seat 5: dimas210485 folded before Flop (didn't bet)
Seat 6: Dorex2007 (button) folded before Flop (didn't bet)
Seat 7: Andrei232Zah (small blind) folded before Flop
Seat 8: vadim3107 (big blind) showed [7c 7d] and won ($0.63) with three of a kind, Sevens
Seat 9: RamziSaadi showed [Ad Ac] and lost with a pair of Aces



PokerStars Hand #230660871078:  Hold'em No Limit ($0.01/$0.02 USD) - 2021/10/16 14:35:59 PT [2021/10/16 17:35:59 ET]
Table 'Gellivara III' 9-max Seat #7 is the button
Seat 1: ku-Vt7993 ($1.97 in chips) 
Seat 2: maksim-2003 ($2.39 in chips) 
Seat 3: baligo666 ($4.36 in chips) 
Seat 4: realmadrid18win ($0.94 in chips) 
Seat 5: dimas210485 ($1.92 in chips) 
Seat 6: Dorex2007 ($2 in chips) 
Seat 7: Andrei232Zah ($0.78 in chips) 
Seat 8: vadim3107 ($1.91 in chips) 
Seat 9: RamziSaadi ($5.14 in chips) 
vadim3107: posts small blind $0.01
RamziSaadi: posts big blind $0.02
*** HOLE CARDS ***
Dealt to Dorex2007 [4c 4s]
ku-Vt7993: folds 
maksim-2003: folds 
baligo666: folds 
realmadrid18win: folds 
dimas210485: raises $0.04 to $0.06
Dorex2007: calls $0.06
Andrei232Zah: folds 
vadim3107: folds 
RamziSaadi: calls $0.04
*** FLOP *** [7h 9c Kd]
RamziSaadi: checks 
dimas210485: checks 
Dorex2007: checks 
*** TURN *** [7h 9c Kd] [Jh]
RamziSaadi: bets $0.09
dimas210485: calls $0.09
Dorex2007: folds 
*** RIVER *** [7h 9c Kd Jh] [9s]
RamziSaadi: bets $0.18
dimas210485: folds 
Uncalled bet ($0.18) returned to RamziSaadi
RamziSaadi collected $0.36 from pot
RamziSaadi: doesn't show hand 
*** SUMMARY ***
Total pot $0.37 | Rake $0.01 
Board [7h 9c Kd Jh 9s]
Seat 1: ku-Vt7993 folded before Flop (didn't bet)
Seat 2: maksim-2003 folded before Flop (didn't bet)
Seat 3: baligo666 folded before Flop (didn't bet)
Seat 4: realmadrid18win folded before Flop (didn't bet)
Seat 5: dimas210485 folded on the River
Seat 6: Dorex2007 folded on the Turn
Seat 7: Andrei232Zah (button) folded before Flop (didn't bet)
Seat 8: vadim3107 (small blind) folded before Flop
Seat 9: RamziSaadi (big blind) collected ($0.36)



PokerStars Hand #230660906702:  Hold'em No Limit ($0.01/$0.02 USD) - 2021/10/16 14:37:02 PT [2021/10/16 17:37:02 ET]
Table 'Gellivara III' 9-max Seat #8 is the button
Seat 1: ku-Vt7993 ($1.97 in chips) 
Seat 2: maksim-2003 ($2.39 in chips) 
Seat 3: baligo666 ($4.36 in chips) 
Seat 4: realmadrid18win ($0.94 in chips) 
Seat 5: dimas210485 ($1.77 in chips) 
Seat 6: Dorex2007 ($2 in chips) 
Seat 7: Andrei232Zah ($0.78 in chips) 
Seat 8: vadim3107 ($1.90 in chips) 
Seat 9: RamziSaadi ($5.35 in chips) 
RamziSaadi: posts small blind $0.01
ku-Vt7993: posts big blind $0.02
*** HOLE CARDS ***
Dealt to Dorex2007 [Th 4c]
maksim-2003: folds 
baligo666: folds 
realmadrid18win: folds 
dimas210485: folds 
Dorex2007: folds 
Andrei232Zah: folds 
vadim3107: folds 
RamziSaadi: calls $0.01
ku-Vt7993: checks 
*** FLOP *** [4h Kc 6c]
RamziSaadi: checks 
ku-Vt7993: bets $0.02
RamziSaadi: folds 
Uncalled bet ($0.02) returned to ku-Vt7993
ku-Vt7993 collected $0.04 from pot
ku-Vt7993: doesn't show hand 
*** SUMMARY ***
Total pot $0.04 | Rake $0 
Board [4h Kc 6c]
Seat 1: ku-Vt7993 (big blind) collected ($0.04)
Seat 2: maksim-2003 folded before Flop (didn't bet)
Seat 3: baligo666 folded before Flop (didn't bet)
Seat 4: realmadrid18win folded before Flop (didn't bet)
Seat 5: dimas210485 folded before Flop (didn't bet)
Seat 6: Dorex2007 folded before Flop (didn't bet)
Seat 7: Andrei232Zah folded before Flop (didn't bet)
Seat 8: vadim3107 (button) folded before Flop (didn't bet)
Seat 9: RamziSaadi (small blind) folded on the Flop



PokerStars Hand #230660916862:  Hold'em No Limit ($0.01/$0.02 USD) - 2021/10/16 14:37:25 PT [2021/10/16 17:37:25 ET]
Table 'Gellivara III' 9-max Seat #9 is the button
Seat 1: ku-Vt7993 ($1.99 in chips) 
Seat 2: maksim-2003 ($2.39 in chips) 
Seat 3: baligo666 ($4.36 in chips) 
Seat 4: realmadrid18win ($0.94 in chips) 
Seat 5: dimas210485 ($1.77 in chips) 
Seat 6: Dorex2007 ($2 in chips) 
Seat 7: Andrei232Zah ($0.78 in chips) 
Seat 8: vadim3107 ($1.90 in chips) 
Seat 9: RamziSaadi ($5.33 in chips) 
ku-Vt7993: posts small blind $0.01
maksim-2003: posts big blind $0.02
*** HOLE CARDS ***
Dealt to Dorex2007 [8s 9d]
baligo666: folds 
realmadrid18win: folds 
dimas210485: folds 
Dorex2007: folds 
Andrei232Zah: folds 
vadim3107: folds 
RamziSaadi: calls $0.02
ku-Vt7993: folds 
maksim-2003: checks 
*** FLOP *** [3d 8h 6d]
maksim-2003: bets $0.04
baligo666 leaves the table
RamziSaadi: folds 
Uncalled bet ($0.04) returned to maksim-2003
maksim-2003 collected $0.05 from pot
maksim-2003: doesn't show hand 
*** SUMMARY ***
Total pot $0.05 | Rake $0 
Board [3d 8h 6d]
Seat 1: ku-Vt7993 (small blind) folded before Flop
Seat 2: maksim-2003 (big blind) collected ($0.05)
Seat 3: baligo666 folded before Flop (didn't bet)
Seat 4: realmadrid18win folded before Flop (didn't bet)
Seat 5: dimas210485 folded before Flop (didn't bet)
Seat 6: Dorex2007 folded before Flop (didn't bet)
Seat 7: Andrei232Zah folded before Flop (didn't bet)
Seat 8: vadim3107 folded before Flop (didn't bet)
Seat 9: RamziSaadi (button) folded on the Flop



PokerStars Hand #230660926668:  Hold'em No Limit ($0.01/$0.02 USD) - 2021/10/16 14:37:47 PT [2021/10/16 17:37:47 ET]
Table 'Gellivara III' 9-max Seat #1 is the button
Seat 1: ku-Vt7993 ($1.98 in chips) 
Seat 2: maksim-2003 ($2.42 in chips) 
Seat 4: realmadrid18win ($0.94 in chips) 
Seat 5: dimas210485 ($1.77 in chips) 
Seat 6: Dorex2007 ($2 in chips) 
Seat 7: Andrei232Zah ($0.78 in chips) 
Seat 8: vadim3107 ($1.90 in chips) 
Seat 9: RamziSaadi ($5.31 in chips) 
maksim-2003: posts small blind $0.01
realmadrid18win: posts big blind $0.02
*** HOLE CARDS ***
Dealt to Dorex2007 [3c Jc]
irohfire joins the table at seat #3 
dimas210485: folds 
Dorex2007: folds 
Andrei232Zah: folds 
vadim3107: folds 
RamziSaadi: calls $0.02
ku-Vt7993: folds 
maksim-2003: calls $0.01
realmadrid18win: checks 
*** FLOP *** [5d 6d 2c]
maksim-2003: bets $0.03
realmadrid18win: folds 
RamziSaadi: folds 
Uncalled bet ($0.03) returned to maksim-2003
maksim-2003 collected $0.06 from pot
maksim-2003: doesn't show hand 
*** SUMMARY ***
Total pot $0.06 | Rake $0 
Board [5d 6d 2c]
Seat 1: ku-Vt7993 (button) folded before Flop (didn't bet)
Seat 2: maksim-2003 (small blind) collected ($0.06)
Seat 4: realmadrid18win (big blind) folded on the Flop
Seat 5: dimas210485 folded before Flop (didn't bet)
Seat 6: Dorex2007 folded before Flop (didn't bet)
Seat 7: Andrei232Zah folded before Flop (didn't bet)
Seat 8: vadim3107 folded before Flop (didn't bet)
Seat 9: RamziSaadi folded on the Flop



PokerStars Hand #230660938993:  Hold'em No Limit ($0.01/$0.02 USD) - 2021/10/16 14:38:15 PT [2021/10/16 17:38:15 ET]
Table 'Gellivara III' 9-max Seat #2 is the button
Seat 1: ku-Vt7993 ($1.98 in chips) 
Seat 2: maksim-2003 ($2.46 in chips) 
Seat 4: realmadrid18win ($0.92 in chips) 
Seat 5: dimas210485 ($1.77 in chips) 
Seat 6: Dorex2007 ($2 in chips) 
Seat 7: Andrei232Zah ($0.78 in chips) 
Seat 8: vadim3107 ($1.90 in chips) 
Seat 9: RamziSaadi ($5.29 in chips) 
realmadrid18win: posts small blind $0.01
dimas210485: posts big blind $0.02
*** HOLE CARDS ***
Dealt to Dorex2007 [5s 9c]
Dorex2007: folds 
Andrei232Zah: folds 
vadim3107: raises $0.04 to $0.06
RamziSaadi: folds 
ku-Vt7993: folds 
maksim-2003: folds 
realmadrid18win: folds 
dimas210485: folds 
Uncalled bet ($0.04) returned to vadim3107
vadim3107 collected $0.05 from pot
*** SUMMARY ***
Total pot $0.05 | Rake $0 
Seat 1: ku-Vt7993 folded before Flop (didn't bet)
Seat 2: maksim-2003 (button) folded before Flop (didn't bet)
Seat 4: realmadrid18win (small blind) folded before Flop
Seat 5: dimas210485 (big blind) folded before Flop
Seat 6: Dorex2007 folded before Flop (didn't bet)
Seat 7: Andrei232Zah folded before Flop (didn't bet)
Seat 8: vadim3107 collected ($0.05)
Seat 9: RamziSaadi folded before Flop (didn't bet)



PokerStars Hand #230660947518:  Hold'em No Limit ($0.01/$0.02 USD) - 2021/10/16 14:38:35 PT [2021/10/16 17:38:35 ET]
Table 'Gellivara III' 9-max Seat #4 is the button
Seat 1: ku-Vt7993 ($1.98 in chips) 
Seat 2: maksim-2003 ($2.46 in chips) 
Seat 3: irohfire ($2 in chips) 
Seat 4: realmadrid18win ($0.91 in chips) 
Seat 5: dimas210485 ($1.75 in chips) 
Seat 6: Dorex2007 ($2 in chips) 
Seat 7: Andrei232Zah ($0.78 in chips) 
Seat 8: vadim3107 ($1.93 in chips) 
Seat 9: RamziSaadi ($5.29 in chips) 
dimas210485: posts small blind $0.01
Dorex2007: posts big blind $0.02
irohfire: posts big blind $0.02
*** HOLE CARDS ***
Dealt to Dorex2007 [9c Qs]
Andrei232Zah: raises $0.02 to $0.04
vadim3107: folds 
RamziSaadi: calls $0.04
ku-Vt7993: folds 
maksim-2003: calls $0.04
irohfire: raises $0.16 to $0.20
realmadrid18win: folds 
dimas210485: folds 
Dorex2007: folds 
Andrei232Zah: folds 
RamziSaadi: folds 
maksim-2003: folds 
Uncalled bet ($0.16) returned to irohfire
irohfire collected $0.19 from pot
irohfire: doesn't show hand 
*** SUMMARY ***
Total pot $0.19 | Rake $0 
Seat 1: ku-Vt7993 folded before Flop (didn't bet)
Seat 2: maksim-2003 folded before Flop
Seat 3: irohfire collected ($0.19)
Seat 4: realmadrid18win (button) folded before Flop (didn't bet)
Seat 5: dimas210485 (small blind) folded before Flop
Seat 6: Dorex2007 (big blind) folded before Flop
Seat 7: Andrei232Zah folded before Flop
Seat 8: vadim3107 folded before Flop (didn't bet)
Seat 9: RamziSaadi folded before Flop



PokerStars Hand #230660960313:  Hold'em No Limit ($0.01/$0.02 USD) - 2021/10/16 14:39:03 PT [2021/10/16 17:39:03 ET]
Table 'Gellivara III' 9-max Seat #5 is the button
Seat 1: ku-Vt7993 ($1.98 in chips) 
Seat 2: maksim-2003 ($2.42 in chips) 
Seat 3: irohfire ($2.15 in chips) 
Seat 4: realmadrid18win ($0.91 in chips) 
Seat 5: dimas210485 ($1.74 in chips) 
Seat 6: Dorex2007 ($2 in chips) 
Seat 7: Andrei232Zah ($0.74 in chips) 
Seat 8: vadim3107 ($1.93 in chips) 
Seat 9: RamziSaadi ($5.25 in chips) 
Dorex2007: posts small blind $0.01
Andrei232Zah: posts big blind $0.02
*** HOLE CARDS ***
Dealt to Dorex2007 [Ks Qc]
vadim3107 has timed out
vadim3107: folds 
RamziSaadi: folds 
ku-Vt7993: raises $0.04 to $0.06
maksim-2003: folds 
irohfire: folds 
realmadrid18win: folds 
dimas210485: folds 
Dorex2007: calls $0.05
Andrei232Zah: folds 
*** FLOP *** [7d Qh 4d]
Dorex2007: checks 
ku-Vt7993: bets $0.07
Dorex2007: calls $0.07
*** TURN *** [7d Qh 4d] [5h]
Dorex2007: checks 
ku-Vt7993: checks 
*** RIVER *** [7d Qh 4d 5h] [Ts]
Dorex2007: bets $0.18
ku-Vt7993: folds 
Uncalled bet ($0.18) returned to Dorex2007
Dorex2007 collected $0.27 from pot
Dorex2007: doesn't show hand 
*** SUMMARY ***
Total pot $0.28 | Rake $0.01 
Board [7d Qh 4d 5h Ts]
Seat 1: ku-Vt7993 folded on the River
Seat 2: maksim-2003 folded before Flop (didn't bet)
Seat 3: irohfire folded before Flop (didn't bet)
Seat 4: realmadrid18win folded before Flop (didn't bet)
Seat 5: dimas210485 (button) folded before Flop (didn't bet)
Seat 6: Dorex2007 (small blind) collected ($0.27)
Seat 7: Andrei232Zah (big blind) folded before Flop
Seat 8: vadim3107 folded before Flop (didn't bet)
Seat 9: RamziSaadi folded before Flop (didn't bet)



PokerStars Hand #230660981451:  Hold'em No Limit ($0.01/$0.02 USD) - 2021/10/16 14:39:51 PT [2021/10/16 17:39:51 ET]
Table 'Gellivara III' 9-max Seat #6 is the button
Seat 1: ku-Vt7993 ($1.85 in chips) 
Seat 2: maksim-2003 ($2.42 in chips) 
Seat 3: irohfire ($2.15 in chips) 
Seat 4: realmadrid18win ($0.91 in chips) 
Seat 5: dimas210485 ($1.74 in chips) 
Seat 6: Dorex2007 ($2.14 in chips) 
Seat 7: Andrei232Zah ($0.72 in chips) 
Seat 8: vadim3107 ($1.93 in chips) 
Seat 9: RamziSaadi ($5.25 in chips) 
Andrei232Zah: posts small blind $0.01
vadim3107: posts big blind $0.02
*** HOLE CARDS ***
Dealt to Dorex2007 [4h 2h]
RamziSaadi: folds 
ku-Vt7993: folds 
maksim-2003: folds 
irohfire: folds 
realmadrid18win: folds 
dimas210485: raises $0.04 to $0.06
Dorex2007: folds 
Andrei232Zah: folds 
vadim3107: folds 
Uncalled bet ($0.04) returned to dimas210485
dimas210485 collected $0.05 from pot
dimas210485: doesn't show hand 
*** SUMMARY ***
Total pot $0.05 | Rake $0 
Seat 1: ku-Vt7993 folded before Flop (didn't bet)
Seat 2: maksim-2003 folded before Flop (didn't bet)
Seat 3: irohfire folded before Flop (didn't bet)
Seat 4: realmadrid18win folded before Flop (didn't bet)
Seat 5: dimas210485 collected ($0.05)
Seat 6: Dorex2007 (button) folded before Flop (didn't bet)
Seat 7: Andrei232Zah (small blind) folded before Flop
Seat 8: vadim3107 (big blind) folded before Flop
Seat 9: RamziSaadi folded before Flop (didn't bet)



PokerStars Hand #230660988626:  Hold'em No Limit ($0.01/$0.02 USD) - 2021/10/16 14:40:08 PT [2021/10/16 17:40:08 ET]
Table 'Gellivara III' 9-max Seat #7 is the button
Seat 1: ku-Vt7993 ($1.85 in chips) 
Seat 2: maksim-2003 ($2.42 in chips) 
Seat 3: irohfire ($2.15 in chips) 
Seat 4: realmadrid18win ($0.91 in chips) 
Seat 5: dimas210485 ($1.77 in chips) 
Seat 6: Dorex2007 ($2.14 in chips) 
Seat 7: Andrei232Zah ($0.71 in chips) 
Seat 8: vadim3107 ($1.91 in chips) 
Seat 9: RamziSaadi ($5.25 in chips) 
vadim3107: posts small blind $0.01
RamziSaadi: posts big blind $0.02
*** HOLE CARDS ***
Dealt to Dorex2007 [Ac 6d]
ku-Vt7993: folds 
maksim-2003: folds 
irohfire: folds 
realmadrid18win: folds 
dimas210485: folds 
Dorex2007: folds 
Andrei232Zah: folds 
vadim3107: folds 
Uncalled bet ($0.01) returned to RamziSaadi
RamziSaadi collected $0.02 from pot
RamziSaadi: doesn't show hand 
*** SUMMARY ***
Total pot $0.02 | Rake $0 
Seat 1: ku-Vt7993 folded before Flop (didn't bet)
Seat 2: maksim-2003 folded before Flop (didn't bet)
Seat 3: irohfire folded before Flop (didn't bet)
Seat 4: realmadrid18win folded before Flop (didn't bet)
Seat 5: dimas210485 folded before Flop (didn't bet)
Seat 6: Dorex2007 folded before Flop (didn't bet)
Seat 7: Andrei232Zah (button) folded before Flop (didn't bet)
Seat 8: vadim3107 (small blind) folded before Flop
Seat 9: RamziSaadi (big blind) collected ($0.02)



PokerStars Hand #230660993427:  Hold'em No Limit ($0.01/$0.02 USD) - 2021/10/16 14:40:19 PT [2021/10/16 17:40:19 ET]
Table 'Gellivara III' 9-max Seat #8 is the button
Seat 1: ku-Vt7993 ($1.85 in chips) 
Seat 2: maksim-2003 ($2.42 in chips) 
Seat 3: irohfire ($2.15 in chips) 
Seat 4: realmadrid18win ($0.91 in chips) 
Seat 5: dimas210485 ($1.77 in chips) 
Seat 6: Dorex2007 ($2.14 in chips) 
Seat 7: Andrei232Zah ($0.71 in chips) 
Seat 8: vadim3107 ($1.90 in chips) 
Seat 9: RamziSaadi ($5.26 in chips) 
RamziSaadi: posts small blind $0.01
ku-Vt7993: posts big blind $0.02
*** HOLE CARDS ***
Dealt to Dorex2007 [7s Td]
maksim-2003: folds 
irohfire: folds 
realmadrid18win: raises $0.04 to $0.06
dimas210485: folds 
Dorex2007: folds 
Andrei232Zah: calls $0.06
vadim3107: folds 
RamziSaadi: folds 
ku-Vt7993: folds 
*** FLOP *** [2d 4c 5h]
realmadrid18win: bets $0.02
Andrei232Zah: calls $0.02
*** TURN *** [2d 4c 5h] [6d]
realmadrid18win: checks 
Andrei232Zah: checks 
*** RIVER *** [2d 4c 5h 6d] [Qs]
realmadrid18win: bets $0.02
Andrei232Zah: folds 
Uncalled bet ($0.02) returned to realmadrid18win
realmadrid18win collected $0.18 from pot
*** SUMMARY ***
Total pot $0.19 | Rake $0.01 
Board [2d 4c 5h 6d Qs]
Seat 1: ku-Vt7993 (big blind) folded before Flop
Seat 2: maksim-2003 folded before Flop (didn't bet)
Seat 3: irohfire folded before Flop (didn't bet)
Seat 4: realmadrid18win collected ($0.18)
Seat 5: dimas210485 folded before Flop (didn't bet)
Seat 6: Dorex2007 folded before Flop (didn't bet)
Seat 7: Andrei232Zah folded on the River
Seat 8: vadim3107 (button) folded before Flop (didn't bet)
Seat 9: RamziSaadi (small blind) folded before Flop



PokerStars Hand #230661008759:  Hold'em No Limit ($0.01/$0.02 USD) - 2021/10/16 14:40:54 PT [2021/10/16 17:40:54 ET]
Table 'Gellivara III' 9-max Seat #9 is the button
Seat 1: ku-Vt7993 ($1.83 in chips) 
Seat 2: maksim-2003 ($2.42 in chips) 
Seat 3: irohfire ($2.15 in chips) 
Seat 4: realmadrid18win ($1.01 in chips) 
Seat 5: dimas210485 ($1.77 in chips) 
Seat 6: Dorex2007 ($2.14 in chips) 
Seat 7: Andrei232Zah ($0.63 in chips) 
Seat 8: vadim3107 ($1.90 in chips) 
Seat 9: RamziSaadi ($5.25 in chips) 
ku-Vt7993: posts small blind $0.01
maksim-2003: posts big blind $0.02
*** HOLE CARDS ***
Dealt to Dorex2007 [9c Jh]
irohfire: folds 
realmadrid18win: folds 
dimas210485: folds 
Dorex2007: folds 
Andrei232Zah: calls $0.02
vadim3107: raises $0.02 to $0.04
RamziSaadi: folds 
ku-Vt7993: folds 
maksim-2003: raises $0.08 to $0.12
Andrei232Zah: calls $0.10
vadim3107: calls $0.08
*** FLOP *** [6s 4c 7s]
maksim-2003: checks 
Andrei232Zah: checks 
vadim3107: checks 
*** TURN *** [6s 4c 7s] [5d]
maksim-2003: checks 
Andrei232Zah: bets $0.20
vadim3107: calls $0.20
maksim-2003: folds 
*** RIVER *** [6s 4c 7s 5d] [5h]
Andrei232Zah: bets $0.31 and is all-in
vadim3107: folds 
Uncalled bet ($0.31) returned to Andrei232Zah
Andrei232Zah collected $0.74 from pot
Andrei232Zah: doesn't show hand 
*** SUMMARY ***
Total pot $0.77 | Rake $0.03 
Board [6s 4c 7s 5d 5h]
Seat 1: ku-Vt7993 (small blind) folded before Flop
Seat 2: maksim-2003 (big blind) folded on the Turn
Seat 3: irohfire folded before Flop (didn't bet)
Seat 4: realmadrid18win folded before Flop (didn't bet)
Seat 5: dimas210485 folded before Flop (didn't bet)
Seat 6: Dorex2007 folded before Flop (didn't bet)
Seat 7: Andrei232Zah collected ($0.74)
Seat 8: vadim3107 folded on the River
Seat 9: RamziSaadi (button) folded before Flop (didn't bet)



PokerStars Hand #230661027315:  Hold'em No Limit ($0.01/$0.02 USD) - 2021/10/16 14:41:37 PT [2021/10/16 17:41:37 ET]
Table 'Gellivara III' 9-max Seat #1 is the button
Seat 1: ku-Vt7993 ($1.82 in chips) 
Seat 2: maksim-2003 ($2.30 in chips) 
Seat 4: realmadrid18win ($1.01 in chips) 
Seat 5: dimas210485 ($1.77 in chips) 
Seat 6: Dorex2007 ($2.14 in chips) 
Seat 7: Andrei232Zah ($1.05 in chips) 
Seat 8: vadim3107 ($1.60 in chips) 
Seat 9: RamziSaadi ($5.25 in chips) 
maksim-2003: posts small blind $0.01
irohfire: is sitting out 
realmadrid18win: posts big blind $0.02
*** HOLE CARDS ***
Dealt to Dorex2007 [9h 7h]
dimas210485: folds 
Dorex2007: folds 
Andrei232Zah: calls $0.02
vadim3107: folds 
RamziSaadi: calls $0.02
ku-Vt7993: raises $0.04 to $0.06
maksim-2003: calls $0.05
realmadrid18win: folds 
Andrei232Zah: calls $0.04
RamziSaadi: calls $0.04
*** FLOP *** [6s Ad Qd]
maksim-2003: checks 
Andrei232Zah: checks 
RamziSaadi: checks 
ku-Vt7993: bets $0.08
maksim-2003: calls $0.08
Andrei232Zah: folds 
RamziSaadi: folds 
*** TURN *** [6s Ad Qd] [4d]
maksim-2003: checks 
ku-Vt7993: bets $0.14
maksim-2003: calls $0.14
*** RIVER *** [6s Ad Qd 4d] [7s]
maksim-2003: checks 
ku-Vt7993: checks 
*** SHOW DOWN ***
maksim-2003: shows [Qh Kd] (a pair of Queens)
ku-Vt7993: shows [Tc As] (a pair of Aces)
ku-Vt7993 collected $0.68 from pot
*** SUMMARY ***
Total pot $0.70 | Rake $0.02 
Board [6s Ad Qd 4d 7s]
Seat 1: ku-Vt7993 (button) showed [Tc As] and won ($0.68) with a pair of Aces
Seat 2: maksim-2003 (small blind) showed [Qh Kd] and lost with a pair of Queens
Seat 4: realmadrid18win (big blind) folded before Flop
Seat 5: dimas210485 folded before Flop (didn't bet)
Seat 6: Dorex2007 folded before Flop (didn't bet)
Seat 7: Andrei232Zah folded on the Flop
Seat 8: vadim3107 folded before Flop (didn't bet)
Seat 9: RamziSaadi folded on the Flop



PokerStars Hand #230661049590:  Hold'em No Limit ($0.01/$0.02 USD) - 2021/10/16 14:42:28 PT [2021/10/16 17:42:28 ET]
Table 'Gellivara III' 9-max Seat #2 is the button
Seat 1: ku-Vt7993 ($2.22 in chips) 
Seat 2: maksim-2003 ($2.02 in chips) 
Seat 4: realmadrid18win ($0.99 in chips) 
Seat 5: dimas210485 ($1.77 in chips) 
Seat 6: Dorex2007 ($2.14 in chips) 
Seat 7: Andrei232Zah ($0.99 in chips) 
Seat 8: vadim3107 ($1.60 in chips) 
Seat 9: RamziSaadi ($5.19 in chips) 
realmadrid18win: posts small blind $0.01
dimas210485: posts big blind $0.02
*** HOLE CARDS ***
Dealt to Dorex2007 [5h 5c]
Dorex2007: raises $0.02 to $0.04
Andrei232Zah: folds 
vadim3107: folds 
RamziSaadi: calls $0.04
ku-Vt7993: folds 
maksim-2003: folds 
realmadrid18win: calls $0.03
dimas210485: folds 
*** FLOP *** [7d 6h 9h]
realmadrid18win: checks 
Dorex2007: bets $0.14
RamziSaadi: calls $0.14
realmadrid18win: folds 
*** TURN *** [7d 6h 9h] [9c]
Dorex2007: checks 
RamziSaadi: bets $0.20
Dorex2007: folds 
Uncalled bet ($0.20) returned to RamziSaadi
RamziSaadi collected $0.41 from pot
RamziSaadi: doesn't show hand 
*** SUMMARY ***
Total pot $0.42 | Rake $0.01 
Board [7d 6h 9h 9c]
Seat 1: ku-Vt7993 folded before Flop (didn't bet)
Seat 2: maksim-2003 (button) folded before Flop (didn't bet)
Seat 4: realmadrid18win (small blind) folded on the Flop
Seat 5: dimas210485 (big blind) folded before Flop
Seat 6: Dorex2007 folded on the Turn
Seat 7: Andrei232Zah folded before Flop (didn't bet)
Seat 8: vadim3107 folded before Flop (didn't bet)
Seat 9: RamziSaadi collected ($0.41)



PokerStars Hand #230661069474:  Hold'em No Limit ($0.01/$0.02 USD) - 2021/10/16 14:43:14 PT [2021/10/16 17:43:14 ET]
Table 'Gellivara III' 9-max Seat #4 is the button
Seat 1: ku-Vt7993 ($2.22 in chips) 
Seat 2: maksim-2003 ($2.02 in chips) 
Seat 3: irohfire ($2.15 in chips) 
Seat 4: realmadrid18win ($0.95 in chips) 
Seat 5: dimas210485 ($1.75 in chips) 
Seat 6: Dorex2007 ($2 in chips) 
Seat 7: Andrei232Zah ($0.99 in chips) 
Seat 8: vadim3107 ($1.60 in chips) 
Seat 9: RamziSaadi ($5.42 in chips) 
dimas210485: posts small blind $0.01
Dorex2007: posts big blind $0.02
irohfire: posts small & big blinds $0.03
*** HOLE CARDS ***
Dealt to Dorex2007 [Qs As]
Andrei232Zah: folds 
vadim3107: folds 
RamziSaadi: calls $0.02
ku-Vt7993: folds 
maksim-2003: folds 
irohfire: checks 
realmadrid18win: raises $0.24 to $0.26
dimas210485: folds 
Dorex2007: folds 
RamziSaadi: folds 
irohfire: folds 
Uncalled bet ($0.24) returned to realmadrid18win
realmadrid18win collected $0.10 from pot
*** SUMMARY ***
Total pot $0.10 | Rake $0 
Seat 1: ku-Vt7993 folded before Flop (didn't bet)
Seat 2: maksim-2003 folded before Flop (didn't bet)
Seat 3: irohfire folded before Flop (didn't bet)
Seat 4: realmadrid18win (button) collected ($0.10)
Seat 5: dimas210485 (small blind) folded before Flop
Seat 6: Dorex2007 (big blind) folded before Flop
Seat 7: Andrei232Zah folded before Flop (didn't bet)
Seat 8: vadim3107 folded before Flop (didn't bet)
Seat 9: RamziSaadi folded before Flop



PokerStars Hand #230661080942:  Hold'em No Limit ($0.01/$0.02 USD) - 2021/10/16 14:43:40 PT [2021/10/16 17:43:40 ET]
Table 'Gellivara III' 9-max Seat #5 is the button
Seat 1: ku-Vt7993 ($2.22 in chips) 
Seat 2: maksim-2003 ($2.02 in chips) 
Seat 3: irohfire ($2.12 in chips) 
Seat 4: realmadrid18win ($1.03 in chips) 
Seat 5: dimas210485 ($1.74 in chips) 
Seat 6: Dorex2007 ($2 in chips) 
Seat 7: Andrei232Zah ($0.99 in chips) 
Seat 8: vadim3107 ($1.60 in chips) 
Seat 9: RamziSaadi ($5.40 in chips) 
Dorex2007: posts small blind $0.01
Andrei232Zah: posts big blind $0.02
*** HOLE CARDS ***
Dealt to Dorex2007 [Th 3d]
vadim3107: folds 
RamziSaadi: folds 
ku-Vt7993: folds 
maksim-2003: folds 
irohfire: folds 
realmadrid18win: folds 
dimas210485: raises $0.04 to $0.06
Dorex2007: folds 
Andrei232Zah: folds 
Uncalled bet ($0.04) returned to dimas210485
dimas210485 collected $0.05 from pot
dimas210485: doesn't show hand 
*** SUMMARY ***
Total pot $0.05 | Rake $0 
Seat 1: ku-Vt7993 folded before Flop (didn't bet)
Seat 2: maksim-2003 folded before Flop (didn't bet)
Seat 3: irohfire folded before Flop (didn't bet)
Seat 4: realmadrid18win folded before Flop (didn't bet)
Seat 5: dimas210485 (button) collected ($0.05)
Seat 6: Dorex2007 (small blind) folded before Flop
Seat 7: Andrei232Zah (big blind) folded before Flop
Seat 8: vadim3107 folded before Flop (didn't bet)
Seat 9: RamziSaadi folded before Flop (didn't bet)



PokerStars Hand #230661090423:  Hold'em No Limit ($0.01/$0.02 USD) - 2021/10/16 14:44:02 PT [2021/10/16 17:44:02 ET]
Table 'Gellivara III' 9-max Seat #6 is the button
Seat 1: ku-Vt7993 ($2.22 in chips) 
Seat 2: maksim-2003 ($2.02 in chips) 
Seat 3: irohfire ($2.12 in chips) 
Seat 4: realmadrid18win ($1.03 in chips) 
Seat 5: dimas210485 ($1.77 in chips) 
Seat 6: Dorex2007 ($2 in chips) 
Seat 7: Andrei232Zah ($0.97 in chips) 
Seat 8: vadim3107 ($1.60 in chips) 
Seat 9: RamziSaadi ($5.40 in chips) 
Andrei232Zah: posts small blind $0.01
vadim3107: posts big blind $0.02
*** HOLE CARDS ***
Dealt to Dorex2007 [Tc Kc]
RamziSaadi: calls $0.02
ku-Vt7993: folds 
maksim-2003: calls $0.02
irohfire: raises $0.04 to $0.06
realmadrid18win: folds 
dimas210485: folds 
Dorex2007: calls $0.06
Andrei232Zah: folds 
vadim3107: folds 
RamziSaadi: calls $0.04
maksim-2003: calls $0.04
*** FLOP *** [Kd 9h 3s]
RamziSaadi: checks 
maksim-2003: checks 
irohfire: bets $0.13
Dorex2007: raises $0.52 to $0.65
RamziSaadi: folds 
maksim-2003: folds 
irohfire: calls $0.52
*** TURN *** [Kd 9h 3s] [Ah]
irohfire: bets $1.41 and is all-in
Dorex2007: folds 
Uncalled bet ($1.41) returned to irohfire
irohfire collected $1.52 from pot
irohfire: doesn't show hand 
*** SUMMARY ***
Total pot $1.57 | Rake $0.05 
Board [Kd 9h 3s Ah]
Seat 1: ku-Vt7993 folded before Flop (didn't bet)
Seat 2: maksim-2003 folded on the Flop
Seat 3: irohfire collected ($1.52)
Seat 4: realmadrid18win folded before Flop (didn't bet)
Seat 5: dimas210485 folded before Flop (didn't bet)
Seat 6: Dorex2007 (button) folded on the Turn
Seat 7: Andrei232Zah (small blind) folded before Flop
Seat 8: vadim3107 (big blind) folded before Flop
Seat 9: RamziSaadi folded on the Flop



PokerStars Hand #230661116649:  Hold'em No Limit ($0.01/$0.02 USD) - 2021/10/16 14:45:03 PT [2021/10/16 17:45:03 ET]
Table 'Gellivara III' 9-max Seat #7 is the button
Seat 1: ku-Vt7993 ($2.22 in chips) 
Seat 2: maksim-2003 ($2 in chips) 
Seat 3: irohfire ($2.93 in chips) 
Seat 4: realmadrid18win ($1.03 in chips) 
Seat 5: dimas210485 ($1.77 in chips) 
Seat 6: Dorex2007 ($2 in chips) 
Seat 7: Andrei232Zah ($0.96 in chips) 
Seat 8: vadim3107 ($1.60 in chips) 
Seat 9: RamziSaadi ($5.34 in chips) 
vadim3107: posts small blind $0.01
RamziSaadi: posts big blind $0.02
*** HOLE CARDS ***
Dealt to Dorex2007 [Jc Jd]
ku-Vt7993: folds 
maksim-2003: folds 
irohfire: raises $0.04 to $0.06
realmadrid18win: folds 
dimas210485: folds 
Dorex2007: calls $0.06
Andrei232Zah: folds 
vadim3107: calls $0.05
RamziSaadi: calls $0.04
*** FLOP *** [Ac 2d 9c]
vadim3107: checks 
RamziSaadi: checks 
irohfire: checks 
Dorex2007: checks 
*** TURN *** [Ac 2d 9c] [8c]
vadim3107: checks 
RamziSaadi: bets $0.11
irohfire: calls $0.11
Dorex2007: folds 
vadim3107: folds 
*** RIVER *** [Ac 2d 9c 8c] [Ad]
RamziSaadi: bets $0.22
irohfire: folds 
Uncalled bet ($0.22) returned to RamziSaadi
RamziSaadi collected $0.44 from pot
RamziSaadi: doesn't show hand 
*** SUMMARY ***
Total pot $0.46 | Rake $0.02 
Board [Ac 2d 9c 8c Ad]
Seat 1: ku-Vt7993 folded before Flop (didn't bet)
Seat 2: maksim-2003 folded before Flop (didn't bet)
Seat 3: irohfire folded on the River
Seat 4: realmadrid18win folded before Flop (didn't bet)
Seat 5: dimas210485 folded before Flop (didn't bet)
Seat 6: Dorex2007 folded on the Turn
Seat 7: Andrei232Zah (button) folded before Flop (didn't bet)
Seat 8: vadim3107 (small blind) folded on the Turn
Seat 9: RamziSaadi (big blind) collected ($0.44)



PokerStars Hand #230661134654:  Hold'em No Limit ($0.01/$0.02 USD) - 2021/10/16 14:45:45 PT [2021/10/16 17:45:45 ET]
Table 'Gellivara III' 9-max Seat #8 is the button
Seat 1: ku-Vt7993 ($2.22 in chips) 
Seat 2: maksim-2003 ($2 in chips) 
Seat 3: irohfire ($2.76 in chips) 
Seat 4: realmadrid18win ($1.03 in chips) 
Seat 5: dimas210485 ($1.77 in chips) 
Seat 6: Dorex2007 ($2 in chips) 
Seat 7: Andrei232Zah ($0.96 in chips) 
Seat 8: vadim3107 ($1.60 in chips) 
Seat 9: RamziSaadi ($5.61 in chips) 
RamziSaadi: posts small blind $0.01
ku-Vt7993: posts big blind $0.02
*** HOLE CARDS ***
Dealt to Dorex2007 [Jh Ts]
maksim-2003: folds 
irohfire: folds 
realmadrid18win: raises $0.04 to $0.06
dimas210485: folds 
Dorex2007: folds 
Andrei232Zah: folds 
vadim3107: folds 
RamziSaadi: calls $0.05
ku-Vt7993: raises $0.10 to $0.16
realmadrid18win: folds 
RamziSaadi: folds 
Uncalled bet ($0.10) returned to ku-Vt7993
ku-Vt7993 collected $0.18 from pot
ku-Vt7993: doesn't show hand 
*** SUMMARY ***
Total pot $0.18 | Rake $0 
Seat 1: ku-Vt7993 (big blind) collected ($0.18)
Seat 2: maksim-2003 folded before Flop (didn't bet)
Seat 3: irohfire folded before Flop (didn't bet)
Seat 4: realmadrid18win folded before Flop
Seat 5: dimas210485 folded before Flop (didn't bet)
Seat 6: Dorex2007 folded before Flop (didn't bet)
Seat 7: Andrei232Zah folded before Flop (didn't bet)
Seat 8: vadim3107 (button) folded before Flop (didn't bet)
Seat 9: RamziSaadi (small blind) folded before Flop



PokerStars Hand #230661149972:  Hold'em No Limit ($0.01/$0.02 USD) - 2021/10/16 14:46:20 PT [2021/10/16 17:46:20 ET]
Table 'Gellivara III' 9-max Seat #9 is the button
Seat 1: ku-Vt7993 ($2.34 in chips) 
Seat 2: maksim-2003 ($2 in chips) 
Seat 3: irohfire ($2.76 in chips) 
Seat 4: realmadrid18win ($0.97 in chips) 
Seat 5: dimas210485 ($1.77 in chips) 
Seat 6: Dorex2007 ($2 in chips) 
Seat 7: Andrei232Zah ($0.96 in chips) 
Seat 8: vadim3107 ($1.60 in chips) 
Seat 9: RamziSaadi ($5.55 in chips) 
ku-Vt7993: posts small blind $0.01
maksim-2003: posts big blind $0.02
*** HOLE CARDS ***
Dealt to Dorex2007 [4c 5c]
irohfire: folds 
realmadrid18win: folds 
dimas210485: folds 
Dorex2007: raises $0.02 to $0.04
Andrei232Zah: raises $0.06 to $0.10
vadim3107: folds 
RamziSaadi: folds 
ku-Vt7993: folds 
maksim-2003: folds 
Dorex2007: folds 
Uncalled bet ($0.06) returned to Andrei232Zah
Andrei232Zah collected $0.11 from pot
Andrei232Zah: doesn't show hand 
*** SUMMARY ***
Total pot $0.11 | Rake $0 
Seat 1: ku-Vt7993 (small blind) folded before Flop
Seat 2: maksim-2003 (big blind) folded before Flop
Seat 3: irohfire folded before Flop (didn't bet)
Seat 4: realmadrid18win folded before Flop (didn't bet)
Seat 5: dimas210485 folded before Flop (didn't bet)
Seat 6: Dorex2007 folded before Flop
Seat 7: Andrei232Zah collected ($0.11)
Seat 8: vadim3107 folded before Flop (didn't bet)
Seat 9: RamziSaadi (button) folded before Flop (didn't bet)



PokerStars Hand #230661161610:  Hold'em No Limit ($0.01/$0.02 USD) - 2021/10/16 14:46:38 PT [2021/10/16 17:46:38 ET]
Table 'Gellivara III' 9-max Seat #1 is the button
Seat 1: ku-Vt7993 ($2.33 in chips) 
Seat 2: maksim-2003 ($2 in chips) 
Seat 3: irohfire ($2.76 in chips) 
Seat 4: realmadrid18win ($0.97 in chips) 
Seat 5: dimas210485 ($1.77 in chips) 
Seat 6: Dorex2007 ($2 in chips) 
Seat 7: Andrei232Zah ($1.03 in chips) 
Seat 8: vadim3107 ($1.60 in chips) 
Seat 9: RamziSaadi ($5.55 in chips) 
maksim-2003: posts small blind $0.01
irohfire: posts big blind $0.02
*** HOLE CARDS ***
Dealt to Dorex2007 [5d Ah]
realmadrid18win: folds 
dimas210485: folds 
Dorex2007: folds 
Andrei232Zah: folds 
vadim3107: folds 
RamziSaadi: folds 
ku-Vt7993: folds 
maksim-2003: folds 
Uncalled bet ($0.01) returned to irohfire
irohfire collected $0.02 from pot
irohfire: doesn't show hand 
*** SUMMARY ***
Total pot $0.02 | Rake $0 
Seat 1: ku-Vt7993 (button) folded before Flop (didn't bet)
Seat 2: maksim-2003 (small blind) folded before Flop
Seat 3: irohfire (big blind) collected ($0.02)
Seat 4: realmadrid18win folded before Flop (didn't bet)
Seat 5: dimas210485 folded before Flop (didn't bet)
Seat 6: Dorex2007 folded before Flop (didn't bet)
Seat 7: Andrei232Zah folded before Flop (didn't bet)
Seat 8: vadim3107 folded before Flop (didn't bet)
Seat 9: RamziSaadi folded before Flop (didn't bet)



PokerStars Hand #230661168089:  Hold'em No Limit ($0.01/$0.02 USD) - 2021/10/16 14:46:53 PT [2021/10/16 17:46:53 ET]
Table 'Gellivara III' 9-max Seat #2 is the button
Seat 1: ku-Vt7993 ($2.33 in chips) 
Seat 2: maksim-2003 ($2 in chips) 
Seat 3: irohfire ($2.77 in chips) 
Seat 4: realmadrid18win ($0.97 in chips) 
Seat 5: dimas210485 ($1.77 in chips) 
Seat 6: Dorex2007 ($2 in chips) 
Seat 7: Andrei232Zah ($1.03 in chips) 
Seat 8: vadim3107 ($1.60 in chips) 
Seat 9: RamziSaadi ($5.55 in chips) 
irohfire: posts small blind $0.01
realmadrid18win: posts big blind $0.02
*** HOLE CARDS ***
Dealt to Dorex2007 [7c 2h]
dimas210485: folds 
Dorex2007: folds 
Andrei232Zah: folds 
vadim3107: folds 
RamziSaadi: folds 
ku-Vt7993: folds 
maksim-2003: raises $0.04 to $0.06
irohfire: folds 
realmadrid18win: folds 
Uncalled bet ($0.04) returned to maksim-2003
maksim-2003 collected $0.05 from pot
maksim-2003: doesn't show hand 
*** SUMMARY ***
Total pot $0.05 | Rake $0 
Seat 1: ku-Vt7993 folded before Flop (didn't bet)
Seat 2: maksim-2003 (button) collected ($0.05)
Seat 3: irohfire (small blind) folded before Flop
Seat 4: realmadrid18win (big blind) folded before Flop
Seat 5: dimas210485 folded before Flop (didn't bet)
Seat 6: Dorex2007 folded before Flop (didn't bet)
Seat 7: Andrei232Zah folded before Flop (didn't bet)
Seat 8: vadim3107 folded before Flop (didn't bet)
Seat 9: RamziSaadi folded before Flop (didn't bet)



PokerStars Hand #230661177151:  Hold'em No Limit ($0.01/$0.02 USD) - 2021/10/16 14:47:14 PT [2021/10/16 17:47:14 ET]
Table 'Gellivara III' 9-max Seat #3 is the button
Seat 1: ku-Vt7993 ($2.33 in chips) 
Seat 2: maksim-2003 ($2.03 in chips) 
Seat 3: irohfire ($2.76 in chips) 
Seat 4: realmadrid18win ($0.95 in chips) 
Seat 5: dimas210485 ($1.77 in chips) 
Seat 6: Dorex2007 ($2 in chips) 
Seat 7: Andrei232Zah ($1.03 in chips) 
Seat 8: vadim3107 ($1.60 in chips) 
Seat 9: RamziSaadi ($5.55 in chips) 
realmadrid18win: posts small blind $0.01
dimas210485: posts big blind $0.02
*** HOLE CARDS ***
Dealt to Dorex2007 [3d 6d]
Dorex2007: folds 
Andrei232Zah: folds 
vadim3107: folds 
RamziSaadi: calls $0.02
ku-Vt7993: raises $0.04 to $0.06
maksim-2003: calls $0.06
irohfire: folds 
realmadrid18win: folds 
dimas210485: folds 
RamziSaadi: calls $0.04
*** FLOP *** [As 8s 9d]
RamziSaadi: checks 
ku-Vt7993: checks 
maksim-2003: bets $0.10
RamziSaadi: calls $0.10
ku-Vt7993: folds 
*** TURN *** [As 8s 9d] [Td]
RamziSaadi: checks 
maksim-2003: bets $0.20
RamziSaadi: folds 
Uncalled bet ($0.20) returned to maksim-2003
maksim-2003 collected $0.40 from pot
maksim-2003: doesn't show hand 
*** SUMMARY ***
Total pot $0.41 | Rake $0.01 
Board [As 8s 9d Td]
Seat 1: ku-Vt7993 folded on the Flop
Seat 2: maksim-2003 collected ($0.40)
Seat 3: irohfire (button) folded before Flop (didn't bet)
Seat 4: realmadrid18win (small blind) folded before Flop
Seat 5: dimas210485 (big blind) folded before Flop
Seat 6: Dorex2007 folded before Flop (didn't bet)
Seat 7: Andrei232Zah folded before Flop (didn't bet)
Seat 8: vadim3107 folded before Flop (didn't bet)
Seat 9: RamziSaadi folded on the Turn



PokerStars Hand #230661199036:  Hold'em No Limit ($0.01/$0.02 USD) - 2021/10/16 14:48:05 PT [2021/10/16 17:48:05 ET]
Table 'Gellivara III' 9-max Seat #4 is the button
Seat 1: ku-Vt7993 ($2.27 in chips) 
Seat 2: maksim-2003 ($2.27 in chips) 
Seat 3: irohfire ($2.76 in chips) 
Seat 4: realmadrid18win ($0.94 in chips) 
Seat 5: dimas210485 ($1.75 in chips) 
Seat 6: Dorex2007 ($2 in chips) 
Seat 7: Andrei232Zah ($1.03 in chips) 
Seat 8: vadim3107 ($1.60 in chips) 
Seat 9: RamziSaadi ($5.39 in chips) 
dimas210485: posts small blind $0.01
Dorex2007: posts big blind $0.02
*** HOLE CARDS ***
Dealt to Dorex2007 [Qd Tc]
Andrei232Zah: folds 
vadim3107: folds 
RamziSaadi: calls $0.02
ku-Vt7993: folds 
maksim-2003: folds 
irohfire: folds 
realmadrid18win: folds 
dimas210485: folds 
Dorex2007: checks 
*** FLOP *** [8h Js 4s]
Dorex2007: checks 
RamziSaadi: bets $0.05
Dorex2007: folds 
Uncalled bet ($0.05) returned to RamziSaadi
RamziSaadi collected $0.05 from pot
RamziSaadi: doesn't show hand 
*** SUMMARY ***
Total pot $0.05 | Rake $0 
Board [8h Js 4s]
Seat 1: ku-Vt7993 folded before Flop (didn't bet)
Seat 2: maksim-2003 folded before Flop (didn't bet)
Seat 3: irohfire folded before Flop (didn't bet)
Seat 4: realmadrid18win (button) folded before Flop (didn't bet)
Seat 5: dimas210485 (small blind) folded before Flop
Seat 6: Dorex2007 (big blind) folded on the Flop
Seat 7: Andrei232Zah folded before Flop (didn't bet)
Seat 8: vadim3107 folded before Flop (didn't bet)
Seat 9: RamziSaadi collected ($0.05)



PokerStars Hand #230661209323:  Hold'em No Limit ($0.01/$0.02 USD) - 2021/10/16 14:48:29 PT [2021/10/16 17:48:29 ET]
Table 'Gellivara III' 9-max Seat #5 is the button
Seat 1: ku-Vt7993 ($2.27 in chips) 
Seat 2: maksim-2003 ($2.27 in chips) 
Seat 3: irohfire ($2.76 in chips) 
Seat 4: realmadrid18win ($0.94 in chips) 
Seat 5: dimas210485 ($1.74 in chips) 
Seat 6: Dorex2007 ($2 in chips) 
Seat 7: Andrei232Zah ($1.03 in chips) 
Seat 8: vadim3107 ($1.60 in chips) 
Seat 9: RamziSaadi ($5.42 in chips) 
Dorex2007: posts small blind $0.01
Andrei232Zah: posts big blind $0.02
*** HOLE CARDS ***
Dealt to Dorex2007 [4c 6d]
vadim3107: folds 
RamziSaadi: calls $0.02
ku-Vt7993: folds 
maksim-2003: calls $0.02
irohfire: folds 
realmadrid18win: calls $0.02
dimas210485: calls $0.02
Dorex2007: folds 
Andrei232Zah: checks 
*** FLOP *** [8s Qs 6s]
Andrei232Zah: checks 
RamziSaadi: checks 
maksim-2003: checks 
realmadrid18win: checks 
dimas210485: checks 
*** TURN *** [8s Qs 6s] [5s]
Andrei232Zah: checks 
RamziSaadi: checks 
maksim-2003: checks 
realmadrid18win: checks 
dimas210485: checks 
*** RIVER *** [8s Qs 6s 5s] [7d]
Andrei232Zah: checks 
RamziSaadi: checks 
maksim-2003: checks 
realmadrid18win: bets $0.02
dimas210485: folds 
Andrei232Zah: folds 
RamziSaadi: calls $0.02
maksim-2003: folds 
*** SHOW DOWN ***
realmadrid18win: shows [Js Ks] (a flush, King high)
RamziSaadi: mucks hand 
realmadrid18win collected $0.14 from pot
*** SUMMARY ***
Total pot $0.15 | Rake $0.01 
Board [8s Qs 6s 5s 7d]
Seat 1: ku-Vt7993 folded before Flop (didn't bet)
Seat 2: maksim-2003 folded on the River
Seat 3: irohfire folded before Flop (didn't bet)
Seat 4: realmadrid18win showed [Js Ks] and won ($0.14) with a flush, King high
Seat 5: dimas210485 (button) folded on the River
Seat 6: Dorex2007 (small blind) folded before Flop
Seat 7: Andrei232Zah (big blind) folded on the River
Seat 8: vadim3107 folded before Flop (didn't bet)
Seat 9: RamziSaadi mucked [2d 8d]



PokerStars Hand #230661233432:  Hold'em No Limit ($0.01/$0.02 USD) - 2021/10/16 14:49:25 PT [2021/10/16 17:49:25 ET]
Table 'Gellivara III' 9-max Seat #6 is the button
Seat 1: ku-Vt7993 ($2.27 in chips) 
Seat 2: maksim-2003 ($2.25 in chips) 
Seat 3: irohfire ($2.76 in chips) 
Seat 4: realmadrid18win ($1.04 in chips) 
Seat 5: dimas210485 ($1.72 in chips) 
Seat 6: Dorex2007 ($2 in chips) 
Seat 7: Andrei232Zah ($1.01 in chips) 
Seat 8: vadim3107 ($1.60 in chips) 
Seat 9: RamziSaadi ($5.38 in chips) 
Andrei232Zah: posts small blind $0.01
vadim3107: posts big blind $0.02
*** HOLE CARDS ***
Dealt to Dorex2007 [9s 4h]
RamziSaadi: folds 
ku-Vt7993: folds 
maksim-2003: folds 
irohfire: folds 
realmadrid18win: folds 
dimas210485: folds 
Dorex2007: folds 
Andrei232Zah: folds 
Uncalled bet ($0.01) returned to vadim3107
vadim3107 collected $0.02 from pot
*** SUMMARY ***
Total pot $0.02 | Rake $0 
Seat 1: ku-Vt7993 folded before Flop (didn't bet)
Seat 2: maksim-2003 folded before Flop (didn't bet)
Seat 3: irohfire folded before Flop (didn't bet)
Seat 4: realmadrid18win folded before Flop (didn't bet)
Seat 5: dimas210485 folded before Flop (didn't bet)
Seat 6: Dorex2007 (button) folded before Flop (didn't bet)
Seat 7: Andrei232Zah (small blind) folded before Flop
Seat 8: vadim3107 (big blind) collected ($0.02)
Seat 9: RamziSaadi folded before Flop (didn't bet)



