PokerStars Hand #230184383510:  Hold'em No Limit ($0.01/$0.02 USD) - 2021/09/27 14:17:37 PT [2021/09/27 17:17:37 ET]
Table 'Brunsia' 9-max Seat #7 is the button
Seat 1: Lexdayz ($1.89 in chips) 
Seat 2: TheRealSixsens ($0.74 in chips) 
Seat 3: chameleon60 ($2 in chips) 
Seat 4: c u later287 ($3.08 in chips) 
Seat 5: Dorex2007 ($2 in chips) 
Seat 7: Gauwth ($1.76 in chips) 
Seat 9: fifa7772 ($1.60 in chips) 
Seuchenprinz has timed out
Seuchenprinz: is sitting out 
fifa7772: posts small blind $0.01
Lexdayz: posts big blind $0.02
Dorex2007: posts small & big blinds $0.03
Parker09SA: sits out 
*** HOLE CARDS ***
Dealt to Dorex2007 [7c Qd]
TheRealSixsens: folds 
chameleon60: raises $0.04 to $0.06
c u later287: folds 
Dorex2007: folds 
Gauwth: folds 
fifa7772: folds 
Lexdayz: folds 
Uncalled bet ($0.04) returned to chameleon60
chameleon60 collected $0.08 from pot
chameleon60: doesn't show hand 
*** SUMMARY ***
Total pot $0.08 | Rake $0 
Seat 1: Lexdayz (big blind) folded before Flop
Seat 2: TheRealSixsens folded before Flop (didn't bet)
Seat 3: chameleon60 collected ($0.08)
Seat 4: c u later287 folded before Flop (didn't bet)
Seat 5: Dorex2007 folded before Flop (didn't bet)
Seat 7: Gauwth (button) folded before Flop (didn't bet)
Seat 9: fifa7772 (small blind) folded before Flop



PokerStars Hand #230184399371:  Hold'em No Limit ($0.01/$0.02 USD) - 2021/09/27 14:18:13 PT [2021/09/27 17:18:13 ET]
Table 'Brunsia' 9-max Seat #9 is the button
Seat 1: Lexdayz ($1.87 in chips) 
Seat 2: TheRealSixsens ($0.74 in chips) 
Seat 3: chameleon60 ($2.06 in chips) 
Seat 4: c u later287 ($3.08 in chips) 
Seat 5: Dorex2007 ($1.97 in chips) 
Seat 7: Gauwth ($1.76 in chips) 
Seat 9: fifa7772 ($1.59 in chips) 
Lexdayz: posts small blind $0.01
TheRealSixsens: posts big blind $0.02
Parker09SA: sits out 
Seuchenprinz: sits out 
*** HOLE CARDS ***
Dealt to Dorex2007 [2c 4d]
chameleon60: folds 
c u later287: folds 
Dorex2007: folds 
Gauwth: folds 
fifa7772: folds 
Lexdayz: calls $0.01
TheRealSixsens: checks 
*** FLOP *** [9c Jd 9d]
Lexdayz: checks 
TheRealSixsens: checks 
*** TURN *** [9c Jd 9d] [5d]
Lexdayz: bets $0.02
TheRealSixsens: folds 
Uncalled bet ($0.02) returned to Lexdayz
Lexdayz collected $0.04 from pot
Lexdayz: doesn't show hand 
*** SUMMARY ***
Total pot $0.04 | Rake $0 
Board [9c Jd 9d 5d]
Seat 1: Lexdayz (small blind) collected ($0.04)
Seat 2: TheRealSixsens (big blind) folded on the Turn
Seat 3: chameleon60 folded before Flop (didn't bet)
Seat 4: c u later287 folded before Flop (didn't bet)
Seat 5: Dorex2007 folded before Flop (didn't bet)
Seat 7: Gauwth folded before Flop (didn't bet)
Seat 9: fifa7772 (button) folded before Flop (didn't bet)



PokerStars Hand #230184409399:  Hold'em No Limit ($0.01/$0.02 USD) - 2021/09/27 14:18:35 PT [2021/09/27 17:18:35 ET]
Table 'Brunsia' 9-max Seat #1 is the button
Seat 1: Lexdayz ($1.89 in chips) 
Seat 2: TheRealSixsens ($0.72 in chips) 
Seat 3: chameleon60 ($2.06 in chips) 
Seat 4: c u later287 ($3.08 in chips) 
Seat 5: Dorex2007 ($1.97 in chips) 
Seat 7: Gauwth ($1.76 in chips) 
Seat 9: fifa7772 ($1.59 in chips) 
TheRealSixsens: posts small blind $0.01
chameleon60: posts big blind $0.02
Parker09SA: sits out 
Seuchenprinz: sits out 
*** HOLE CARDS ***
Dealt to Dorex2007 [Ah 6s]
c u later287: folds 
Dorex2007: folds 
Gauwth: folds 
fifa7772: folds 
Lexdayz: calls $0.02
TheRealSixsens: calls $0.01
chameleon60: checks 
*** FLOP *** [4c 9h 5c]
TheRealSixsens: checks 
chameleon60: checks 
Lexdayz: bets $0.03
TheRealSixsens: folds 
chameleon60: folds 
Uncalled bet ($0.03) returned to Lexdayz
Lexdayz collected $0.06 from pot
Lexdayz: doesn't show hand 
*** SUMMARY ***
Total pot $0.06 | Rake $0 
Board [4c 9h 5c]
Seat 1: Lexdayz (button) collected ($0.06)
Seat 2: TheRealSixsens (small blind) folded on the Flop
Seat 3: chameleon60 (big blind) folded on the Flop
Seat 4: c u later287 folded before Flop (didn't bet)
Seat 5: Dorex2007 folded before Flop (didn't bet)
Seat 7: Gauwth folded before Flop (didn't bet)
Seat 9: fifa7772 folded before Flop (didn't bet)



PokerStars Hand #230184431479:  Hold'em No Limit ($0.01/$0.02 USD) - 2021/09/27 14:19:24 PT [2021/09/27 17:19:24 ET]
Table 'Brunsia' 9-max Seat #2 is the button
Seat 1: Lexdayz ($1.93 in chips) 
Seat 2: TheRealSixsens ($0.70 in chips) 
Seat 3: chameleon60 ($2.04 in chips) 
Seat 4: c u later287 ($3.08 in chips) 
Seat 5: Dorex2007 ($1.97 in chips) 
Seat 7: Gauwth ($1.76 in chips) 
Seat 9: fifa7772 ($1.59 in chips) 
chameleon60: posts small blind $0.01
c u later287: posts big blind $0.02
Parker09SA: sits out 
Seuchenprinz: sits out 
*** HOLE CARDS ***
Dealt to Dorex2007 [7s 9c]
Dorex2007: folds 
Gauwth: raises $0.05 to $0.07
fifa7772: folds 
Lexdayz: folds 
TheRealSixsens: folds 
chameleon60: folds 
c u later287: calls $0.05
*** FLOP *** [Tc 6h Qc]
c u later287: checks 
Gauwth: bets $0.14
c u later287: calls $0.14
*** TURN *** [Tc 6h Qc] [3c]
c u later287: checks 
Gauwth: bets $0.41
c u later287: folds 
Uncalled bet ($0.41) returned to Gauwth
Gauwth collected $0.41 from pot
Gauwth: doesn't show hand 
*** SUMMARY ***
Total pot $0.43 | Rake $0.02 
Board [Tc 6h Qc 3c]
Seat 1: Lexdayz folded before Flop (didn't bet)
Seat 2: TheRealSixsens (button) folded before Flop (didn't bet)
Seat 3: chameleon60 (small blind) folded before Flop
Seat 4: c u later287 (big blind) folded on the Turn
Seat 5: Dorex2007 folded before Flop (didn't bet)
Seat 7: Gauwth collected ($0.41)
Seat 9: fifa7772 folded before Flop (didn't bet)



PokerStars Hand #230184487341:  Hold'em No Limit ($0.01/$0.02 USD) - 2021/09/27 14:21:29 PT [2021/09/27 17:21:29 ET]
Table 'Brunsia' 9-max Seat #3 is the button
Seat 1: Lexdayz ($1.93 in chips) 
Seat 2: TheRealSixsens ($0.70 in chips) 
Seat 3: chameleon60 ($2.03 in chips) 
Seat 4: c u later287 ($2.87 in chips) 
Seat 5: Dorex2007 ($1.97 in chips) 
Seat 7: Gauwth ($1.96 in chips) 
Seat 8: Seuchenprinz ($1.65 in chips) 
Seat 9: fifa7772 ($1.59 in chips) 
c u later287: posts small blind $0.01
Dorex2007: posts big blind $0.02
Parker09SA: sits out 
Seuchenprinz: posts small blind $0.01
*** HOLE CARDS ***
Dealt to Dorex2007 [As 4c]
Gauwth: raises $0.06 to $0.08
Seuchenprinz: folds 
fifa7772: folds 
Lexdayz: folds 
TheRealSixsens: calls $0.08
chameleon60: folds 
c u later287: folds 
Dorex2007: folds 
*** FLOP *** [Js Jh 8d]
Gauwth: bets $0.10
TheRealSixsens: calls $0.10
*** TURN *** [Js Jh 8d] [3s]
Gauwth: bets $0.39
TheRealSixsens: folds 
Uncalled bet ($0.39) returned to Gauwth
Gauwth collected $0.39 from pot
Gauwth: doesn't show hand 
*** SUMMARY ***
Total pot $0.40 | Rake $0.01 
Board [Js Jh 8d 3s]
Seat 1: Lexdayz folded before Flop (didn't bet)
Seat 2: TheRealSixsens folded on the Turn
Seat 3: chameleon60 (button) folded before Flop (didn't bet)
Seat 4: c u later287 (small blind) folded before Flop
Seat 5: Dorex2007 (big blind) folded before Flop
Seat 7: Gauwth collected ($0.39)
Seat 8: Seuchenprinz folded before Flop (didn't bet)
Seat 9: fifa7772 folded before Flop (didn't bet)



PokerStars Hand #230184509257:  Hold'em No Limit ($0.01/$0.02 USD) - 2021/09/27 14:22:18 PT [2021/09/27 17:22:18 ET]
Table 'Brunsia' 9-max Seat #4 is the button
Seat 1: Lexdayz ($1.93 in chips) 
Seat 2: TheRealSixsens ($0.52 in chips) 
Seat 3: chameleon60 ($2.03 in chips) 
Seat 4: c u later287 ($2.86 in chips) 
Seat 5: Dorex2007 ($1.95 in chips) 
Seat 6: Parker09SA ($5.35 in chips) 
Seat 7: Gauwth ($2.17 in chips) 
Seat 8: Seuchenprinz ($1.64 in chips) 
Seat 9: fifa7772 ($1.59 in chips) 
Dorex2007: posts small blind $0.01
Parker09SA: posts big blind $0.02
*** HOLE CARDS ***
Dealt to Dorex2007 [Ah Qh]
Gauwth: folds 
Gauwth leaves the table
Seuchenprinz has timed out
Seuchenprinz: folds 
fifa7772: folds 
Lexdayz: calls $0.02
TheRealSixsens: folds 
chameleon60: folds 
Baal666666 joins the table at seat #7 
c u later287: folds 
Dorex2007: raises $0.04 to $0.06
Parker09SA: folds 
Lexdayz: calls $0.04
*** FLOP *** [Ad 2s 6c]
Dorex2007: checks 
Lexdayz: bets $0.07
Dorex2007: calls $0.07
*** TURN *** [Ad 2s 6c] [4s]
Dorex2007: checks 
Lexdayz: bets $0.13
Dorex2007: calls $0.13
*** RIVER *** [Ad 2s 6c 4s] [Kh]
Dorex2007: bets $0.35
Lexdayz: folds 
Uncalled bet ($0.35) returned to Dorex2007
Dorex2007 collected $0.52 from pot
Dorex2007: doesn't show hand 
*** SUMMARY ***
Total pot $0.54 | Rake $0.02 
Board [Ad 2s 6c 4s Kh]
Seat 1: Lexdayz folded on the River
Seat 2: TheRealSixsens folded before Flop (didn't bet)
Seat 3: chameleon60 folded before Flop (didn't bet)
Seat 4: c u later287 (button) folded before Flop (didn't bet)
Seat 5: Dorex2007 (small blind) collected ($0.52)
Seat 6: Parker09SA (big blind) folded before Flop
Seat 7: Gauwth folded before Flop (didn't bet)
Seat 8: Seuchenprinz folded before Flop (didn't bet)
Seat 9: fifa7772 folded before Flop (didn't bet)



PokerStars Hand #230184550259:  Hold'em No Limit ($0.01/$0.02 USD) - 2021/09/27 14:23:34 PT [2021/09/27 17:23:34 ET]
Table 'Brunsia' 9-max Seat #5 is the button
Seat 1: Lexdayz ($1.67 in chips) 
Seat 2: TheRealSixsens ($0.52 in chips) 
Seat 3: chameleon60 ($2.03 in chips) 
Seat 4: c u later287 ($2.86 in chips) 
Seat 5: Dorex2007 ($2.21 in chips) 
Seat 6: Parker09SA ($5.33 in chips) 
Seat 7: Baal666666 ($2 in chips) 
Seat 8: Seuchenprinz ($1.64 in chips) 
Seat 9: fifa7772 ($1.59 in chips) 
Parker09SA: posts small blind $0.01
Baal666666: posts big blind $0.02
*** HOLE CARDS ***
Dealt to Dorex2007 [7h 6d]
Seuchenprinz: folds 
fifa7772: folds 
Lexdayz: calls $0.02
TheRealSixsens: calls $0.02
chameleon60: raises $0.06 to $0.08
c u later287: folds 
Dorex2007: folds 
Parker09SA: folds 
Baal666666: folds 
Lexdayz: calls $0.06
TheRealSixsens: calls $0.06
*** FLOP *** [9s 4d 3s]
Lexdayz: checks 
TheRealSixsens: checks 
chameleon60: bets $0.20
Lexdayz: calls $0.20
TheRealSixsens: folds 
*** TURN *** [9s 4d 3s] [Jc]
Lexdayz: checks 
chameleon60: checks 
*** RIVER *** [9s 4d 3s Jc] [Ad]
Lexdayz: checks 
chameleon60: checks 
*** SHOW DOWN ***
Lexdayz: shows [3d 8d] (a pair of Threes)
chameleon60: shows [7c 7s] (a pair of Sevens)
chameleon60 collected $0.65 from pot
*** SUMMARY ***
Total pot $0.67 | Rake $0.02 
Board [9s 4d 3s Jc Ad]
Seat 1: Lexdayz showed [3d 8d] and lost with a pair of Threes
Seat 2: TheRealSixsens folded on the Flop
Seat 3: chameleon60 showed [7c 7s] and won ($0.65) with a pair of Sevens
Seat 4: c u later287 folded before Flop (didn't bet)
Seat 5: Dorex2007 (button) folded before Flop (didn't bet)
Seat 6: Parker09SA (small blind) folded before Flop
Seat 7: Baal666666 (big blind) folded before Flop
Seat 8: Seuchenprinz folded before Flop (didn't bet)
Seat 9: fifa7772 folded before Flop (didn't bet)



PokerStars Hand #230184580597:  Hold'em No Limit ($0.01/$0.02 USD) - 2021/09/27 14:24:43 PT [2021/09/27 17:24:43 ET]
Table 'Brunsia' 9-max Seat #6 is the button
Seat 1: Lexdayz ($1.39 in chips) 
Seat 2: TheRealSixsens ($0.44 in chips) 
Seat 3: chameleon60 ($2.40 in chips) 
Seat 4: c u later287 ($2.86 in chips) 
Seat 5: Dorex2007 ($2.21 in chips) 
Seat 6: Parker09SA ($5.32 in chips) 
Seat 7: Baal666666 ($1.98 in chips) 
Seat 8: Seuchenprinz ($1.64 in chips) 
Seat 9: fifa7772 ($1.59 in chips) 
Baal666666: posts small blind $0.01
Seuchenprinz: posts big blind $0.02
*** HOLE CARDS ***
Dealt to Dorex2007 [5c 4s]
fifa7772: folds 
Lexdayz: calls $0.02
TheRealSixsens: folds 
chameleon60: folds 
c u later287: calls $0.02
Dorex2007: folds 
Parker09SA has timed out
Parker09SA: folds 
Baal666666: folds 
Seuchenprinz: checks 
*** FLOP *** [Ts Jh 2h]
Seuchenprinz: checks 
Lexdayz: checks 
c u later287: bets $0.03
Seuchenprinz: folds 
Lexdayz: calls $0.03
*** TURN *** [Ts Jh 2h] [6s]
Lexdayz: checks 
c u later287: bets $0.06
Lexdayz: calls $0.06
*** RIVER *** [Ts Jh 2h 6s] [9h]
Lexdayz: bets $0.12
c u later287: calls $0.12
*** SHOW DOWN ***
Lexdayz: shows [7d 2s] (a pair of Deuces)
c u later287: shows [Jd Ah] (a pair of Jacks)
c u later287 collected $0.47 from pot
*** SUMMARY ***
Total pot $0.49 | Rake $0.02 
Board [Ts Jh 2h 6s 9h]
Seat 1: Lexdayz showed [7d 2s] and lost with a pair of Deuces
Seat 2: TheRealSixsens folded before Flop (didn't bet)
Seat 3: chameleon60 folded before Flop (didn't bet)
Seat 4: c u later287 showed [Jd Ah] and won ($0.47) with a pair of Jacks
Seat 5: Dorex2007 folded before Flop (didn't bet)
Seat 6: Parker09SA (button) folded before Flop (didn't bet)
Seat 7: Baal666666 (small blind) folded before Flop
Seat 8: Seuchenprinz (big blind) folded on the Flop
Seat 9: fifa7772 folded before Flop (didn't bet)



PokerStars Hand #230184618719:  Hold'em No Limit ($0.01/$0.02 USD) - 2021/09/27 14:26:10 PT [2021/09/27 17:26:10 ET]
Table 'Brunsia' 9-max Seat #7 is the button
Seat 1: Lexdayz ($1.16 in chips) 
Seat 2: TheRealSixsens ($0.44 in chips) 
Seat 3: chameleon60 ($2.40 in chips) 
Seat 4: c u later287 ($3.10 in chips) 
Seat 5: Dorex2007 ($2.21 in chips) 
Seat 6: Parker09SA ($5.32 in chips) 
Seat 7: Baal666666 ($1.97 in chips) 
Seat 8: Seuchenprinz ($1.62 in chips) 
Seat 9: fifa7772 ($1.59 in chips) 
Seuchenprinz: posts small blind $0.01
fifa7772: posts big blind $0.02
*** HOLE CARDS ***
Dealt to Dorex2007 [7c Th]
Lexdayz: folds 
TheRealSixsens: calls $0.02
chameleon60: raises $0.06 to $0.08
c u later287: folds 
Dorex2007: folds 
Parker09SA: calls $0.08
Baal666666: folds 
Seuchenprinz: folds 
fifa7772: folds 
TheRealSixsens: calls $0.06
*** FLOP *** [4h 2s 3s]
TheRealSixsens: checks 
chameleon60: bets $0.26
Parker09SA: folds 
TheRealSixsens: folds 
Uncalled bet ($0.26) returned to chameleon60
chameleon60 collected $0.26 from pot
chameleon60: doesn't show hand 
*** SUMMARY ***
Total pot $0.27 | Rake $0.01 
Board [4h 2s 3s]
Seat 1: Lexdayz folded before Flop (didn't bet)
Seat 2: TheRealSixsens folded on the Flop
Seat 3: chameleon60 collected ($0.26)
Seat 4: c u later287 folded before Flop (didn't bet)
Seat 5: Dorex2007 folded before Flop (didn't bet)
Seat 6: Parker09SA folded on the Flop
Seat 7: Baal666666 (button) folded before Flop (didn't bet)
Seat 8: Seuchenprinz (small blind) folded before Flop
Seat 9: fifa7772 (big blind) folded before Flop



PokerStars Hand #230184643204:  Hold'em No Limit ($0.01/$0.02 USD) - 2021/09/27 14:27:06 PT [2021/09/27 17:27:06 ET]
Table 'Brunsia' 9-max Seat #8 is the button
Seat 1: Lexdayz ($1.16 in chips) 
Seat 2: TheRealSixsens ($0.36 in chips) 
Seat 3: chameleon60 ($2.58 in chips) 
Seat 4: c u later287 ($3.10 in chips) 
Seat 5: Dorex2007 ($2.21 in chips) 
Seat 6: Parker09SA ($5.24 in chips) 
Seat 7: Baal666666 ($1.97 in chips) 
Seat 8: Seuchenprinz ($1.61 in chips) 
Seat 9: fifa7772 ($1.57 in chips) 
fifa7772: posts small blind $0.01
Lexdayz: posts big blind $0.02
*** HOLE CARDS ***
Dealt to Dorex2007 [5c Ts]
TheRealSixsens: calls $0.02
chameleon60: folds 
c u later287: folds 
Dorex2007: folds 
Parker09SA: folds 
Baal666666: raises $0.07 to $0.09
Seuchenprinz: folds 
fifa7772: folds 
Lexdayz: calls $0.07
TheRealSixsens: calls $0.07
*** FLOP *** [8d 4s Jc]
Lexdayz: checks 
TheRealSixsens: bets $0.02
Baal666666: calls $0.02
Lexdayz: calls $0.02
*** TURN *** [8d 4s Jc] [Jd]
Lexdayz: checks 
TheRealSixsens: checks 
Baal666666: checks 
*** RIVER *** [8d 4s Jc Jd] [8c]
Lexdayz: checks 
TheRealSixsens: bets $0.25 and is all-in
Baal666666: folds 
Lexdayz: folds 
Uncalled bet ($0.25) returned to TheRealSixsens
TheRealSixsens collected $0.33 from pot
TheRealSixsens: doesn't show hand 
*** SUMMARY ***
Total pot $0.34 | Rake $0.01 
Board [8d 4s Jc Jd 8c]
Seat 1: Lexdayz (big blind) folded on the River
Seat 2: TheRealSixsens collected ($0.33)
Seat 3: chameleon60 folded before Flop (didn't bet)
Seat 4: c u later287 folded before Flop (didn't bet)
Seat 5: Dorex2007 folded before Flop (didn't bet)
Seat 6: Parker09SA folded before Flop (didn't bet)
Seat 7: Baal666666 folded on the River
Seat 8: Seuchenprinz (button) folded before Flop (didn't bet)
Seat 9: fifa7772 (small blind) folded before Flop



PokerStars Hand #230184679445:  Hold'em No Limit ($0.01/$0.02 USD) - 2021/09/27 14:28:18 PT [2021/09/27 17:28:18 ET]
Table 'Brunsia' 9-max Seat #9 is the button
Seat 1: Lexdayz ($1.05 in chips) 
Seat 2: TheRealSixsens ($0.58 in chips) 
Seat 3: chameleon60 ($2.58 in chips) 
Seat 4: c u later287 ($3.10 in chips) 
Seat 5: Dorex2007 ($2.21 in chips) 
Seat 6: Parker09SA ($5.24 in chips) 
Seat 7: Baal666666 ($1.86 in chips) 
Seat 8: Seuchenprinz ($1.61 in chips) 
Seat 9: fifa7772 ($1.56 in chips) 
Lexdayz: posts small blind $0.01
TheRealSixsens: posts big blind $0.02
*** HOLE CARDS ***
Dealt to Dorex2007 [Jd Jh]
chameleon60: folds 
c u later287: folds 
Dorex2007: raises $0.04 to $0.06
Parker09SA: folds 
Baal666666: folds 
Seuchenprinz: folds 
fifa7772: folds 
Lexdayz: folds 
TheRealSixsens: folds 
Uncalled bet ($0.04) returned to Dorex2007
Dorex2007 collected $0.05 from pot
Dorex2007: doesn't show hand 
*** SUMMARY ***
Total pot $0.05 | Rake $0 
Seat 1: Lexdayz (small blind) folded before Flop
Seat 2: TheRealSixsens (big blind) folded before Flop
Seat 3: chameleon60 folded before Flop (didn't bet)
Seat 4: c u later287 folded before Flop (didn't bet)
Seat 5: Dorex2007 collected ($0.05)
Seat 6: Parker09SA folded before Flop (didn't bet)
Seat 7: Baal666666 folded before Flop (didn't bet)
Seat 8: Seuchenprinz folded before Flop (didn't bet)
Seat 9: fifa7772 (button) folded before Flop (didn't bet)



PokerStars Hand #230184689583:  Hold'em No Limit ($0.01/$0.02 USD) - 2021/09/27 14:28:42 PT [2021/09/27 17:28:42 ET]
Table 'Brunsia' 9-max Seat #1 is the button
Seat 1: Lexdayz ($1.04 in chips) 
Seat 2: TheRealSixsens ($0.56 in chips) 
Seat 3: chameleon60 ($2.58 in chips) 
Seat 4: c u later287 ($3.10 in chips) 
Seat 5: Dorex2007 ($2.24 in chips) 
Seat 6: Parker09SA ($5.24 in chips) 
Seat 7: Baal666666 ($1.86 in chips) 
Seat 8: Seuchenprinz ($1.61 in chips) 
Seat 9: fifa7772 ($1.56 in chips) 
TheRealSixsens: posts small blind $0.01
chameleon60: posts big blind $0.02
*** HOLE CARDS ***
Dealt to Dorex2007 [Ad 2c]
c u later287: raises $0.02 to $0.04
Dorex2007: folds 
Parker09SA: folds 
Baal666666: folds 
Seuchenprinz: calls $0.04
fifa7772: folds 
Lexdayz: calls $0.04
TheRealSixsens: calls $0.03
chameleon60: calls $0.02
*** FLOP *** [3d 8h 8c]
TheRealSixsens: checks 
chameleon60: checks 
c u later287: checks 
Seuchenprinz: checks 
Lexdayz: checks 
*** TURN *** [3d 8h 8c] [4c]
TheRealSixsens: checks 
chameleon60: checks 
c u later287: checks 
Seuchenprinz: checks 
Lexdayz: bets $0.09
TheRealSixsens: folds 
chameleon60: folds 
c u later287: folds 
Seuchenprinz: folds 
Uncalled bet ($0.09) returned to Lexdayz
Lexdayz collected $0.19 from pot
Lexdayz: doesn't show hand 
*** SUMMARY ***
Total pot $0.20 | Rake $0.01 
Board [3d 8h 8c 4c]
Seat 1: Lexdayz (button) collected ($0.19)
Seat 2: TheRealSixsens (small blind) folded on the Turn
Seat 3: chameleon60 (big blind) folded on the Turn
Seat 4: c u later287 folded on the Turn
Seat 5: Dorex2007 folded before Flop (didn't bet)
Seat 6: Parker09SA folded before Flop (didn't bet)
Seat 7: Baal666666 folded before Flop (didn't bet)
Seat 8: Seuchenprinz folded on the Turn
Seat 9: fifa7772 folded before Flop (didn't bet)



PokerStars Hand #230184726893:  Hold'em No Limit ($0.01/$0.02 USD) - 2021/09/27 14:30:07 PT [2021/09/27 17:30:07 ET]
Table 'Brunsia' 9-max Seat #2 is the button
Seat 1: Lexdayz ($1.19 in chips) 
Seat 2: TheRealSixsens ($0.52 in chips) 
Seat 3: chameleon60 ($2.54 in chips) 
Seat 4: c u later287 ($3.06 in chips) 
Seat 5: Dorex2007 ($2.24 in chips) 
Seat 6: Parker09SA ($5.24 in chips) 
Seat 7: Baal666666 ($1.86 in chips) 
Seat 8: Seuchenprinz ($1.57 in chips) 
Seat 9: fifa7772 ($1.56 in chips) 
chameleon60: posts small blind $0.01
c u later287: posts big blind $0.02
*** HOLE CARDS ***
Dealt to Dorex2007 [2h 3s]
Dorex2007: folds 
Parker09SA: folds 
Baal666666: folds 
Seuchenprinz: folds 
fifa7772: folds 
Lexdayz: raises $0.05 to $0.07
TheRealSixsens: calls $0.07
chameleon60: calls $0.06
c u later287: folds 
*** FLOP *** [9c Tc 2d]
chameleon60: checks 
Lexdayz: bets $0.11
TheRealSixsens: calls $0.11
chameleon60: folds 
*** TURN *** [9c Tc 2d] [Jd]
Lexdayz: bets $0.43
TheRealSixsens: folds 
Uncalled bet ($0.43) returned to Lexdayz
Lexdayz collected $0.43 from pot
Lexdayz: doesn't show hand 
*** SUMMARY ***
Total pot $0.45 | Rake $0.02 
Board [9c Tc 2d Jd]
Seat 1: Lexdayz collected ($0.43)
Seat 2: TheRealSixsens (button) folded on the Turn
Seat 3: chameleon60 (small blind) folded on the Flop
Seat 4: c u later287 (big blind) folded before Flop
Seat 5: Dorex2007 folded before Flop (didn't bet)
Seat 6: Parker09SA folded before Flop (didn't bet)
Seat 7: Baal666666 folded before Flop (didn't bet)
Seat 8: Seuchenprinz folded before Flop (didn't bet)
Seat 9: fifa7772 folded before Flop (didn't bet)



PokerStars Hand #230184762194:  Hold'em No Limit ($0.01/$0.02 USD) - 2021/09/27 14:31:29 PT [2021/09/27 17:31:29 ET]
Table 'Brunsia' 9-max Seat #3 is the button
Seat 1: Lexdayz ($1.44 in chips) 
Seat 2: TheRealSixsens ($0.34 in chips) 
Seat 3: chameleon60 ($2.47 in chips) 
Seat 4: c u later287 ($3.04 in chips) 
Seat 5: Dorex2007 ($2.24 in chips) 
Seat 6: Parker09SA ($5.24 in chips) 
Seat 7: Baal666666 ($1.86 in chips) 
Seat 8: Seuchenprinz ($1.57 in chips) 
Seat 9: fifa7772 ($1.56 in chips) 
c u later287: posts small blind $0.01
Dorex2007: posts big blind $0.02
*** HOLE CARDS ***
Dealt to Dorex2007 [Jd 2d]
Parker09SA: folds 
Baal666666: folds 
Seuchenprinz: folds 
fifa7772: folds 
Lexdayz: folds 
TheRealSixsens: folds 
chameleon60: folds 
c u later287: raises $0.02 to $0.04
Dorex2007: folds 
Uncalled bet ($0.02) returned to c u later287
c u later287 collected $0.04 from pot
c u later287: doesn't show hand 
*** SUMMARY ***
Total pot $0.04 | Rake $0 
Seat 1: Lexdayz folded before Flop (didn't bet)
Seat 2: TheRealSixsens folded before Flop (didn't bet)
Seat 3: chameleon60 (button) folded before Flop (didn't bet)
Seat 4: c u later287 (small blind) collected ($0.04)
Seat 5: Dorex2007 (big blind) folded before Flop
Seat 6: Parker09SA folded before Flop (didn't bet)
Seat 7: Baal666666 folded before Flop (didn't bet)
Seat 8: Seuchenprinz folded before Flop (didn't bet)
Seat 9: fifa7772 folded before Flop (didn't bet)



PokerStars Hand #230184774165:  Hold'em No Limit ($0.01/$0.02 USD) - 2021/09/27 14:31:57 PT [2021/09/27 17:31:57 ET]
Table 'Brunsia' 9-max Seat #4 is the button
Seat 1: Lexdayz ($1.44 in chips) 
Seat 2: TheRealSixsens ($0.34 in chips) 
Seat 3: chameleon60 ($2.47 in chips) 
Seat 4: c u later287 ($3.06 in chips) 
Seat 5: Dorex2007 ($2.22 in chips) 
Seat 6: Parker09SA ($5.24 in chips) 
Seat 7: Baal666666 ($1.86 in chips) 
Seat 8: Seuchenprinz ($1.57 in chips) 
Seat 9: fifa7772 ($1.56 in chips) 
Dorex2007: posts small blind $0.01
Parker09SA: posts big blind $0.02
*** HOLE CARDS ***
Dealt to Dorex2007 [7d 4s]
Baal666666: folds 
Seuchenprinz: calls $0.02
fifa7772: folds 
Lexdayz: calls $0.02
TheRealSixsens: calls $0.02
chameleon60: folds 
c u later287: folds 
Dorex2007: folds 
Parker09SA: checks 
*** FLOP *** [Js 3d 5h]
Parker09SA: checks 
Seuchenprinz: checks 
Lexdayz: checks 
TheRealSixsens: bets $0.02
Parker09SA: folds 
Seuchenprinz: folds 
Lexdayz: calls $0.02
*** TURN *** [Js 3d 5h] [7c]
Lexdayz: checks 
TheRealSixsens: checks 
*** RIVER *** [Js 3d 5h 7c] [6d]
Lexdayz: checks 
TheRealSixsens: checks 
*** SHOW DOWN ***
Lexdayz: shows [9h Ts] (high card Jack)
TheRealSixsens: shows [As Kh] (high card Ace)
TheRealSixsens collected $0.13 from pot
*** SUMMARY ***
Total pot $0.13 | Rake $0 
Board [Js 3d 5h 7c 6d]
Seat 1: Lexdayz showed [9h Ts] and lost with high card Jack
Seat 2: TheRealSixsens showed [As Kh] and won ($0.13) with high card Ace
Seat 3: chameleon60 folded before Flop (didn't bet)
Seat 4: c u later287 (button) folded before Flop (didn't bet)
Seat 5: Dorex2007 (small blind) folded before Flop
Seat 6: Parker09SA (big blind) folded on the Flop
Seat 7: Baal666666 folded before Flop (didn't bet)
Seat 8: Seuchenprinz folded on the Flop
Seat 9: fifa7772 folded before Flop (didn't bet)



PokerStars Hand #230184795062:  Hold'em No Limit ($0.01/$0.02 USD) - 2021/09/27 14:32:45 PT [2021/09/27 17:32:45 ET]
Table 'Brunsia' 9-max Seat #5 is the button
Seat 1: Lexdayz ($1.40 in chips) 
Seat 2: TheRealSixsens ($0.43 in chips) 
Seat 3: chameleon60 ($2.47 in chips) 
Seat 4: c u later287 ($3.06 in chips) 
Seat 5: Dorex2007 ($2.21 in chips) 
Seat 6: Parker09SA ($5.22 in chips) 
Seat 7: Baal666666 ($1.86 in chips) 
Seat 8: Seuchenprinz ($1.55 in chips) 
Seat 9: fifa7772 ($1.56 in chips) 
Parker09SA: posts small blind $0.01
Baal666666: posts big blind $0.02
*** HOLE CARDS ***
Dealt to Dorex2007 [9c 3s]
Seuchenprinz: folds 
fifa7772: folds 
Lexdayz: folds 
TheRealSixsens: calls $0.02
chameleon60: folds 
c u later287: folds 
Dorex2007: folds 
Parker09SA: folds 
Baal666666: checks 
*** FLOP *** [Jd Ad Qc]
Baal666666: checks 
TheRealSixsens: bets $0.04
Baal666666: calls $0.04
*** TURN *** [Jd Ad Qc] [4h]
Baal666666: checks 
TheRealSixsens: bets $0.02
Baal666666: calls $0.02
*** RIVER *** [Jd Ad Qc 4h] [Kd]
Baal666666: checks 
TheRealSixsens: checks 
*** SHOW DOWN ***
Baal666666: shows [3d As] (a pair of Aces)
TheRealSixsens: shows [9d Ac] (a pair of Aces)
Baal666666 collected $0.08 from pot
TheRealSixsens collected $0.08 from pot
*** SUMMARY ***
Total pot $0.17 | Rake $0.01 
Board [Jd Ad Qc 4h Kd]
Seat 1: Lexdayz folded before Flop (didn't bet)
Seat 2: TheRealSixsens showed [9d Ac] and won ($0.08) with a pair of Aces
Seat 3: chameleon60 folded before Flop (didn't bet)
Seat 4: c u later287 folded before Flop (didn't bet)
Seat 5: Dorex2007 (button) folded before Flop (didn't bet)
Seat 6: Parker09SA (small blind) folded before Flop
Seat 7: Baal666666 (big blind) showed [3d As] and won ($0.08) with a pair of Aces
Seat 8: Seuchenprinz folded before Flop (didn't bet)
Seat 9: fifa7772 folded before Flop (didn't bet)



PokerStars Hand #230184820053:  Hold'em No Limit ($0.01/$0.02 USD) - 2021/09/27 14:33:43 PT [2021/09/27 17:33:43 ET]
Table 'Brunsia' 9-max Seat #6 is the button
Seat 1: Lexdayz ($1.40 in chips) 
Seat 2: TheRealSixsens ($0.43 in chips) 
Seat 3: chameleon60 ($2.47 in chips) 
Seat 4: c u later287 ($3.06 in chips) 
Seat 5: Dorex2007 ($2.21 in chips) 
Seat 6: Parker09SA ($5.21 in chips) 
Seat 7: Baal666666 ($1.86 in chips) 
Seat 8: Seuchenprinz ($1.55 in chips) 
Seat 9: fifa7772 ($1.56 in chips) 
Baal666666: posts small blind $0.01
Seuchenprinz: posts big blind $0.02
*** HOLE CARDS ***
Dealt to Dorex2007 [Td 8s]
fifa7772: folds 
Lexdayz: raises $0.02 to $0.04
TheRealSixsens: folds 
chameleon60: folds 
c u later287: folds 
Dorex2007: folds 
Parker09SA: folds 
Baal666666: folds 
Seuchenprinz: folds 
Uncalled bet ($0.02) returned to Lexdayz
Lexdayz collected $0.05 from pot
Lexdayz: doesn't show hand 
*** SUMMARY ***
Total pot $0.05 | Rake $0 
Seat 1: Lexdayz collected ($0.05)
Seat 2: TheRealSixsens folded before Flop (didn't bet)
Seat 3: chameleon60 folded before Flop (didn't bet)
Seat 4: c u later287 folded before Flop (didn't bet)
Seat 5: Dorex2007 folded before Flop (didn't bet)
Seat 6: Parker09SA (button) folded before Flop (didn't bet)
Seat 7: Baal666666 (small blind) folded before Flop
Seat 8: Seuchenprinz (big blind) folded before Flop
Seat 9: fifa7772 folded before Flop (didn't bet)



PokerStars Hand #230184839780:  Hold'em No Limit ($0.01/$0.02 USD) - 2021/09/27 14:34:29 PT [2021/09/27 17:34:29 ET]
Table 'Brunsia' 9-max Seat #7 is the button
Seat 1: Lexdayz ($1.43 in chips) 
Seat 2: TheRealSixsens ($0.43 in chips) 
Seat 3: chameleon60 ($2.47 in chips) 
Seat 4: c u later287 ($3.06 in chips) 
Seat 5: Dorex2007 ($2.21 in chips) 
Seat 6: Parker09SA ($5.21 in chips) 
Seat 7: Baal666666 ($1.85 in chips) 
Seat 8: Seuchenprinz ($1.53 in chips) 
Seat 9: fifa7772 ($1.56 in chips) 
Seuchenprinz: posts small blind $0.01
fifa7772: posts big blind $0.02
*** HOLE CARDS ***
Dealt to Dorex2007 [Ts Qd]
Lexdayz: folds 
TheRealSixsens: folds 
chameleon60: folds 
c u later287: folds 
Dorex2007: folds 
Parker09SA: folds 
Baal666666: folds 
Seuchenprinz: calls $0.01
fifa7772: checks 
*** FLOP *** [Kd 7d Qh]
Seuchenprinz: bets $0.02
fifa7772: folds 
Uncalled bet ($0.02) returned to Seuchenprinz
Seuchenprinz collected $0.04 from pot
Seuchenprinz: doesn't show hand 
*** SUMMARY ***
Total pot $0.04 | Rake $0 
Board [Kd 7d Qh]
Seat 1: Lexdayz folded before Flop (didn't bet)
Seat 2: TheRealSixsens folded before Flop (didn't bet)
Seat 3: chameleon60 folded before Flop (didn't bet)
Seat 4: c u later287 folded before Flop (didn't bet)
Seat 5: Dorex2007 folded before Flop (didn't bet)
Seat 6: Parker09SA folded before Flop (didn't bet)
Seat 7: Baal666666 (button) folded before Flop (didn't bet)
Seat 8: Seuchenprinz (small blind) collected ($0.04)
Seat 9: fifa7772 (big blind) folded on the Flop



PokerStars Hand #230184856811:  Hold'em No Limit ($0.01/$0.02 USD) - 2021/09/27 14:35:09 PT [2021/09/27 17:35:09 ET]
Table 'Brunsia' 9-max Seat #8 is the button
Seat 1: Lexdayz ($1.43 in chips) 
Seat 2: TheRealSixsens ($0.43 in chips) 
Seat 3: chameleon60 ($2.47 in chips) 
Seat 4: c u later287 ($3.06 in chips) 
Seat 5: Dorex2007 ($2.21 in chips) 
Seat 6: Parker09SA ($5.21 in chips) 
Seat 7: Baal666666 ($1.85 in chips) 
Seat 8: Seuchenprinz ($1.55 in chips) 
Seat 9: fifa7772 ($1.54 in chips) 
fifa7772: posts small blind $0.01
Lexdayz: posts big blind $0.02
*** HOLE CARDS ***
Dealt to Dorex2007 [7s Qc]
TheRealSixsens: calls $0.02
chameleon60: folds 
c u later287: raises $0.07 to $0.09
Dorex2007: folds 
Parker09SA: folds 
Baal666666: folds 
Seuchenprinz: folds 
fifa7772: folds 
Lexdayz: folds 
TheRealSixsens: calls $0.07
*** FLOP *** [6h Jd 3c]
TheRealSixsens: checks 
c u later287: checks 
*** TURN *** [6h Jd 3c] [Td]
TheRealSixsens: bets $0.04
c u later287: calls $0.04
*** RIVER *** [6h Jd 3c Td] [Kd]
TheRealSixsens: checks 
c u later287: bets $0.30
TheRealSixsens: folds 
Uncalled bet ($0.30) returned to c u later287
c u later287 collected $0.28 from pot
c u later287: doesn't show hand 
*** SUMMARY ***
Total pot $0.29 | Rake $0.01 
Board [6h Jd 3c Td Kd]
Seat 1: Lexdayz (big blind) folded before Flop
Seat 2: TheRealSixsens folded on the River
Seat 3: chameleon60 folded before Flop (didn't bet)
Seat 4: c u later287 collected ($0.28)
Seat 5: Dorex2007 folded before Flop (didn't bet)
Seat 6: Parker09SA folded before Flop (didn't bet)
Seat 7: Baal666666 folded before Flop (didn't bet)
Seat 8: Seuchenprinz (button) folded before Flop (didn't bet)
Seat 9: fifa7772 (small blind) folded before Flop



PokerStars Hand #230184883137:  Hold'em No Limit ($0.01/$0.02 USD) - 2021/09/27 14:36:10 PT [2021/09/27 17:36:10 ET]
Table 'Brunsia' 9-max Seat #9 is the button
Seat 1: Lexdayz ($1.41 in chips) 
Seat 2: TheRealSixsens ($0.30 in chips) 
Seat 3: chameleon60 ($2.47 in chips) 
Seat 4: c u later287 ($3.21 in chips) 
Seat 5: Dorex2007 ($2.21 in chips) 
Seat 6: Parker09SA ($5.21 in chips) 
Seat 7: Baal666666 ($1.85 in chips) 
Seat 8: Seuchenprinz ($1.55 in chips) 
Seat 9: fifa7772 ($1.53 in chips) 
Lexdayz: posts small blind $0.01
TheRealSixsens: posts big blind $0.02
*** HOLE CARDS ***
Dealt to Dorex2007 [Qc 6d]
chameleon60: folds 
c u later287: folds 
Dorex2007: folds 
Parker09SA: folds 
Baal666666: folds 
Seuchenprinz has timed out
Seuchenprinz: folds 
fifa7772: folds 
Lexdayz: calls $0.01
TheRealSixsens: checks 
*** FLOP *** [8s 7s 5h]
Lexdayz: checks 
TheRealSixsens: bets $0.02
Lexdayz: calls $0.02
*** TURN *** [8s 7s 5h] [8c]
Lexdayz: bets $0.02
TheRealSixsens: calls $0.02
*** RIVER *** [8s 7s 5h 8c] [Ad]
Lexdayz: checks 
TheRealSixsens: checks 
*** SHOW DOWN ***
Lexdayz: shows [3h 5s] (two pair, Eights and Fives)
TheRealSixsens: mucks hand 
Lexdayz collected $0.12 from pot
*** SUMMARY ***
Total pot $0.12 | Rake $0 
Board [8s 7s 5h 8c Ad]
Seat 1: Lexdayz (small blind) showed [3h 5s] and won ($0.12) with two pair, Eights and Fives
Seat 2: TheRealSixsens (big blind) mucked [Js 9h]
Seat 3: chameleon60 folded before Flop (didn't bet)
Seat 4: c u later287 folded before Flop (didn't bet)
Seat 5: Dorex2007 folded before Flop (didn't bet)
Seat 6: Parker09SA folded before Flop (didn't bet)
Seat 7: Baal666666 folded before Flop (didn't bet)
Seat 8: Seuchenprinz folded before Flop (didn't bet)
Seat 9: fifa7772 (button) folded before Flop (didn't bet)



PokerStars Hand #230184902320:  Hold'em No Limit ($0.01/$0.02 USD) - 2021/09/27 14:36:55 PT [2021/09/27 17:36:55 ET]
Table 'Brunsia' 9-max Seat #1 is the button
Seat 1: Lexdayz ($1.47 in chips) 
Seat 2: TheRealSixsens ($0.24 in chips) 
Seat 3: chameleon60 ($2.47 in chips) 
Seat 4: c u later287 ($3.21 in chips) 
Seat 5: Dorex2007 ($2.21 in chips) 
Seat 6: Parker09SA ($5.21 in chips) 
Seat 7: Baal666666 ($1.85 in chips) 
Seat 9: fifa7772 ($1.53 in chips) 
TheRealSixsens: posts small blind $0.01
chameleon60: posts big blind $0.02
*** HOLE CARDS ***
Dealt to Dorex2007 [3h 2d]
c u later287: raises $0.02 to $0.04
Dorex2007: folds 
Parker09SA: raises $0.11 to $0.15
Baal666666: folds 
fifa7772: folds 
Lexdayz: raises $0.11 to $0.26
TheRealSixsens: folds 
chameleon60: folds 
c u later287: folds 
Parker09SA: calls $0.11
*** FLOP *** [2h Jh As]
Parker09SA: checks 
Lexdayz: checks 
*** TURN *** [2h Jh As] [6d]
Parker09SA: checks 
Lexdayz: bets $0.57
Parker09SA: folds 
Uncalled bet ($0.57) returned to Lexdayz
Lexdayz collected $0.57 from pot
Lexdayz: doesn't show hand 
*** SUMMARY ***
Total pot $0.59 | Rake $0.02 
Board [2h Jh As 6d]
Seat 1: Lexdayz (button) collected ($0.57)
Seat 2: TheRealSixsens (small blind) folded before Flop
Seat 3: chameleon60 (big blind) folded before Flop
Seat 4: c u later287 folded before Flop
Seat 5: Dorex2007 folded before Flop (didn't bet)
Seat 6: Parker09SA folded on the Turn
Seat 7: Baal666666 folded before Flop (didn't bet)
Seat 9: fifa7772 folded before Flop (didn't bet)



PokerStars Hand #230184923142:  Hold'em No Limit ($0.01/$0.02 USD) - 2021/09/27 14:37:45 PT [2021/09/27 17:37:45 ET]
Table 'Brunsia' 9-max Seat #2 is the button
Seat 1: Lexdayz ($1.78 in chips) 
Seat 2: TheRealSixsens ($0.23 in chips) 
Seat 3: chameleon60 ($2.45 in chips) 
Seat 4: c u later287 ($3.17 in chips) 
Seat 5: Dorex2007 ($2.21 in chips) 
Seat 6: Parker09SA ($4.95 in chips) 
Seat 7: Baal666666 ($1.85 in chips) 
Seat 8: Seuchenprinz ($1.55 in chips) 
Seat 9: fifa7772 ($1.53 in chips) 
chameleon60: posts small blind $0.01
c u later287: posts big blind $0.02
*** HOLE CARDS ***
Dealt to Dorex2007 [Ad Ah]
Dorex2007: raises $0.04 to $0.06
Parker09SA: folds 
Baal666666: calls $0.06
Seuchenprinz: folds 
fifa7772: folds 
Lexdayz: folds 
TheRealSixsens: folds 
chameleon60: folds 
c u later287: folds 
*** FLOP *** [8s 5h 7h]
Dorex2007: checks 
Baal666666: bets $0.10
Dorex2007: raises $0.20 to $0.30
Baal666666: folds 
Uncalled bet ($0.20) returned to Dorex2007
Dorex2007 collected $0.34 from pot
Dorex2007: doesn't show hand 
*** SUMMARY ***
Total pot $0.35 | Rake $0.01 
Board [8s 5h 7h]
Seat 1: Lexdayz folded before Flop (didn't bet)
Seat 2: TheRealSixsens (button) folded before Flop (didn't bet)
Seat 3: chameleon60 (small blind) folded before Flop
Seat 4: c u later287 (big blind) folded before Flop
Seat 5: Dorex2007 collected ($0.34)
Seat 6: Parker09SA folded before Flop (didn't bet)
Seat 7: Baal666666 folded on the Flop
Seat 8: Seuchenprinz folded before Flop (didn't bet)
Seat 9: fifa7772 folded before Flop (didn't bet)



PokerStars Hand #230184939786:  Hold'em No Limit ($0.01/$0.02 USD) - 2021/09/27 14:38:25 PT [2021/09/27 17:38:25 ET]
Table 'Brunsia' 9-max Seat #3 is the button
Seat 1: Lexdayz ($1.78 in chips) 
Seat 2: TheRealSixsens ($0.23 in chips) 
Seat 3: chameleon60 ($2.44 in chips) 
Seat 4: c u later287 ($3.15 in chips) 
Seat 5: Dorex2007 ($2.39 in chips) 
Seat 6: Parker09SA ($4.95 in chips) 
Seat 7: Baal666666 ($1.69 in chips) 
Seat 8: Seuchenprinz ($1.55 in chips) 
Seat 9: fifa7772 ($1.53 in chips) 
c u later287: posts small blind $0.01
Dorex2007: posts big blind $0.02
*** HOLE CARDS ***
Dealt to Dorex2007 [2d 7s]
Parker09SA: folds 
Baal666666: folds 
Seuchenprinz: calls $0.02
fifa7772: folds 
Lexdayz: calls $0.02
TheRealSixsens: calls $0.02
chameleon60: raises $0.10 to $0.12
c u later287: folds 
Dorex2007: folds 
Seuchenprinz: folds 
Lexdayz: calls $0.10
TheRealSixsens: folds 
*** FLOP *** [4h 5s Ac]
TheRealSixsens leaves the table
Lexdayz: bets $0.15
chameleon60: raises $0.15 to $0.30
Lexdayz: calls $0.15
*** TURN *** [4h 5s Ac] [5d]
Lexdayz: bets $0.44
fariasmaxi joins the table at seat #2 
chameleon60: calls $0.44
*** RIVER *** [4h 5s Ac 5d] [Kc]
Lexdayz: bets $0.86
chameleon60: calls $0.86
*** SHOW DOWN ***
Lexdayz: shows [Ah 2h] (two pair, Aces and Fives)
chameleon60: shows [Jh As] (two pair, Aces and Fives)
Lexdayz collected $1.70 from pot
chameleon60 collected $1.69 from pot
*** SUMMARY ***
Total pot $3.51 | Rake $0.12 
Board [4h 5s Ac 5d Kc]
Seat 1: Lexdayz showed [Ah 2h] and won ($1.70) with two pair, Aces and Fives
Seat 2: TheRealSixsens folded before Flop
Seat 3: chameleon60 (button) showed [Jh As] and won ($1.69) with two pair, Aces and Fives
Seat 4: c u later287 (small blind) folded before Flop
Seat 5: Dorex2007 (big blind) folded before Flop
Seat 6: Parker09SA folded before Flop (didn't bet)
Seat 7: Baal666666 folded before Flop (didn't bet)
Seat 8: Seuchenprinz folded before Flop
Seat 9: fifa7772 folded before Flop (didn't bet)



PokerStars Hand #230184969310:  Hold'em No Limit ($0.01/$0.02 USD) - 2021/09/27 14:39:36 PT [2021/09/27 17:39:36 ET]
Table 'Brunsia' 9-max Seat #4 is the button
Seat 1: Lexdayz ($1.76 in chips) 
Seat 3: chameleon60 ($2.41 in chips) 
Seat 4: c u later287 ($3.14 in chips) 
Seat 5: Dorex2007 ($2.37 in chips) 
Seat 6: Parker09SA ($4.95 in chips) 
Seat 7: Baal666666 ($1.69 in chips) 
Seat 8: Seuchenprinz ($1.53 in chips) 
Seat 9: fifa7772 ($1.53 in chips) 
Dorex2007: posts small blind $0.01
Parker09SA: posts big blind $0.02
fariasmaxi: sits out 
*** HOLE CARDS ***
Dealt to Dorex2007 [2h Ah]
Baal666666: folds 
Seuchenprinz: calls $0.02
fifa7772: folds 
Lexdayz: folds 
chameleon60: folds 
c u later287: folds 
Dorex2007: calls $0.01
Parker09SA: raises $0.08 to $0.10
Seuchenprinz: calls $0.08
Dorex2007: folds 
*** FLOP *** [6s 7h 4d]
Parker09SA: checks 
Seuchenprinz: checks 
*** TURN *** [6s 7h 4d] [9h]
Parker09SA: checks 
Seuchenprinz: checks 
*** RIVER *** [6s 7h 4d 9h] [3c]
Parker09SA: checks 
Seuchenprinz: checks 
*** SHOW DOWN ***
Parker09SA: shows [Kd Qd] (high card King)
Seuchenprinz: shows [Qs As] (high card Ace)
Seuchenprinz collected $0.21 from pot
*** SUMMARY ***
Total pot $0.22 | Rake $0.01 
Board [6s 7h 4d 9h 3c]
Seat 1: Lexdayz folded before Flop (didn't bet)
Seat 3: chameleon60 folded before Flop (didn't bet)
Seat 4: c u later287 (button) folded before Flop (didn't bet)
Seat 5: Dorex2007 (small blind) folded before Flop
Seat 6: Parker09SA (big blind) showed [Kd Qd] and lost with high card King
Seat 7: Baal666666 folded before Flop (didn't bet)
Seat 8: Seuchenprinz showed [Qs As] and won ($0.21) with high card Ace
Seat 9: fifa7772 folded before Flop (didn't bet)



PokerStars Hand #230185001052:  Hold'em No Limit ($0.01/$0.02 USD) - 2021/09/27 14:40:49 PT [2021/09/27 17:40:49 ET]
Table 'Brunsia' 9-max Seat #5 is the button
Seat 1: Lexdayz ($1.76 in chips) 
Seat 3: chameleon60 ($2.41 in chips) 
Seat 4: c u later287 ($3.14 in chips) 
Seat 5: Dorex2007 ($2.35 in chips) 
Seat 6: Parker09SA ($4.85 in chips) 
Seat 7: Baal666666 ($1.69 in chips) 
Seat 8: Seuchenprinz ($1.64 in chips) 
Seat 9: fifa7772 ($1.53 in chips) 
Parker09SA: posts small blind $0.01
Baal666666: posts big blind $0.02
fariasmaxi: sits out 
*** HOLE CARDS ***
Dealt to Dorex2007 [5s 5c]
Seuchenprinz: folds 
fifa7772: folds 
Lexdayz: calls $0.02
chameleon60: folds 
c u later287: calls $0.02
Dorex2007: calls $0.02
Parker09SA: calls $0.01
Baal666666: raises $0.12 to $0.14
Lexdayz: calls $0.12
c u later287: calls $0.12
Dorex2007: folds 
Parker09SA: calls $0.12
*** FLOP *** [Qd 9s Tc]
Parker09SA: checks 
Baal666666: bets $0.28
Lexdayz: calls $0.28
c u later287: folds 
Parker09SA: calls $0.28
*** TURN *** [Qd 9s Tc] [Jc]
Parker09SA: bets $0.69
Baal666666: folds 
Lexdayz: folds 
Uncalled bet ($0.69) returned to Parker09SA
Parker09SA collected $1.37 from pot
Parker09SA: doesn't show hand 
*** SUMMARY ***
Total pot $1.42 | Rake $0.05 
Board [Qd 9s Tc Jc]
Seat 1: Lexdayz folded on the Turn
Seat 3: chameleon60 folded before Flop (didn't bet)
Seat 4: c u later287 folded on the Flop
Seat 5: Dorex2007 (button) folded before Flop
Seat 6: Parker09SA (small blind) collected ($1.37)
Seat 7: Baal666666 (big blind) folded on the Turn
Seat 8: Seuchenprinz folded before Flop (didn't bet)
Seat 9: fifa7772 folded before Flop (didn't bet)



PokerStars Hand #230185048190:  Hold'em No Limit ($0.01/$0.02 USD) - 2021/09/27 14:42:46 PT [2021/09/27 17:42:46 ET]
Table 'Brunsia' 9-max Seat #6 is the button
Seat 1: Lexdayz ($1.34 in chips) 
Seat 3: chameleon60 ($2.41 in chips) 
Seat 4: c u later287 ($3 in chips) 
Seat 5: Dorex2007 ($2.33 in chips) 
Seat 6: Parker09SA ($5.80 in chips) 
Seat 7: Baal666666 ($1.27 in chips) 
Seat 8: Seuchenprinz ($1.64 in chips) 
Seat 9: fifa7772 ($1.53 in chips) 
Baal666666: posts small blind $0.01
Seuchenprinz: posts big blind $0.02
fariasmaxi: sits out 
*** HOLE CARDS ***
Dealt to Dorex2007 [6d 8h]
fifa7772: folds 
Lexdayz: raises $0.02 to $0.04
chameleon60: folds 
c u later287: folds 
Dorex2007: folds 
Parker09SA: folds 
Baal666666: calls $0.03
Seuchenprinz: folds 
*** FLOP *** [5h 3s 4h]
Baal666666: checks 
Lexdayz: bets $0.05
Baal666666: folds 
Uncalled bet ($0.05) returned to Lexdayz
Lexdayz collected $0.10 from pot
Lexdayz: doesn't show hand 
*** SUMMARY ***
Total pot $0.10 | Rake $0 
Board [5h 3s 4h]
Seat 1: Lexdayz collected ($0.10)
Seat 3: chameleon60 folded before Flop (didn't bet)
Seat 4: c u later287 folded before Flop (didn't bet)
Seat 5: Dorex2007 folded before Flop (didn't bet)
Seat 6: Parker09SA (button) folded before Flop (didn't bet)
Seat 7: Baal666666 (small blind) folded on the Flop
Seat 8: Seuchenprinz (big blind) folded before Flop
Seat 9: fifa7772 folded before Flop (didn't bet)



PokerStars Hand #230185061660:  Hold'em No Limit ($0.01/$0.02 USD) - 2021/09/27 14:43:19 PT [2021/09/27 17:43:19 ET]
Table 'Brunsia' 9-max Seat #7 is the button
Seat 1: Lexdayz ($1.40 in chips) 
Seat 3: chameleon60 ($2.41 in chips) 
Seat 4: c u later287 ($3 in chips) 
Seat 5: Dorex2007 ($2.33 in chips) 
Seat 6: Parker09SA ($5.80 in chips) 
Seat 7: Baal666666 ($1.23 in chips) 
Seat 8: Seuchenprinz ($1.62 in chips) 
Seat 9: fifa7772 ($1.53 in chips) 
Seuchenprinz: posts small blind $0.01
fifa7772: posts big blind $0.02
fariasmaxi: sits out 
*** HOLE CARDS ***
Dealt to Dorex2007 [Th 7d]
Lexdayz: folds 
chameleon60 has timed out
chameleon60: folds 
c u later287: folds 
c u later287 leaves the table
Dorex2007: folds 
Parker09SA: folds 
Baal666666: folds 
nanaconda joins the table at seat #4 
Seuchenprinz: folds 
Uncalled bet ($0.01) returned to fifa7772
fifa7772 collected $0.02 from pot
fifa7772: doesn't show hand 
*** SUMMARY ***
Total pot $0.02 | Rake $0 
Seat 1: Lexdayz folded before Flop (didn't bet)
Seat 3: chameleon60 folded before Flop (didn't bet)
Seat 4: c u later287 folded before Flop (didn't bet)
Seat 5: Dorex2007 folded before Flop (didn't bet)
Seat 6: Parker09SA folded before Flop (didn't bet)
Seat 7: Baal666666 (button) folded before Flop (didn't bet)
Seat 8: Seuchenprinz (small blind) folded before Flop
Seat 9: fifa7772 (big blind) collected ($0.02)



PokerStars Hand #230185075496:  Hold'em No Limit ($0.01/$0.02 USD) - 2021/09/27 14:43:54 PT [2021/09/27 17:43:54 ET]
Table 'Brunsia' 9-max Seat #8 is the button
Seat 1: Lexdayz ($1.40 in chips) 
Seat 3: chameleon60 ($2.41 in chips) 
Seat 5: Dorex2007 ($2.33 in chips) 
Seat 6: Parker09SA ($5.80 in chips) 
Seat 7: Baal666666 ($1.23 in chips) 
Seat 8: Seuchenprinz ($1.61 in chips) 
Seat 9: fifa7772 ($1.54 in chips) 
fifa7772: posts small blind $0.01
Lexdayz: posts big blind $0.02
fariasmaxi: sits out 
nanaconda: sits out 
*** HOLE CARDS ***
Dealt to Dorex2007 [Js Jc]
chameleon60: folds 
Dorex2007: raises $0.04 to $0.06
Parker09SA: folds 
Baal666666: folds 
Seuchenprinz: folds 
fifa7772: folds 
Lexdayz: calls $0.04
*** FLOP *** [2h 7c Kd]
Lexdayz: checks 
Dorex2007: bets $0.09
Lexdayz: folds 
Uncalled bet ($0.09) returned to Dorex2007
Dorex2007 collected $0.13 from pot
Dorex2007: doesn't show hand 
*** SUMMARY ***
Total pot $0.13 | Rake $0 
Board [2h 7c Kd]
Seat 1: Lexdayz (big blind) folded on the Flop
Seat 3: chameleon60 folded before Flop (didn't bet)
Seat 5: Dorex2007 collected ($0.13)
Seat 6: Parker09SA folded before Flop (didn't bet)
Seat 7: Baal666666 folded before Flop (didn't bet)
Seat 8: Seuchenprinz (button) folded before Flop (didn't bet)
Seat 9: fifa7772 (small blind) folded before Flop



PokerStars Hand #230185092527:  Hold'em No Limit ($0.01/$0.02 USD) - 2021/09/27 14:44:37 PT [2021/09/27 17:44:37 ET]
Table 'Brunsia' 9-max Seat #9 is the button
Seat 1: Lexdayz ($1.34 in chips) 
Seat 2: fariasmaxi ($0.80 in chips) 
Seat 3: chameleon60 ($2.41 in chips) 
Seat 5: Dorex2007 ($2.40 in chips) 
Seat 6: Parker09SA ($5.80 in chips) 
Seat 7: Baal666666 ($1.23 in chips) 
Seat 8: Seuchenprinz ($1.61 in chips) 
Seat 9: fifa7772 ($1.53 in chips) 
Lexdayz: posts small blind $0.01
fariasmaxi: posts big blind $0.02
nanaconda: sits out 
*** HOLE CARDS ***
Dealt to Dorex2007 [9c 2s]
chameleon60: folds 
Dorex2007: folds 
Parker09SA: folds 
Baal666666: raises $0.04 to $0.06
Seuchenprinz: folds 
fifa7772: folds 
Lexdayz: calls $0.05
fariasmaxi: calls $0.04
*** FLOP *** [7s Th 7c]
Lexdayz: checks 
fariasmaxi: bets $0.11
Baal666666: folds 
Lexdayz: calls $0.11
*** TURN *** [7s Th 7c] [Ah]
Lexdayz: checks 
fariasmaxi: checks 
*** RIVER *** [7s Th 7c Ah] [Qs]
Lexdayz: checks 
fariasmaxi: checks 
*** SHOW DOWN ***
Lexdayz: shows [9d 6c] (a pair of Sevens)
fariasmaxi: shows [Jc Tc] (two pair, Tens and Sevens)
fariasmaxi collected $0.39 from pot
*** SUMMARY ***
Total pot $0.40 | Rake $0.01 
Board [7s Th 7c Ah Qs]
Seat 1: Lexdayz (small blind) showed [9d 6c] and lost with a pair of Sevens
Seat 2: fariasmaxi (big blind) showed [Jc Tc] and won ($0.39) with two pair, Tens and Sevens
Seat 3: chameleon60 folded before Flop (didn't bet)
Seat 5: Dorex2007 folded before Flop (didn't bet)
Seat 6: Parker09SA folded before Flop (didn't bet)
Seat 7: Baal666666 folded on the Flop
Seat 8: Seuchenprinz folded before Flop (didn't bet)
Seat 9: fifa7772 (button) folded before Flop (didn't bet)



PokerStars Hand #230185122708:  Hold'em No Limit ($0.01/$0.02 USD) - 2021/09/27 14:45:54 PT [2021/09/27 17:45:54 ET]
Table 'Brunsia' 9-max Seat #1 is the button
Seat 1: Lexdayz ($1.17 in chips) 
Seat 2: fariasmaxi ($1.02 in chips) 
Seat 3: chameleon60 ($2.41 in chips) 
Seat 5: Dorex2007 ($2.40 in chips) 
Seat 6: Parker09SA ($5.80 in chips) 
Seat 7: Baal666666 ($1.17 in chips) 
Seat 8: Seuchenprinz ($1.61 in chips) 
Seat 9: fifa7772 ($1.53 in chips) 
fariasmaxi: posts small blind $0.01
chameleon60: posts big blind $0.02
nanaconda: sits out 
*** HOLE CARDS ***
Dealt to Dorex2007 [3c Kc]
Dorex2007: folds 
Parker09SA: raises $0.04 to $0.06
Baal666666: folds 
Seuchenprinz: calls $0.06
fifa7772: folds 
Lexdayz: folds 
fariasmaxi: folds 
chameleon60: folds 
*** FLOP *** [Ks Th 4d]
Parker09SA: checks 
Seuchenprinz: checks 
*** TURN *** [Ks Th 4d] [8d]
Parker09SA: checks 
Seuchenprinz: checks 
*** RIVER *** [Ks Th 4d 8d] [6h]
Parker09SA: checks 
Seuchenprinz: checks 
*** SHOW DOWN ***
Parker09SA: shows [2s 2d] (a pair of Deuces)
Seuchenprinz: mucks hand 
Parker09SA collected $0.14 from pot
*** SUMMARY ***
Total pot $0.15 | Rake $0.01 
Board [Ks Th 4d 8d 6h]
Seat 1: Lexdayz (button) folded before Flop (didn't bet)
Seat 2: fariasmaxi (small blind) folded before Flop
Seat 3: chameleon60 (big blind) folded before Flop
Seat 5: Dorex2007 folded before Flop (didn't bet)
Seat 6: Parker09SA showed [2s 2d] and won ($0.14) with a pair of Deuces
Seat 7: Baal666666 folded before Flop (didn't bet)
Seat 8: Seuchenprinz mucked [Ah 5h]
Seat 9: fifa7772 folded before Flop (didn't bet)



PokerStars Hand #230185163682:  Hold'em No Limit ($0.01/$0.02 USD) - 2021/09/27 14:47:23 PT [2021/09/27 17:47:23 ET]
Table 'Brunsia' 9-max Seat #2 is the button
Seat 1: Lexdayz ($1.17 in chips) 
Seat 2: fariasmaxi ($1.01 in chips) 
Seat 3: chameleon60 ($2.39 in chips) 
Seat 4: nanaconda ($2 in chips) 
Seat 5: Dorex2007 ($2.40 in chips) 
Seat 6: Parker09SA ($5.88 in chips) 
Seat 7: Baal666666 ($1.17 in chips) 
Seat 8: Seuchenprinz ($1.55 in chips) 
Seat 9: fifa7772 ($1.53 in chips) 
chameleon60: posts small blind $0.01
nanaconda: posts big blind $0.02
*** HOLE CARDS ***
Dealt to Dorex2007 [6c 5d]
Dorex2007: folds 
Parker09SA: folds 
Baal666666: folds 
Seuchenprinz: folds 
fifa7772: folds 
Lexdayz: folds 
fariasmaxi: folds 
chameleon60: raises $0.04 to $0.06
nanaconda: folds 
Uncalled bet ($0.04) returned to chameleon60
chameleon60 collected $0.04 from pot
chameleon60: doesn't show hand 
*** SUMMARY ***
Total pot $0.04 | Rake $0 
Seat 1: Lexdayz folded before Flop (didn't bet)
Seat 2: fariasmaxi (button) folded before Flop (didn't bet)
Seat 3: chameleon60 (small blind) collected ($0.04)
Seat 4: nanaconda (big blind) folded before Flop
Seat 5: Dorex2007 folded before Flop (didn't bet)
Seat 6: Parker09SA folded before Flop (didn't bet)
Seat 7: Baal666666 folded before Flop (didn't bet)
Seat 8: Seuchenprinz folded before Flop (didn't bet)
Seat 9: fifa7772 folded before Flop (didn't bet)



PokerStars Hand #230185179113:  Hold'em No Limit ($0.01/$0.02 USD) - 2021/09/27 14:48:03 PT [2021/09/27 17:48:03 ET]
Table 'Brunsia' 9-max Seat #3 is the button
Seat 1: Lexdayz ($1.17 in chips) 
Seat 2: fariasmaxi ($1.01 in chips) 
Seat 3: chameleon60 ($2.41 in chips) 
Seat 4: nanaconda ($2 in chips) 
Seat 5: Dorex2007 ($2.40 in chips) 
Seat 6: Parker09SA ($5.88 in chips) 
Seat 7: Baal666666 ($1.17 in chips) 
Seat 8: Seuchenprinz ($1.55 in chips) 
Seat 9: fifa7772 ($1.53 in chips) 
nanaconda: posts small blind $0.01
Dorex2007: posts big blind $0.02
*** HOLE CARDS ***
Dealt to Dorex2007 [Jh As]
Parker09SA: folds 
Baal666666: folds 
Seuchenprinz: folds 
fifa7772: folds 
Lexdayz: calls $0.02
fariasmaxi: raises $0.04 to $0.06
chameleon60: calls $0.06
nanaconda: raises $0.22 to $0.28
Dorex2007: folds 
Lexdayz: folds 
fariasmaxi: folds 
chameleon60: calls $0.22
*** FLOP *** [4s 9s 3h]
nanaconda: bets $0.32
chameleon60: raises $1.24 to $1.56
nanaconda: folds 
Uncalled bet ($1.24) returned to chameleon60
chameleon60 collected $1.25 from pot
chameleon60: doesn't show hand 
*** SUMMARY ***
Total pot $1.30 | Rake $0.05 
Board [4s 9s 3h]
Seat 1: Lexdayz folded before Flop
Seat 2: fariasmaxi folded before Flop
Seat 3: chameleon60 (button) collected ($1.25)
Seat 4: nanaconda (small blind) folded on the Flop
Seat 5: Dorex2007 (big blind) folded before Flop
Seat 6: Parker09SA folded before Flop (didn't bet)
Seat 7: Baal666666 folded before Flop (didn't bet)
Seat 8: Seuchenprinz folded before Flop (didn't bet)
Seat 9: fifa7772 folded before Flop (didn't bet)



PokerStars Hand #230185218497:  Hold'em No Limit ($0.01/$0.02 USD) - 2021/09/27 14:49:47 PT [2021/09/27 17:49:47 ET]
Table 'Brunsia' 9-max Seat #4 is the button
Seat 1: Lexdayz ($1.15 in chips) 
Seat 2: fariasmaxi ($0.95 in chips) 
Seat 3: chameleon60 ($3.06 in chips) 
Seat 4: nanaconda ($2 in chips) 
Seat 5: Dorex2007 ($2.38 in chips) 
Seat 6: Parker09SA ($5.88 in chips) 
Seat 7: Baal666666 ($1.17 in chips) 
Seat 8: Seuchenprinz ($1.55 in chips) 
Seat 9: fifa7772 ($1.53 in chips) 
Dorex2007: posts small blind $0.01
Parker09SA: posts big blind $0.02
*** HOLE CARDS ***
Dealt to Dorex2007 [6d Js]
Baal666666: folds 
Seuchenprinz: folds 
fifa7772: raises $0.02 to $0.04
Lexdayz: calls $0.04
fariasmaxi: calls $0.04
chameleon60: calls $0.04
nanaconda: folds 
Dorex2007: folds 
Parker09SA: folds 
*** FLOP *** [Ad 4s Ah]
fifa7772: bets $0.04
Lexdayz: calls $0.04
fariasmaxi: folds 
chameleon60: calls $0.04
*** TURN *** [Ad 4s Ah] [As]
fifa7772: bets $0.06
Lexdayz: calls $0.06
chameleon60: calls $0.06
*** RIVER *** [Ad 4s Ah As] [8c]
fifa7772: bets $0.16
Lexdayz: raises $0.85 to $1.01 and is all-in
chameleon60: raises $0.85 to $1.86
fifa7772: folds [2h 2s]
Uncalled bet ($0.85) returned to chameleon60
*** SHOW DOWN ***
chameleon60: shows [Ac 9c] (four of a kind, Aces)
Lexdayz: shows [Ks 8s] (a full house, Aces full of Eights)
chameleon60 collected $2.58 from pot
*** SUMMARY ***
Total pot $2.67 | Rake $0.09 
Board [Ad 4s Ah As 8c]
Seat 1: Lexdayz showed [Ks 8s] and lost with a full house, Aces full of Eights
Seat 2: fariasmaxi folded on the Flop
Seat 3: chameleon60 showed [Ac 9c] and won ($2.58) with four of a kind, Aces
Seat 4: nanaconda (button) folded before Flop (didn't bet)
Seat 5: Dorex2007 (small blind) folded before Flop
Seat 6: Parker09SA (big blind) folded before Flop
Seat 7: Baal666666 folded before Flop (didn't bet)
Seat 8: Seuchenprinz folded before Flop (didn't bet)
Seat 9: fifa7772 folded on the River



PokerStars Hand #230185262438:  Hold'em No Limit ($0.01/$0.02 USD) - 2021/09/27 14:51:40 PT [2021/09/27 17:51:40 ET]
Table 'Brunsia' 9-max Seat #5 is the button
Seat 2: fariasmaxi ($0.91 in chips) 
Seat 3: chameleon60 ($4.49 in chips) 
Seat 4: nanaconda ($2 in chips) 
Seat 5: Dorex2007 ($2.37 in chips) 
Seat 6: Parker09SA ($5.86 in chips) 
Seat 7: Baal666666 ($1.17 in chips) 
Seat 8: Seuchenprinz ($1.55 in chips) 
Seat 9: fifa7772 ($1.23 in chips) 
Parker09SA: posts small blind $0.01
Baal666666: posts big blind $0.02
*** HOLE CARDS ***
Dealt to Dorex2007 [Qh 2d]
Seuchenprinz has timed out
Seuchenprinz: folds 
fifa7772: folds 
Lexdayz leaves the table
fariasmaxi: folds 
chameleon60: folds 
nanaconda: folds 
Dorex2007: folds 
Parker09SA: folds 
Uncalled bet ($0.01) returned to Baal666666
Baal666666 collected $0.02 from pot
Baal666666: doesn't show hand 
*** SUMMARY ***
Total pot $0.02 | Rake $0 
Seat 2: fariasmaxi folded before Flop (didn't bet)
Seat 3: chameleon60 folded before Flop (didn't bet)
Seat 4: nanaconda folded before Flop (didn't bet)
Seat 5: Dorex2007 (button) folded before Flop (didn't bet)
Seat 6: Parker09SA (small blind) folded before Flop
Seat 7: Baal666666 (big blind) collected ($0.02)
Seat 8: Seuchenprinz folded before Flop (didn't bet)
Seat 9: fifa7772 folded before Flop (didn't bet)



PokerStars Hand #230185274216:  Hold'em No Limit ($0.01/$0.02 USD) - 2021/09/27 14:52:11 PT [2021/09/27 17:52:11 ET]
Table 'Brunsia' 9-max Seat #6 is the button
Seat 2: fariasmaxi ($0.91 in chips) 
Seat 3: chameleon60 ($4.49 in chips) 
Seat 4: nanaconda ($2 in chips) 
Seat 5: Dorex2007 ($2.37 in chips) 
Seat 6: Parker09SA ($5.85 in chips) 
Seat 7: Baal666666 ($1.18 in chips) 
Seat 9: fifa7772 ($1.23 in chips) 
Baal666666: posts small blind $0.01
fifa7772: posts big blind $0.02
*** HOLE CARDS ***
Dealt to Dorex2007 [Qs Ts]
fariasmaxi: folds 
chameleon60: folds 
nanaconda: folds 
Dorex2007: raises $0.04 to $0.06
Parker09SA: calls $0.06
Baal666666: folds 
fifa7772: folds 
*** FLOP *** [4d Qh 9s]
Dorex2007: checks 
Parker09SA: checks 
*** TURN *** [4d Qh 9s] [Kh]
Dorex2007: checks 
valek1601 joins the table at seat #1 
Parker09SA: checks 
*** RIVER *** [4d Qh 9s Kh] [9d]
Dorex2007: bets $0.07
Parker09SA: folds 
Uncalled bet ($0.07) returned to Dorex2007
Dorex2007 collected $0.14 from pot
Dorex2007: doesn't show hand 
*** SUMMARY ***
Total pot $0.15 | Rake $0.01 
Board [4d Qh 9s Kh 9d]
Seat 2: fariasmaxi folded before Flop (didn't bet)
Seat 3: chameleon60 folded before Flop (didn't bet)
Seat 4: nanaconda folded before Flop (didn't bet)
Seat 5: Dorex2007 collected ($0.14)
Seat 6: Parker09SA (button) folded on the River
Seat 7: Baal666666 (small blind) folded before Flop
Seat 9: fifa7772 (big blind) folded before Flop



PokerStars Hand #230185302027:  Hold'em No Limit ($0.01/$0.02 USD) - 2021/09/27 14:53:25 PT [2021/09/27 17:53:25 ET]
Table 'Brunsia' 9-max Seat #7 is the button
Seat 1: valek1601 ($1.60 in chips) 
Seat 2: fariasmaxi ($0.91 in chips) 
Seat 3: chameleon60 ($4.49 in chips) 
Seat 4: nanaconda ($2 in chips) 
Seat 5: Dorex2007 ($2.45 in chips) 
Seat 6: Parker09SA ($5.79 in chips) 
Seat 7: Baal666666 ($1.17 in chips) 
Seat 9: fifa7772 ($1.21 in chips) 
fifa7772: posts small blind $0.01
valek1601: posts big blind $0.02
*** HOLE CARDS ***
Dealt to Dorex2007 [4d Jd]
fariasmaxi: folds 
chameleon60: folds 
nanaconda: folds 
Dorex2007: folds 
Parker09SA: folds 
Baal666666: raises $0.04 to $0.06
fifa7772: folds 
valek1601: calls $0.04
*** FLOP *** [7d 6c Td]
valek1601: checks 
Baal666666: checks 
*** TURN *** [7d 6c Td] [Th]
valek1601: checks 
Baal666666: checks 
*** RIVER *** [7d 6c Td Th] [3d]
valek1601: checks 
Baal666666: checks 
*** SHOW DOWN ***
valek1601: shows [2d Qh] (a pair of Tens)
Baal666666: shows [4s 3s] (two pair, Tens and Threes)
Baal666666 collected $0.13 from pot
*** SUMMARY ***
Total pot $0.13 | Rake $0 
Board [7d 6c Td Th 3d]
Seat 1: valek1601 (big blind) showed [2d Qh] and lost with a pair of Tens
Seat 2: fariasmaxi folded before Flop (didn't bet)
Seat 3: chameleon60 folded before Flop (didn't bet)
Seat 4: nanaconda folded before Flop (didn't bet)
Seat 5: Dorex2007 folded before Flop (didn't bet)
Seat 6: Parker09SA folded before Flop (didn't bet)
Seat 7: Baal666666 (button) showed [4s 3s] and won ($0.13) with two pair, Tens and Threes
Seat 9: fifa7772 (small blind) folded before Flop



PokerStars Hand #230185323597:  Hold'em No Limit ($0.01/$0.02 USD) - 2021/09/27 14:54:23 PT [2021/09/27 17:54:23 ET]
Table 'Brunsia' 9-max Seat #9 is the button
Seat 1: valek1601 ($1.54 in chips) 
Seat 2: fariasmaxi ($0.91 in chips) 
Seat 3: chameleon60 ($4.49 in chips) 
Seat 4: nanaconda ($2 in chips) 
Seat 5: Dorex2007 ($2.45 in chips) 
Seat 6: Parker09SA ($5.79 in chips) 
Seat 7: Baal666666 ($1.24 in chips) 
Seat 9: fifa7772 ($1.20 in chips) 
valek1601: posts small blind $0.01
fariasmaxi: posts big blind $0.02
*** HOLE CARDS ***
Dealt to Dorex2007 [5s 7h]
chameleon60: folds 
nanaconda: folds 
Dorex2007: folds 
Parker09SA: folds 
Baal666666: folds 
fifa7772: folds 
valek1601: folds 
Uncalled bet ($0.01) returned to fariasmaxi
fariasmaxi collected $0.02 from pot
fariasmaxi: doesn't show hand 
*** SUMMARY ***
Total pot $0.02 | Rake $0 
Seat 1: valek1601 (small blind) folded before Flop
Seat 2: fariasmaxi (big blind) collected ($0.02)
Seat 3: chameleon60 folded before Flop (didn't bet)
Seat 4: nanaconda folded before Flop (didn't bet)
Seat 5: Dorex2007 folded before Flop (didn't bet)
Seat 6: Parker09SA folded before Flop (didn't bet)
Seat 7: Baal666666 folded before Flop (didn't bet)
Seat 9: fifa7772 (button) folded before Flop (didn't bet)



PokerStars Hand #230185332104:  Hold'em No Limit ($0.01/$0.02 USD) - 2021/09/27 14:54:47 PT [2021/09/27 17:54:47 ET]
Table 'Brunsia' 9-max Seat #1 is the button
Seat 1: valek1601 ($1.53 in chips) 
Seat 2: fariasmaxi ($0.92 in chips) 
Seat 3: chameleon60 ($4.49 in chips) 
Seat 4: nanaconda ($2 in chips) 
Seat 5: Dorex2007 ($2.45 in chips) 
Seat 6: Parker09SA ($5.79 in chips) 
Seat 7: Baal666666 ($1.24 in chips) 
Seat 9: fifa7772 ($1.20 in chips) 
fariasmaxi: posts small blind $0.01
chameleon60: posts big blind $0.02
*** HOLE CARDS ***
Dealt to Dorex2007 [6c 4d]
nanaconda: raises $0.05 to $0.07
Dorex2007: folds 
Parker09SA: folds 
Baal666666: folds 
fifa7772: folds 
valek1601: folds 
fariasmaxi: folds 
chameleon60: folds 
Uncalled bet ($0.05) returned to nanaconda
nanaconda collected $0.05 from pot
nanaconda: doesn't show hand 
*** SUMMARY ***
Total pot $0.05 | Rake $0 
Seat 1: valek1601 (button) folded before Flop (didn't bet)
Seat 2: fariasmaxi (small blind) folded before Flop
Seat 3: chameleon60 (big blind) folded before Flop
Seat 4: nanaconda collected ($0.05)
Seat 5: Dorex2007 folded before Flop (didn't bet)
Seat 6: Parker09SA folded before Flop (didn't bet)
Seat 7: Baal666666 folded before Flop (didn't bet)
Seat 9: fifa7772 folded before Flop (didn't bet)



PokerStars Hand #230185345287:  Hold'em No Limit ($0.01/$0.02 USD) - 2021/09/27 14:55:18 PT [2021/09/27 17:55:18 ET]
Table 'Brunsia' 9-max Seat #2 is the button
Seat 1: valek1601 ($1.53 in chips) 
Seat 2: fariasmaxi ($0.91 in chips) 
Seat 3: chameleon60 ($4.47 in chips) 
Seat 5: Dorex2007 ($2.45 in chips) 
Seat 6: Parker09SA ($5.79 in chips) 
Seat 7: Baal666666 ($1.24 in chips) 
Seat 9: fifa7772 ($1.20 in chips) 
chameleon60: posts small blind $0.01
nanaconda: is sitting out 
Dorex2007: posts big blind $0.02
*** HOLE CARDS ***
Dealt to Dorex2007 [2c 5h]
Parker09SA: raises $0.04 to $0.06
Baal666666: folds 
nanaconda leaves the table
fifa7772: folds 
valek1601: folds 
fariasmaxi: folds 
chameleon60: folds 
Dorex2007: folds 
Uncalled bet ($0.04) returned to Parker09SA
Parker09SA collected $0.05 from pot
Parker09SA: doesn't show hand 
*** SUMMARY ***
Total pot $0.05 | Rake $0 
Seat 1: valek1601 folded before Flop (didn't bet)
Seat 2: fariasmaxi (button) folded before Flop (didn't bet)
Seat 3: chameleon60 (small blind) folded before Flop
Seat 5: Dorex2007 (big blind) folded before Flop
Seat 6: Parker09SA collected ($0.05)
Seat 7: Baal666666 folded before Flop (didn't bet)
Seat 9: fifa7772 folded before Flop (didn't bet)



PokerStars Hand #230185360144:  Hold'em No Limit ($0.01/$0.02 USD) - 2021/09/27 14:55:42 PT [2021/09/27 17:55:42 ET]
Table 'Brunsia' 9-max Seat #3 is the button
Seat 1: valek1601 ($1.53 in chips) 
Seat 2: fariasmaxi ($0.91 in chips) 
Seat 3: chameleon60 ($4.46 in chips) 
Seat 5: Dorex2007 ($2.43 in chips) 
Seat 6: Parker09SA ($5.82 in chips) 
Seat 7: Baal666666 ($1.24 in chips) 
Seat 9: fifa7772 ($1.20 in chips) 
Dorex2007: posts small blind $0.01
Parker09SA: posts big blind $0.02
*** HOLE CARDS ***
Dealt to Dorex2007 [5c 9d]
Baal666666: folds 
fifa7772: folds 
valek1601: calls $0.02
fariasmaxi: calls $0.02
chameleon60: folds 
Dorex2007: folds 
Parker09SA: checks 
*** FLOP *** [3h 7h 8s]
Parker09SA: checks 
valek1601: bets $0.02
fariasmaxi: folds 
Parker09SA: calls $0.02
*** TURN *** [3h 7h 8s] [Ks]
Parker09SA: checks 
valek1601: checks 
*** RIVER *** [3h 7h 8s Ks] [Ac]
Parker09SA: checks 
valek1601: bets $0.05
Parker09SA: folds 
Uncalled bet ($0.05) returned to valek1601
valek1601 collected $0.11 from pot
valek1601: doesn't show hand 
*** SUMMARY ***
Total pot $0.11 | Rake $0 
Board [3h 7h 8s Ks Ac]
Seat 1: valek1601 collected ($0.11)
Seat 2: fariasmaxi folded on the Flop
Seat 3: chameleon60 (button) folded before Flop (didn't bet)
Seat 5: Dorex2007 (small blind) folded before Flop
Seat 6: Parker09SA (big blind) folded on the River
Seat 7: Baal666666 folded before Flop (didn't bet)
Seat 9: fifa7772 folded before Flop (didn't bet)



PokerStars Hand #230185381078:  Hold'em No Limit ($0.01/$0.02 USD) - 2021/09/27 14:56:56 PT [2021/09/27 17:56:56 ET]
Table 'Brunsia' 9-max Seat #5 is the button
Seat 1: valek1601 ($1.60 in chips) 
Seat 2: fariasmaxi ($0.89 in chips) 
Seat 3: chameleon60 ($4.46 in chips) 
Seat 5: Dorex2007 ($2.42 in chips) 
Seat 6: Parker09SA ($5.78 in chips) 
Seat 7: Baal666666 ($1.24 in chips) 
Seat 9: fifa7772 ($1.20 in chips) 
Parker09SA: posts small blind $0.01
Baal666666: posts big blind $0.02
*** HOLE CARDS ***
Dealt to Dorex2007 [Ts Tc]
fifa7772: folds 
valek1601: folds 
fariasmaxi: folds 
chameleon60: folds 
Dorex2007: raises $0.04 to $0.06
Parker09SA: folds 
Baal666666: calls $0.04
*** FLOP *** [4c 7h 6c]
Baal666666: checks 
Dorex2007: bets $0.13
Baal666666: calls $0.13
*** TURN *** [4c 7h 6c] [4h]
Baal666666: checks 
Dorex2007: bets $0.19
Baal666666: folds 
Uncalled bet ($0.19) returned to Dorex2007
Dorex2007 collected $0.38 from pot
Dorex2007: doesn't show hand 
*** SUMMARY ***
Total pot $0.39 | Rake $0.01 
Board [4c 7h 6c 4h]
Seat 1: valek1601 folded before Flop (didn't bet)
Seat 2: fariasmaxi folded before Flop (didn't bet)
Seat 3: chameleon60 folded before Flop (didn't bet)
Seat 5: Dorex2007 (button) collected ($0.38)
Seat 6: Parker09SA (small blind) folded before Flop
Seat 7: Baal666666 (big blind) folded on the Turn
Seat 9: fifa7772 folded before Flop (didn't bet)



PokerStars Hand #230185397202:  Hold'em No Limit ($0.01/$0.02 USD) - 2021/09/27 14:57:52 PT [2021/09/27 17:57:52 ET]
Table 'Brunsia' 9-max Seat #6 is the button
Seat 1: valek1601 ($1.60 in chips) 
Seat 2: fariasmaxi ($0.89 in chips) 
Seat 3: chameleon60 ($4.46 in chips) 
Seat 5: Dorex2007 ($2.61 in chips) 
Seat 6: Parker09SA ($5.77 in chips) 
Seat 7: Baal666666 ($1.05 in chips) 
Seat 9: fifa7772 ($1.20 in chips) 
Baal666666: posts small blind $0.01
fifa7772: posts big blind $0.02
*** HOLE CARDS ***
Dealt to Dorex2007 [8c 6c]
valek1601: folds 
fariasmaxi: raises $0.04 to $0.06
chameleon60: calls $0.06
Dorex2007: folds 
Parker09SA: folds 
Baal666666: folds 
fifa7772: folds 
*** FLOP *** [Tc 6h 9c]
fariasmaxi: bets $0.09
chameleon60: raises $0.09 to $0.18
fariasmaxi: calls $0.09
*** TURN *** [Tc 6h 9c] [Jc]
fariasmaxi: checks 
chameleon60: checks 
*** RIVER *** [Tc 6h 9c Jc] [Kc]
fariasmaxi: checks 
chameleon60: checks 
*** SHOW DOWN ***
fariasmaxi: shows [9s 9d] (three of a kind, Nines)
chameleon60: mucks hand 
fariasmaxi collected $0.49 from pot
*** SUMMARY ***
Total pot $0.51 | Rake $0.02 
Board [Tc 6h 9c Jc Kc]
Seat 1: valek1601 folded before Flop (didn't bet)
Seat 2: fariasmaxi showed [9s 9d] and won ($0.49) with three of a kind, Nines
Seat 3: chameleon60 mucked [Td Ad]
Seat 5: Dorex2007 folded before Flop (didn't bet)
Seat 6: Parker09SA (button) folded before Flop (didn't bet)
Seat 7: Baal666666 (small blind) folded before Flop
Seat 9: fifa7772 (big blind) folded before Flop



PokerStars Hand #230185422775:  Hold'em No Limit ($0.01/$0.02 USD) - 2021/09/27 14:59:23 PT [2021/09/27 17:59:23 ET]
Table 'Brunsia' 9-max Seat #7 is the button
Seat 1: valek1601 ($1.60 in chips) 
Seat 2: fariasmaxi ($1.14 in chips) 
Seat 3: chameleon60 ($4.22 in chips) 
Seat 5: Dorex2007 ($2.61 in chips) 
Seat 6: Parker09SA ($5.77 in chips) 
Seat 7: Baal666666 ($1.04 in chips) 
Seat 9: fifa7772 ($1.18 in chips) 
fifa7772: posts small blind $0.01
valek1601: posts big blind $0.02
*** HOLE CARDS ***
Dealt to Dorex2007 [Ac 5d]
fariasmaxi: calls $0.02
chameleon60: folds 
Dorex2007: folds 
Parker09SA: folds 
Baal666666: folds 
fifa7772: folds 
valek1601: checks 
*** FLOP *** [3h Ad 7s]
valek1601: bets $0.02
cleanok joins the table at seat #4 
fariasmaxi: calls $0.02
*** TURN *** [3h Ad 7s] [3c]
valek1601: checks 
Seuchenprinz is disconnected 
fariasmaxi: checks 
*** RIVER *** [3h Ad 7s 3c] [Qc]
valek1601: checks 
fariasmaxi: bets $0.06
valek1601: folds 
Uncalled bet ($0.06) returned to fariasmaxi
fariasmaxi collected $0.09 from pot
fariasmaxi: doesn't show hand 
*** SUMMARY ***
Total pot $0.09 | Rake $0 
Board [3h Ad 7s 3c Qc]
Seat 1: valek1601 (big blind) folded on the River
Seat 2: fariasmaxi collected ($0.09)
Seat 3: chameleon60 folded before Flop (didn't bet)
Seat 5: Dorex2007 folded before Flop (didn't bet)
Seat 6: Parker09SA folded before Flop (didn't bet)
Seat 7: Baal666666 (button) folded before Flop (didn't bet)
Seat 9: fifa7772 (small blind) folded before Flop



PokerStars Hand #230185438542:  Hold'em No Limit ($0.01/$0.02 USD) - 2021/09/27 15:00:19 PT [2021/09/27 18:00:19 ET]
Table 'Brunsia' 9-max Seat #9 is the button
Seat 1: valek1601 ($1.56 in chips) 
Seat 2: fariasmaxi ($1.19 in chips) 
Seat 3: chameleon60 ($4.22 in chips) 
Seat 5: Dorex2007 ($2.61 in chips) 
Seat 6: Parker09SA ($5.77 in chips) 
Seat 7: Baal666666 ($1.04 in chips) 
Seat 9: fifa7772 ($1.17 in chips) 
valek1601: posts small blind $0.01
fariasmaxi: posts big blind $0.02
cleanok: sits out 
*** HOLE CARDS ***
Dealt to Dorex2007 [Qd Ac]
chameleon60: folds 
Dorex2007: raises $0.04 to $0.06
chameleon60 leaves the table
Parker09SA: folds 
Baal666666: folds 
fifa7772: folds 
valek1601: folds 
fariasmaxi: folds 
Uncalled bet ($0.04) returned to Dorex2007
Dorex2007 collected $0.05 from pot
Dorex2007: doesn't show hand 
*** SUMMARY ***
Total pot $0.05 | Rake $0 
Seat 1: valek1601 (small blind) folded before Flop
Seat 2: fariasmaxi (big blind) folded before Flop
Seat 3: chameleon60 folded before Flop (didn't bet)
Seat 5: Dorex2007 collected ($0.05)
Seat 6: Parker09SA folded before Flop (didn't bet)
Seat 7: Baal666666 folded before Flop (didn't bet)
Seat 9: fifa7772 (button) folded before Flop (didn't bet)



PokerStars Hand #230185446522:  Hold'em No Limit ($0.01/$0.02 USD) - 2021/09/27 15:00:46 PT [2021/09/27 18:00:46 ET]
Table 'Brunsia' 9-max Seat #1 is the button
Seat 1: valek1601 ($1.55 in chips) 
Seat 2: fariasmaxi ($1.17 in chips) 
Seat 4: cleanok ($2 in chips) 
Seat 5: Dorex2007 ($2.64 in chips) 
Seat 6: Parker09SA ($5.77 in chips) 
Seat 7: Baal666666 ($1.04 in chips) 
Seat 9: fifa7772 ($1.17 in chips) 
fariasmaxi: posts small blind $0.01
cleanok: posts big blind $0.02
*** HOLE CARDS ***
Dealt to Dorex2007 [Jh 3d]
Dorex2007: folds 
Parker09SA: folds 
Baal666666: folds 
fifa7772: folds 
valek1601: calls $0.02
fariasmaxi: calls $0.01
cleanok: checks 
*** FLOP *** [7c Ks 9s]
fariasmaxi: checks 
superjod218 joins the table at seat #3 
cleanok: bets $0.02
valek1601: raises $0.05 to $0.07
fariasmaxi: raises $0.15 to $0.22
cleanok: folds 
valek1601: calls $0.15
*** TURN *** [7c Ks 9s] [2s]
fariasmaxi: checks 
valek1601: bets $1.31 and is all-in
fariasmaxi: calls $0.93 and is all-in
Uncalled bet ($0.38) returned to valek1601
*** RIVER *** [7c Ks 9s 2s] [6c]
*** SHOW DOWN ***
fariasmaxi: shows [9d Kh] (two pair, Kings and Nines)
valek1601: shows [Kd 8h] (a pair of Kings)
fariasmaxi collected $2.30 from pot
*** SUMMARY ***
Total pot $2.38 | Rake $0.08 
Board [7c Ks 9s 2s 6c]
Seat 1: valek1601 (button) showed [Kd 8h] and lost with a pair of Kings
Seat 2: fariasmaxi (small blind) showed [9d Kh] and won ($2.30) with two pair, Kings and Nines
Seat 4: cleanok (big blind) folded on the Flop
Seat 5: Dorex2007 folded before Flop (didn't bet)
Seat 6: Parker09SA folded before Flop (didn't bet)
Seat 7: Baal666666 folded before Flop (didn't bet)
Seat 9: fifa7772 folded before Flop (didn't bet)



PokerStars Hand #230185475557:  Hold'em No Limit ($0.01/$0.02 USD) - 2021/09/27 15:02:12 PT [2021/09/27 18:02:12 ET]
Table 'Brunsia' 9-max Seat #2 is the button
Seat 1: valek1601 ($0.38 in chips) 
Seat 2: fariasmaxi ($2.30 in chips) 
Seat 4: cleanok ($1.96 in chips) 
Seat 5: Dorex2007 ($2.64 in chips) 
Seat 6: Parker09SA ($5.77 in chips) 
Seat 7: Baal666666 ($1.04 in chips) 
Seat 9: fifa7772 ($1.17 in chips) 
cleanok: posts small blind $0.01
Dorex2007: posts big blind $0.02
*** HOLE CARDS ***
Dealt to Dorex2007 [Ad 5d]
Parker09SA has timed out
Parker09SA: folds 
Baal666666: raises $0.04 to $0.06
fifa7772: folds 
valek1601: folds 
valek1601 leaves the table
fariasmaxi: calls $0.06
cleanok: folds 
Dorex2007: calls $0.04
*** FLOP *** [6s 2s Kc]
Dorex2007: checks 
Baal666666: checks 
fariasmaxi: bets $0.12
Dorex2007: folds 
Baal666666: folds 
Uncalled bet ($0.12) returned to fariasmaxi
fariasmaxi collected $0.18 from pot
fariasmaxi: doesn't show hand 
*** SUMMARY ***
Total pot $0.19 | Rake $0.01 
Board [6s 2s Kc]
Seat 1: valek1601 folded before Flop (didn't bet)
Seat 2: fariasmaxi (button) collected ($0.18)
Seat 4: cleanok (small blind) folded before Flop
Seat 5: Dorex2007 (big blind) folded on the Flop
Seat 6: Parker09SA folded before Flop (didn't bet)
Seat 7: Baal666666 folded on the Flop
Seat 9: fifa7772 folded before Flop (didn't bet)



PokerStars Hand #230185492064:  Hold'em No Limit ($0.01/$0.02 USD) - 2021/09/27 15:02:58 PT [2021/09/27 18:02:58 ET]
Table 'Brunsia' 9-max Seat #4 is the button
Seat 2: fariasmaxi ($2.42 in chips) 
Seat 4: cleanok ($1.95 in chips) 
Seat 5: Dorex2007 ($2.58 in chips) 
Seat 7: Baal666666 ($0.98 in chips) 
Seat 9: fifa7772 ($1.17 in chips) 
Dorex2007: posts small blind $0.01
Baal666666: posts big blind $0.02
superjod218: sits out 
*** HOLE CARDS ***
Dealt to Dorex2007 [Jc Qc]
fifa7772: folds 
fariasmaxi: folds 
cleanok: folds 
Dorex2007: raises $0.04 to $0.06
Baal666666: calls $0.04
*** FLOP *** [Jh 6c Qh]
Dorex2007: bets $0.06
Baal666666: folds 
Uncalled bet ($0.06) returned to Dorex2007
Dorex2007 collected $0.12 from pot
Dorex2007: doesn't show hand 
*** SUMMARY ***
Total pot $0.12 | Rake $0 
Board [Jh 6c Qh]
Seat 2: fariasmaxi folded before Flop (didn't bet)
Seat 4: cleanok (button) folded before Flop (didn't bet)
Seat 5: Dorex2007 (small blind) collected ($0.12)
Seat 7: Baal666666 (big blind) folded on the Flop
Seat 9: fifa7772 folded before Flop (didn't bet)



PokerStars Hand #230185505885:  Hold'em No Limit ($0.01/$0.02 USD) - 2021/09/27 15:03:37 PT [2021/09/27 18:03:37 ET]
Table 'Brunsia' 9-max Seat #5 is the button
Seat 2: fariasmaxi ($2.42 in chips) 
Seat 4: cleanok ($1.95 in chips) 
Seat 5: Dorex2007 ($2.64 in chips) 
Seat 7: Baal666666 ($0.92 in chips) 
Seat 9: fifa7772 ($1.17 in chips) 
Baal666666: posts small blind $0.01
fifa7772: posts big blind $0.02
superjod218: sits out 
*** HOLE CARDS ***
Dealt to Dorex2007 [9h Jd]
fariasmaxi has timed out
fariasmaxi: folds 
cleanok: folds 
Dorex2007: folds 
Baal666666: raises $0.04 to $0.06
fifa7772: folds 
Uncalled bet ($0.04) returned to Baal666666
Baal666666 collected $0.04 from pot
Baal666666: doesn't show hand 
*** SUMMARY ***
Total pot $0.04 | Rake $0 
Seat 2: fariasmaxi folded before Flop (didn't bet)
Seat 4: cleanok folded before Flop (didn't bet)
Seat 5: Dorex2007 (button) folded before Flop (didn't bet)
Seat 7: Baal666666 (small blind) collected ($0.04)
Seat 9: fifa7772 (big blind) folded before Flop



PokerStars Hand #230185517494:  Hold'em No Limit ($0.01/$0.02 USD) - 2021/09/27 15:04:10 PT [2021/09/27 18:04:10 ET]
Table 'Brunsia' 9-max Seat #7 is the button
Seat 3: superjod218 ($2 in chips) 
Seat 4: cleanok ($1.95 in chips) 
Seat 5: Dorex2007 ($2.64 in chips) 
Seat 7: Baal666666 ($0.94 in chips) 
Seat 9: fifa7772 ($1.15 in chips) 
fifa7772: posts small blind $0.01
superjod218: posts big blind $0.02
Parker09SA: sits out 
*** HOLE CARDS ***
Dealt to Dorex2007 [5c Qs]
cleanok: folds 
Dorex2007: folds 
Baal666666: raises $0.04 to $0.06
fifa7772: folds 
superjod218: calls $0.04
*** FLOP *** [7s 8h 7h]
superjod218: checks 
Baal666666: checks 
*** TURN *** [7s 8h 7h] [Jc]
superjod218: bets $0.09
Baal666666: folds 
Uncalled bet ($0.09) returned to superjod218
superjod218 collected $0.13 from pot
superjod218: doesn't show hand 
*** SUMMARY ***
Total pot $0.13 | Rake $0 
Board [7s 8h 7h Jc]
Seat 3: superjod218 (big blind) collected ($0.13)
Seat 4: cleanok folded before Flop (didn't bet)
Seat 5: Dorex2007 folded before Flop (didn't bet)
Seat 7: Baal666666 (button) folded on the Turn
Seat 9: fifa7772 (small blind) folded before Flop



PokerStars Hand #230185527775:  Hold'em No Limit ($0.01/$0.02 USD) - 2021/09/27 15:04:39 PT [2021/09/27 18:04:39 ET]
Table 'Brunsia' 9-max Seat #9 is the button
Seat 3: superjod218 ($2.07 in chips) 
Seat 5: Dorex2007 ($2.64 in chips) 
Seat 7: Baal666666 ($0.88 in chips) 
Seat 9: fifa7772 ($1.14 in chips) 
superjod218: posts small blind $0.01
cleanok: is sitting out 
Dorex2007: posts big blind $0.02
Parker09SA: sits out 
*** HOLE CARDS ***
Dealt to Dorex2007 [Qs Qd]
Baal666666: raises $0.04 to $0.06
fifa7772: calls $0.06
superjod218: calls $0.05
Dorex2007: raises $2.58 to $2.64 and is all-in
Baal666666: folds 
fifa7772: folds 
superjod218: folds 
Uncalled bet ($2.58) returned to Dorex2007
Dorex2007 collected $0.24 from pot
Dorex2007: doesn't show hand 
*** SUMMARY ***
Total pot $0.24 | Rake $0 
Seat 3: superjod218 (small blind) folded before Flop
Seat 5: Dorex2007 (big blind) collected ($0.24)
Seat 7: Baal666666 folded before Flop
Seat 9: fifa7772 (button) folded before Flop



PokerStars Hand #230185536555:  Hold'em No Limit ($0.01/$0.02 USD) - 2021/09/27 15:05:04 PT [2021/09/27 18:05:04 ET]
Table 'Brunsia' 9-max Seat #3 is the button
Seat 3: superjod218 ($2.01 in chips) 
Seat 5: Dorex2007 ($2.82 in chips) 
Seat 6: Parker09SA ($5.77 in chips) 
Seat 7: Baal666666 ($0.82 in chips) 
Seat 9: fifa7772 ($1.08 in chips) 
Dorex2007: posts small blind $0.01
Parker09SA: posts big blind $0.02
*** HOLE CARDS ***
Dealt to Dorex2007 [Jd 7s]
Baal666666: folds 
fifa7772: folds 
superjod218: folds 
Dorex2007: folds 
Uncalled bet ($0.01) returned to Parker09SA
Parker09SA collected $0.02 from pot
Parker09SA: doesn't show hand 
*** SUMMARY ***
Total pot $0.02 | Rake $0 
Seat 3: superjod218 (button) folded before Flop (didn't bet)
Seat 5: Dorex2007 (small blind) folded before Flop
Seat 6: Parker09SA (big blind) collected ($0.02)
Seat 7: Baal666666 folded before Flop (didn't bet)
Seat 9: fifa7772 folded before Flop (didn't bet)



PokerStars Hand #230185541031:  Hold'em No Limit ($0.01/$0.02 USD) - 2021/09/27 15:05:16 PT [2021/09/27 18:05:16 ET]
Table 'Brunsia' 9-max Seat #5 is the button
Seat 3: superjod218 ($2.01 in chips) 
Seat 5: Dorex2007 ($2.81 in chips) 
Seat 6: Parker09SA ($5.78 in chips) 
Seat 7: Baal666666 ($0.82 in chips) 
Seat 9: fifa7772 ($1.08 in chips) 
Parker09SA: posts small blind $0.01
Baal666666: posts big blind $0.02
fariasmaxi: sits out 
*** HOLE CARDS ***
Dealt to Dorex2007 [6d 3h]
fifa7772: raises $0.02 to $0.04
superjod218: folds 
Dorex2007: folds 
Parker09SA: folds 
Baal666666: folds 
Uncalled bet ($0.02) returned to fifa7772
fifa7772 collected $0.05 from pot
fifa7772: doesn't show hand 
*** SUMMARY ***
Total pot $0.05 | Rake $0 
Seat 3: superjod218 folded before Flop (didn't bet)
Seat 5: Dorex2007 (button) folded before Flop (didn't bet)
Seat 6: Parker09SA (small blind) folded before Flop
Seat 7: Baal666666 (big blind) folded before Flop
Seat 9: fifa7772 collected ($0.05)



PokerStars Hand #230185547590:  Hold'em No Limit ($0.01/$0.02 USD) - 2021/09/27 15:05:34 PT [2021/09/27 18:05:34 ET]
Table 'Brunsia' 9-max Seat #6 is the button
Seat 3: superjod218 ($2.01 in chips) 
Seat 5: Dorex2007 ($2.81 in chips) 
Seat 6: Parker09SA ($5.77 in chips) 
Seat 7: Baal666666 ($0.80 in chips) 
Seat 9: fifa7772 ($1.11 in chips) 
Baal666666: posts small blind $0.01
fifa7772: posts big blind $0.02
fariasmaxi: sits out 
*** HOLE CARDS ***
Dealt to Dorex2007 [Qh 4h]
superjod218: folds 
Dorex2007: folds 
Parker09SA: raises $0.04 to $0.06
Baal666666: raises $0.12 to $0.18
fifa7772: folds 
Parker09SA: folds 
Uncalled bet ($0.12) returned to Baal666666
Baal666666 collected $0.14 from pot
Seuchenprinz leaves the table
Baal666666: doesn't show hand 
*** SUMMARY ***
Total pot $0.14 | Rake $0 
Seat 3: superjod218 folded before Flop (didn't bet)
Seat 5: Dorex2007 folded before Flop (didn't bet)
Seat 6: Parker09SA (button) folded before Flop
Seat 7: Baal666666 (small blind) collected ($0.14)
Seat 9: fifa7772 (big blind) folded before Flop



PokerStars Hand #230185555375:  Hold'em No Limit ($0.01/$0.02 USD) - 2021/09/27 15:05:56 PT [2021/09/27 18:05:56 ET]
Table 'Brunsia' 9-max Seat #7 is the button
Seat 2: fariasmaxi ($2.42 in chips) 
Seat 3: superjod218 ($2.01 in chips) 
Seat 5: Dorex2007 ($2.81 in chips) 
Seat 6: Parker09SA ($5.71 in chips) 
Seat 7: Baal666666 ($0.88 in chips) 
Seat 9: fifa7772 ($1.09 in chips) 
fifa7772: posts small blind $0.01
fariasmaxi: posts big blind $0.02
*** HOLE CARDS ***
Dealt to Dorex2007 [Ad 3s]
superjod218: raises $0.04 to $0.06
Dorex2007: folds 
Parker09SA: folds 
Baal666666: folds 
fifa7772: folds 
fariasmaxi: folds 
Uncalled bet ($0.04) returned to superjod218
superjod218 collected $0.05 from pot
superjod218: doesn't show hand 
*** SUMMARY ***
Total pot $0.05 | Rake $0 
Seat 2: fariasmaxi (big blind) folded before Flop
Seat 3: superjod218 collected ($0.05)
Seat 5: Dorex2007 folded before Flop (didn't bet)
Seat 6: Parker09SA folded before Flop (didn't bet)
Seat 7: Baal666666 (button) folded before Flop (didn't bet)
Seat 9: fifa7772 (small blind) folded before Flop



PokerStars Hand #230185562490:  Hold'em No Limit ($0.01/$0.02 USD) - 2021/09/27 15:06:16 PT [2021/09/27 18:06:16 ET]
Table 'Brunsia' 9-max Seat #9 is the button
Seat 2: fariasmaxi ($2.40 in chips) 
Seat 3: superjod218 ($2.04 in chips) 
Seat 5: Dorex2007 ($2.81 in chips) 
Seat 6: Parker09SA ($5.71 in chips) 
Seat 7: Baal666666 ($0.88 in chips) 
Seat 9: fifa7772 ($1.08 in chips) 
fariasmaxi: posts small blind $0.01
superjod218: posts big blind $0.02
*** HOLE CARDS ***
Dealt to Dorex2007 [4d 5h]
Dorex2007: folds 
pikesz joins the table at seat #8 
Parker09SA: folds 
Baal666666: folds 
fifa7772: folds 
fariasmaxi: calls $0.01
superjod218: checks 
*** FLOP *** [7h 4c Jd]
fariasmaxi: bets $0.03
superjod218: folds 
Uncalled bet ($0.03) returned to fariasmaxi
fariasmaxi collected $0.04 from pot
fariasmaxi: doesn't show hand 
*** SUMMARY ***
Total pot $0.04 | Rake $0 
Board [7h 4c Jd]
Seat 2: fariasmaxi (small blind) collected ($0.04)
Seat 3: superjod218 (big blind) folded on the Flop
Seat 5: Dorex2007 folded before Flop (didn't bet)
Seat 6: Parker09SA folded before Flop (didn't bet)
Seat 7: Baal666666 folded before Flop (didn't bet)
Seat 9: fifa7772 (button) folded before Flop (didn't bet)



PokerStars Hand #230185572165:  Hold'em No Limit ($0.01/$0.02 USD) - 2021/09/27 15:06:43 PT [2021/09/27 18:06:43 ET]
Table 'Brunsia' 9-max Seat #2 is the button
Seat 2: fariasmaxi ($2.42 in chips) 
Seat 3: superjod218 ($2.02 in chips) 
Seat 5: Dorex2007 ($2.81 in chips) 
Seat 6: Parker09SA ($5.71 in chips) 
Seat 7: Baal666666 ($0.88 in chips) 
Seat 9: fifa7772 ($1.08 in chips) 
superjod218: posts small blind $0.01
Dorex2007: posts big blind $0.02
pikesz: sits out 
*** HOLE CARDS ***
Dealt to Dorex2007 [Td 5c]
Parker09SA: folds 
Baal666666: folds 
fifa7772: folds 
fariasmaxi: folds 
superjod218: raises $0.04 to $0.06
Dorex2007: folds 
Uncalled bet ($0.04) returned to superjod218
superjod218 collected $0.04 from pot
superjod218: doesn't show hand 
*** SUMMARY ***
Total pot $0.04 | Rake $0 
Seat 2: fariasmaxi (button) folded before Flop (didn't bet)
Seat 3: superjod218 (small blind) collected ($0.04)
Seat 5: Dorex2007 (big blind) folded before Flop
Seat 6: Parker09SA folded before Flop (didn't bet)
Seat 7: Baal666666 folded before Flop (didn't bet)
Seat 9: fifa7772 folded before Flop (didn't bet)



PokerStars Hand #230185577086:  Hold'em No Limit ($0.01/$0.02 USD) - 2021/09/27 15:06:57 PT [2021/09/27 18:06:57 ET]
Table 'Brunsia' 9-max Seat #3 is the button
Seat 2: fariasmaxi ($2.42 in chips) 
Seat 3: superjod218 ($2.04 in chips) 
Seat 5: Dorex2007 ($2.79 in chips) 
Seat 6: Parker09SA ($5.71 in chips) 
Seat 7: Baal666666 ($0.88 in chips) 
Seat 9: fifa7772 ($1.08 in chips) 
Dorex2007: posts small blind $0.01
Parker09SA: posts big blind $0.02
pikesz: sits out 
*** HOLE CARDS ***
Dealt to Dorex2007 [5c 8h]
Baal666666: folds 
fifa7772: folds 
fariasmaxi: folds 
superjod218: folds 
Dorex2007: folds 
Uncalled bet ($0.01) returned to Parker09SA
Parker09SA collected $0.02 from pot
Parker09SA: doesn't show hand 
*** SUMMARY ***
Total pot $0.02 | Rake $0 
Seat 2: fariasmaxi folded before Flop (didn't bet)
Seat 3: superjod218 (button) folded before Flop (didn't bet)
Seat 5: Dorex2007 (small blind) folded before Flop
Seat 6: Parker09SA (big blind) collected ($0.02)
Seat 7: Baal666666 folded before Flop (didn't bet)
Seat 9: fifa7772 folded before Flop (didn't bet)



PokerStars Hand #230185580277:  Hold'em No Limit ($0.01/$0.02 USD) - 2021/09/27 15:07:06 PT [2021/09/27 18:07:06 ET]
Table 'Brunsia' 9-max Seat #5 is the button
Seat 2: fariasmaxi ($2.42 in chips) 
Seat 3: superjod218 ($2.04 in chips) 
Seat 5: Dorex2007 ($2.78 in chips) 
Seat 6: Parker09SA ($5.72 in chips) 
Seat 8: pikesz ($0.80 in chips) 
Seat 9: fifa7772 ($1.08 in chips) 
Parker09SA: posts small blind $0.01
Baal666666: is sitting out 
pikesz: posts big blind $0.02
*** HOLE CARDS ***
Dealt to Dorex2007 [Qh 3s]
fifa7772: folds 
fariasmaxi: calls $0.02
superjod218: folds 
Dorex2007: folds 
Parker09SA: raises $0.08 to $0.10
pikesz: raises $0.70 to $0.80 and is all-in
fariasmaxi: folds 
Parker09SA: calls $0.70
*** FLOP *** [8d Ac 2c]
*** TURN *** [8d Ac 2c] [7c]
*** RIVER *** [8d Ac 2c 7c] [Qc]
*** SHOW DOWN ***
Parker09SA: shows [As Kd] (a pair of Aces)
pikesz: shows [Qd Ah] (two pair, Aces and Queens)
pikesz collected $1.56 from pot
*** SUMMARY ***
Total pot $1.62 | Rake $0.06 
Board [8d Ac 2c 7c Qc]
Seat 2: fariasmaxi folded before Flop
Seat 3: superjod218 folded before Flop (didn't bet)
Seat 5: Dorex2007 (button) folded before Flop (didn't bet)
Seat 6: Parker09SA (small blind) showed [As Kd] and lost with a pair of Aces
Seat 8: pikesz (big blind) showed [Qd Ah] and won ($1.56) with two pair, Aces and Queens
Seat 9: fifa7772 folded before Flop (didn't bet)



PokerStars Hand #230185597903:  Hold'em No Limit ($0.01/$0.02 USD) - 2021/09/27 15:07:44 PT [2021/09/27 18:07:44 ET]
Table 'Brunsia' 9-max Seat #6 is the button
Seat 2: fariasmaxi ($2.40 in chips) 
Seat 3: superjod218 ($2.04 in chips) 
Seat 5: Dorex2007 ($2.78 in chips) 
Seat 6: Parker09SA ($4.92 in chips) 
Seat 8: pikesz ($1.56 in chips) 
Seat 9: fifa7772 ($1.08 in chips) 
pikesz: posts small blind $0.01
fifa7772: posts big blind $0.02
*** HOLE CARDS ***
Dealt to Dorex2007 [2c 3s]
cleanok leaves the table
fariasmaxi: raises $0.04 to $0.06
superjod218: folds 
Dorex2007: folds 
Parker09SA: calls $0.06
pikesz: folds 
fifa7772: folds 
*** FLOP *** [As Qd 3d]
fariasmaxi: bets $0.09
Parker09SA: calls $0.09
*** TURN *** [As Qd 3d] [Kc]
fariasmaxi: bets $0.21
Parker09SA: calls $0.21
*** RIVER *** [As Qd 3d Kc] [Td]
fariasmaxi: checks 
Parker09SA: checks 
*** SHOW DOWN ***
fariasmaxi: shows [Kd Qs] (two pair, Kings and Queens)
Parker09SA: mucks hand 
fariasmaxi collected $0.72 from pot
*** SUMMARY ***
Total pot $0.75 | Rake $0.03 
Board [As Qd 3d Kc Td]
Seat 2: fariasmaxi showed [Kd Qs] and won ($0.72) with two pair, Kings and Queens
Seat 3: superjod218 folded before Flop (didn't bet)
Seat 5: Dorex2007 folded before Flop (didn't bet)
Seat 6: Parker09SA (button) mucked [7h Ah]
Seat 8: pikesz (small blind) folded before Flop
Seat 9: fifa7772 (big blind) folded before Flop



PokerStars Hand #230185617924:  Hold'em No Limit ($0.01/$0.02 USD) - 2021/09/27 15:08:41 PT [2021/09/27 18:08:41 ET]
Table 'Brunsia' 9-max Seat #8 is the button
Seat 2: fariasmaxi ($2.76 in chips) 
Seat 3: superjod218 ($2.04 in chips) 
Seat 5: Dorex2007 ($2.78 in chips) 
Seat 6: Parker09SA ($4.56 in chips) 
Seat 8: pikesz ($1.55 in chips) 
Seat 9: fifa7772 ($1.06 in chips) 
fifa7772: posts small blind $0.01
fariasmaxi: posts big blind $0.02
Baal666666: sits out 
*** HOLE CARDS ***
Dealt to Dorex2007 [5s 5d]
superjod218: folds 
Dorex2007: raises $0.04 to $0.06
Parker09SA: calls $0.06
pikesz: folds 
fifa7772: folds 
fariasmaxi: folds 
*** FLOP *** [4s Jd 5h]
Dorex2007: bets $0.07
Parker09SA: folds 
Uncalled bet ($0.07) returned to Dorex2007
Dorex2007 collected $0.14 from pot
Dorex2007: doesn't show hand 
*** SUMMARY ***
Total pot $0.15 | Rake $0.01 
Board [4s Jd 5h]
Seat 2: fariasmaxi (big blind) folded before Flop
Seat 3: superjod218 folded before Flop (didn't bet)
Seat 5: Dorex2007 collected ($0.14)
Seat 6: Parker09SA folded on the Flop
Seat 8: pikesz (button) folded before Flop (didn't bet)
Seat 9: fifa7772 (small blind) folded before Flop



PokerStars Hand #230185625858:  Hold'em No Limit ($0.01/$0.02 USD) - 2021/09/27 15:09:04 PT [2021/09/27 18:09:04 ET]
Table 'Brunsia' 9-max Seat #9 is the button
Seat 2: fariasmaxi ($2.74 in chips) 
Seat 3: superjod218 ($2.04 in chips) 
Seat 5: Dorex2007 ($2.86 in chips) 
Seat 6: Parker09SA ($4.50 in chips) 
Seat 8: pikesz ($1.55 in chips) 
Seat 9: fifa7772 ($1.05 in chips) 
fariasmaxi: posts small blind $0.01
superjod218: posts big blind $0.02
Baal666666: sits out 
*** HOLE CARDS ***
Dealt to Dorex2007 [Kc 9c]
harbaka joins the table at seat #1 
Dorex2007: folds 
Parker09SA: folds 
pikesz: folds 
fifa7772: raises $0.02 to $0.04
fariasmaxi: folds 
superjod218: calls $0.02
*** FLOP *** [Ts 5c 6s]
superjod218: checks 
fifa7772: bets $0.06
superjod218: folds 
Uncalled bet ($0.06) returned to fifa7772
fifa7772 collected $0.09 from pot
fifa7772: doesn't show hand 
*** SUMMARY ***
Total pot $0.09 | Rake $0 
Board [Ts 5c 6s]
Seat 2: fariasmaxi (small blind) folded before Flop
Seat 3: superjod218 (big blind) folded on the Flop
Seat 5: Dorex2007 folded before Flop (didn't bet)
Seat 6: Parker09SA folded before Flop (didn't bet)
Seat 8: pikesz folded before Flop (didn't bet)
Seat 9: fifa7772 (button) collected ($0.09)



PokerStars Hand #230185634868:  Hold'em No Limit ($0.01/$0.02 USD) - 2021/09/27 15:09:30 PT [2021/09/27 18:09:30 ET]
Table 'Brunsia' 9-max Seat #2 is the button
Seat 2: fariasmaxi ($2.73 in chips) 
Seat 3: superjod218 ($2 in chips) 
Seat 5: Dorex2007 ($2.86 in chips) 
Seat 6: Parker09SA ($4.50 in chips) 
Seat 8: pikesz ($1.55 in chips) 
Seat 9: fifa7772 ($1.10 in chips) 
superjod218: posts small blind $0.01
Dorex2007: posts big blind $0.02
Baal666666: sits out 
harbaka: sits out 
*** HOLE CARDS ***
Dealt to Dorex2007 [8c 9c]
Parker09SA: folds 
pikesz: folds 
fifa7772: folds 
Baal666666 leaves the table
fariasmaxi: folds 
superjod218: raises $0.04 to $0.06
Dorex2007: folds 
Uncalled bet ($0.04) returned to superjod218
superjod218 collected $0.04 from pot
superjod218: doesn't show hand 
*** SUMMARY ***
Total pot $0.04 | Rake $0 
Seat 2: fariasmaxi (button) folded before Flop (didn't bet)
Seat 3: superjod218 (small blind) collected ($0.04)
Seat 5: Dorex2007 (big blind) folded before Flop
Seat 6: Parker09SA folded before Flop (didn't bet)
Seat 8: pikesz folded before Flop (didn't bet)
Seat 9: fifa7772 folded before Flop (didn't bet)



PokerStars Hand #230185641837:  Hold'em No Limit ($0.01/$0.02 USD) - 2021/09/27 15:09:50 PT [2021/09/27 18:09:50 ET]
Table 'Brunsia' 9-max Seat #3 is the button
Seat 2: fariasmaxi ($2.73 in chips) 
Seat 3: superjod218 ($2.02 in chips) 
Seat 5: Dorex2007 ($2.84 in chips) 
Seat 6: Parker09SA ($4.50 in chips) 
Seat 8: pikesz ($1.55 in chips) 
Seat 9: fifa7772 ($1.10 in chips) 
Dorex2007: posts small blind $0.01
Parker09SA: posts big blind $0.02
harbaka: sits out 
*** HOLE CARDS ***
Dealt to Dorex2007 [6s Kd]
harbaka leaves the table
pikesz: folds 
fifa7772: raises $0.02 to $0.04
fariasmaxi: calls $0.04
superjod218: folds 
Dorex2007: folds 
Parker09SA: folds 
*** FLOP *** [Ac Th 9h]
fifa7772: bets $0.02
fariasmaxi: calls $0.02
*** TURN *** [Ac Th 9h] [6c]
fifa7772: bets $0.04
fariasmaxi: calls $0.04
*** RIVER *** [Ac Th 9h 6c] [Qd]
fifa7772: checks 
fariasmaxi: checks 
*** SHOW DOWN ***
fifa7772: shows [7h 5h] (high card Ace)
fariasmaxi: shows [Kc Tc] (a pair of Tens)
fariasmaxi collected $0.22 from pot
*** SUMMARY ***
Total pot $0.23 | Rake $0.01 
Board [Ac Th 9h 6c Qd]
Seat 2: fariasmaxi showed [Kc Tc] and won ($0.22) with a pair of Tens
Seat 3: superjod218 (button) folded before Flop (didn't bet)
Seat 5: Dorex2007 (small blind) folded before Flop
Seat 6: Parker09SA (big blind) folded before Flop
Seat 8: pikesz folded before Flop (didn't bet)
Seat 9: fifa7772 showed [7h 5h] and lost with high card Ace



PokerStars Hand #230185661673:  Hold'em No Limit ($0.01/$0.02 USD) - 2021/09/27 15:10:48 PT [2021/09/27 18:10:48 ET]
Table 'Brunsia' 9-max Seat #5 is the button
Seat 2: fariasmaxi ($2.85 in chips) 
Seat 3: superjod218 ($2.02 in chips) 
Seat 5: Dorex2007 ($2.83 in chips) 
Seat 6: Parker09SA ($4.48 in chips) 
Seat 8: pikesz ($1.55 in chips) 
Seat 9: fifa7772 ($1 in chips) 
Parker09SA: posts small blind $0.01
pikesz: posts big blind $0.02
*** HOLE CARDS ***
Dealt to Dorex2007 [9d 5d]
fifa7772: folds 
fariasmaxi said, "?"
fariasmaxi: folds 
superjod218: folds 
Dorex2007: folds 
Parker09SA: folds 
Uncalled bet ($0.01) returned to pikesz
pikesz collected $0.02 from pot
pikesz: doesn't show hand 
*** SUMMARY ***
Total pot $0.02 | Rake $0 
Seat 2: fariasmaxi folded before Flop (didn't bet)
Seat 3: superjod218 folded before Flop (didn't bet)
Seat 5: Dorex2007 (button) folded before Flop (didn't bet)
Seat 6: Parker09SA (small blind) folded before Flop
Seat 8: pikesz (big blind) collected ($0.02)
Seat 9: fifa7772 folded before Flop (didn't bet)



PokerStars Hand #230185676638:  Hold'em No Limit ($0.01/$0.02 USD) - 2021/09/27 15:11:08 PT [2021/09/27 18:11:08 ET]
Table 'Brunsia' 9-max Seat #6 is the button
Seat 2: fariasmaxi ($2.85 in chips) 
Seat 3: superjod218 ($2.02 in chips) 
Seat 5: Dorex2007 ($2.83 in chips) 
Seat 6: Parker09SA ($4.47 in chips) 
Seat 8: pikesz ($1.56 in chips) 
Seat 9: fifa7772 ($1 in chips) 
pikesz: posts small blind $0.01
fifa7772: posts big blind $0.02
*** HOLE CARDS ***
Dealt to Dorex2007 [Qs 4d]
fariasmaxi has timed out
fariasmaxi: folds 
superjod218: folds 
Dorex2007: folds 
Parker09SA: raises $0.04 to $0.06
pikesz: folds 
fifa7772: folds 
Uncalled bet ($0.04) returned to Parker09SA
Parker09SA collected $0.05 from pot
Parker09SA: doesn't show hand 
*** SUMMARY ***
Total pot $0.05 | Rake $0 
Seat 2: fariasmaxi folded before Flop (didn't bet)
Seat 3: superjod218 folded before Flop (didn't bet)
Seat 5: Dorex2007 folded before Flop (didn't bet)
Seat 6: Parker09SA (button) collected ($0.05)
Seat 8: pikesz (small blind) folded before Flop
Seat 9: fifa7772 (big blind) folded before Flop



PokerStars Hand #230185684611:  Hold'em No Limit ($0.01/$0.02 USD) - 2021/09/27 15:11:31 PT [2021/09/27 18:11:31 ET]
Table 'Brunsia' 9-max Seat #8 is the button
Seat 2: fariasmaxi ($2.85 in chips) 
Seat 3: superjod218 ($2.02 in chips) 
Seat 5: Dorex2007 ($2.83 in chips) 
Seat 6: Parker09SA ($4.50 in chips) 
Seat 8: pikesz ($1.55 in chips) 
Seat 9: fifa7772 ($0.98 in chips) 
fifa7772: posts small blind $0.01
fariasmaxi: posts big blind $0.02
*** HOLE CARDS ***
Dealt to Dorex2007 [Qs 7h]
noixa1308 joins the table at seat #1 
superjod218: folds 
Dorex2007: folds 
Parker09SA: folds 
pikesz: raises $0.04 to $0.06
superjod218 leaves the table
fifa7772: folds 
Jeff's_Cousin joins the table at seat #3 
fariasmaxi: folds 
Uncalled bet ($0.04) returned to pikesz
pikesz collected $0.05 from pot
pikesz: doesn't show hand 
*** SUMMARY ***
Total pot $0.05 | Rake $0 
Seat 2: fariasmaxi (big blind) folded before Flop
Seat 3: superjod218 folded before Flop (didn't bet)
Seat 5: Dorex2007 folded before Flop (didn't bet)
Seat 6: Parker09SA folded before Flop (didn't bet)
Seat 8: pikesz (button) collected ($0.05)
Seat 9: fifa7772 (small blind) folded before Flop



PokerStars Hand #230185694333:  Hold'em No Limit ($0.01/$0.02 USD) - 2021/09/27 15:11:59 PT [2021/09/27 18:11:59 ET]
Table 'Brunsia' 9-max Seat #9 is the button
Seat 2: fariasmaxi ($2.83 in chips) 
Seat 3: Jeff's_Cousin ($1.60 in chips) 
Seat 5: Dorex2007 ($2.83 in chips) 
Seat 6: Parker09SA ($4.50 in chips) 
Seat 8: pikesz ($1.58 in chips) 
Seat 9: fifa7772 ($0.97 in chips) 
fariasmaxi: posts small blind $0.01
Hermione-JJ joins the table at seat #4 
Jeff's_Cousin: posts big blind $0.02
*** HOLE CARDS ***
Dealt to Dorex2007 [5h Qh]
Dovy1990 joins the table at seat #7 
Dorex2007: folds 
Parker09SA: folds 
pikesz: folds 
fifa7772: folds 
fariasmaxi: folds 
Uncalled bet ($0.01) returned to Jeff's_Cousin
Jeff's_Cousin collected $0.02 from pot
Jeff's_Cousin: doesn't show hand 
*** SUMMARY ***
Total pot $0.02 | Rake $0 
Seat 2: fariasmaxi (small blind) folded before Flop
Seat 3: Jeff's_Cousin (big blind) collected ($0.02)
Seat 5: Dorex2007 folded before Flop (didn't bet)
Seat 6: Parker09SA folded before Flop (didn't bet)
Seat 8: pikesz folded before Flop (didn't bet)
Seat 9: fifa7772 (button) folded before Flop (didn't bet)



PokerStars Hand #230185699137:  Hold'em No Limit ($0.01/$0.02 USD) - 2021/09/27 15:12:13 PT [2021/09/27 18:12:13 ET]
Table 'Brunsia' 9-max Seat #2 is the button
Seat 2: fariasmaxi ($2.82 in chips) 
Seat 3: Jeff's_Cousin ($1.61 in chips) 
Seat 4: Hermione-JJ ($2 in chips) 
Seat 5: Dorex2007 ($2.83 in chips) 
Seat 6: Parker09SA ($4.50 in chips) 
Seat 7: Dovy1990 ($1.60 in chips) 
Seat 8: pikesz ($1.58 in chips) 
Seat 9: fifa7772 ($0.97 in chips) 
Jeff's_Cousin: posts small blind $0.01
Hermione-JJ: posts big blind $0.02
Dovy1990: posts big blind $0.02
noixa1308: sits out 
*** HOLE CARDS ***
Dealt to Dorex2007 [Kc 9h]
Dorex2007: folds 
Parker09SA has timed out
Parker09SA: folds 
Dovy1990: checks 
pikesz: folds 
fifa7772: folds 
fariasmaxi: folds 
Jeff's_Cousin: folds 
Hermione-JJ: checks 
*** FLOP *** [Td 4c Ac]
Hermione-JJ: checks 
Dovy1990: checks 
*** TURN *** [Td 4c Ac] [4s]
Hermione-JJ: bets $0.05
Dovy1990: raises $0.05 to $0.10
Hermione-JJ: folds 
Uncalled bet ($0.05) returned to Dovy1990
Dovy1990 collected $0.14 from pot
Dovy1990: doesn't show hand 
*** SUMMARY ***
Total pot $0.15 | Rake $0.01 
Board [Td 4c Ac 4s]
Seat 2: fariasmaxi (button) folded before Flop (didn't bet)
Seat 3: Jeff's_Cousin (small blind) folded before Flop
Seat 4: Hermione-JJ (big blind) folded on the Turn
Seat 5: Dorex2007 folded before Flop (didn't bet)
Seat 6: Parker09SA folded before Flop (didn't bet)
Seat 7: Dovy1990 collected ($0.14)
Seat 8: pikesz folded before Flop (didn't bet)
Seat 9: fifa7772 folded before Flop (didn't bet)



PokerStars Hand #230185716575:  Hold'em No Limit ($0.01/$0.02 USD) - 2021/09/27 15:13:03 PT [2021/09/27 18:13:03 ET]
Table 'Brunsia' 9-max Seat #3 is the button
Seat 2: fariasmaxi ($2.82 in chips) 
Seat 3: Jeff's_Cousin ($1.60 in chips) 
Seat 4: Hermione-JJ ($1.93 in chips) 
Seat 5: Dorex2007 ($2.83 in chips) 
Seat 6: Parker09SA ($4.50 in chips) 
Seat 7: Dovy1990 ($1.67 in chips) 
Seat 8: pikesz ($1.58 in chips) 
Seat 9: fifa7772 ($0.97 in chips) 
Hermione-JJ: posts small blind $0.01
Dorex2007: posts big blind $0.02
noixa1308: sits out 
*** HOLE CARDS ***
Dealt to Dorex2007 [Ts Jh]
Parker09SA has timed out
Parker09SA: folds 
Dovy1990: folds 
pikesz: raises $0.02 to $0.04
fifa7772: calls $0.04
fariasmaxi: folds 
Jeff's_Cousin: folds 
Hermione-JJ: folds 
Dorex2007: calls $0.02
*** FLOP *** [8d 9s Td]
Dorex2007: bets $0.13
pikesz: calls $0.13
fifa7772: raises $0.26 to $0.39
Dorex2007: calls $0.26
pikesz: folds 
*** TURN *** [8d 9s Td] [4d]
Dorex2007: checks 
fifa7772: bets $0.54 and is all-in
Dorex2007: folds 
Uncalled bet ($0.54) returned to fifa7772
fifa7772 collected $1 from pot
fifa7772: doesn't show hand 
*** SUMMARY ***
Total pot $1.04 | Rake $0.04 
Board [8d 9s Td 4d]
Seat 2: fariasmaxi folded before Flop (didn't bet)
Seat 3: Jeff's_Cousin (button) folded before Flop (didn't bet)
Seat 4: Hermione-JJ (small blind) folded before Flop
Seat 5: Dorex2007 (big blind) folded on the Turn
Seat 6: Parker09SA folded before Flop (didn't bet)
Seat 7: Dovy1990 folded before Flop (didn't bet)
Seat 8: pikesz folded on the Flop
Seat 9: fifa7772 collected ($1)



PokerStars Hand #230185741465:  Hold'em No Limit ($0.01/$0.02 USD) - 2021/09/27 15:14:15 PT [2021/09/27 18:14:15 ET]
Table 'Brunsia' 9-max Seat #4 is the button
Seat 2: fariasmaxi ($2.82 in chips) 
Seat 3: Jeff's_Cousin ($1.60 in chips) 
Seat 4: Hermione-JJ ($1.92 in chips) 
Seat 5: Dorex2007 ($2.40 in chips) 
Seat 7: Dovy1990 ($1.67 in chips) 
Seat 8: pikesz ($1.41 in chips) 
Seat 9: fifa7772 ($1.54 in chips) 
Dorex2007: posts small blind $0.01
Dovy1990: posts big blind $0.02
noixa1308: sits out 
*** HOLE CARDS ***
Dealt to Dorex2007 [Qc Jh]
pikesz: folds 
fifa7772: folds 
fariasmaxi: folds 
Jeff's_Cousin: folds 
Hermione-JJ: folds 
Dorex2007: raises $0.04 to $0.06
Dovy1990: calls $0.04
*** FLOP *** [Kh 4h 2c]
Dorex2007: checks 
Dovy1990: checks 
*** TURN *** [Kh 4h 2c] [5d]
Dorex2007: checks 
Dovy1990: checks 
*** RIVER *** [Kh 4h 2c 5d] [4c]
Dorex2007: checks 
Dovy1990: checks 
*** SHOW DOWN ***
Dorex2007: shows [Qc Jh] (a pair of Fours)
Dovy1990: shows [Jd 5c] (two pair, Fives and Fours)
Dovy1990 collected $0.12 from pot
*** SUMMARY ***
Total pot $0.12 | Rake $0 
Board [Kh 4h 2c 5d 4c]
Seat 2: fariasmaxi folded before Flop (didn't bet)
Seat 3: Jeff's_Cousin folded before Flop (didn't bet)
Seat 4: Hermione-JJ (button) folded before Flop (didn't bet)
Seat 5: Dorex2007 (small blind) showed [Qc Jh] and lost with a pair of Fours
Seat 7: Dovy1990 (big blind) showed [Jd 5c] and won ($0.12) with two pair, Fives and Fours
Seat 8: pikesz folded before Flop (didn't bet)
Seat 9: fifa7772 folded before Flop (didn't bet)



PokerStars Hand #230185755044:  Hold'em No Limit ($0.01/$0.02 USD) - 2021/09/27 15:14:54 PT [2021/09/27 18:14:54 ET]
Table 'Brunsia' 9-max Seat #5 is the button
Seat 2: fariasmaxi ($2.82 in chips) 
Seat 3: Jeff's_Cousin ($1.60 in chips) 
Seat 4: Hermione-JJ ($1.92 in chips) 
Seat 5: Dorex2007 ($2.34 in chips) 
Seat 7: Dovy1990 ($1.73 in chips) 
Seat 8: pikesz ($1.41 in chips) 
Seat 9: fifa7772 ($1.54 in chips) 
Dovy1990: posts small blind $0.01
pikesz: posts big blind $0.02
noixa1308: sits out 
*** HOLE CARDS ***
Dealt to Dorex2007 [7s Qc]
fifa7772: folds 
fariasmaxi: calls $0.02
Jeff's_Cousin: raises $0.04 to $0.06
Hermione-JJ: folds 
Dorex2007: folds 
Dovy1990: calls $0.05
pikesz: calls $0.04
fariasmaxi: folds 
*** FLOP *** [3d Ad 5c]
Dovy1990: bets $0.02
pikesz: raises $0.09 to $0.11
Jeff's_Cousin: raises $0.19 to $0.30
Dovy1990: calls $0.28
pikesz: calls $0.19
*** TURN *** [3d Ad 5c] [4h]
Dovy1990: checks 
pikesz: checks 
Jeff's_Cousin: bets $0.53
Dovy1990: folds 
pikesz: raises $0.52 to $1.05 and is all-in
Jeff's_Cousin: calls $0.52
*** RIVER *** [3d Ad 5c 4h] [9h]
*** SHOW DOWN ***
pikesz: shows [7d As] (a pair of Aces)
Jeff's_Cousin: shows [8s 8h] (a pair of Eights)
pikesz collected $3.09 from pot
*** SUMMARY ***
Total pot $3.20 | Rake $0.11 
Board [3d Ad 5c 4h 9h]
Seat 2: fariasmaxi folded before Flop
Seat 3: Jeff's_Cousin showed [8s 8h] and lost with a pair of Eights
Seat 4: Hermione-JJ folded before Flop (didn't bet)
Seat 5: Dorex2007 (button) folded before Flop (didn't bet)
Seat 7: Dovy1990 (small blind) folded on the Turn
Seat 8: pikesz (big blind) showed [7d As] and won ($3.09) with a pair of Aces
Seat 9: fifa7772 folded before Flop (didn't bet)



PokerStars Hand #230185790101:  Hold'em No Limit ($0.01/$0.02 USD) - 2021/09/27 15:16:34 PT [2021/09/27 18:16:34 ET]
Table 'Brunsia' 9-max Seat #7 is the button
Seat 2: fariasmaxi ($2.80 in chips) 
Seat 3: Jeff's_Cousin ($0.19 in chips) 
Seat 4: Hermione-JJ ($1.92 in chips) 
Seat 5: Dorex2007 ($2.34 in chips) 
Seat 7: Dovy1990 ($1.37 in chips) 
Seat 8: pikesz ($3.09 in chips) 
Seat 9: fifa7772 ($1.54 in chips) 
pikesz: posts small blind $0.01
fifa7772: posts big blind $0.02
noixa1308: sits out 
Parker09SA: sits out 
*** HOLE CARDS ***
Dealt to Dorex2007 [5h Ad]
fariasmaxi: folds 
Jeff's_Cousin: folds 
Hermione-JJ: folds 
Dorex2007: folds 
Dovy1990: folds 
pikesz: raises $0.02 to $0.04
fariasmaxi said, "lol man"
fifa7772: calls $0.02
*** FLOP *** [9c 2c 3s]
pikesz: bets $0.08
fifa7772: folds 
Uncalled bet ($0.08) returned to pikesz
pikesz collected $0.08 from pot
pikesz: doesn't show hand 
*** SUMMARY ***
Total pot $0.08 | Rake $0 
Board [9c 2c 3s]
Seat 2: fariasmaxi folded before Flop (didn't bet)
Seat 3: Jeff's_Cousin folded before Flop (didn't bet)
Seat 4: Hermione-JJ folded before Flop (didn't bet)
Seat 5: Dorex2007 folded before Flop (didn't bet)
Seat 7: Dovy1990 (button) folded before Flop (didn't bet)
Seat 8: pikesz (small blind) collected ($0.08)
Seat 9: fifa7772 (big blind) folded on the Flop



PokerStars Hand #230185802699:  Hold'em No Limit ($0.01/$0.02 USD) - 2021/09/27 15:17:08 PT [2021/09/27 18:17:08 ET]
Table 'Brunsia' 9-max Seat #8 is the button
Seat 1: noixa1308 ($2 in chips) 
Seat 2: fariasmaxi ($2.80 in chips) 
Seat 3: Jeff's_Cousin ($1.19 in chips) 
Seat 4: Hermione-JJ ($1.92 in chips) 
Seat 5: Dorex2007 ($2.34 in chips) 
Seat 7: Dovy1990 ($1.37 in chips) 
Seat 8: pikesz ($3.13 in chips) 
Seat 9: fifa7772 ($1.50 in chips) 
fifa7772: posts small blind $0.01
noixa1308: posts big blind $0.02
Parker09SA: sits out 
*** HOLE CARDS ***
Dealt to Dorex2007 [5c 5h]
fariasmaxi: folds 
Jeff's_Cousin: folds 
Hermione-JJ: folds 
Dorex2007: raises $0.02 to $0.04
fariasmaxi leaves the table
Dovy1990: calls $0.04
pikesz: folds 
fifa7772: folds 
noixa1308: calls $0.02
*** FLOP *** [2h 8s Qh]
Jeff's_Cousin leaves the table
noixa1308: checks 
Dorex2007: checks 
Dovy1990: bets $0.06
noixa1308: folds 
Dorex2007: folds 
Uncalled bet ($0.06) returned to Dovy1990
Dovy1990 collected $0.13 from pot
Dovy1990: doesn't show hand 
*** SUMMARY ***
Total pot $0.13 | Rake $0 
Board [2h 8s Qh]
Seat 1: noixa1308 (big blind) folded on the Flop
Seat 2: fariasmaxi folded before Flop (didn't bet)
Seat 3: Jeff's_Cousin folded before Flop (didn't bet)
Seat 4: Hermione-JJ folded before Flop (didn't bet)
Seat 5: Dorex2007 folded on the Flop
Seat 7: Dovy1990 collected ($0.13)
Seat 8: pikesz (button) folded before Flop (didn't bet)
Seat 9: fifa7772 (small blind) folded before Flop



PokerStars Hand #230185815259:  Hold'em No Limit ($0.01/$0.02 USD) - 2021/09/27 15:17:42 PT [2021/09/27 18:17:42 ET]
Table 'Brunsia' 9-max Seat #9 is the button
Seat 1: noixa1308 ($1.96 in chips) 
Seat 4: Hermione-JJ ($1.92 in chips) 
Seat 5: Dorex2007 ($2.30 in chips) 
Seat 7: Dovy1990 ($1.46 in chips) 
Seat 8: pikesz ($3.13 in chips) 
Seat 9: fifa7772 ($1.49 in chips) 
noixa1308: posts small blind $0.01
Hermione-JJ: posts big blind $0.02
Parker09SA: sits out 
*** HOLE CARDS ***
Dealt to Dorex2007 [7s Qd]
Dorex2007: folds 
Dovy1990: calls $0.02
pikesz: raises $0.02 to $0.04
fifa7772: folds 
noixa1308: folds 
Hermione-JJ: folds 
Dovy1990: calls $0.02
*** FLOP *** [Qh 3c 3h]
DeriAfonso joins the table at seat #2 
Dovy1990: bets $0.14
pikesz: folds 
Uncalled bet ($0.14) returned to Dovy1990
Dovy1990 collected $0.11 from pot
Dovy1990: doesn't show hand 
*** SUMMARY ***
Total pot $0.11 | Rake $0 
Board [Qh 3c 3h]
Seat 1: noixa1308 (small blind) folded before Flop
Seat 4: Hermione-JJ (big blind) folded before Flop
Seat 5: Dorex2007 folded before Flop (didn't bet)
Seat 7: Dovy1990 collected ($0.11)
Seat 8: pikesz folded on the Flop
Seat 9: fifa7772 (button) folded before Flop (didn't bet)



PokerStars Hand #230185834145:  Hold'em No Limit ($0.01/$0.02 USD) - 2021/09/27 15:18:33 PT [2021/09/27 18:18:33 ET]
Table 'Brunsia' 9-max Seat #1 is the button
Seat 1: noixa1308 ($1.95 in chips) 
Seat 4: Hermione-JJ ($1.90 in chips) 
Seat 5: Dorex2007 ($2.30 in chips) 
Seat 7: Dovy1990 ($1.53 in chips) 
Seat 8: pikesz ($3.09 in chips) 
Seat 9: fifa7772 ($1.49 in chips) 
Hermione-JJ: posts small blind $0.01
Dorex2007: posts big blind $0.02
Parker09SA: sits out 
*** HOLE CARDS ***
Dealt to Dorex2007 [Ts 6d]
Dovy1990: calls $0.02
pikesz: folds 
fifa7772: folds 
noixa1308: folds 
Hermione-JJ: raises $0.04 to $0.06
Dorex2007: folds 
Dovy1990: raises $0.04 to $0.10
Hermione-JJ: calls $0.04
*** FLOP *** [3d 6s 9s]
Hermione-JJ: checks 
Dovy1990: bets $0.14
Hermione-JJ: calls $0.14
*** TURN *** [3d 6s 9s] [7d]
Hermione-JJ: checks 
gioPi2 joins the table at seat #3 
Dovy1990: bets $0.30
Hermione-JJ: calls $0.30
*** RIVER *** [3d 6s 9s 7d] [Kc]
Hermione-JJ: checks 
Dovy1990: bets $0.16
Hermione-JJ: folds 
Uncalled bet ($0.16) returned to Dovy1990
Dovy1990 collected $1.06 from pot
Dovy1990: doesn't show hand 
*** SUMMARY ***
Total pot $1.10 | Rake $0.04 
Board [3d 6s 9s 7d Kc]
Seat 1: noixa1308 (button) folded before Flop (didn't bet)
Seat 4: Hermione-JJ (small blind) folded on the River
Seat 5: Dorex2007 (big blind) folded before Flop
Seat 7: Dovy1990 collected ($1.06)
Seat 8: pikesz folded before Flop (didn't bet)
Seat 9: fifa7772 folded before Flop (didn't bet)



PokerStars Hand #230185857542:  Hold'em No Limit ($0.01/$0.02 USD) - 2021/09/27 15:19:37 PT [2021/09/27 18:19:37 ET]
Table 'Brunsia' 9-max Seat #4 is the button
Seat 1: noixa1308 ($1.95 in chips) 
Seat 2: DeriAfonso ($1 in chips) 
Seat 3: gioPi2 ($2 in chips) 
Seat 4: Hermione-JJ ($1.36 in chips) 
Seat 5: Dorex2007 ($2.28 in chips) 
Seat 6: Parker09SA ($4.50 in chips) 
Seat 7: Dovy1990 ($2.05 in chips) 
Seat 8: pikesz ($3.09 in chips) 
Seat 9: fifa7772 ($1.49 in chips) 
Dorex2007: posts small blind $0.01
Parker09SA: posts big blind $0.02
DeriAfonso: posts big blind $0.02
gioPi2: posts big blind $0.02
*** HOLE CARDS ***
Dealt to Dorex2007 [Qc 5h]
Dovy1990: calls $0.02
pikesz: folds 
fifa7772: raises $0.04 to $0.06
noixa1308: folds 
DeriAfonso: calls $0.04
gioPi2: calls $0.04
Hermione-JJ: folds 
Dorex2007: folds 
Parker09SA: folds 
Dovy1990: raises $0.04 to $0.10
fifa7772: raises $0.22 to $0.32
DeriAfonso: folds 
gioPi2: folds 
Dovy1990: calls $0.22
*** FLOP *** [Js 2c 2s]
Dovy1990: bets $0.32
fifa7772: raises $0.85 to $1.17 and is all-in
Dovy1990: calls $0.85
*** TURN *** [Js 2c 2s] [7h]
*** RIVER *** [Js 2c 2s 7h] [Qd]
*** SHOW DOWN ***
Dovy1990: shows [Jd Qh] (two pair, Queens and Jacks)
fifa7772: shows [Kc Ks] (two pair, Kings and Deuces)
fifa7772 collected $3.02 from pot
Dovy1990 cashed out the hand for $0.27
*** SUMMARY ***
Total pot $3.13 | Rake $0.11 
Board [Js 2c 2s 7h Qd]
Seat 1: noixa1308 folded before Flop (didn't bet)
Seat 2: DeriAfonso folded before Flop
Seat 3: gioPi2 folded before Flop
Seat 4: Hermione-JJ (button) folded before Flop (didn't bet)
Seat 5: Dorex2007 (small blind) folded before Flop
Seat 6: Parker09SA (big blind) folded before Flop
Seat 7: Dovy1990 showed [Jd Qh] and lost with two pair, Queens and Jacks (cashed out).
Seat 8: pikesz folded before Flop (didn't bet)
Seat 9: fifa7772 showed [Kc Ks] and won ($3.02) with two pair, Kings and Deuces



PokerStars Hand #230185890911:  Hold'em No Limit ($0.01/$0.02 USD) - 2021/09/27 15:21:00 PT [2021/09/27 18:21:00 ET]
Table 'Brunsia' 9-max Seat #5 is the button
Seat 1: noixa1308 ($1.95 in chips) 
Seat 2: DeriAfonso ($0.94 in chips) 
Seat 3: gioPi2 ($1.94 in chips) 
Seat 4: Hermione-JJ ($1.36 in chips) 
Seat 5: Dorex2007 ($2.27 in chips) 
Seat 6: Parker09SA ($4.48 in chips) 
Seat 7: Dovy1990 ($0.83 in chips) 
Seat 8: pikesz ($3.09 in chips) 
Seat 9: fifa7772 ($3.02 in chips) 
Parker09SA: posts small blind $0.01
Dovy1990: posts big blind $0.02
*** HOLE CARDS ***
Dealt to Dorex2007 [8h 9c]
pikesz: folds 
fifa7772: folds 
noixa1308: folds 
DeriAfonso: folds 
gioPi2: folds 
Hermione-JJ: raises $0.02 to $0.04
Dorex2007: folds 
Parker09SA: folds 
Dovy1990: folds 
Uncalled bet ($0.02) returned to Hermione-JJ
Dovy1990 leaves the table
Hermione-JJ collected $0.05 from pot
*** SUMMARY ***
Total pot $0.05 | Rake $0 
Seat 1: noixa1308 folded before Flop (didn't bet)
Seat 2: DeriAfonso folded before Flop (didn't bet)
Seat 3: gioPi2 folded before Flop (didn't bet)
Seat 4: Hermione-JJ collected ($0.05)
Seat 5: Dorex2007 (button) folded before Flop (didn't bet)
Seat 6: Parker09SA (small blind) folded before Flop
Seat 7: Dovy1990 (big blind) folded before Flop
Seat 8: pikesz folded before Flop (didn't bet)
Seat 9: fifa7772 folded before Flop (didn't bet)



PokerStars Hand #230185904949:  Hold'em No Limit ($0.01/$0.02 USD) - 2021/09/27 15:21:40 PT [2021/09/27 18:21:40 ET]
Table 'Brunsia' 9-max Seat #6 is the button
Seat 1: noixa1308 ($1.95 in chips) 
Seat 2: DeriAfonso ($0.94 in chips) 
Seat 3: gioPi2 ($1.94 in chips) 
Seat 4: Hermione-JJ ($1.39 in chips) 
Seat 5: Dorex2007 ($2.27 in chips) 
Seat 6: Parker09SA ($4.47 in chips) 
Seat 8: pikesz ($3.09 in chips) 
Seat 9: fifa7772 ($3.02 in chips) 
pikesz: posts small blind $0.01
fifa7772: posts big blind $0.02
*** HOLE CARDS ***
Dealt to Dorex2007 [9c 8d]
noixa1308: folds 
Ykycu_Moe joins the table at seat #7 
DeriAfonso: raises $0.04 to $0.06
gioPi2: calls $0.06
Hermione-JJ: folds 
Dorex2007: folds 
Parker09SA: folds 
pikesz: calls $0.05
fifa7772: folds 
*** FLOP *** [5c Qh Ad]
pikesz: checks 
DeriAfonso: checks 
gioPi2: checks 
*** TURN *** [5c Qh Ad] [9d]
pikesz: checks 
DeriAfonso: checks 
gioPi2: checks 
*** RIVER *** [5c Qh Ad 9d] [Qs]
pikesz: bets $0.10
DeriAfonso: folds 
gioPi2: folds 
Uncalled bet ($0.10) returned to pikesz
pikesz collected $0.19 from pot
pikesz: doesn't show hand 
*** SUMMARY ***
Total pot $0.20 | Rake $0.01 
Board [5c Qh Ad 9d Qs]
Seat 1: noixa1308 folded before Flop (didn't bet)
Seat 2: DeriAfonso folded on the River
Seat 3: gioPi2 folded on the River
Seat 4: Hermione-JJ folded before Flop (didn't bet)
Seat 5: Dorex2007 folded before Flop (didn't bet)
Seat 6: Parker09SA (button) folded before Flop (didn't bet)
Seat 8: pikesz (small blind) collected ($0.19)
Seat 9: fifa7772 (big blind) folded before Flop



PokerStars Hand #230185927452:  Hold'em No Limit ($0.01/$0.02 USD) - 2021/09/27 15:22:43 PT [2021/09/27 18:22:43 ET]
Table 'Brunsia' 9-max Seat #8 is the button
Seat 1: noixa1308 ($1.95 in chips) 
Seat 2: DeriAfonso ($0.88 in chips) 
Seat 3: gioPi2 ($1.88 in chips) 
Seat 4: Hermione-JJ ($1.39 in chips) 
Seat 5: Dorex2007 ($2.27 in chips) 
Seat 6: Parker09SA ($4.47 in chips) 
Seat 8: pikesz ($3.22 in chips) 
Seat 9: fifa7772 ($3 in chips) 
fifa7772: posts small blind $0.01
noixa1308: posts big blind $0.02
Ykycu_Moe: sits out 
*** HOLE CARDS ***
Dealt to Dorex2007 [Jh Kh]
DeriAfonso: folds 
gioPi2: folds 
Hermione-JJ has timed out
Hermione-JJ: folds 
Dorex2007: raises $0.04 to $0.06
Parker09SA has timed out
Parker09SA: folds 
pikesz: calls $0.06
fifa7772: folds 
noixa1308: folds 
*** FLOP *** [6h 7s Qc]
Dorex2007: bets $0.07
pikesz: folds 
Uncalled bet ($0.07) returned to Dorex2007
Dorex2007 collected $0.14 from pot
Dorex2007: doesn't show hand 
*** SUMMARY ***
Total pot $0.15 | Rake $0.01 
Board [6h 7s Qc]
Seat 1: noixa1308 (big blind) folded before Flop
Seat 2: DeriAfonso folded before Flop (didn't bet)
Seat 3: gioPi2 folded before Flop (didn't bet)
Seat 4: Hermione-JJ folded before Flop (didn't bet)
Seat 5: Dorex2007 collected ($0.14)
Seat 6: Parker09SA folded before Flop (didn't bet)
Seat 8: pikesz (button) folded on the Flop
Seat 9: fifa7772 (small blind) folded before Flop



PokerStars Hand #230185943684:  Hold'em No Limit ($0.01/$0.02 USD) - 2021/09/27 15:23:29 PT [2021/09/27 18:23:29 ET]
Table 'Brunsia' 9-max Seat #9 is the button
Seat 1: noixa1308 ($1.93 in chips) 
Seat 2: DeriAfonso ($0.88 in chips) 
Seat 3: gioPi2 ($1.88 in chips) 
Seat 5: Dorex2007 ($2.35 in chips) 
Seat 8: pikesz ($3.16 in chips) 
Seat 9: fifa7772 ($2.99 in chips) 
noixa1308: posts small blind $0.01
DeriAfonso: posts big blind $0.02
Ykycu_Moe: sits out 
*** HOLE CARDS ***
Dealt to Dorex2007 [5c Kd]
gioPi2: folds 
Dorex2007: folds 
pikesz: folds 
fifa7772: raises $0.04 to $0.06
noixa1308: folds 
DeriAfonso: folds 
Uncalled bet ($0.04) returned to fifa7772
fifa7772 collected $0.05 from pot
fifa7772: doesn't show hand 
*** SUMMARY ***
Total pot $0.05 | Rake $0 
Seat 1: noixa1308 (small blind) folded before Flop
Seat 2: DeriAfonso (big blind) folded before Flop
Seat 3: gioPi2 folded before Flop (didn't bet)
Seat 5: Dorex2007 folded before Flop (didn't bet)
Seat 8: pikesz folded before Flop (didn't bet)
Seat 9: fifa7772 (button) collected ($0.05)



PokerStars Hand #230185947397:  Hold'em No Limit ($0.01/$0.02 USD) - 2021/09/27 15:23:39 PT [2021/09/27 18:23:39 ET]
Table 'Brunsia' 9-max Seat #1 is the button
Seat 1: noixa1308 ($1.92 in chips) 
Seat 2: DeriAfonso ($0.86 in chips) 
Seat 3: gioPi2 ($1.88 in chips) 
Seat 5: Dorex2007 ($2.35 in chips) 
Seat 6: Parker09SA ($4.47 in chips) 
Seat 8: pikesz ($3.16 in chips) 
Seat 9: fifa7772 ($3.02 in chips) 
DeriAfonso: posts small blind $0.01
gioPi2: posts big blind $0.02
Ykycu_Moe: sits out 
*** HOLE CARDS ***
Dealt to Dorex2007 [6s 2h]
Dorex2007: folds 
Parker09SA: folds 
pikesz: raises $0.05 to $0.07
fifa7772: folds 
noixa1308: folds 
DeriAfonso: calls $0.06
gioPi2: folds 
*** FLOP *** [5c Kd 4c]
DeriAfonso: bets $0.08
pikesz: raises $3.01 to $3.09 and is all-in
DeriAfonso: calls $0.71 and is all-in
Uncalled bet ($2.30) returned to pikesz
*** TURN *** [5c Kd 4c] [3h]
*** RIVER *** [5c Kd 4c 3h] [Ad]
*** SHOW DOWN ***
DeriAfonso: shows [9h Kh] (a pair of Kings)
pikesz: shows [As Kc] (two pair, Aces and Kings)
pikesz collected $1.68 from pot
*** SUMMARY ***
Total pot $1.74 | Rake $0.06 
Board [5c Kd 4c 3h Ad]
Seat 1: noixa1308 (button) folded before Flop (didn't bet)
Seat 2: DeriAfonso (small blind) showed [9h Kh] and lost with a pair of Kings
Seat 3: gioPi2 (big blind) folded before Flop
Seat 5: Dorex2007 folded before Flop (didn't bet)
Seat 6: Parker09SA folded before Flop (didn't bet)
Seat 8: pikesz showed [As Kc] and won ($1.68) with two pair, Aces and Kings
Seat 9: fifa7772 folded before Flop (didn't bet)



PokerStars Hand #230185959198:  Hold'em No Limit ($0.01/$0.02 USD) - 2021/09/27 15:24:13 PT [2021/09/27 18:24:13 ET]
Table 'Brunsia' 9-max Seat #3 is the button
Seat 1: noixa1308 ($1.92 in chips) 
Seat 3: gioPi2 ($1.86 in chips) 
Seat 4: Hermione-JJ ($1.39 in chips) 
Seat 5: Dorex2007 ($2.35 in chips) 
Seat 6: Parker09SA ($4.47 in chips) 
Seat 8: pikesz ($3.98 in chips) 
Seat 9: fifa7772 ($3.02 in chips) 
Hermione-JJ: posts small blind $0.01
Dorex2007: posts big blind $0.02
DeriAfonso leaves the table
Ykycu_Moe: sits out 
*** HOLE CARDS ***
Dealt to Dorex2007 [9d 8d]
Parker09SA: folds 
pikesz: folds 
fifa7772: folds 
noixa1308: folds 
gioPi2: folds 
Hermione-JJ: raises $0.02 to $0.04
Dorex2007: calls $0.02
*** FLOP *** [8c Ts Kc]
Hermione-JJ: checks 
Dorex2007: checks 
*** TURN *** [8c Ts Kc] [6s]
Hermione-JJ: bets $0.04
Dorex2007: calls $0.04
*** RIVER *** [8c Ts Kc 6s] [Ah]
Hermione-JJ: bets $0.15
Dorex2007: folds 
Uncalled bet ($0.15) returned to Hermione-JJ
Hermione-JJ collected $0.15 from pot
*** SUMMARY ***
Total pot $0.16 | Rake $0.01 
Board [8c Ts Kc 6s Ah]
Seat 1: noixa1308 folded before Flop (didn't bet)
Seat 3: gioPi2 (button) folded before Flop (didn't bet)
Seat 4: Hermione-JJ (small blind) collected ($0.15)
Seat 5: Dorex2007 (big blind) folded on the River
Seat 6: Parker09SA folded before Flop (didn't bet)
Seat 8: pikesz folded before Flop (didn't bet)
Seat 9: fifa7772 folded before Flop (didn't bet)



PokerStars Hand #230185973144:  Hold'em No Limit ($0.01/$0.02 USD) - 2021/09/27 15:24:53 PT [2021/09/27 18:24:53 ET]
Table 'Brunsia' 9-max Seat #4 is the button
Seat 1: noixa1308 ($1.92 in chips) 
Seat 3: gioPi2 ($1.86 in chips) 
Seat 4: Hermione-JJ ($1.46 in chips) 
Seat 5: Dorex2007 ($2.27 in chips) 
Seat 6: Parker09SA ($4.47 in chips) 
Seat 8: pikesz ($3.98 in chips) 
Seat 9: fifa7772 ($3.02 in chips) 
Dorex2007: posts small blind $0.01
Parker09SA: posts big blind $0.02
Ykycu_Moe: sits out 
*** HOLE CARDS ***
Dealt to Dorex2007 [4s 8s]
pikesz: raises $0.02 to $0.04
fifa7772: folds 
noixa1308: folds 
gioPi2: folds 
Hermione-JJ: calls $0.04
Dorex2007: folds 
Parker09SA: folds 
*** FLOP *** [Qc Tc 5s]
pikesz: bets $0.11
Hermione-JJ: folds 
Uncalled bet ($0.11) returned to pikesz
pikesz collected $0.11 from pot
pikesz: doesn't show hand 
*** SUMMARY ***
Total pot $0.11 | Rake $0 
Board [Qc Tc 5s]
Seat 1: noixa1308 folded before Flop (didn't bet)
Seat 3: gioPi2 folded before Flop (didn't bet)
Seat 4: Hermione-JJ (button) folded on the Flop
Seat 5: Dorex2007 (small blind) folded before Flop
Seat 6: Parker09SA (big blind) folded before Flop
Seat 8: pikesz collected ($0.11)
Seat 9: fifa7772 folded before Flop (didn't bet)



PokerStars Hand #230185984593:  Hold'em No Limit ($0.01/$0.02 USD) - 2021/09/27 15:25:26 PT [2021/09/27 18:25:26 ET]
Table 'Brunsia' 9-max Seat #5 is the button
Seat 1: noixa1308 ($1.92 in chips) 
Seat 3: gioPi2 ($1.86 in chips) 
Seat 4: Hermione-JJ ($1.42 in chips) 
Seat 5: Dorex2007 ($2.26 in chips) 
Seat 6: Parker09SA ($4.45 in chips) 
Seat 7: Ykycu_Moe ($2 in chips) 
Seat 8: pikesz ($4.05 in chips) 
Seat 9: fifa7772 ($3.02 in chips) 
Parker09SA: posts small blind $0.01
Ykycu_Moe: posts big blind $0.02
*** HOLE CARDS ***
Dealt to Dorex2007 [6d 9c]
pikesz: folds 
fifa7772: folds 
noixa1308: folds 
gioPi2: folds 
Hermione-JJ: raises $0.02 to $0.04
Dorex2007: folds 
Parker09SA: folds 
Ykycu_Moe: folds 
Uncalled bet ($0.02) returned to Hermione-JJ
Hermione-JJ collected $0.05 from pot
*** SUMMARY ***
Total pot $0.05 | Rake $0 
Seat 1: noixa1308 folded before Flop (didn't bet)
Seat 3: gioPi2 folded before Flop (didn't bet)
Seat 4: Hermione-JJ collected ($0.05)
Seat 5: Dorex2007 (button) folded before Flop (didn't bet)
Seat 6: Parker09SA (small blind) folded before Flop
Seat 7: Ykycu_Moe (big blind) folded before Flop
Seat 8: pikesz folded before Flop (didn't bet)
Seat 9: fifa7772 folded before Flop (didn't bet)



PokerStars Hand #230185990551:  Hold'em No Limit ($0.01/$0.02 USD) - 2021/09/27 15:25:43 PT [2021/09/27 18:25:43 ET]
Table 'Brunsia' 9-max Seat #6 is the button
Seat 1: noixa1308 ($1.92 in chips) 
Seat 3: gioPi2 ($1.86 in chips) 
Seat 4: Hermione-JJ ($1.45 in chips) 
Seat 5: Dorex2007 ($2.26 in chips) 
Seat 6: Parker09SA ($4.44 in chips) 
Seat 7: Ykycu_Moe ($2 in chips) 
Seat 9: fifa7772 ($3.02 in chips) 
Ykycu_Moe: posts small blind $0.01
pikesz: is sitting out 
fifa7772: posts big blind $0.02
*** HOLE CARDS ***
Dealt to Dorex2007 [As Jh]
noixa1308: folds 
gioPi2: folds 
Hermione-JJ: folds 
pikesz leaves the table
Dorex2007: raises $0.04 to $0.06
Parker09SA: folds 
Ykycu_Moe: folds 
fifa7772: folds 
Uncalled bet ($0.04) returned to Dorex2007
Dorex2007 collected $0.05 from pot
Dorex2007: doesn't show hand 
*** SUMMARY ***
Total pot $0.05 | Rake $0 
Seat 1: noixa1308 folded before Flop (didn't bet)
Seat 3: gioPi2 folded before Flop (didn't bet)
Seat 4: Hermione-JJ folded before Flop (didn't bet)
Seat 5: Dorex2007 collected ($0.05)
Seat 6: Parker09SA (button) folded before Flop (didn't bet)
Seat 7: Ykycu_Moe (small blind) folded before Flop
Seat 9: fifa7772 (big blind) folded before Flop



PokerStars Hand #230185997710:  Hold'em No Limit ($0.01/$0.02 USD) - 2021/09/27 15:26:04 PT [2021/09/27 18:26:04 ET]
Table 'Brunsia' 9-max Seat #7 is the button
Seat 1: noixa1308 ($1.92 in chips) 
Seat 3: gioPi2 ($1.86 in chips) 
Seat 4: Hermione-JJ ($1.45 in chips) 
Seat 5: Dorex2007 ($2.29 in chips) 
Seat 6: Parker09SA ($4.44 in chips) 
Seat 7: Ykycu_Moe ($2 in chips) 
Seat 9: fifa7772 ($3 in chips) 
fifa7772: posts small blind $0.01
noixa1308: posts big blind $0.02
*** HOLE CARDS ***
Dealt to Dorex2007 [9c Tc]
gioPi2: folds 
Hermione-JJ: folds 
Dorex2007: folds 
Parker09SA: raises $0.04 to $0.06
Ykycu_Moe: folds 
fifa7772: folds 
noixa1308: folds 
Uncalled bet ($0.04) returned to Parker09SA
Parker09SA collected $0.05 from pot
Parker09SA: doesn't show hand 
*** SUMMARY ***
Total pot $0.05 | Rake $0 
Seat 1: noixa1308 (big blind) folded before Flop
Seat 3: gioPi2 folded before Flop (didn't bet)
Seat 4: Hermione-JJ folded before Flop (didn't bet)
Seat 5: Dorex2007 folded before Flop (didn't bet)
Seat 6: Parker09SA collected ($0.05)
Seat 7: Ykycu_Moe (button) folded before Flop (didn't bet)
Seat 9: fifa7772 (small blind) folded before Flop



PokerStars Hand #230186004684:  Hold'em No Limit ($0.01/$0.02 USD) - 2021/09/27 15:26:25 PT [2021/09/27 18:26:25 ET]
Table 'Brunsia' 9-max Seat #9 is the button
Seat 1: noixa1308 ($1.90 in chips) 
Seat 3: gioPi2 ($1.86 in chips) 
Seat 4: Hermione-JJ ($1.45 in chips) 
Seat 5: Dorex2007 ($2.29 in chips) 
Seat 6: Parker09SA ($4.47 in chips) 
Seat 7: Ykycu_Moe ($2 in chips) 
Seat 9: fifa7772 ($2.99 in chips) 
noixa1308: posts small blind $0.01
gioPi2: posts big blind $0.02
*** HOLE CARDS ***
Dealt to Dorex2007 [Jh 7s]
Hermione-JJ has timed out
Hermione-JJ: folds 
Dorex2007: folds 
Parker09SA: folds 
Ykycu_Moe: folds 
fifa7772: folds 
noixa1308: folds 
Uncalled bet ($0.01) returned to gioPi2
gioPi2 collected $0.02 from pot
gioPi2: doesn't show hand 
*** SUMMARY ***
Total pot $0.02 | Rake $0 
Seat 1: noixa1308 (small blind) folded before Flop
Seat 3: gioPi2 (big blind) collected ($0.02)
Seat 4: Hermione-JJ folded before Flop (didn't bet)
Seat 5: Dorex2007 folded before Flop (didn't bet)
Seat 6: Parker09SA folded before Flop (didn't bet)
Seat 7: Ykycu_Moe folded before Flop (didn't bet)
Seat 9: fifa7772 (button) folded before Flop (didn't bet)



PokerStars Hand #230186011404:  Hold'em No Limit ($0.01/$0.02 USD) - 2021/09/27 15:26:44 PT [2021/09/27 18:26:44 ET]
Table 'Brunsia' 9-max Seat #1 is the button
Seat 1: noixa1308 ($1.89 in chips) 
Seat 3: gioPi2 ($1.87 in chips) 
Seat 5: Dorex2007 ($2.29 in chips) 
Seat 6: Parker09SA ($4.47 in chips) 
Seat 7: Ykycu_Moe ($2 in chips) 
Seat 9: fifa7772 ($2.99 in chips) 
gioPi2: posts small blind $0.01
Dorex2007: posts big blind $0.02
*** HOLE CARDS ***
Dealt to Dorex2007 [Ts 2c]
Parker09SA: folds 
Ykycu_Moe: folds 
fifa7772: raises $0.02 to $0.04
noixa1308: folds 
gioPi2: folds 
Dorex2007: folds 
Uncalled bet ($0.02) returned to fifa7772
fifa7772 collected $0.05 from pot
fifa7772: doesn't show hand 
*** SUMMARY ***
Total pot $0.05 | Rake $0 
Seat 1: noixa1308 (button) folded before Flop (didn't bet)
Seat 3: gioPi2 (small blind) folded before Flop
Seat 5: Dorex2007 (big blind) folded before Flop
Seat 6: Parker09SA folded before Flop (didn't bet)
Seat 7: Ykycu_Moe folded before Flop (didn't bet)
Seat 9: fifa7772 collected ($0.05)



PokerStars Hand #230186016693:  Hold'em No Limit ($0.01/$0.02 USD) - 2021/09/27 15:27:00 PT [2021/09/27 18:27:00 ET]
Table 'Brunsia' 9-max Seat #3 is the button
Seat 1: noixa1308 ($1.89 in chips) 
Seat 3: gioPi2 ($1.86 in chips) 
Seat 5: Dorex2007 ($2.27 in chips) 
Seat 6: Parker09SA ($4.47 in chips) 
Seat 7: Ykycu_Moe ($2 in chips) 
Seat 9: fifa7772 ($3.02 in chips) 
Dorex2007: posts small blind $0.01
Parker09SA: posts big blind $0.02
*** HOLE CARDS ***
Dealt to Dorex2007 [9s 8c]
Ykycu_Moe: folds 
fifa7772: folds 
noixa1308: folds 
gioPi2: folds 
Dorex2007: folds 
Uncalled bet ($0.01) returned to Parker09SA
Parker09SA collected $0.02 from pot
Parker09SA: doesn't show hand 
*** SUMMARY ***
Total pot $0.02 | Rake $0 
Seat 1: noixa1308 folded before Flop (didn't bet)
Seat 3: gioPi2 (button) folded before Flop (didn't bet)
Seat 5: Dorex2007 (small blind) folded before Flop
Seat 6: Parker09SA (big blind) collected ($0.02)
Seat 7: Ykycu_Moe folded before Flop (didn't bet)
Seat 9: fifa7772 folded before Flop (didn't bet)



PokerStars Hand #230186019612:  Hold'em No Limit ($0.01/$0.02 USD) - 2021/09/27 15:27:08 PT [2021/09/27 18:27:08 ET]
Table 'Brunsia' 9-max Seat #5 is the button
Seat 1: noixa1308 ($1.89 in chips) 
Seat 3: gioPi2 ($1.86 in chips) 
Seat 5: Dorex2007 ($2.26 in chips) 
Seat 6: Parker09SA ($4.48 in chips) 
Seat 7: Ykycu_Moe ($2 in chips) 
Seat 9: fifa7772 ($3.02 in chips) 
Parker09SA: posts small blind $0.01
Ykycu_Moe: posts big blind $0.02
*** HOLE CARDS ***
Dealt to Dorex2007 [3h 8d]
fifa7772: folds 
noixa1308: folds 
gioPi2: raises $0.04 to $0.06
Dorex2007: folds 
Parker09SA: folds 
Ykycu_Moe: calls $0.04
*** FLOP *** [4s 7h 2d]
Ykycu_Moe: checks 
gioPi2: checks 
*** TURN *** [4s 7h 2d] [Td]
Ykycu_Moe: checks 
gioPi2: bets $0.07
Ykycu_Moe: folds 
Uncalled bet ($0.07) returned to gioPi2
gioPi2 collected $0.13 from pot
gioPi2: doesn't show hand 
*** SUMMARY ***
Total pot $0.13 | Rake $0 
Board [4s 7h 2d Td]
Seat 1: noixa1308 folded before Flop (didn't bet)
Seat 3: gioPi2 collected ($0.13)
Seat 5: Dorex2007 (button) folded before Flop (didn't bet)
Seat 6: Parker09SA (small blind) folded before Flop
Seat 7: Ykycu_Moe (big blind) folded on the Turn
Seat 9: fifa7772 folded before Flop (didn't bet)



PokerStars Hand #230186034540:  Hold'em No Limit ($0.01/$0.02 USD) - 2021/09/27 15:27:52 PT [2021/09/27 18:27:52 ET]
Table 'Brunsia' 9-max Seat #6 is the button
Seat 1: noixa1308 ($1.89 in chips) 
Seat 3: gioPi2 ($1.93 in chips) 
Seat 5: Dorex2007 ($2.26 in chips) 
Seat 6: Parker09SA ($4.47 in chips) 
Seat 7: Ykycu_Moe ($2 in chips) 
Seat 9: fifa7772 ($3.02 in chips) 
Ykycu_Moe: posts small blind $0.01
fifa7772: posts big blind $0.02
*** HOLE CARDS ***
Dealt to Dorex2007 [Kd Js]
noixa1308: folds 
gioPi2: folds 
Dorex2007: raises $0.04 to $0.06
noixa1308 leaves the table
Parker09SA: folds 
Ykycu_Moe: folds 
fifa7772: folds 
Uncalled bet ($0.04) returned to Dorex2007
Dorex2007 collected $0.05 from pot
Dorex2007: doesn't show hand 
*** SUMMARY ***
Total pot $0.05 | Rake $0 
Seat 1: noixa1308 folded before Flop (didn't bet)
Seat 3: gioPi2 folded before Flop (didn't bet)
Seat 5: Dorex2007 collected ($0.05)
Seat 6: Parker09SA (button) folded before Flop (didn't bet)
Seat 7: Ykycu_Moe (small blind) folded before Flop
Seat 9: fifa7772 (big blind) folded before Flop



PokerStars Hand #230186041038:  Hold'em No Limit ($0.01/$0.02 USD) - 2021/09/27 15:28:11 PT [2021/09/27 18:28:11 ET]
Table 'Brunsia' 9-max Seat #7 is the button
Seat 3: gioPi2 ($1.93 in chips) 
Seat 5: Dorex2007 ($2.29 in chips) 
Seat 6: Parker09SA ($4.47 in chips) 
Seat 7: Ykycu_Moe ($2 in chips) 
Seat 9: fifa7772 ($3 in chips) 
fifa7772: posts small blind $0.01
gioPi2: posts big blind $0.02
Hermione-JJ: sits out 
*** HOLE CARDS ***
Dealt to Dorex2007 [9s Qh]
Dorex2007: folds 
Parker09SA: folds 
Ykycu_Moe: raises $0.04 to $0.06
fifa7772: folds 
gioPi2: folds 
Uncalled bet ($0.04) returned to Ykycu_Moe
Ykycu_Moe collected $0.05 from pot
Ykycu_Moe: doesn't show hand 
*** SUMMARY ***
Total pot $0.05 | Rake $0 
Seat 3: gioPi2 (big blind) folded before Flop
Seat 5: Dorex2007 folded before Flop (didn't bet)
Seat 6: Parker09SA folded before Flop (didn't bet)
Seat 7: Ykycu_Moe (button) collected ($0.05)
Seat 9: fifa7772 (small blind) folded before Flop



PokerStars Hand #230186046984:  Hold'em No Limit ($0.01/$0.02 USD) - 2021/09/27 15:28:28 PT [2021/09/27 18:28:28 ET]
Table 'Brunsia' 9-max Seat #9 is the button
Seat 3: gioPi2 ($1.91 in chips) 
Seat 4: Hermione-JJ ($1.45 in chips) 
Seat 5: Dorex2007 ($2.29 in chips) 
Seat 6: Parker09SA ($4.47 in chips) 
Seat 7: Ykycu_Moe ($2.03 in chips) 
Seat 9: fifa7772 ($2.99 in chips) 
gioPi2: posts small blind $0.01
Hermione-JJ: posts big blind $0.02
*** HOLE CARDS ***
Dealt to Dorex2007 [Qc 4s]
Dorex2007: folds 
Parker09SA: folds 
Ykycu_Moe: raises $0.04 to $0.06
fifa7772: folds 
gioPi2: folds 
Hermione-JJ: calls $0.04
*** FLOP *** [5h Qs 4h]
Hermione-JJ: checks 
Ykycu_Moe: bets $0.10
Hermione-JJ: folds 
Uncalled bet ($0.10) returned to Ykycu_Moe
Ykycu_Moe collected $0.13 from pot
Ykycu_Moe: doesn't show hand 
*** SUMMARY ***
Total pot $0.13 | Rake $0 
Board [5h Qs 4h]
Seat 3: gioPi2 (small blind) folded before Flop
Seat 4: Hermione-JJ (big blind) folded on the Flop
Seat 5: Dorex2007 folded before Flop (didn't bet)
Seat 6: Parker09SA folded before Flop (didn't bet)
Seat 7: Ykycu_Moe collected ($0.13)
Seat 9: fifa7772 (button) folded before Flop (didn't bet)



