PokerStars Hand #227200734429:  Hold'em No Limit ($0.01/$0.02 USD) - 2021/05/30 14:33:28 PT [2021/05/30 17:33:28 ET]
Table 'Kira' 9-max Seat #8 is the button
Seat 1: yvn745823 ($2.07 in chips) 
Seat 2: Dorex2007 ($2 in chips) 
Seat 3: zolf_j ($2.14 in chips) 
Seat 4: VpipPFR ($2 in chips) 
Seat 5: Novma ($3.08 in chips) 
Seat 7: Grieb777 ($0.87 in chips) 
Seat 8: MAG102770 ($3.33 in chips) 
yvn745823: posts small blind $0.01
Dorex2007: posts big blind $0.02
*** HOLE CARDS ***
Dealt to Dorex2007 [9c 3d]
zolf_j: folds 
VpipPFR: folds 
Novma: folds 
Grieb777: raises $0.03 to $0.05
MAG102770: calls $0.05
yvn745823: folds 
Dorex2007: folds 
*** FLOP *** [5c 7c Js]
Grieb777: checks 
MAG102770: bets $0.11
Grieb777: folds 
Uncalled bet ($0.11) returned to MAG102770
MAG102770 collected $0.13 from pot
MAG102770: doesn't show hand 
*** SUMMARY ***
Total pot $0.13 | Rake $0 
Board [5c 7c Js]
Seat 1: yvn745823 (small blind) folded before Flop
Seat 2: Dorex2007 (big blind) folded before Flop
Seat 3: zolf_j folded before Flop (didn't bet)
Seat 4: VpipPFR folded before Flop (didn't bet)
Seat 5: Novma folded before Flop (didn't bet)
Seat 7: Grieb777 folded on the Flop
Seat 8: MAG102770 (button) collected ($0.13)



PokerStars Hand #227200754740:  Hold'em No Limit ($0.01/$0.02 USD) - 2021/05/30 14:34:07 PT [2021/05/30 17:34:07 ET]
Table 'Kira' 9-max Seat #1 is the button
Seat 1: yvn745823 ($2.06 in chips) 
Seat 2: Dorex2007 ($1.98 in chips) 
Seat 3: zolf_j ($2.14 in chips) 
Seat 4: VpipPFR ($2 in chips) 
Seat 5: Novma ($3.08 in chips) 
Seat 7: Grieb777 ($0.82 in chips) 
Seat 8: MAG102770 ($3.41 in chips) 
Dorex2007: posts small blind $0.01
zolf_j: posts big blind $0.02
*** HOLE CARDS ***
Dealt to Dorex2007 [Qs Ac]
VpipPFR: folds 
Novma: folds 
Grieb777: folds 
MAG102770: folds 
yvn745823: raises $0.04 to $0.06
Dorex2007: calls $0.05
zolf_j: calls $0.04
*** FLOP *** [Ts 8c 2h]
Loladog787 joins the table at seat #6 
Dorex2007: bets $0.11
zolf_j: folds 
yvn745823: folds 
Uncalled bet ($0.11) returned to Dorex2007
Dorex2007 collected $0.17 from pot
Dorex2007: doesn't show hand 
*** SUMMARY ***
Total pot $0.18 | Rake $0.01 
Board [Ts 8c 2h]
Seat 1: yvn745823 (button) folded on the Flop
Seat 2: Dorex2007 (small blind) collected ($0.17)
Seat 3: zolf_j (big blind) folded on the Flop
Seat 4: VpipPFR folded before Flop (didn't bet)
Seat 5: Novma folded before Flop (didn't bet)
Seat 7: Grieb777 folded before Flop (didn't bet)
Seat 8: MAG102770 folded before Flop (didn't bet)



PokerStars Hand #227200780176:  Hold'em No Limit ($0.01/$0.02 USD) - 2021/05/30 14:34:56 PT [2021/05/30 17:34:56 ET]
Table 'Kira' 9-max Seat #2 is the button
Seat 1: yvn745823 ($2 in chips) 
Seat 2: Dorex2007 ($2.09 in chips) 
Seat 3: zolf_j ($2.08 in chips) 
Seat 4: VpipPFR ($2 in chips) 
Seat 5: Novma ($3.08 in chips) 
Seat 7: Grieb777 ($0.82 in chips) 
Seat 8: MAG102770 ($3.41 in chips) 
zolf_j: posts small blind $0.01
VpipPFR: posts big blind $0.02
Loladog787: sits out 
*** HOLE CARDS ***
Dealt to Dorex2007 [9s 2d]
Novma: calls $0.02
Grieb777: folds 
MAG102770: folds 
yvn745823: folds 
Dorex2007: folds 
zolf_j: folds 
VpipPFR: checks 
*** FLOP *** [2h Th Jd]
VpipPFR: checks 
Novma: bets $0.03
VpipPFR: folds 
Uncalled bet ($0.03) returned to Novma
Novma collected $0.05 from pot
Novma: doesn't show hand 
*** SUMMARY ***
Total pot $0.05 | Rake $0 
Board [2h Th Jd]
Seat 1: yvn745823 folded before Flop (didn't bet)
Seat 2: Dorex2007 (button) folded before Flop (didn't bet)
Seat 3: zolf_j (small blind) folded before Flop
Seat 4: VpipPFR (big blind) folded on the Flop
Seat 5: Novma collected ($0.05)
Seat 7: Grieb777 folded before Flop (didn't bet)
Seat 8: MAG102770 folded before Flop (didn't bet)



PokerStars Hand #227200790349:  Hold'em No Limit ($0.01/$0.02 USD) - 2021/05/30 14:35:15 PT [2021/05/30 17:35:15 ET]
Table 'Kira' 9-max Seat #3 is the button
Seat 1: yvn745823 ($2 in chips) 
Seat 2: Dorex2007 ($2.09 in chips) 
Seat 3: zolf_j ($2.07 in chips) 
Seat 4: VpipPFR ($2 in chips) 
Seat 5: Novma ($3.11 in chips) 
Seat 7: Grieb777 ($0.82 in chips) 
Seat 8: MAG102770 ($3.41 in chips) 
VpipPFR: posts small blind $0.01
Novma: posts big blind $0.02
Loladog787: sits out 
*** HOLE CARDS ***
Dealt to Dorex2007 [6c 8s]
Grieb777: raises $0.03 to $0.05
MAG102770: folds 
yvn745823: folds 
Dorex2007: folds 
zolf_j: folds 
VpipPFR: folds 
Novma: folds 
Uncalled bet ($0.03) returned to Grieb777
Grieb777 collected $0.05 from pot
Grieb777: doesn't show hand 
*** SUMMARY ***
Total pot $0.05 | Rake $0 
Seat 1: yvn745823 folded before Flop (didn't bet)
Seat 2: Dorex2007 folded before Flop (didn't bet)
Seat 3: zolf_j (button) folded before Flop (didn't bet)
Seat 4: VpipPFR (small blind) folded before Flop
Seat 5: Novma (big blind) folded before Flop
Seat 7: Grieb777 collected ($0.05)
Seat 8: MAG102770 folded before Flop (didn't bet)



PokerStars Hand #227200803029:  Hold'em No Limit ($0.01/$0.02 USD) - 2021/05/30 14:35:40 PT [2021/05/30 17:35:40 ET]
Table 'Kira' 9-max Seat #4 is the button
Seat 1: yvn745823 ($2 in chips) 
Seat 2: Dorex2007 ($2.09 in chips) 
Seat 3: zolf_j ($2.07 in chips) 
Seat 4: VpipPFR ($2 in chips) 
Seat 5: Novma ($3.09 in chips) 
Seat 6: Loladog787 ($0.80 in chips) 
Seat 7: Grieb777 ($0.85 in chips) 
Seat 8: MAG102770 ($3.41 in chips) 
Novma: posts small blind $0.01
Loladog787: posts big blind $0.02
*** HOLE CARDS ***
Dealt to Dorex2007 [Kd 8d]
Grieb777: folds 
MAG102770: folds 
yvn745823: raises $0.04 to $0.06
Dorex2007: folds 
zolf_j: folds 
VpipPFR: folds 
Novma: folds 
Loladog787: folds 
Uncalled bet ($0.04) returned to yvn745823
yvn745823 collected $0.05 from pot
yvn745823: doesn't show hand 
*** SUMMARY ***
Total pot $0.05 | Rake $0 
Seat 1: yvn745823 collected ($0.05)
Seat 2: Dorex2007 folded before Flop (didn't bet)
Seat 3: zolf_j folded before Flop (didn't bet)
Seat 4: VpipPFR (button) folded before Flop (didn't bet)
Seat 5: Novma (small blind) folded before Flop
Seat 6: Loladog787 (big blind) folded before Flop
Seat 7: Grieb777 folded before Flop (didn't bet)
Seat 8: MAG102770 folded before Flop (didn't bet)



PokerStars Hand #227200813775:  Hold'em No Limit ($0.01/$0.02 USD) - 2021/05/30 14:36:01 PT [2021/05/30 17:36:01 ET]
Table 'Kira' 9-max Seat #5 is the button
Seat 1: yvn745823 ($2.03 in chips) 
Seat 2: Dorex2007 ($2.09 in chips) 
Seat 3: zolf_j ($2.07 in chips) 
Seat 4: VpipPFR ($2 in chips) 
Seat 5: Novma ($3.08 in chips) 
Seat 6: Loladog787 ($0.80 in chips) 
Seat 7: Grieb777 ($0.85 in chips) 
Seat 8: MAG102770 ($3.41 in chips) 
Loladog787: posts small blind $0.01
Grieb777: posts big blind $0.02
*** HOLE CARDS ***
Dealt to Dorex2007 [9c Td]
MAG102770: folds 
yvn745823: folds 
Dorex2007: folds 
zolf_j: folds 
VpipPFR: folds 
Novma: folds 
Loladog787: folds 
Uncalled bet ($0.01) returned to Grieb777
Grieb777 collected $0.02 from pot
Grieb777: doesn't show hand 
*** SUMMARY ***
Total pot $0.02 | Rake $0 
Seat 1: yvn745823 folded before Flop (didn't bet)
Seat 2: Dorex2007 folded before Flop (didn't bet)
Seat 3: zolf_j folded before Flop (didn't bet)
Seat 4: VpipPFR folded before Flop (didn't bet)
Seat 5: Novma (button) folded before Flop (didn't bet)
Seat 6: Loladog787 (small blind) folded before Flop
Seat 7: Grieb777 (big blind) collected ($0.02)
Seat 8: MAG102770 folded before Flop (didn't bet)



PokerStars Hand #227200821075:  Hold'em No Limit ($0.01/$0.02 USD) - 2021/05/30 14:36:15 PT [2021/05/30 17:36:15 ET]
Table 'Kira' 9-max Seat #6 is the button
Seat 1: yvn745823 ($2.03 in chips) 
Seat 2: Dorex2007 ($2.09 in chips) 
Seat 3: zolf_j ($2.07 in chips) 
Seat 4: VpipPFR ($2 in chips) 
Seat 5: Novma ($3.08 in chips) 
Seat 6: Loladog787 ($0.80 in chips) 
Seat 7: Grieb777 ($0.86 in chips) 
Seat 8: MAG102770 ($3.41 in chips) 
Grieb777: posts small blind $0.01
MAG102770: posts big blind $0.02
crazykid62: sits out 
*** HOLE CARDS ***
Dealt to Dorex2007 [Kc Jd]
yvn745823: folds 
Dorex2007: folds 
zolf_j: folds 
VpipPFR: folds 
Novma: folds 
Loladog787: folds 
Grieb777: calls $0.01
MAG102770: checks 
*** FLOP *** [9c 2s Ad]
Grieb777: bets $0.03
MAG102770: folds 
Uncalled bet ($0.03) returned to Grieb777
Grieb777 collected $0.04 from pot
Grieb777: doesn't show hand 
*** SUMMARY ***
Total pot $0.04 | Rake $0 
Board [9c 2s Ad]
Seat 1: yvn745823 folded before Flop (didn't bet)
Seat 2: Dorex2007 folded before Flop (didn't bet)
Seat 3: zolf_j folded before Flop (didn't bet)
Seat 4: VpipPFR folded before Flop (didn't bet)
Seat 5: Novma folded before Flop (didn't bet)
Seat 6: Loladog787 (button) folded before Flop (didn't bet)
Seat 7: Grieb777 (small blind) collected ($0.04)
Seat 8: MAG102770 (big blind) folded on the Flop



PokerStars Hand #227200836232:  Hold'em No Limit ($0.01/$0.02 USD) - 2021/05/30 14:36:44 PT [2021/05/30 17:36:44 ET]
Table 'Kira' 9-max Seat #7 is the button
Seat 1: yvn745823 ($2.03 in chips) 
Seat 2: Dorex2007 ($2.09 in chips) 
Seat 3: zolf_j ($2.07 in chips) 
Seat 4: VpipPFR ($2 in chips) 
Seat 5: Novma ($3.08 in chips) 
Seat 6: Loladog787 ($0.80 in chips) 
Seat 7: Grieb777 ($0.88 in chips) 
Seat 8: MAG102770 ($3.39 in chips) 
Seat 9: crazykid62 ($2.44 in chips) 
MAG102770: posts small blind $0.01
crazykid62: posts big blind $0.02
*** HOLE CARDS ***
Dealt to Dorex2007 [Ac 8h]
yvn745823: folds 
Dorex2007: folds 
zolf_j: folds 
VpipPFR: folds 
Novma: folds 
Loladog787: folds 
Grieb777: folds 
MAG102770: calls $0.01
crazykid62: checks 
*** FLOP *** [8c 6s Kd]
MAG102770: checks 
crazykid62: checks 
*** TURN *** [8c 6s Kd] [Ks]
MAG102770: checks 
crazykid62: checks 
*** RIVER *** [8c 6s Kd Ks] [8d]
MAG102770: checks 
crazykid62: checks 
*** SHOW DOWN ***
MAG102770: shows [Qs 5h] (two pair, Kings and Eights)
crazykid62: mucks hand 
MAG102770 collected $0.04 from pot
*** SUMMARY ***
Total pot $0.04 | Rake $0 
Board [8c 6s Kd Ks 8d]
Seat 1: yvn745823 folded before Flop (didn't bet)
Seat 2: Dorex2007 folded before Flop (didn't bet)
Seat 3: zolf_j folded before Flop (didn't bet)
Seat 4: VpipPFR folded before Flop (didn't bet)
Seat 5: Novma folded before Flop (didn't bet)
Seat 6: Loladog787 folded before Flop (didn't bet)
Seat 7: Grieb777 (button) folded before Flop (didn't bet)
Seat 8: MAG102770 (small blind) showed [Qs 5h] and won ($0.04) with two pair, Kings and Eights
Seat 9: crazykid62 (big blind) mucked [5d 3d]



PokerStars Hand #227200853780:  Hold'em No Limit ($0.01/$0.02 USD) - 2021/05/30 14:37:18 PT [2021/05/30 17:37:18 ET]
Table 'Kira' 9-max Seat #8 is the button
Seat 1: yvn745823 ($2.03 in chips) 
Seat 2: Dorex2007 ($2.09 in chips) 
Seat 3: zolf_j ($2.07 in chips) 
Seat 4: VpipPFR ($2 in chips) 
Seat 5: Novma ($3.08 in chips) 
Seat 6: Loladog787 ($0.80 in chips) 
Seat 7: Grieb777 ($0.88 in chips) 
Seat 8: MAG102770 ($3.41 in chips) 
Seat 9: crazykid62 ($2.42 in chips) 
crazykid62: posts small blind $0.01
yvn745823: posts big blind $0.02
*** HOLE CARDS ***
Dealt to Dorex2007 [Ts 8c]
Dorex2007: folds 
zolf_j: folds 
VpipPFR: folds 
Novma: calls $0.02
Loladog787: folds 
Grieb777: folds 
MAG102770: calls $0.02
crazykid62: calls $0.01
yvn745823: checks 
*** FLOP *** [8s 9c Jd]
crazykid62: checks 
yvn745823: checks 
Novma: checks 
MAG102770: checks 
*** TURN *** [8s 9c Jd] [4c]
crazykid62: bets $0.06
yvn745823: folds 
Novma: folds 
MAG102770: folds 
Uncalled bet ($0.06) returned to crazykid62
crazykid62 collected $0.08 from pot
*** SUMMARY ***
Total pot $0.08 | Rake $0 
Board [8s 9c Jd 4c]
Seat 1: yvn745823 (big blind) folded on the Turn
Seat 2: Dorex2007 folded before Flop (didn't bet)
Seat 3: zolf_j folded before Flop (didn't bet)
Seat 4: VpipPFR folded before Flop (didn't bet)
Seat 5: Novma folded on the Turn
Seat 6: Loladog787 folded before Flop (didn't bet)
Seat 7: Grieb777 folded before Flop (didn't bet)
Seat 8: MAG102770 (button) folded on the Turn
Seat 9: crazykid62 (small blind) collected ($0.08)



PokerStars Hand #227200882672:  Hold'em No Limit ($0.01/$0.02 USD) - 2021/05/30 14:38:12 PT [2021/05/30 17:38:12 ET]
Table 'Kira' 9-max Seat #9 is the button
Seat 1: yvn745823 ($2.01 in chips) 
Seat 2: Dorex2007 ($2.09 in chips) 
Seat 3: zolf_j ($2.07 in chips) 
Seat 4: VpipPFR ($2 in chips) 
Seat 5: Novma ($3.06 in chips) 
Seat 6: Loladog787 ($0.80 in chips) 
Seat 7: Grieb777 ($0.88 in chips) 
Seat 8: MAG102770 ($3.39 in chips) 
Seat 9: crazykid62 ($2.48 in chips) 
yvn745823: posts small blind $0.01
Dorex2007: posts big blind $0.02
*** HOLE CARDS ***
Dealt to Dorex2007 [9s Jc]
zolf_j: folds 
VpipPFR: folds 
Novma: folds 
Loladog787: folds 
Grieb777: folds 
MAG102770: raises $0.03 to $0.05
crazykid62: calls $0.05
yvn745823: folds 
Dorex2007: calls $0.03
*** FLOP *** [Th 4d 8c]
Dorex2007: bets $0.15
MAG102770: calls $0.15
crazykid62: folds 
*** TURN *** [Th 4d 8c] [4c]
Dorex2007: bets $0.44
MAG102770: calls $0.44
*** RIVER *** [Th 4d 8c 4c] [6s]
Dorex2007: bets $1.45 and is all-in
MAG102770: calls $1.45
*** SHOW DOWN ***
Dorex2007: shows [9s Jc] (a pair of Fours)
MAG102770: shows [8d 8s] (a full house, Eights full of Fours)
MAG102770 collected $4.09 from pot
*** SUMMARY ***
Total pot $4.24 | Rake $0.15 
Board [Th 4d 8c 4c 6s]
Seat 1: yvn745823 (small blind) folded before Flop
Seat 2: Dorex2007 (big blind) showed [9s Jc] and lost with a pair of Fours
Seat 3: zolf_j folded before Flop (didn't bet)
Seat 4: VpipPFR folded before Flop (didn't bet)
Seat 5: Novma folded before Flop (didn't bet)
Seat 6: Loladog787 folded before Flop (didn't bet)
Seat 7: Grieb777 folded before Flop (didn't bet)
Seat 8: MAG102770 showed [8d 8s] and won ($4.09) with a full house, Eights full of Fours
Seat 9: crazykid62 (button) folded on the Flop



PokerStars Hand #227200918932:  Hold'em No Limit ($0.01/$0.02 USD) - 2021/05/30 14:39:23 PT [2021/05/30 17:39:23 ET]
Table 'Kira' 9-max Seat #3 is the button
Seat 1: yvn745823 ($2 in chips) 
Seat 2: Dorex2007 ($2 in chips) 
Seat 3: zolf_j ($2.06 in chips) 
Seat 4: VpipPFR ($2.01 in chips) 
Seat 6: Loladog787 ($0.80 in chips) 
Seat 7: Grieb777 ($0.88 in chips) 
Seat 8: MAG102770 ($5.39 in chips) 
Seat 9: crazykid62 ($2.43 in chips) 
VpipPFR: posts small blind $0.01
Novma: is sitting out 
Loladog787: posts big blind $0.02
Dorex2007: posts small blind $0.01
*** HOLE CARDS ***
Dealt to Dorex2007 [Qd 6s]
Grieb777: folds 
MAG102770: calls $0.02
crazykid62: calls $0.02
Novma leaves the table
yvn745823: folds 
Dorex2007: folds 
zolf_j: folds 
VpipPFR: folds 
Loladog787: checks 
*** FLOP *** [9d 2c Jc]
Loladog787: checks 
MAG102770: bets $0.02
crazykid62: folds 
Loladog787: folds 
Uncalled bet ($0.02) returned to MAG102770
MAG102770 collected $0.08 from pot
MAG102770: doesn't show hand 
*** SUMMARY ***
Total pot $0.08 | Rake $0 
Board [9d 2c Jc]
Seat 1: yvn745823 folded before Flop (didn't bet)
Seat 2: Dorex2007 folded before Flop (didn't bet)
Seat 3: zolf_j (button) folded before Flop (didn't bet)
Seat 4: VpipPFR (small blind) folded before Flop
Seat 6: Loladog787 (big blind) folded on the Flop
Seat 7: Grieb777 folded before Flop (didn't bet)
Seat 8: MAG102770 collected ($0.08)
Seat 9: crazykid62 folded on the Flop



PokerStars Hand #227200936296:  Hold'em No Limit ($0.01/$0.02 USD) - 2021/05/30 14:39:57 PT [2021/05/30 17:39:57 ET]
Table 'Kira' 9-max Seat #4 is the button
Seat 1: yvn745823 ($2 in chips) 
Seat 2: Dorex2007 ($1.99 in chips) 
Seat 3: zolf_j ($2.06 in chips) 
Seat 4: VpipPFR ($2 in chips) 
Seat 6: Loladog787 ($0.80 in chips) 
Seat 7: Grieb777 ($0.88 in chips) 
Seat 8: MAG102770 ($5.45 in chips) 
Seat 9: crazykid62 ($2.41 in chips) 
Loladog787: posts small blind $0.01
Grieb777: posts big blind $0.02
*** HOLE CARDS ***
Dealt to Dorex2007 [5h Jh]
MAG102770: calls $0.02
crazykid62: calls $0.02
Elrus90 joins the table at seat #5 
yvn745823: folds 
Dorex2007: folds 
zolf_j: raises $0.09 to $0.11
VpipPFR: folds 
Loladog787: folds 
Grieb777: folds 
MAG102770: folds 
crazykid62: calls $0.09
*** FLOP *** [Js Qd Kh]
crazykid62: checks 
zolf_j: checks 
*** TURN *** [Js Qd Kh] [Ac]
crazykid62: checks 
zolf_j: checks 
*** RIVER *** [Js Qd Kh Ac] [Qh]
crazykid62: checks 
zolf_j: bets $0.13
crazykid62: folds 
Uncalled bet ($0.13) returned to zolf_j
zolf_j collected $0.26 from pot
zolf_j: doesn't show hand 
*** SUMMARY ***
Total pot $0.27 | Rake $0.01 
Board [Js Qd Kh Ac Qh]
Seat 1: yvn745823 folded before Flop (didn't bet)
Seat 2: Dorex2007 folded before Flop (didn't bet)
Seat 3: zolf_j collected ($0.26)
Seat 4: VpipPFR (button) folded before Flop (didn't bet)
Seat 6: Loladog787 (small blind) folded before Flop
Seat 7: Grieb777 (big blind) folded before Flop
Seat 8: MAG102770 folded before Flop
Seat 9: crazykid62 folded on the River



PokerStars Hand #227200968911:  Hold'em No Limit ($0.01/$0.02 USD) - 2021/05/30 14:40:46 PT [2021/05/30 17:40:46 ET]
Table 'Kira' 9-max Seat #6 is the button
Seat 1: yvn745823 ($2 in chips) 
Seat 2: Dorex2007 ($1.99 in chips) 
Seat 3: zolf_j ($2.21 in chips) 
Seat 4: VpipPFR ($2 in chips) 
Seat 6: Loladog787 ($0.80 in chips) 
Seat 7: Grieb777 ($0.86 in chips) 
Seat 8: MAG102770 ($5.43 in chips) 
Seat 9: crazykid62 ($2.30 in chips) 
Grieb777: posts small blind $0.01
MAG102770: posts big blind $0.02
Elrus90: sits out 
*** HOLE CARDS ***
Dealt to Dorex2007 [9d Kd]
crazykid62: folds 
yvn745823: folds 
Dorex2007: calls $0.02
zolf_j: folds 
VpipPFR: folds 
Loladog787: folds 
Grieb777: calls $0.01
MAG102770: checks 
*** FLOP *** [5c Ah 8h]
Grieb777: checks 
MAG102770: checks 
Dorex2007: bets $0.04
Grieb777: folds 
MAG102770: folds 
Uncalled bet ($0.04) returned to Dorex2007
Dorex2007 collected $0.06 from pot
Dorex2007: doesn't show hand 
*** SUMMARY ***
Total pot $0.06 | Rake $0 
Board [5c Ah 8h]
Seat 1: yvn745823 folded before Flop (didn't bet)
Seat 2: Dorex2007 collected ($0.06)
Seat 3: zolf_j folded before Flop (didn't bet)
Seat 4: VpipPFR folded before Flop (didn't bet)
Seat 6: Loladog787 (button) folded before Flop (didn't bet)
Seat 7: Grieb777 (small blind) folded on the Flop
Seat 8: MAG102770 (big blind) folded on the Flop
Seat 9: crazykid62 folded before Flop (didn't bet)



PokerStars Hand #227200997518:  Hold'em No Limit ($0.01/$0.02 USD) - 2021/05/30 14:41:42 PT [2021/05/30 17:41:42 ET]
Table 'Kira' 9-max Seat #7 is the button
Seat 1: yvn745823 ($2 in chips) 
Seat 2: Dorex2007 ($2.03 in chips) 
Seat 3: zolf_j ($2.21 in chips) 
Seat 4: VpipPFR ($2 in chips) 
Seat 6: Loladog787 ($0.80 in chips) 
Seat 7: Grieb777 ($0.84 in chips) 
Seat 8: MAG102770 ($5.41 in chips) 
Seat 9: crazykid62 ($2.30 in chips) 
MAG102770: posts small blind $0.01
crazykid62: posts big blind $0.02
Elrus90: sits out 
*** HOLE CARDS ***
Dealt to Dorex2007 [Ac 2c]
yvn745823: folds 
Dorex2007: raises $0.02 to $0.04
zolf_j: folds 
VpipPFR: folds 
Loladog787: folds 
Grieb777: folds 
MAG102770: folds 
crazykid62: folds 
Uncalled bet ($0.02) returned to Dorex2007
Dorex2007 collected $0.05 from pot
Dorex2007: doesn't show hand 
*** SUMMARY ***
Total pot $0.05 | Rake $0 
Seat 1: yvn745823 folded before Flop (didn't bet)
Seat 2: Dorex2007 collected ($0.05)
Seat 3: zolf_j folded before Flop (didn't bet)
Seat 4: VpipPFR folded before Flop (didn't bet)
Seat 6: Loladog787 folded before Flop (didn't bet)
Seat 7: Grieb777 (button) folded before Flop (didn't bet)
Seat 8: MAG102770 (small blind) folded before Flop
Seat 9: crazykid62 (big blind) folded before Flop



PokerStars Hand #227201005528:  Hold'em No Limit ($0.01/$0.02 USD) - 2021/05/30 14:41:58 PT [2021/05/30 17:41:58 ET]
Table 'Kira' 9-max Seat #8 is the button
Seat 2: Dorex2007 ($2.06 in chips) 
Seat 3: zolf_j ($2.21 in chips) 
Seat 4: VpipPFR ($2 in chips) 
Seat 6: Loladog787 ($0.80 in chips) 
Seat 7: Grieb777 ($0.84 in chips) 
Seat 8: MAG102770 ($5.40 in chips) 
Seat 9: crazykid62 ($2.28 in chips) 
crazykid62: posts small blind $0.01
yvn745823: is sitting out 
Dorex2007: posts big blind $0.02
Elrus90: sits out 
*** HOLE CARDS ***
Dealt to Dorex2007 [8h 6h]
zolf_j: folds 
VpipPFR: raises $0.03 to $0.05
Loladog787: folds 
Grieb777: folds 
MAG102770: calls $0.05
crazykid62: calls $0.04
Dorex2007: folds 
*** FLOP *** [Ks Qh 8d]
crazykid62: checks 
VpipPFR: checks 
MAG102770: bets $0.12
crazykid62: folds 
VpipPFR: folds 
Uncalled bet ($0.12) returned to MAG102770
MAG102770 collected $0.16 from pot
MAG102770: doesn't show hand 
*** SUMMARY ***
Total pot $0.17 | Rake $0.01 
Board [Ks Qh 8d]
Seat 2: Dorex2007 (big blind) folded before Flop
Seat 3: zolf_j folded before Flop (didn't bet)
Seat 4: VpipPFR folded on the Flop
Seat 6: Loladog787 folded before Flop (didn't bet)
Seat 7: Grieb777 folded before Flop (didn't bet)
Seat 8: MAG102770 (button) collected ($0.16)
Seat 9: crazykid62 (small blind) folded on the Flop



PokerStars Hand #227201022833:  Hold'em No Limit ($0.01/$0.02 USD) - 2021/05/30 14:42:31 PT [2021/05/30 17:42:31 ET]
Table 'Kira' 9-max Seat #9 is the button
Seat 2: Dorex2007 ($2.04 in chips) 
Seat 3: zolf_j ($2.21 in chips) 
Seat 4: VpipPFR ($2 in chips) 
Seat 6: Loladog787 ($0.80 in chips) 
Seat 7: Grieb777 ($0.84 in chips) 
Seat 8: MAG102770 ($5.51 in chips) 
Seat 9: crazykid62 ($2.23 in chips) 
Dorex2007: posts small blind $0.01
zolf_j: posts big blind $0.02
Elrus90: sits out 
*** HOLE CARDS ***
Dealt to Dorex2007 [2h 5h]
VpipPFR: raises $0.03 to $0.05
Loladog787: folds 
Grieb777: folds 
MAG102770: folds 
crazykid62: folds 
Dorex2007: folds 
zolf_j: calls $0.03
*** FLOP *** [Th Kd 3c]
zolf_j: checks 
VpipPFR: bets $0.04
zolf_j: raises $0.14 to $0.18
VpipPFR: calls $0.14
*** TURN *** [Th Kd 3c] [4h]
zolf_j: bets $0.20
VpipPFR: calls $0.20
*** RIVER *** [Th Kd 3c 4h] [Tc]
zolf_j: bets $0.63
VpipPFR: folds 
Uncalled bet ($0.63) returned to zolf_j
zolf_j collected $0.84 from pot
zolf_j: doesn't show hand 
*** SUMMARY ***
Total pot $0.87 | Rake $0.03 
Board [Th Kd 3c 4h Tc]
Seat 2: Dorex2007 (small blind) folded before Flop
Seat 3: zolf_j (big blind) collected ($0.84)
Seat 4: VpipPFR folded on the River
Seat 6: Loladog787 folded before Flop (didn't bet)
Seat 7: Grieb777 folded before Flop (didn't bet)
Seat 8: MAG102770 folded before Flop (didn't bet)
Seat 9: crazykid62 (button) folded before Flop (didn't bet)



PokerStars Hand #227201050466:  Hold'em No Limit ($0.01/$0.02 USD) - 2021/05/30 14:43:26 PT [2021/05/30 17:43:26 ET]
Table 'Kira' 9-max Seat #2 is the button
Seat 2: Dorex2007 ($2.03 in chips) 
Seat 3: zolf_j ($2.62 in chips) 
Seat 4: VpipPFR ($2 in chips) 
Seat 6: Loladog787 ($0.80 in chips) 
Seat 7: Grieb777 ($0.84 in chips) 
Seat 8: MAG102770 ($5.51 in chips) 
Seat 9: crazykid62 ($2.23 in chips) 
zolf_j: posts small blind $0.01
VpipPFR: posts big blind $0.02
Elrus90: sits out 
*** HOLE CARDS ***
Dealt to Dorex2007 [3d 6c]
Loladog787: folds 
Grieb777: folds 
MAG102770: raises $0.03 to $0.05
crazykid62: calls $0.05
Dorex2007: folds 
yvn745823 leaves the table
zolf_j: folds 
VpipPFR: calls $0.03
*** FLOP *** [2s 7c 3c]
VpipPFR: bets $0.11
MAG102770: calls $0.11
crazykid62: folds 
*** TURN *** [2s 7c 3c] [Ad]
VpipPFR: checks 
MAG102770: checks 
*** RIVER *** [2s 7c 3c Ad] [4s]
VpipPFR: bets $0.30
MAG102770: calls $0.30
*** SHOW DOWN ***
VpipPFR: shows [4d 7d] (two pair, Sevens and Fours)
MAG102770: mucks hand 
VpipPFR collected $0.95 from pot
*** SUMMARY ***
Total pot $0.98 | Rake $0.03 
Board [2s 7c 3c Ad 4s]
Seat 2: Dorex2007 (button) folded before Flop (didn't bet)
Seat 3: zolf_j (small blind) folded before Flop
Seat 4: VpipPFR (big blind) showed [4d 7d] and won ($0.95) with two pair, Sevens and Fours
Seat 6: Loladog787 folded before Flop (didn't bet)
Seat 7: Grieb777 folded before Flop (didn't bet)
Seat 8: MAG102770 mucked [9h 9d]
Seat 9: crazykid62 folded on the Flop



PokerStars Hand #227201067862:  Hold'em No Limit ($0.01/$0.02 USD) - 2021/05/30 14:44:01 PT [2021/05/30 17:44:01 ET]
Table 'Kira' 9-max Seat #3 is the button
Seat 2: Dorex2007 ($2.03 in chips) 
Seat 3: zolf_j ($2.61 in chips) 
Seat 4: VpipPFR ($2.49 in chips) 
Seat 5: Elrus90 ($1 in chips) 
Seat 6: Loladog787 ($0.80 in chips) 
Seat 7: Grieb777 ($0.84 in chips) 
Seat 8: MAG102770 ($5.05 in chips) 
Seat 9: crazykid62 ($2.18 in chips) 
VpipPFR: posts small blind $0.01
Elrus90: posts big blind $0.02
*** HOLE CARDS ***
Dealt to Dorex2007 [Ac 3s]
Loladog787: folds 
Grieb777: folds 
MAG102770: calls $0.02
crazykid62: folds 
Dorex2007: folds 
zolf_j: folds 
VpipPFR: folds 
Elrus90: raises $0.04 to $0.06
MAG102770: calls $0.04
*** FLOP *** [6c As 8d]
Elrus90: checks 
MAG102770: bets $0.10
Elrus90: folds 
Uncalled bet ($0.10) returned to MAG102770
MAG102770 collected $0.13 from pot
MAG102770: doesn't show hand 
*** SUMMARY ***
Total pot $0.13 | Rake $0 
Board [6c As 8d]
Seat 2: Dorex2007 folded before Flop (didn't bet)
Seat 3: zolf_j (button) folded before Flop (didn't bet)
Seat 4: VpipPFR (small blind) folded before Flop
Seat 5: Elrus90 (big blind) folded on the Flop
Seat 6: Loladog787 folded before Flop (didn't bet)
Seat 7: Grieb777 folded before Flop (didn't bet)
Seat 8: MAG102770 collected ($0.13)
Seat 9: crazykid62 folded before Flop (didn't bet)



PokerStars Hand #227201092471:  Hold'em No Limit ($0.01/$0.02 USD) - 2021/05/30 14:44:49 PT [2021/05/30 17:44:49 ET]
Table 'Kira' 9-max Seat #4 is the button
Seat 2: Dorex2007 ($2.03 in chips) 
Seat 3: zolf_j ($2.61 in chips) 
Seat 4: VpipPFR ($2.48 in chips) 
Seat 5: Elrus90 ($0.94 in chips) 
Seat 6: Loladog787 ($0.80 in chips) 
Seat 7: Grieb777 ($0.84 in chips) 
Seat 8: MAG102770 ($5.12 in chips) 
Seat 9: crazykid62 ($2.18 in chips) 
Elrus90: posts small blind $0.01
Loladog787: posts big blind $0.02
*** HOLE CARDS ***
Dealt to Dorex2007 [2s As]
Grieb777: raises $0.03 to $0.05
MAG102770: folds 
crazykid62: folds 
Dorex2007: folds 
zolf_j: folds 
VpipPFR: folds 
Elrus90: folds 
Loladog787: folds 
Uncalled bet ($0.03) returned to Grieb777
Grieb777 collected $0.05 from pot
Grieb777: doesn't show hand 
*** SUMMARY ***
Total pot $0.05 | Rake $0 
Seat 2: Dorex2007 folded before Flop (didn't bet)
Seat 3: zolf_j folded before Flop (didn't bet)
Seat 4: VpipPFR (button) folded before Flop (didn't bet)
Seat 5: Elrus90 (small blind) folded before Flop
Seat 6: Loladog787 (big blind) folded before Flop
Seat 7: Grieb777 collected ($0.05)
Seat 8: MAG102770 folded before Flop (didn't bet)
Seat 9: crazykid62 folded before Flop (didn't bet)



PokerStars Hand #227201098619:  Hold'em No Limit ($0.01/$0.02 USD) - 2021/05/30 14:45:02 PT [2021/05/30 17:45:02 ET]
Table 'Kira' 9-max Seat #5 is the button
Seat 2: Dorex2007 ($2.03 in chips) 
Seat 3: zolf_j ($2.61 in chips) 
Seat 4: VpipPFR ($2.48 in chips) 
Seat 5: Elrus90 ($0.93 in chips) 
Seat 6: Loladog787 ($0.80 in chips) 
Seat 7: Grieb777 ($0.87 in chips) 
Seat 8: MAG102770 ($5.12 in chips) 
Seat 9: crazykid62 ($2.18 in chips) 
Loladog787: posts small blind $0.01
Grieb777: posts big blind $0.02
*** HOLE CARDS ***
Dealt to Dorex2007 [2d 7c]
MAG102770: folds 
crazykid62: folds 
Dorex2007: folds 
Jakonius joins the table at seat #1 
MAG102770 leaves the table
zolf_j: raises $0.04 to $0.06
VpipPFR: folds 
Elrus90: calls $0.06
Loladog787: folds 
Grieb777: folds 
*** FLOP *** [3h Ah 4h]
zolf_j: checks 
Elrus90: bets $0.06
zolf_j: folds 
Uncalled bet ($0.06) returned to Elrus90
Elrus90 collected $0.14 from pot
Elrus90: doesn't show hand 
*** SUMMARY ***
Total pot $0.15 | Rake $0.01 
Board [3h Ah 4h]
Seat 2: Dorex2007 folded before Flop (didn't bet)
Seat 3: zolf_j folded on the Flop
Seat 4: VpipPFR folded before Flop (didn't bet)
Seat 5: Elrus90 (button) collected ($0.14)
Seat 6: Loladog787 (small blind) folded before Flop
Seat 7: Grieb777 (big blind) folded before Flop
Seat 8: MAG102770 folded before Flop (didn't bet)
Seat 9: crazykid62 folded before Flop (didn't bet)



PokerStars Hand #227201113363:  Hold'em No Limit ($0.01/$0.02 USD) - 2021/05/30 14:45:31 PT [2021/05/30 17:45:31 ET]
Table 'Kira' 9-max Seat #6 is the button
Seat 2: Dorex2007 ($2.03 in chips) 
Seat 3: zolf_j ($2.55 in chips) 
Seat 4: VpipPFR ($2.48 in chips) 
Seat 5: Elrus90 ($1.01 in chips) 
Seat 6: Loladog787 ($0.80 in chips) 
Seat 7: Grieb777 ($0.85 in chips) 
Seat 9: crazykid62 ($2.18 in chips) 
Grieb777: posts small blind $0.01
crazykid62: posts big blind $0.02
Jakonius: sits out 
*** HOLE CARDS ***
Dealt to Dorex2007 [2s Qc]
Dorex2007: folds 
zolf_j: folds 
VpipPFR: folds 
Elrus90: raises $0.04 to $0.06
Loladog787: folds 
Grieb777: calls $0.05
crazykid62: folds 
*** FLOP *** [Jh Ah 7s]
Grieb777: checks 
Elrus90: checks 
*** TURN *** [Jh Ah 7s] [3s]
Grieb777: bets $0.07
Elrus90: calls $0.07
*** RIVER *** [Jh Ah 7s 3s] [Kh]
Grieb777: bets $0.14
Elrus90: calls $0.14
*** SHOW DOWN ***
Grieb777: shows [As 4s] (a pair of Aces)
Elrus90: mucks hand 
Grieb777 collected $0.54 from pot
*** SUMMARY ***
Total pot $0.56 | Rake $0.02 
Board [Jh Ah 7s 3s Kh]
Seat 2: Dorex2007 folded before Flop (didn't bet)
Seat 3: zolf_j folded before Flop (didn't bet)
Seat 4: VpipPFR folded before Flop (didn't bet)
Seat 5: Elrus90 mucked [Kd Tc]
Seat 6: Loladog787 (button) folded before Flop (didn't bet)
Seat 7: Grieb777 (small blind) showed [As 4s] and won ($0.54) with a pair of Aces
Seat 9: crazykid62 (big blind) folded before Flop



PokerStars Hand #227201136291:  Hold'em No Limit ($0.01/$0.02 USD) - 2021/05/30 14:46:16 PT [2021/05/30 17:46:16 ET]
Table 'Kira' 9-max Seat #7 is the button
Seat 1: Jakonius ($2 in chips) 
Seat 2: Dorex2007 ($2.03 in chips) 
Seat 3: zolf_j ($2.55 in chips) 
Seat 4: VpipPFR ($2.48 in chips) 
Seat 5: Elrus90 ($0.74 in chips) 
Seat 6: Loladog787 ($0.80 in chips) 
Seat 7: Grieb777 ($1.12 in chips) 
Seat 9: crazykid62 ($2.16 in chips) 
crazykid62: posts small blind $0.01
Jakonius: posts big blind $0.02
*** HOLE CARDS ***
Dealt to Dorex2007 [Jc As]
Dorex2007: raises $0.02 to $0.04
zolf_j: folds 
VpipPFR: raises $0.12 to $0.16
Elrus90: folds 
Loladog787: folds 
Grieb777: folds 
crazykid62: folds 
Jakonius: folds 
Dorex2007: calls $0.12
*** FLOP *** [7s 7h 2d]
Dorex2007: checks 
VpipPFR: bets $0.11
Dorex2007: calls $0.11
*** TURN *** [7s 7h 2d] [Tc]
zgarrk joins the table at seat #8 
Dorex2007: checks 
VpipPFR: bets $0.37
Dorex2007: folds 
Uncalled bet ($0.37) returned to VpipPFR
VpipPFR collected $0.55 from pot
VpipPFR: doesn't show hand 
*** SUMMARY ***
Total pot $0.57 | Rake $0.02 
Board [7s 7h 2d Tc]
Seat 1: Jakonius (big blind) folded before Flop
Seat 2: Dorex2007 folded on the Turn
Seat 3: zolf_j folded before Flop (didn't bet)
Seat 4: VpipPFR collected ($0.55)
Seat 5: Elrus90 folded before Flop (didn't bet)
Seat 6: Loladog787 folded before Flop (didn't bet)
Seat 7: Grieb777 (button) folded before Flop (didn't bet)
Seat 9: crazykid62 (small blind) folded before Flop



PokerStars Hand #227201156308:  Hold'em No Limit ($0.01/$0.02 USD) - 2021/05/30 14:46:56 PT [2021/05/30 17:46:56 ET]
Table 'Kira' 9-max Seat #9 is the button
Seat 1: Jakonius ($1.98 in chips) 
Seat 2: Dorex2007 ($1.76 in chips) 
Seat 3: zolf_j ($2.55 in chips) 
Seat 4: VpipPFR ($2.76 in chips) 
Seat 5: Elrus90 ($0.74 in chips) 
Seat 6: Loladog787 ($0.80 in chips) 
Seat 7: Grieb777 ($1.12 in chips) 
Seat 9: crazykid62 ($2.15 in chips) 
Jakonius: posts small blind $0.01
Dorex2007: posts big blind $0.02
zgarrk: sits out 
*** HOLE CARDS ***
Dealt to Dorex2007 [4s 8d]
zolf_j: raises $0.04 to $0.06
VpipPFR: folds 
Elrus90: folds 
Loladog787: folds 
Grieb777: folds 
crazykid62: folds 
Jakonius: folds 
Dorex2007: folds 
Uncalled bet ($0.04) returned to zolf_j
zolf_j collected $0.05 from pot
zolf_j: doesn't show hand 
*** SUMMARY ***
Total pot $0.05 | Rake $0 
Seat 1: Jakonius (small blind) folded before Flop
Seat 2: Dorex2007 (big blind) folded before Flop
Seat 3: zolf_j collected ($0.05)
Seat 4: VpipPFR folded before Flop (didn't bet)
Seat 5: Elrus90 folded before Flop (didn't bet)
Seat 6: Loladog787 folded before Flop (didn't bet)
Seat 7: Grieb777 folded before Flop (didn't bet)
Seat 9: crazykid62 (button) folded before Flop (didn't bet)



PokerStars Hand #227201166496:  Hold'em No Limit ($0.01/$0.02 USD) - 2021/05/30 14:47:17 PT [2021/05/30 17:47:17 ET]
Table 'Kira' 9-max Seat #1 is the button
Seat 1: Jakonius ($1.97 in chips) 
Seat 2: Dorex2007 ($1.74 in chips) 
Seat 3: zolf_j ($2.58 in chips) 
Seat 4: VpipPFR ($2.76 in chips) 
Seat 5: Elrus90 ($0.74 in chips) 
Seat 6: Loladog787 ($0.80 in chips) 
Seat 7: Grieb777 ($1.12 in chips) 
Seat 8: zgarrk ($2 in chips) 
Seat 9: crazykid62 ($2.15 in chips) 
Dorex2007: posts small blind $0.01
zolf_j: posts big blind $0.02
zgarrk: posts big blind $0.02
*** HOLE CARDS ***
Dealt to Dorex2007 [5h 2d]
VpipPFR: folds 
Elrus90: folds 
Loladog787: folds 
Grieb777: calls $0.02
zgarrk: checks 
crazykid62: calls $0.02
Jakonius: raises $1.95 to $1.97 and is all-in
Dorex2007: folds 
zolf_j: folds 
Grieb777: folds 
zgarrk: folds 
crazykid62: folds 
Uncalled bet ($1.95) returned to Jakonius
Jakonius collected $0.11 from pot
Jakonius: doesn't show hand 
*** SUMMARY ***
Total pot $0.11 | Rake $0 
Seat 1: Jakonius (button) collected ($0.11)
Seat 2: Dorex2007 (small blind) folded before Flop
Seat 3: zolf_j (big blind) folded before Flop
Seat 4: VpipPFR folded before Flop (didn't bet)
Seat 5: Elrus90 folded before Flop (didn't bet)
Seat 6: Loladog787 folded before Flop (didn't bet)
Seat 7: Grieb777 folded before Flop
Seat 8: zgarrk folded before Flop (didn't bet)
Seat 9: crazykid62 folded before Flop



PokerStars Hand #227201179527:  Hold'em No Limit ($0.01/$0.02 USD) - 2021/05/30 14:47:43 PT [2021/05/30 17:47:43 ET]
Table 'Kira' 9-max Seat #2 is the button
Seat 1: Jakonius ($2.06 in chips) 
Seat 2: Dorex2007 ($1.73 in chips) 
Seat 3: zolf_j ($2.56 in chips) 
Seat 4: VpipPFR ($2.76 in chips) 
Seat 5: Elrus90 ($0.74 in chips) 
Seat 6: Loladog787 ($0.80 in chips) 
Seat 7: Grieb777 ($1.10 in chips) 
Seat 8: zgarrk ($1.98 in chips) 
Seat 9: crazykid62 ($2.13 in chips) 
zolf_j: posts small blind $0.01
VpipPFR: posts big blind $0.02
*** HOLE CARDS ***
Dealt to Dorex2007 [Kd Th]
Elrus90: folds 
Loladog787: folds 
Grieb777: folds 
zgarrk: folds 
crazykid62: calls $0.02
Jakonius: folds 
Dorex2007: raises $0.02 to $0.04
zolf_j: raises $0.12 to $0.16
VpipPFR: folds 
crazykid62: folds 
Dorex2007: calls $0.12
*** FLOP *** [3h Ah Jd]
zolf_j: bets $0.18
Dorex2007: calls $0.18
*** TURN *** [3h Ah Jd] [7c]
zolf_j: bets $0.30
Dorex2007: calls $0.30
*** RIVER *** [3h Ah Jd 7c] [5h]
zolf_j: checks 
Dorex2007: bets $1.09 and is all-in
zolf_j: folds 
Uncalled bet ($1.09) returned to Dorex2007
Dorex2007 collected $1.27 from pot
Dorex2007: doesn't show hand 
*** SUMMARY ***
Total pot $1.32 | Rake $0.05 
Board [3h Ah Jd 7c 5h]
Seat 1: Jakonius folded before Flop (didn't bet)
Seat 2: Dorex2007 (button) collected ($1.27)
Seat 3: zolf_j (small blind) folded on the River
Seat 4: VpipPFR (big blind) folded before Flop
Seat 5: Elrus90 folded before Flop (didn't bet)
Seat 6: Loladog787 folded before Flop (didn't bet)
Seat 7: Grieb777 folded before Flop (didn't bet)
Seat 8: zgarrk folded before Flop (didn't bet)
Seat 9: crazykid62 folded before Flop



PokerStars Hand #227201222527:  Hold'em No Limit ($0.01/$0.02 USD) - 2021/05/30 14:49:10 PT [2021/05/30 17:49:10 ET]
Table 'Kira' 9-max Seat #3 is the button
Seat 1: Jakonius ($2.06 in chips) 
Seat 2: Dorex2007 ($2.36 in chips) 
Seat 3: zolf_j ($1.92 in chips) 
Seat 4: VpipPFR ($2.74 in chips) 
Seat 5: Elrus90 ($0.74 in chips) 
Seat 6: Loladog787 ($0.80 in chips) 
Seat 7: Grieb777 ($1.10 in chips) 
Seat 8: zgarrk ($1.98 in chips) 
Seat 9: crazykid62 ($2.11 in chips) 
VpipPFR: posts small blind $0.01
Elrus90: posts big blind $0.02
*** HOLE CARDS ***
Dealt to Dorex2007 [Ad 6s]
Loladog787: folds 
Grieb777: folds 
zgarrk: calls $0.02
crazykid62: folds 
Jakonius has timed out
Jakonius: folds 
Dorex2007: folds 
zolf_j: folds 
VpipPFR: folds 
Elrus90: checks 
*** FLOP *** [3s 3c 2h]
Elrus90: checks 
zgarrk: bets $0.06
Elrus90: calls $0.06
*** TURN *** [3s 3c 2h] [5d]
Elrus90: checks 
zgarrk: checks 
*** RIVER *** [3s 3c 2h 5d] [5h]
Elrus90: bets $0.16
zgarrk: folds 
Uncalled bet ($0.16) returned to Elrus90
Elrus90 collected $0.16 from pot
Elrus90: doesn't show hand 
*** SUMMARY ***
Total pot $0.17 | Rake $0.01 
Board [3s 3c 2h 5d 5h]
Seat 1: Jakonius folded before Flop (didn't bet)
Seat 2: Dorex2007 folded before Flop (didn't bet)
Seat 3: zolf_j (button) folded before Flop (didn't bet)
Seat 4: VpipPFR (small blind) folded before Flop
Seat 5: Elrus90 (big blind) collected ($0.16)
Seat 6: Loladog787 folded before Flop (didn't bet)
Seat 7: Grieb777 folded before Flop (didn't bet)
Seat 8: zgarrk folded on the River
Seat 9: crazykid62 folded before Flop (didn't bet)



PokerStars Hand #227201246766:  Hold'em No Limit ($0.01/$0.02 USD) - 2021/05/30 14:49:59 PT [2021/05/30 17:49:59 ET]
Table 'Kira' 9-max Seat #4 is the button
Seat 1: Jakonius ($2.06 in chips) 
Seat 2: Dorex2007 ($2.36 in chips) 
Seat 3: zolf_j ($1.92 in chips) 
Seat 4: VpipPFR ($2.73 in chips) 
Seat 5: Elrus90 ($0.82 in chips) 
Seat 6: Loladog787 ($0.80 in chips) 
Seat 7: Grieb777 ($1.10 in chips) 
Seat 8: zgarrk ($1.90 in chips) 
Seat 9: crazykid62 ($2.11 in chips) 
Elrus90: posts small blind $0.01
Loladog787: posts big blind $0.02
*** HOLE CARDS ***
Dealt to Dorex2007 [Jc 9s]
Grieb777: folds 
zgarrk: folds 
crazykid62: folds 
Jakonius: folds 
Dorex2007: folds 
zolf_j: folds 
Grieb777 leaves the table
VpipPFR: raises $0.03 to $0.05
Elrus90: folds 
Loladog787: folds 
Uncalled bet ($0.03) returned to VpipPFR
VpipPFR collected $0.05 from pot
VpipPFR: doesn't show hand 
*** SUMMARY ***
Total pot $0.05 | Rake $0 
Seat 1: Jakonius folded before Flop (didn't bet)
Seat 2: Dorex2007 folded before Flop (didn't bet)
Seat 3: zolf_j folded before Flop (didn't bet)
Seat 4: VpipPFR (button) collected ($0.05)
Seat 5: Elrus90 (small blind) folded before Flop
Seat 6: Loladog787 (big blind) folded before Flop
Seat 7: Grieb777 folded before Flop (didn't bet)
Seat 8: zgarrk folded before Flop (didn't bet)
Seat 9: crazykid62 folded before Flop (didn't bet)



PokerStars Hand #227201255513:  Hold'em No Limit ($0.01/$0.02 USD) - 2021/05/30 14:50:17 PT [2021/05/30 17:50:17 ET]
Table 'Kira' 9-max Seat #5 is the button
Seat 1: Jakonius ($2.06 in chips) 
Seat 2: Dorex2007 ($2.36 in chips) 
Seat 3: zolf_j ($1.92 in chips) 
Seat 4: VpipPFR ($2.76 in chips) 
Seat 5: Elrus90 ($0.81 in chips) 
Seat 6: Loladog787 ($0.80 in chips) 
Seat 8: zgarrk ($1.90 in chips) 
Seat 9: crazykid62 ($2.11 in chips) 
Loladog787: posts small blind $0.01
zgarrk: posts big blind $0.02
*** HOLE CARDS ***
Dealt to Dorex2007 [8h 2c]
crazykid62: folds 
Jakonius: folds 
Dorex2007: folds 
zolf_j: folds 
VpipPFR: raises $0.03 to $0.05
Elrus90: folds 
Loladog787: folds 
zgarrk: folds 
Uncalled bet ($0.03) returned to VpipPFR
VpipPFR collected $0.05 from pot
VpipPFR: doesn't show hand 
*** SUMMARY ***
Total pot $0.05 | Rake $0 
Seat 1: Jakonius folded before Flop (didn't bet)
Seat 2: Dorex2007 folded before Flop (didn't bet)
Seat 3: zolf_j folded before Flop (didn't bet)
Seat 4: VpipPFR collected ($0.05)
Seat 5: Elrus90 (button) folded before Flop (didn't bet)
Seat 6: Loladog787 (small blind) folded before Flop
Seat 8: zgarrk (big blind) folded before Flop
Seat 9: crazykid62 folded before Flop (didn't bet)



PokerStars Hand #227201263131:  Hold'em No Limit ($0.01/$0.02 USD) - 2021/05/30 14:50:33 PT [2021/05/30 17:50:33 ET]
Table 'Kira' 9-max Seat #6 is the button
Seat 1: Jakonius ($2.06 in chips) 
Seat 2: Dorex2007 ($2.36 in chips) 
Seat 3: zolf_j ($1.92 in chips) 
Seat 4: VpipPFR ($2.79 in chips) 
Seat 5: Elrus90 ($0.81 in chips) 
Seat 6: Loladog787 ($0.80 in chips) 
Seat 8: zgarrk ($1.88 in chips) 
Seat 9: crazykid62 ($2.11 in chips) 
zgarrk: posts small blind $0.01
crazykid62: posts big blind $0.02
*** HOLE CARDS ***
Dealt to Dorex2007 [Jd 4h]
Jakonius: folds 
Dorex2007: folds 
zolf_j: folds 
VpipPFR: raises $0.03 to $0.05
Elrus90: raises $0.13 to $0.18
Loladog787: folds 
zgarrk: folds 
crazykid62: calls $0.16
VpipPFR: folds 
*** FLOP *** [4d 2s 4s]
crazykid62: checks 
Elrus90: bets $0.20
crazykid62: folds 
Uncalled bet ($0.20) returned to Elrus90
Elrus90 collected $0.41 from pot
Elrus90: doesn't show hand 
*** SUMMARY ***
Total pot $0.42 | Rake $0.01 
Board [4d 2s 4s]
Seat 1: Jakonius folded before Flop (didn't bet)
Seat 2: Dorex2007 folded before Flop (didn't bet)
Seat 3: zolf_j folded before Flop (didn't bet)
Seat 4: VpipPFR folded before Flop
Seat 5: Elrus90 collected ($0.41)
Seat 6: Loladog787 (button) folded before Flop (didn't bet)
Seat 8: zgarrk (small blind) folded before Flop
Seat 9: crazykid62 (big blind) folded on the Flop



PokerStars Hand #227201280388:  Hold'em No Limit ($0.01/$0.02 USD) - 2021/05/30 14:51:08 PT [2021/05/30 17:51:08 ET]
Table 'Kira' 9-max Seat #8 is the button
Seat 1: Jakonius ($2.06 in chips) 
Seat 2: Dorex2007 ($2.36 in chips) 
Seat 3: zolf_j ($1.92 in chips) 
Seat 4: VpipPFR ($2.74 in chips) 
Seat 5: Elrus90 ($1.04 in chips) 
Seat 6: Loladog787 ($0.80 in chips) 
Seat 8: zgarrk ($1.87 in chips) 
Seat 9: crazykid62 ($1.93 in chips) 
crazykid62: posts small blind $0.01
Jakonius: posts big blind $0.02
*** HOLE CARDS ***
Dealt to Dorex2007 [6h 4d]
Dorex2007: folds 
zolf_j: folds 
VpipPFR: folds 
Elrus90: raises $0.04 to $0.06
Loladog787: folds 
zgarrk: folds 
crazykid62: folds 
Jakonius: folds 
Uncalled bet ($0.04) returned to Elrus90
crazykid62 leaves the table
Elrus90 collected $0.05 from pot
Elrus90: doesn't show hand 
*** SUMMARY ***
Total pot $0.05 | Rake $0 
Seat 1: Jakonius (big blind) folded before Flop
Seat 2: Dorex2007 folded before Flop (didn't bet)
Seat 3: zolf_j folded before Flop (didn't bet)
Seat 4: VpipPFR folded before Flop (didn't bet)
Seat 5: Elrus90 collected ($0.05)
Seat 6: Loladog787 folded before Flop (didn't bet)
Seat 8: zgarrk (button) folded before Flop (didn't bet)
Seat 9: crazykid62 (small blind) folded before Flop



PokerStars Hand #227201289326:  Hold'em No Limit ($0.01/$0.02 USD) - 2021/05/30 14:51:26 PT [2021/05/30 17:51:26 ET]
Table 'Kira' 9-max Seat #1 is the button
Seat 1: Jakonius ($2.04 in chips) 
Seat 2: Dorex2007 ($2.36 in chips) 
Seat 3: zolf_j ($1.92 in chips) 
Seat 4: VpipPFR ($2.74 in chips) 
Seat 5: Elrus90 ($1.07 in chips) 
Seat 6: Loladog787 ($0.80 in chips) 
Seat 8: zgarrk ($1.87 in chips) 
Dorex2007: posts small blind $0.01
zolf_j: posts big blind $0.02
*** HOLE CARDS ***
Dealt to Dorex2007 [5c 2d]
VpipPFR: folds 
Elrus90: folds 
Loladog787: folds 
zgarrk: folds 
Jakonius: raises $0.04 to $0.06
Dorex2007: folds 
zolf_j: folds 
Uncalled bet ($0.04) returned to Jakonius
Jakonius collected $0.05 from pot
Jakonius: doesn't show hand 
*** SUMMARY ***
Total pot $0.05 | Rake $0 
Seat 1: Jakonius (button) collected ($0.05)
Seat 2: Dorex2007 (small blind) folded before Flop
Seat 3: zolf_j (big blind) folded before Flop
Seat 4: VpipPFR folded before Flop (didn't bet)
Seat 5: Elrus90 folded before Flop (didn't bet)
Seat 6: Loladog787 folded before Flop (didn't bet)
Seat 8: zgarrk folded before Flop (didn't bet)



PokerStars Hand #227201295504:  Hold'em No Limit ($0.01/$0.02 USD) - 2021/05/30 14:51:39 PT [2021/05/30 17:51:39 ET]
Table 'Kira' 9-max Seat #2 is the button
Seat 1: Jakonius ($2.07 in chips) 
Seat 2: Dorex2007 ($2.35 in chips) 
Seat 3: zolf_j ($1.90 in chips) 
Seat 4: VpipPFR ($2.74 in chips) 
Seat 5: Elrus90 ($1.07 in chips) 
Seat 6: Loladog787 ($0.80 in chips) 
Seat 8: zgarrk ($1.87 in chips) 
zolf_j: posts small blind $0.01
VpipPFR: posts big blind $0.02
*** HOLE CARDS ***
Dealt to Dorex2007 [7s 5h]
Elrus90: folds 
Loladog787: folds 
zgarrk: folds 
Jakonius: raises $0.04 to $0.06
Dorex2007: folds 
zolf_j: folds 
VpipPFR: folds 
Uncalled bet ($0.04) returned to Jakonius
Jakonius collected $0.05 from pot
Jakonius: doesn't show hand 
*** SUMMARY ***
Total pot $0.05 | Rake $0 
Seat 1: Jakonius collected ($0.05)
Seat 2: Dorex2007 (button) folded before Flop (didn't bet)
Seat 3: zolf_j (small blind) folded before Flop
Seat 4: VpipPFR (big blind) folded before Flop
Seat 5: Elrus90 folded before Flop (didn't bet)
Seat 6: Loladog787 folded before Flop (didn't bet)
Seat 8: zgarrk folded before Flop (didn't bet)



PokerStars Hand #227201303585:  Hold'em No Limit ($0.01/$0.02 USD) - 2021/05/30 14:51:56 PT [2021/05/30 17:51:56 ET]
Table 'Kira' 9-max Seat #3 is the button
Seat 1: Jakonius ($2.10 in chips) 
Seat 2: Dorex2007 ($2.35 in chips) 
Seat 3: zolf_j ($1.89 in chips) 
Seat 4: VpipPFR ($2.72 in chips) 
Seat 5: Elrus90 ($1.07 in chips) 
Seat 6: Loladog787 ($0.80 in chips) 
Seat 8: zgarrk ($1.87 in chips) 
VpipPFR: posts small blind $0.01
Elrus90: posts big blind $0.02
*** HOLE CARDS ***
Dealt to Dorex2007 [4s Qh]
Loladog787: folds 
zgarrk: folds 
Jakonius: calls $0.02
Dorex2007: folds 
zolf_j: raises $0.07 to $0.09
VpipPFR: folds 
Elrus90: folds 
Jakonius: folds 
Uncalled bet ($0.07) returned to zolf_j
zolf_j collected $0.07 from pot
zolf_j: doesn't show hand 
*** SUMMARY ***
Total pot $0.07 | Rake $0 
Seat 1: Jakonius folded before Flop
Seat 2: Dorex2007 folded before Flop (didn't bet)
Seat 3: zolf_j (button) collected ($0.07)
Seat 4: VpipPFR (small blind) folded before Flop
Seat 5: Elrus90 (big blind) folded before Flop
Seat 6: Loladog787 folded before Flop (didn't bet)
Seat 8: zgarrk folded before Flop (didn't bet)



PokerStars Hand #227201317514:  Hold'em No Limit ($0.01/$0.02 USD) - 2021/05/30 14:52:25 PT [2021/05/30 17:52:25 ET]
Table 'Kira' 9-max Seat #4 is the button
Seat 1: Jakonius ($2.08 in chips) 
Seat 2: Dorex2007 ($2.35 in chips) 
Seat 3: zolf_j ($1.94 in chips) 
Seat 4: VpipPFR ($2.71 in chips) 
Seat 5: Elrus90 ($1.05 in chips) 
Seat 6: Loladog787 ($0.80 in chips) 
Seat 8: zgarrk ($1.87 in chips) 
Elrus90: posts small blind $0.01
Loladog787: posts big blind $0.02
*** HOLE CARDS ***
Dealt to Dorex2007 [8c 9h]
zgarrk: folds 
Jakonius: raises $0.06 to $0.08
Dorex2007: folds 
zolf_j: folds 
VpipPFR: folds 
Elrus90: folds 
Loladog787: raises $0.17 to $0.25
Jakonius: raises $1.83 to $2.08 and is all-in
Loladog787: calls $0.55 and is all-in
Uncalled bet ($1.28) returned to Jakonius
*** FLOP *** [Qd Ks 2s]
*** TURN *** [Qd Ks 2s] [6s]
*** RIVER *** [Qd Ks 2s 6s] [7d]
*** SHOW DOWN ***
Loladog787: shows [As Ac] (a pair of Aces)
Jakonius: shows [Qh Qc] (three of a kind, Queens)
Jakonius collected $1.55 from pot
*** SUMMARY ***
Total pot $1.61 | Rake $0.06 
Board [Qd Ks 2s 6s 7d]
Seat 1: Jakonius showed [Qh Qc] and won ($1.55) with three of a kind, Queens
Seat 2: Dorex2007 folded before Flop (didn't bet)
Seat 3: zolf_j folded before Flop (didn't bet)
Seat 4: VpipPFR (button) folded before Flop (didn't bet)
Seat 5: Elrus90 (small blind) folded before Flop
Seat 6: Loladog787 (big blind) showed [As Ac] and lost with a pair of Aces
Seat 8: zgarrk folded before Flop (didn't bet)



PokerStars Hand #227201341715:  Hold'em No Limit ($0.01/$0.02 USD) - 2021/05/30 14:53:15 PT [2021/05/30 17:53:15 ET]
Table 'Kira' 9-max Seat #5 is the button
Seat 1: Jakonius ($2.83 in chips) 
Seat 2: Dorex2007 ($2.35 in chips) 
Seat 3: zolf_j ($1.94 in chips) 
Seat 4: VpipPFR ($2.71 in chips) 
Seat 5: Elrus90 ($1.04 in chips) 
Seat 6: Loladog787 ($0.80 in chips) 
Seat 8: zgarrk ($1.87 in chips) 
Loladog787: posts small blind $0.01
zgarrk: posts big blind $0.02
*** HOLE CARDS ***
Dealt to Dorex2007 [3s Jc]
Jakonius: raises $0.04 to $0.06
Dorex2007: folds 
zolf_j: folds 
VpipPFR: folds 
Elrus90: folds 
Loladog787: folds 
zgarrk: folds 
Uncalled bet ($0.04) returned to Jakonius
Jakonius collected $0.05 from pot
Jakonius: doesn't show hand 
*** SUMMARY ***
Total pot $0.05 | Rake $0 
Seat 1: Jakonius collected ($0.05)
Seat 2: Dorex2007 folded before Flop (didn't bet)
Seat 3: zolf_j folded before Flop (didn't bet)
Seat 4: VpipPFR folded before Flop (didn't bet)
Seat 5: Elrus90 (button) folded before Flop (didn't bet)
Seat 6: Loladog787 (small blind) folded before Flop
Seat 8: zgarrk (big blind) folded before Flop



PokerStars Hand #227201349620:  Hold'em No Limit ($0.01/$0.02 USD) - 2021/05/30 14:53:31 PT [2021/05/30 17:53:31 ET]
Table 'Kira' 9-max Seat #6 is the button
Seat 1: Jakonius ($2.86 in chips) 
Seat 2: Dorex2007 ($2.35 in chips) 
Seat 3: zolf_j ($1.94 in chips) 
Seat 4: VpipPFR ($2.71 in chips) 
Seat 5: Elrus90 ($1.04 in chips) 
Seat 6: Loladog787 ($0.80 in chips) 
Seat 8: zgarrk ($1.85 in chips) 
zgarrk: posts small blind $0.01
Jakonius: posts big blind $0.02
*** HOLE CARDS ***
Dealt to Dorex2007 [9h Jd]
Dorex2007: folds 
zolf_j: folds 
VpipPFR: raises $0.03 to $0.05
Elrus90: folds 
Loladog787: folds 
zgarrk: calls $0.04
Jakonius: raises $0.19 to $0.24
VpipPFR: calls $0.19
zgarrk: folds 
*** FLOP *** [5h 8c Kh]
Jakonius: bets $0.30
VpipPFR: folds 
Uncalled bet ($0.30) returned to Jakonius
Jakonius collected $0.51 from pot
Jakonius: doesn't show hand 
*** SUMMARY ***
Total pot $0.53 | Rake $0.02 
Board [5h 8c Kh]
Seat 1: Jakonius (big blind) collected ($0.51)
Seat 2: Dorex2007 folded before Flop (didn't bet)
Seat 3: zolf_j folded before Flop (didn't bet)
Seat 4: VpipPFR folded on the Flop
Seat 5: Elrus90 folded before Flop (didn't bet)
Seat 6: Loladog787 (button) folded before Flop (didn't bet)
Seat 8: zgarrk (small blind) folded before Flop



PokerStars Hand #227201368297:  Hold'em No Limit ($0.01/$0.02 USD) - 2021/05/30 14:54:10 PT [2021/05/30 17:54:10 ET]
Table 'Kira' 9-max Seat #8 is the button
Seat 1: Jakonius ($3.13 in chips) 
Seat 2: Dorex2007 ($2.35 in chips) 
Seat 3: zolf_j ($1.94 in chips) 
Seat 4: VpipPFR ($2.47 in chips) 
Seat 5: Elrus90 ($1.04 in chips) 
Seat 6: Loladog787 ($0.80 in chips) 
Seat 8: zgarrk ($1.80 in chips) 
Jakonius: posts small blind $0.01
Dorex2007: posts big blind $0.02
*** HOLE CARDS ***
Dealt to Dorex2007 [5h 3h]
zolf_j: folds 
VpipPFR: folds 
Elrus90: folds 
Loladog787: folds 
zgarrk: folds 
Jakonius: raises $0.04 to $0.06
Dorex2007: folds 
Uncalled bet ($0.04) returned to Jakonius
Jakonius collected $0.04 from pot
Jakonius: doesn't show hand 
*** SUMMARY ***
Total pot $0.04 | Rake $0 
Seat 1: Jakonius (small blind) collected ($0.04)
Seat 2: Dorex2007 (big blind) folded before Flop
Seat 3: zolf_j folded before Flop (didn't bet)
Seat 4: VpipPFR folded before Flop (didn't bet)
Seat 5: Elrus90 folded before Flop (didn't bet)
Seat 6: Loladog787 folded before Flop (didn't bet)
Seat 8: zgarrk (button) folded before Flop (didn't bet)



PokerStars Hand #227201377209:  Hold'em No Limit ($0.01/$0.02 USD) - 2021/05/30 14:54:28 PT [2021/05/30 17:54:28 ET]
Table 'Kira' 9-max Seat #1 is the button
Seat 1: Jakonius ($3.15 in chips) 
Seat 2: Dorex2007 ($2.33 in chips) 
Seat 3: zolf_j ($1.94 in chips) 
Seat 4: VpipPFR ($2.47 in chips) 
Seat 5: Elrus90 ($1.04 in chips) 
Seat 6: Loladog787 ($0.80 in chips) 
Seat 8: zgarrk ($1.80 in chips) 
Dorex2007: posts small blind $0.01
zolf_j: posts big blind $0.02
*** HOLE CARDS ***
Dealt to Dorex2007 [7h Ah]
VpipPFR: folds 
Elrus90: raises $0.04 to $0.06
Loladog787: folds 
zgarrk: folds 
Jakonius: folds 
Dorex2007: folds 
zolf_j: folds 
Uncalled bet ($0.04) returned to Elrus90
Elrus90 collected $0.05 from pot
Elrus90: doesn't show hand 
*** SUMMARY ***
Total pot $0.05 | Rake $0 
Seat 1: Jakonius (button) folded before Flop (didn't bet)
Seat 2: Dorex2007 (small blind) folded before Flop
Seat 3: zolf_j (big blind) folded before Flop
Seat 4: VpipPFR folded before Flop (didn't bet)
Seat 5: Elrus90 collected ($0.05)
Seat 6: Loladog787 folded before Flop (didn't bet)
Seat 8: zgarrk folded before Flop (didn't bet)



PokerStars Hand #227201384070:  Hold'em No Limit ($0.01/$0.02 USD) - 2021/05/30 14:54:43 PT [2021/05/30 17:54:43 ET]
Table 'Kira' 9-max Seat #2 is the button
Seat 1: Jakonius ($3.15 in chips) 
Seat 2: Dorex2007 ($2.32 in chips) 
Seat 3: zolf_j ($1.92 in chips) 
Seat 4: VpipPFR ($2.47 in chips) 
Seat 5: Elrus90 ($1.07 in chips) 
Seat 6: Loladog787 ($0.80 in chips) 
Seat 8: zgarrk ($1.80 in chips) 
zolf_j: posts small blind $0.01
VpipPFR: posts big blind $0.02
*** HOLE CARDS ***
Dealt to Dorex2007 [Ad As]
Elrus90: folds 
Loladog787: folds 
zgarrk: folds 
Jakonius: raises $0.06 to $0.08
Dorex2007: calls $0.08
zolf_j: folds 
VpipPFR: folds 
*** FLOP *** [Jd 6d 2h]
Jakonius: bets $0.09
Dorex2007: raises $0.15 to $0.24
Jakonius: folds 
Uncalled bet ($0.15) returned to Dorex2007
Dorex2007 collected $0.36 from pot
Dorex2007: doesn't show hand 
*** SUMMARY ***
Total pot $0.37 | Rake $0.01 
Board [Jd 6d 2h]
Seat 1: Jakonius folded on the Flop
Seat 2: Dorex2007 (button) collected ($0.36)
Seat 3: zolf_j (small blind) folded before Flop
Seat 4: VpipPFR (big blind) folded before Flop
Seat 5: Elrus90 folded before Flop (didn't bet)
Seat 6: Loladog787 folded before Flop (didn't bet)
Seat 8: zgarrk folded before Flop (didn't bet)



PokerStars Hand #227201400618:  Hold'em No Limit ($0.01/$0.02 USD) - 2021/05/30 14:55:24 PT [2021/05/30 17:55:24 ET]
Table 'Kira' 9-max Seat #3 is the button
Seat 1: Jakonius ($2.98 in chips) 
Seat 2: Dorex2007 ($2.51 in chips) 
Seat 3: zolf_j ($1.91 in chips) 
Seat 4: VpipPFR ($2.45 in chips) 
Seat 5: Elrus90 ($1.07 in chips) 
Seat 6: Loladog787 ($0.80 in chips) 
Seat 8: zgarrk ($1.80 in chips) 
VpipPFR: posts small blind $0.01
Elrus90: posts big blind $0.02
*** HOLE CARDS ***
Dealt to Dorex2007 [Qd Kc]
Loladog787: folds 
zgarrk: folds 
Jakonius: folds 
Dorex2007: folds 
zolf_j: folds 
VpipPFR: raises $0.04 to $0.06
Elrus90: folds 
Uncalled bet ($0.04) returned to VpipPFR
VpipPFR collected $0.04 from pot
VpipPFR: doesn't show hand 
*** SUMMARY ***
Total pot $0.04 | Rake $0 
Seat 1: Jakonius folded before Flop (didn't bet)
Seat 2: Dorex2007 folded before Flop (didn't bet)
Seat 3: zolf_j (button) folded before Flop (didn't bet)
Seat 4: VpipPFR (small blind) collected ($0.04)
Seat 5: Elrus90 (big blind) folded before Flop
Seat 6: Loladog787 folded before Flop (didn't bet)
Seat 8: zgarrk folded before Flop (didn't bet)



PokerStars Hand #227201406148:  Hold'em No Limit ($0.01/$0.02 USD) - 2021/05/30 14:55:40 PT [2021/05/30 17:55:40 ET]
Table 'Kira' 9-max Seat #4 is the button
Seat 1: Jakonius ($2.98 in chips) 
Seat 2: Dorex2007 ($2.51 in chips) 
Seat 3: zolf_j ($1.91 in chips) 
Seat 4: VpipPFR ($2.47 in chips) 
Seat 5: Elrus90 ($1.05 in chips) 
Seat 6: Loladog787 ($0.80 in chips) 
Seat 8: zgarrk ($1.80 in chips) 
Elrus90: posts small blind $0.01
Loladog787: posts big blind $0.02
*** HOLE CARDS ***
Dealt to Dorex2007 [2h 8c]
zgarrk: folds 
Jakonius: folds 
Dorex2007: folds 
zolf_j: folds 
VpipPFR: raises $0.03 to $0.05
Elrus90: folds 
Loladog787: folds 
Uncalled bet ($0.03) returned to VpipPFR
VpipPFR collected $0.05 from pot
VpipPFR: doesn't show hand 
*** SUMMARY ***
Total pot $0.05 | Rake $0 
Seat 1: Jakonius folded before Flop (didn't bet)
Seat 2: Dorex2007 folded before Flop (didn't bet)
Seat 3: zolf_j folded before Flop (didn't bet)
Seat 4: VpipPFR (button) collected ($0.05)
Seat 5: Elrus90 (small blind) folded before Flop
Seat 6: Loladog787 (big blind) folded before Flop
Seat 8: zgarrk folded before Flop (didn't bet)



PokerStars Hand #227201417319:  Hold'em No Limit ($0.01/$0.02 USD) - 2021/05/30 14:56:10 PT [2021/05/30 17:56:10 ET]
Table 'Kira' 9-max Seat #5 is the button
Seat 1: Jakonius ($2.98 in chips) 
Seat 2: Dorex2007 ($2.51 in chips) 
Seat 3: zolf_j ($1.91 in chips) 
Seat 4: VpipPFR ($2.50 in chips) 
Seat 5: Elrus90 ($1.04 in chips) 
Seat 6: Loladog787 ($0.80 in chips) 
Seat 8: zgarrk ($1.80 in chips) 
Loladog787: posts small blind $0.01
zgarrk: posts big blind $0.02
*** HOLE CARDS ***
Dealt to Dorex2007 [Jh 8s]
Jakonius: folds 
Dorex2007: folds 
zolf_j: folds 
Jakonius leaves the table
VpipPFR: folds 
Elrus90: calls $0.02
Loladog787: folds 
zgarrk: checks 
*** FLOP *** [7s 6d 2d]
zgarrk: bets $0.06
Elrus90: calls $0.06
*** TURN *** [7s 6d 2d] [5d]
zgarrk: checks 
Elrus90: checks 
*** RIVER *** [7s 6d 2d 5d] [8d]
zgarrk: checks 
Elrus90: checks 
*** SHOW DOWN ***
zgarrk: shows [7h 4s] (a straight, Four to Eight)
Elrus90: mucks hand 
zgarrk collected $0.16 from pot
*** SUMMARY ***
Total pot $0.17 | Rake $0.01 
Board [7s 6d 2d 5d 8d]
Seat 1: Jakonius folded before Flop (didn't bet)
Seat 2: Dorex2007 folded before Flop (didn't bet)
Seat 3: zolf_j folded before Flop (didn't bet)
Seat 4: VpipPFR folded before Flop (didn't bet)
Seat 5: Elrus90 (button) mucked [2h As]
Seat 6: Loladog787 (small blind) folded before Flop
Seat 8: zgarrk (big blind) showed [7h 4s] and won ($0.16) with a straight, Four to Eight



PokerStars Hand #227201429364:  Hold'em No Limit ($0.01/$0.02 USD) - 2021/05/30 14:56:47 PT [2021/05/30 17:56:47 ET]
Table 'Kira' 9-max Seat #6 is the button
Seat 2: Dorex2007 ($2.51 in chips) 
Seat 3: zolf_j ($1.91 in chips) 
Seat 4: VpipPFR ($2.50 in chips) 
Seat 5: Elrus90 ($0.96 in chips) 
Seat 6: Loladog787 ($0.80 in chips) 
Seat 8: zgarrk ($1.88 in chips) 
zgarrk: posts small blind $0.01
Dorex2007: posts big blind $0.02
*** HOLE CARDS ***
Dealt to Dorex2007 [5s Qh]
zolf_j: raises $0.04 to $0.06
VpipPFR: folds 
Elrus90: folds 
Loladog787: folds 
zgarrk: calls $0.05
Dorex2007: folds 
*** FLOP *** [7c 9c Qc]
zgarrk: checks 
zolf_j: checks 
*** TURN *** [7c 9c Qc] [Jc]
zgarrk: checks 
zolf_j: bets $0.11
zgarrk: folds 
Uncalled bet ($0.11) returned to zolf_j
zolf_j collected $0.14 from pot
zolf_j: doesn't show hand 
*** SUMMARY ***
Total pot $0.14 | Rake $0 
Board [7c 9c Qc Jc]
Seat 2: Dorex2007 (big blind) folded before Flop
Seat 3: zolf_j collected ($0.14)
Seat 4: VpipPFR folded before Flop (didn't bet)
Seat 5: Elrus90 folded before Flop (didn't bet)
Seat 6: Loladog787 (button) folded before Flop (didn't bet)
Seat 8: zgarrk (small blind) folded on the Turn



PokerStars Hand #227201439452:  Hold'em No Limit ($0.01/$0.02 USD) - 2021/05/30 14:57:17 PT [2021/05/30 17:57:17 ET]
Table 'Kira' 9-max Seat #8 is the button
Seat 2: Dorex2007 ($2.49 in chips) 
Seat 3: zolf_j ($1.99 in chips) 
Seat 4: VpipPFR ($2.50 in chips) 
Seat 5: Elrus90 ($0.96 in chips) 
Seat 6: Loladog787 ($0.80 in chips) 
Seat 8: zgarrk ($1.82 in chips) 
Dorex2007: posts small blind $0.01
zolf_j: posts big blind $0.02
*** HOLE CARDS ***
Dealt to Dorex2007 [5s 4h]
VpipPFR: folds 
Elrus90: folds 
Loladog787: folds 
zgarrk: folds 
Dorex2007: folds 
Uncalled bet ($0.01) returned to zolf_j
zolf_j collected $0.02 from pot
zolf_j: doesn't show hand 
*** SUMMARY ***
Total pot $0.02 | Rake $0 
Seat 2: Dorex2007 (small blind) folded before Flop
Seat 3: zolf_j (big blind) collected ($0.02)
Seat 4: VpipPFR folded before Flop (didn't bet)
Seat 5: Elrus90 folded before Flop (didn't bet)
Seat 6: Loladog787 folded before Flop (didn't bet)
Seat 8: zgarrk (button) folded before Flop (didn't bet)



