PokerStars Hand #237402221633:  Hold'em No Limit ($0.01/$0.02 USD) - 2022/07/16 16:01:10 PT [2022/07/16 19:01:10 ET]
Table 'Vogtia III' 9-max Seat #1 is the button
Seat 1: rsavir ($1.08 in chips) 
Seat 3: Hogline66 ($1.47 in chips) 
Seat 4: LaroLovu ($1.37 in chips) 
Seat 5: 8138547 ($2.08 in chips) 
Seat 7: kiling1 ($1.64 in chips) 
Seat 9: Dorex2007 ($2 in chips) 
Hogline66: posts small blind $0.01
LaroLovu: posts big blind $0.02
VANVIGA: sits out 
BlueEyesWhite: sits out 
Dorex2007: posts big blind $0.02
*** HOLE CARDS ***
Dealt to Dorex2007 [Jh Ah]
mageo88 joins the table at seat #2 
8138547: folds 
kiling1: folds 
Dorex2007: raises $0.10 to $0.12
rsavir: folds 
Hogline66: folds 
LaroLovu: folds 
Uncalled bet ($0.10) returned to Dorex2007
Dorex2007 collected $0.05 from pot
*** SUMMARY ***
Total pot $0.05 | Rake $0 
Seat 1: rsavir (button) folded before Flop (didn't bet)
Seat 3: Hogline66 (small blind) folded before Flop
Seat 4: LaroLovu (big blind) folded before Flop
Seat 5: 8138547 folded before Flop (didn't bet)
Seat 7: kiling1 folded before Flop (didn't bet)
Seat 9: Dorex2007 collected ($0.05)



PokerStars Hand #237402230622:  Hold'em No Limit ($0.01/$0.02 USD) - 2022/07/16 16:01:42 PT [2022/07/16 19:01:42 ET]
Table 'Vogtia III' 9-max Seat #3 is the button
Seat 1: rsavir ($1.08 in chips) 
Seat 3: Hogline66 ($1.46 in chips) 
Seat 4: LaroLovu ($1.35 in chips) 
Seat 5: 8138547 ($2.08 in chips) 
Seat 6: VANVIGA ($1 in chips) 
Seat 7: kiling1 ($1.64 in chips) 
Seat 9: Dorex2007 ($2.03 in chips) 
LaroLovu: posts small blind $0.01
8138547: posts big blind $0.02
VANVIGA: posts big blind $0.02
BlueEyesWhite: sits out 
mageo88: sits out 
*** HOLE CARDS ***
Dealt to Dorex2007 [Qd 2d]
VANVIGA: checks 
kiling1: folds 
Dorex2007: folds 
rsavir: folds 
Hogline66: folds 
LaroLovu: raises $0.04 to $0.06
8138547: calls $0.04
VANVIGA: calls $0.04
*** FLOP *** [As 7d 8h]
LaroLovu: checks 
8138547: bets $0.10
VANVIGA: calls $0.10
LaroLovu: folds 
*** TURN *** [As 7d 8h] [Qc]
8138547: bets $0.22
VANVIGA: calls $0.22
*** RIVER *** [As 7d 8h Qc] [3c]
8138547: bets $0.62
VANVIGA: folds 
Uncalled bet ($0.62) returned to 8138547
8138547 collected $0.79 from pot
*** SUMMARY ***
Total pot $0.82 | Rake $0.03 
Board [As 7d 8h Qc 3c]
Seat 1: rsavir folded before Flop (didn't bet)
Seat 3: Hogline66 (button) folded before Flop (didn't bet)
Seat 4: LaroLovu (small blind) folded on the Flop
Seat 5: 8138547 (big blind) collected ($0.79)
Seat 6: VANVIGA folded on the River
Seat 7: kiling1 folded before Flop (didn't bet)
Seat 9: Dorex2007 folded before Flop (didn't bet)



PokerStars Hand #237402253890:  Hold'em No Limit ($0.01/$0.02 USD) - 2022/07/16 16:02:47 PT [2022/07/16 19:02:47 ET]
Table 'Vogtia III' 9-max Seat #4 is the button
Seat 1: rsavir ($1.08 in chips) 
Seat 3: Hogline66 ($1.46 in chips) 
Seat 4: LaroLovu ($1.29 in chips) 
Seat 5: 8138547 ($2.49 in chips) 
Seat 6: VANVIGA ($1.62 in chips) 
Seat 7: kiling1 ($1.64 in chips) 
Seat 8: BlueEyesWhite ($2 in chips) 
Seat 9: Dorex2007 ($2.03 in chips) 
8138547: posts small blind $0.01
VANVIGA: posts big blind $0.02
BlueEyesWhite: posts big blind $0.02
mageo88: sits out 
*** HOLE CARDS ***
Dealt to Dorex2007 [Qs Qc]
kiling1: folds 
BlueEyesWhite: checks 
Dorex2007: raises $0.02 to $0.04
rsavir: folds 
Hogline66: calls $0.04
LaroLovu: calls $0.04
8138547: folds 
VANVIGA: folds 
BlueEyesWhite: calls $0.02
*** FLOP *** [9c Kd 4s]
BlueEyesWhite: checks 
Dorex2007: checks 
Hogline66: checks 
LaroLovu: checks 
*** TURN *** [9c Kd 4s] [Ts]
BlueEyesWhite: checks 
Dorex2007: checks 
Hogline66: bets $0.09
LaroLovu: folds 
BlueEyesWhite: folds 
Dorex2007: folds 
Uncalled bet ($0.09) returned to Hogline66
Hogline66 collected $0.18 from pot
*** SUMMARY ***
Total pot $0.19 | Rake $0.01 
Board [9c Kd 4s Ts]
Seat 1: rsavir folded before Flop (didn't bet)
Seat 3: Hogline66 collected ($0.18)
Seat 4: LaroLovu (button) folded on the Turn
Seat 5: 8138547 (small blind) folded before Flop
Seat 6: VANVIGA (big blind) folded before Flop
Seat 7: kiling1 folded before Flop (didn't bet)
Seat 8: BlueEyesWhite folded on the Turn
Seat 9: Dorex2007 folded on the Turn



PokerStars Hand #237402277605:  Hold'em No Limit ($0.01/$0.02 USD) - 2022/07/16 16:03:54 PT [2022/07/16 19:03:54 ET]
Table 'Vogtia III' 9-max Seat #5 is the button
Seat 1: rsavir ($1.08 in chips) 
Seat 3: Hogline66 ($1.60 in chips) 
Seat 4: LaroLovu ($1.25 in chips) 
Seat 5: 8138547 ($2.48 in chips) 
Seat 6: VANVIGA ($1.60 in chips) 
Seat 7: kiling1 ($2 in chips) 
Seat 8: BlueEyesWhite ($1.96 in chips) 
Seat 9: Dorex2007 ($2 in chips) 
VANVIGA: posts small blind $0.01
kiling1: posts big blind $0.02
mageo88: sits out 
*** HOLE CARDS ***
Dealt to Dorex2007 [2h 5c]
BlueEyesWhite has timed out
BlueEyesWhite: folds 
Dorex2007: folds 
rsavir: calls $0.02
Hogline66: calls $0.02
LaroLovu: folds 
8138547: folds 
VANVIGA: raises $0.04 to $0.06
kiling1: calls $0.04
rsavir: calls $0.04
Hogline66: calls $0.04
*** FLOP *** [7s Tc 5s]
VANVIGA: checks 
kiling1: checks 
rsavir: checks 
Hogline66: checks 
*** TURN *** [7s Tc 5s] [Qc]
VANVIGA: bets $0.16
kiling1: folds 
rsavir: folds 
Hogline66: folds 
Uncalled bet ($0.16) returned to VANVIGA
VANVIGA collected $0.23 from pot
*** SUMMARY ***
Total pot $0.24 | Rake $0.01 
Board [7s Tc 5s Qc]
Seat 1: rsavir folded on the Turn
Seat 3: Hogline66 folded on the Turn
Seat 4: LaroLovu folded before Flop (didn't bet)
Seat 5: 8138547 (button) folded before Flop (didn't bet)
Seat 6: VANVIGA (small blind) collected ($0.23)
Seat 7: kiling1 (big blind) folded on the Turn
Seat 8: BlueEyesWhite folded before Flop (didn't bet)
Seat 9: Dorex2007 folded before Flop (didn't bet)



PokerStars Hand #237402296596:  Hold'em No Limit ($0.01/$0.02 USD) - 2022/07/16 16:05:01 PT [2022/07/16 19:05:01 ET]
Table 'Vogtia III' 9-max Seat #6 is the button
Seat 1: rsavir ($1.02 in chips) 
Seat 3: Hogline66 ($1.54 in chips) 
Seat 4: LaroLovu ($1.25 in chips) 
Seat 5: 8138547 ($2.48 in chips) 
Seat 6: VANVIGA ($1.77 in chips) 
Seat 7: kiling1 ($1.94 in chips) 
Seat 8: BlueEyesWhite ($1.96 in chips) 
Seat 9: Dorex2007 ($2 in chips) 
kiling1: posts small blind $0.01
BlueEyesWhite: posts big blind $0.02
mageo88: sits out 
*** HOLE CARDS ***
Dealt to Dorex2007 [5s Qh]
Dorex2007: folds 
rsavir: folds 
Hogline66: calls $0.02
LaroLovu: folds 
8138547: folds 
VANVIGA: calls $0.02
kiling1: raises $0.12 to $0.14
BlueEyesWhite: folds 
Hogline66: folds 
VANVIGA: calls $0.12
*** FLOP *** [5d Kh 2c]
kiling1: bets $0.10
VANVIGA: calls $0.10
*** TURN *** [5d Kh 2c] [3d]
kiling1: bets $0.25
VANVIGA: raises $0.25 to $0.50
kiling1: folds 
Uncalled bet ($0.25) returned to VANVIGA
VANVIGA collected $0.98 from pot
*** SUMMARY ***
Total pot $1.02 | Rake $0.04 
Board [5d Kh 2c 3d]
Seat 1: rsavir folded before Flop (didn't bet)
Seat 3: Hogline66 folded before Flop
Seat 4: LaroLovu folded before Flop (didn't bet)
Seat 5: 8138547 folded before Flop (didn't bet)
Seat 6: VANVIGA (button) collected ($0.98)
Seat 7: kiling1 (small blind) folded on the Turn
Seat 8: BlueEyesWhite (big blind) folded before Flop
Seat 9: Dorex2007 folded before Flop (didn't bet)



PokerStars Hand #237402313594:  Hold'em No Limit ($0.01/$0.02 USD) - 2022/07/16 16:06:01 PT [2022/07/16 19:06:01 ET]
Table 'Vogtia III' 9-max Seat #7 is the button
Seat 1: rsavir ($1.02 in chips) 
Seat 3: Hogline66 ($1.52 in chips) 
Seat 4: LaroLovu ($1.25 in chips) 
Seat 5: 8138547 ($2.48 in chips) 
Seat 6: VANVIGA ($2.26 in chips) 
Seat 7: kiling1 ($1.45 in chips) 
Seat 8: BlueEyesWhite ($1.94 in chips) 
Seat 9: Dorex2007 ($2 in chips) 
BlueEyesWhite: posts small blind $0.01
Dorex2007: posts big blind $0.02
mageo88: sits out 
*** HOLE CARDS ***
Dealt to Dorex2007 [8s As]
rsavir: calls $0.02
Hogline66: calls $0.02
LaroLovu: folds 
8138547: folds 
VANVIGA: calls $0.02
kiling1: folds 
BlueEyesWhite: calls $0.01
Dorex2007: checks 
*** FLOP *** [4h Qd 9h]
BlueEyesWhite: checks 
Dorex2007: bets $0.07
rsavir: folds 
Hogline66: folds 
VANVIGA: calls $0.07
BlueEyesWhite: folds 
*** TURN *** [4h Qd 9h] [8d]
Dorex2007: checks 
VANVIGA: checks 
*** RIVER *** [4h Qd 9h 8d] [Ah]
Dorex2007: bets $0.23
VANVIGA: calls $0.23
*** SHOW DOWN ***
Dorex2007: shows [8s As] (two pair, Aces and Eights)
VANVIGA: shows [Jh 7h] (a flush, Ace high)
VANVIGA collected $0.68 from pot
*** SUMMARY ***
Total pot $0.70 | Rake $0.02 
Board [4h Qd 9h 8d Ah]
Seat 1: rsavir folded on the Flop
Seat 3: Hogline66 folded on the Flop
Seat 4: LaroLovu folded before Flop (didn't bet)
Seat 5: 8138547 folded before Flop (didn't bet)
Seat 6: VANVIGA showed [Jh 7h] and won ($0.68) with a flush, Ace high
Seat 7: kiling1 (button) folded before Flop (didn't bet)
Seat 8: BlueEyesWhite (small blind) folded on the Flop
Seat 9: Dorex2007 (big blind) showed [8s As] and lost with two pair, Aces and Eights



PokerStars Hand #237402329098:  Hold'em No Limit ($0.01/$0.02 USD) - 2022/07/16 16:06:57 PT [2022/07/16 19:06:57 ET]
Table 'Vogtia III' 9-max Seat #8 is the button
Seat 1: rsavir ($1 in chips) 
Seat 3: Hogline66 ($1.50 in chips) 
Seat 4: LaroLovu ($1.25 in chips) 
Seat 5: 8138547 ($2.48 in chips) 
Seat 6: VANVIGA ($2.62 in chips) 
Seat 7: kiling1 ($2 in chips) 
Seat 8: BlueEyesWhite ($1.92 in chips) 
Seat 9: Dorex2007 ($2 in chips) 
Dorex2007: posts small blind $0.01
rsavir: posts big blind $0.02
mageo88: sits out 
*** HOLE CARDS ***
Dealt to Dorex2007 [3c 9d]
Hogline66: calls $0.02
LaroLovu: calls $0.02
8138547: folds 
VANVIGA: calls $0.02
kiling1: folds 
BlueEyesWhite: calls $0.02
Dorex2007: folds 
rsavir: checks 
*** FLOP *** [Jd 4d Ks]
rsavir: checks 
Hogline66: checks 
LaroLovu: bets $0.05
VANVIGA: folds 
BlueEyesWhite: folds 
rsavir: folds 
Hogline66: folds 
Uncalled bet ($0.05) returned to LaroLovu
LaroLovu collected $0.11 from pot
*** SUMMARY ***
Total pot $0.11 | Rake $0 
Board [Jd 4d Ks]
Seat 1: rsavir (big blind) folded on the Flop
Seat 3: Hogline66 folded on the Flop
Seat 4: LaroLovu collected ($0.11)
Seat 5: 8138547 folded before Flop (didn't bet)
Seat 6: VANVIGA folded on the Flop
Seat 7: kiling1 folded before Flop (didn't bet)
Seat 8: BlueEyesWhite (button) folded on the Flop
Seat 9: Dorex2007 (small blind) folded before Flop



PokerStars Hand #237402338027:  Hold'em No Limit ($0.01/$0.02 USD) - 2022/07/16 16:07:29 PT [2022/07/16 19:07:29 ET]
Table 'Vogtia III' 9-max Seat #9 is the button
Seat 1: rsavir ($0.98 in chips) 
Seat 2: mageo88 ($2 in chips) 
Seat 3: Hogline66 ($1.48 in chips) 
Seat 4: LaroLovu ($1.34 in chips) 
Seat 5: 8138547 ($2.48 in chips) 
Seat 6: VANVIGA ($2.60 in chips) 
Seat 7: kiling1 ($2 in chips) 
Seat 8: BlueEyesWhite ($1.90 in chips) 
Seat 9: Dorex2007 ($2 in chips) 
rsavir: posts small blind $0.01
mageo88: posts big blind $0.02
*** HOLE CARDS ***
Dealt to Dorex2007 [9d Qh]
Hogline66: folds 
LaroLovu: folds 
8138547: folds 
VANVIGA: folds 
kiling1: raises $0.04 to $0.06
BlueEyesWhite: folds 
Dorex2007: folds 
rsavir: folds 
mageo88: calls $0.04
*** FLOP *** [9s 5d Td]
mageo88: checks 
kiling1: checks 
*** TURN *** [9s 5d Td] [4h]
mageo88: bets $0.07
kiling1: folds 
Uncalled bet ($0.07) returned to mageo88
kiling1 leaves the table
mageo88 collected $0.13 from pot
*** SUMMARY ***
Total pot $0.13 | Rake $0 
Board [9s 5d Td 4h]
Seat 1: rsavir (small blind) folded before Flop
Seat 2: mageo88 (big blind) collected ($0.13)
Seat 3: Hogline66 folded before Flop (didn't bet)
Seat 4: LaroLovu folded before Flop (didn't bet)
Seat 5: 8138547 folded before Flop (didn't bet)
Seat 6: VANVIGA folded before Flop (didn't bet)
Seat 7: kiling1 folded on the Turn
Seat 8: BlueEyesWhite folded before Flop (didn't bet)
Seat 9: Dorex2007 (button) folded before Flop (didn't bet)



PokerStars Hand #237402352009:  Hold'em No Limit ($0.01/$0.02 USD) - 2022/07/16 16:08:19 PT [2022/07/16 19:08:19 ET]
Table 'Vogtia III' 9-max Seat #1 is the button
Seat 1: rsavir ($0.97 in chips) 
Seat 2: mageo88 ($2.07 in chips) 
Seat 3: Hogline66 ($1.48 in chips) 
Seat 4: LaroLovu ($1.34 in chips) 
Seat 5: 8138547 ($2.48 in chips) 
Seat 6: VANVIGA ($2.60 in chips) 
Seat 8: BlueEyesWhite ($1.90 in chips) 
Seat 9: Dorex2007 ($2 in chips) 
mageo88: posts small blind $0.01
Hogline66: posts big blind $0.02
*** HOLE CARDS ***
Dealt to Dorex2007 [4d Ad]
LaroLovu: folds 
8138547: calls $0.02
VANVIGA: folds 
Mikey J410 joins the table at seat #7 
BlueEyesWhite has timed out
BlueEyesWhite: folds 
Dorex2007: raises $0.08 to $0.10
rsavir: folds 
mageo88: calls $0.09
Hogline66: folds 
8138547: calls $0.08
*** FLOP *** [Kh 3h 4c]
mageo88: checks 
8138547: checks 
Dorex2007: bets $0.21
mageo88: folds 
8138547: folds 
Uncalled bet ($0.21) returned to Dorex2007
Dorex2007 collected $0.31 from pot
*** SUMMARY ***
Total pot $0.32 | Rake $0.01 
Board [Kh 3h 4c]
Seat 1: rsavir (button) folded before Flop (didn't bet)
Seat 2: mageo88 (small blind) folded on the Flop
Seat 3: Hogline66 (big blind) folded before Flop
Seat 4: LaroLovu folded before Flop (didn't bet)
Seat 5: 8138547 folded on the Flop
Seat 6: VANVIGA folded before Flop (didn't bet)
Seat 8: BlueEyesWhite folded before Flop (didn't bet)
Seat 9: Dorex2007 collected ($0.31)



PokerStars Hand #237402365547:  Hold'em No Limit ($0.01/$0.02 USD) - 2022/07/16 16:09:07 PT [2022/07/16 19:09:07 ET]
Table 'Vogtia III' 9-max Seat #2 is the button
Seat 1: rsavir ($0.97 in chips) 
Seat 2: mageo88 ($2 in chips) 
Seat 3: Hogline66 ($1.46 in chips) 
Seat 4: LaroLovu ($1.34 in chips) 
Seat 5: 8138547 ($2.38 in chips) 
Seat 6: VANVIGA ($2.60 in chips) 
Seat 7: Mikey J410 ($1.60 in chips) 
Seat 8: BlueEyesWhite ($1.90 in chips) 
Seat 9: Dorex2007 ($2.21 in chips) 
Hogline66: posts small blind $0.01
LaroLovu: posts big blind $0.02
Mikey J410: posts big blind $0.02
*** HOLE CARDS ***
Dealt to Dorex2007 [3c Qd]
8138547: folds 
VANVIGA has timed out
VANVIGA: folds 
Mikey J410: checks 
BlueEyesWhite: raises $0.04 to $0.06
Dorex2007: folds 
rsavir: folds 
mageo88: raises $0.17 to $0.23
Hogline66: calls $0.22
LaroLovu: folds 
Mikey J410: folds 
BlueEyesWhite: raises $0.37 to $0.60
mageo88: raises $1.40 to $2 and is all-in
Hogline66: folds 
BlueEyesWhite: calls $1.30 and is all-in
Uncalled bet ($0.10) returned to mageo88
*** FLOP *** [Jc Qh 5s]
*** TURN *** [Jc Qh 5s] [4c]
*** RIVER *** [Jc Qh 5s 4c] [4h]
*** SHOW DOWN ***
BlueEyesWhite: shows [Ks Kd] (two pair, Kings and Fours)
mageo88: shows [8d 8h] (two pair, Eights and Fours)
BlueEyesWhite collected $3.93 from pot
*** SUMMARY ***
Total pot $4.07 | Rake $0.14 
Board [Jc Qh 5s 4c 4h]
Seat 1: rsavir folded before Flop (didn't bet)
Seat 2: mageo88 (button) showed [8d 8h] and lost with two pair, Eights and Fours
Seat 3: Hogline66 (small blind) folded before Flop
Seat 4: LaroLovu (big blind) folded before Flop
Seat 5: 8138547 folded before Flop (didn't bet)
Seat 6: VANVIGA folded before Flop (didn't bet)
Seat 7: Mikey J410 folded before Flop (didn't bet)
Seat 8: BlueEyesWhite showed [Ks Kd] and won ($3.93) with two pair, Kings and Fours
Seat 9: Dorex2007 folded before Flop (didn't bet)



PokerStars Hand #237402385232:  Hold'em No Limit ($0.01/$0.02 USD) - 2022/07/16 16:10:13 PT [2022/07/16 19:10:13 ET]
Table 'Vogtia III' 9-max Seat #3 is the button
Seat 1: rsavir ($0.97 in chips) 
Seat 2: mageo88 ($2 in chips) 
Seat 3: Hogline66 ($1.23 in chips) 
Seat 4: LaroLovu ($1.32 in chips) 
Seat 5: 8138547 ($2.38 in chips) 
Seat 7: Mikey J410 ($1.58 in chips) 
Seat 8: BlueEyesWhite ($3.93 in chips) 
Seat 9: Dorex2007 ($2.21 in chips) 
LaroLovu: posts small blind $0.01
8138547: posts big blind $0.02
*** HOLE CARDS ***
Dealt to Dorex2007 [6c 6s]
Mikey J410: folds 
BlueEyesWhite: folds 
Dorex2007: raises $0.04 to $0.06
rsavir: calls $0.06
mageo88: calls $0.06
Hogline66: folds 
LaroLovu: raises $0.40 to $0.46
8138547: folds 
Dorex2007: folds 
rsavir: folds 
mageo88: folds 
Uncalled bet ($0.40) returned to LaroLovu
LaroLovu collected $0.26 from pot
*** SUMMARY ***
Total pot $0.26 | Rake $0 
Seat 1: rsavir folded before Flop
Seat 2: mageo88 folded before Flop
Seat 3: Hogline66 (button) folded before Flop (didn't bet)
Seat 4: LaroLovu (small blind) collected ($0.26)
Seat 5: 8138547 (big blind) folded before Flop
Seat 7: Mikey J410 folded before Flop (didn't bet)
Seat 8: BlueEyesWhite folded before Flop (didn't bet)
Seat 9: Dorex2007 folded before Flop



PokerStars Hand #237402399338:  Hold'em No Limit ($0.01/$0.02 USD) - 2022/07/16 16:11:04 PT [2022/07/16 19:11:04 ET]
Table 'Vogtia III' 9-max Seat #4 is the button
Seat 1: rsavir ($0.91 in chips) 
Seat 2: mageo88 ($2 in chips) 
Seat 3: Hogline66 ($1.23 in chips) 
Seat 4: LaroLovu ($1.52 in chips) 
Seat 5: 8138547 ($2.36 in chips) 
Seat 7: Mikey J410 ($1.58 in chips) 
Seat 8: BlueEyesWhite ($3.93 in chips) 
Seat 9: Dorex2007 ($2.15 in chips) 
8138547: posts small blind $0.01
Mikey J410: posts big blind $0.02
*** HOLE CARDS ***
Dealt to Dorex2007 [6c Kd]
BlueEyesWhite: folds 
Dorex2007: folds 
rsavir: folds 
mageo88: folds 
Hogline66: calls $0.02
LaroLovu: folds 
8138547: folds 
Mikey J410: checks 
*** FLOP *** [Js Tc Ks]
Mikey J410: checks 
Hogline66: bets $0.02
Mikey J410: folds 
Uncalled bet ($0.02) returned to Hogline66
Hogline66 collected $0.05 from pot
*** SUMMARY ***
Total pot $0.05 | Rake $0 
Board [Js Tc Ks]
Seat 1: rsavir folded before Flop (didn't bet)
Seat 2: mageo88 folded before Flop (didn't bet)
Seat 3: Hogline66 collected ($0.05)
Seat 4: LaroLovu (button) folded before Flop (didn't bet)
Seat 5: 8138547 (small blind) folded before Flop
Seat 7: Mikey J410 (big blind) folded on the Flop
Seat 8: BlueEyesWhite folded before Flop (didn't bet)
Seat 9: Dorex2007 folded before Flop (didn't bet)



PokerStars Hand #237402407502:  Hold'em No Limit ($0.01/$0.02 USD) - 2022/07/16 16:11:33 PT [2022/07/16 19:11:33 ET]
Table 'Vogtia III' 9-max Seat #5 is the button
Seat 1: rsavir ($0.91 in chips) 
Seat 2: mageo88 ($2 in chips) 
Seat 3: Hogline66 ($1.26 in chips) 
Seat 4: LaroLovu ($1.52 in chips) 
Seat 5: 8138547 ($2.35 in chips) 
Seat 7: Mikey J410 ($1.56 in chips) 
Seat 8: BlueEyesWhite ($3.93 in chips) 
Seat 9: Dorex2007 ($2.15 in chips) 
Mikey J410: posts small blind $0.01
BlueEyesWhite: posts big blind $0.02
*** HOLE CARDS ***
Dealt to Dorex2007 [Jh 5d]
Dorex2007: folds 
rsavir: folds 
mageo88: raises $0.04 to $0.06
Hogline66: calls $0.06
LaroLovu: folds 
8138547: calls $0.06
Mikey J410: folds 
BlueEyesWhite: folds 
*** FLOP *** [6s 2d 4c]
mageo88: bets $0.10
Hogline66: folds 
8138547: calls $0.10
*** TURN *** [6s 2d 4c] [Qc]
mageo88: bets $0.20
8138547: folds 
Uncalled bet ($0.20) returned to mageo88
mageo88 collected $0.40 from pot
*** SUMMARY ***
Total pot $0.41 | Rake $0.01 
Board [6s 2d 4c Qc]
Seat 1: rsavir folded before Flop (didn't bet)
Seat 2: mageo88 collected ($0.40)
Seat 3: Hogline66 folded on the Flop
Seat 4: LaroLovu folded before Flop (didn't bet)
Seat 5: 8138547 (button) folded on the Turn
Seat 7: Mikey J410 (small blind) folded before Flop
Seat 8: BlueEyesWhite (big blind) folded before Flop
Seat 9: Dorex2007 folded before Flop (didn't bet)



PokerStars Hand #237402422661:  Hold'em No Limit ($0.01/$0.02 USD) - 2022/07/16 16:12:28 PT [2022/07/16 19:12:28 ET]
Table 'Vogtia III' 9-max Seat #7 is the button
Seat 1: rsavir ($0.91 in chips) 
Seat 2: mageo88 ($2.24 in chips) 
Seat 3: Hogline66 ($1.20 in chips) 
Seat 4: LaroLovu ($1.52 in chips) 
Seat 5: 8138547 ($2.19 in chips) 
Seat 7: Mikey J410 ($1.55 in chips) 
Seat 8: BlueEyesWhite ($3.91 in chips) 
Seat 9: Dorex2007 ($2.15 in chips) 
BlueEyesWhite: posts small blind $0.01
Dorex2007: posts big blind $0.02
*** HOLE CARDS ***
Dealt to Dorex2007 [2s 4c]
rsavir: folds 
mageo88: folds 
Hogline66: raises $0.04 to $0.06
LaroLovu: folds 
8138547: calls $0.06
Mikey J410: folds 
BlueEyesWhite: calls $0.05
Dorex2007: folds 
*** FLOP *** [3h Qd Kc]
BlueEyesWhite: checks 
Hogline66: bets $0.09
8138547: calls $0.09
BlueEyesWhite: folds 
*** TURN *** [3h Qd Kc] [Qc]
Hogline66: bets $0.18
8138547: calls $0.18
*** RIVER *** [3h Qd Kc Qc] [Qh]
Hogline66: bets $0.71
8138547: folds 
Uncalled bet ($0.71) returned to Hogline66
Hogline66 collected $0.71 from pot
*** SUMMARY ***
Total pot $0.74 | Rake $0.03 
Board [3h Qd Kc Qc Qh]
Seat 1: rsavir folded before Flop (didn't bet)
Seat 2: mageo88 folded before Flop (didn't bet)
Seat 3: Hogline66 collected ($0.71)
Seat 4: LaroLovu folded before Flop (didn't bet)
Seat 5: 8138547 folded on the River
Seat 7: Mikey J410 (button) folded before Flop (didn't bet)
Seat 8: BlueEyesWhite (small blind) folded on the Flop
Seat 9: Dorex2007 (big blind) folded before Flop



PokerStars Hand #237402443341:  Hold'em No Limit ($0.01/$0.02 USD) - 2022/07/16 16:13:42 PT [2022/07/16 19:13:42 ET]
Table 'Vogtia III' 9-max Seat #8 is the button
Seat 1: rsavir ($0.91 in chips) 
Seat 2: mageo88 ($2.24 in chips) 
Seat 3: Hogline66 ($1.58 in chips) 
Seat 4: LaroLovu ($1.52 in chips) 
Seat 5: 8138547 ($1.86 in chips) 
Seat 7: Mikey J410 ($1.55 in chips) 
Seat 8: BlueEyesWhite ($3.85 in chips) 
Seat 9: Dorex2007 ($2.13 in chips) 
Dorex2007: posts small blind $0.01
rsavir: posts big blind $0.02
*** HOLE CARDS ***
Dealt to Dorex2007 [5h 2s]
mageo88: folds 
Hogline66: calls $0.02
LaroLovu: folds 
8138547: folds 
Mikey J410: folds 
BlueEyesWhite: raises $0.06 to $0.08
Dorex2007: folds 
rsavir: folds 
Hogline66: calls $0.06
*** FLOP *** [Ad Jd 6h]
Hogline66: bets $0.06
BlueEyesWhite: raises $0.08 to $0.14
Hogline66: folds 
Uncalled bet ($0.08) returned to BlueEyesWhite
BlueEyesWhite collected $0.30 from pot
*** SUMMARY ***
Total pot $0.31 | Rake $0.01 
Board [Ad Jd 6h]
Seat 1: rsavir (big blind) folded before Flop
Seat 2: mageo88 folded before Flop (didn't bet)
Seat 3: Hogline66 folded on the Flop
Seat 4: LaroLovu folded before Flop (didn't bet)
Seat 5: 8138547 folded before Flop (didn't bet)
Seat 7: Mikey J410 folded before Flop (didn't bet)
Seat 8: BlueEyesWhite (button) collected ($0.30)
Seat 9: Dorex2007 (small blind) folded before Flop



PokerStars Hand #237402454983:  Hold'em No Limit ($0.01/$0.02 USD) - 2022/07/16 16:14:24 PT [2022/07/16 19:14:24 ET]
Table 'Vogtia III' 9-max Seat #9 is the button
Seat 1: rsavir ($0.89 in chips) 
Seat 2: mageo88 ($2.24 in chips) 
Seat 3: Hogline66 ($1.44 in chips) 
Seat 4: LaroLovu ($1.52 in chips) 
Seat 5: 8138547 ($1.86 in chips) 
Seat 7: Mikey J410 ($1.55 in chips) 
Seat 8: BlueEyesWhite ($4.01 in chips) 
Seat 9: Dorex2007 ($2.12 in chips) 
rsavir: posts small blind $0.01
mageo88: posts big blind $0.02
*** HOLE CARDS ***
Dealt to Dorex2007 [As Kd]
Hogline66: folds 
LaroLovu: calls $0.02
8138547: raises $0.06 to $0.08
Mikey J410: folds 
BlueEyesWhite: folds 
Dorex2007: raises $0.14 to $0.22
rsavir: folds 
mageo88: folds 
LaroLovu: folds 
8138547: folds 
Uncalled bet ($0.14) returned to Dorex2007
Dorex2007 collected $0.21 from pot
*** SUMMARY ***
Total pot $0.21 | Rake $0 
Seat 1: rsavir (small blind) folded before Flop
Seat 2: mageo88 (big blind) folded before Flop
Seat 3: Hogline66 folded before Flop (didn't bet)
Seat 4: LaroLovu folded before Flop
Seat 5: 8138547 folded before Flop
Seat 7: Mikey J410 folded before Flop (didn't bet)
Seat 8: BlueEyesWhite folded before Flop (didn't bet)
Seat 9: Dorex2007 (button) collected ($0.21)



PokerStars Hand #237402469478:  Hold'em No Limit ($0.01/$0.02 USD) - 2022/07/16 16:15:16 PT [2022/07/16 19:15:16 ET]
Table 'Vogtia III' 9-max Seat #1 is the button
Seat 1: rsavir ($0.88 in chips) 
Seat 2: mageo88 ($2.22 in chips) 
Seat 3: Hogline66 ($1.44 in chips) 
Seat 4: LaroLovu ($1.50 in chips) 
Seat 5: 8138547 ($1.78 in chips) 
Seat 7: Mikey J410 ($1.55 in chips) 
Seat 8: BlueEyesWhite ($4.01 in chips) 
Seat 9: Dorex2007 ($2.25 in chips) 
mageo88: posts small blind $0.01
Hogline66: posts big blind $0.02
*** HOLE CARDS ***
Dealt to Dorex2007 [2h 2d]
LaroLovu: folds 
8138547: folds 
Mikey J410: folds 
BlueEyesWhite: folds 
Dorex2007: folds 
rsavir: raises $0.02 to $0.04
mageo88: folds 
Hogline66: calls $0.02
*** FLOP *** [As Ks 5h]
Hogline66: bets $0.04
rsavir: folds 
Uncalled bet ($0.04) returned to Hogline66
Hogline66 collected $0.09 from pot
*** SUMMARY ***
Total pot $0.09 | Rake $0 
Board [As Ks 5h]
Seat 1: rsavir (button) folded on the Flop
Seat 2: mageo88 (small blind) folded before Flop
Seat 3: Hogline66 (big blind) collected ($0.09)
Seat 4: LaroLovu folded before Flop (didn't bet)
Seat 5: 8138547 folded before Flop (didn't bet)
Seat 7: Mikey J410 folded before Flop (didn't bet)
Seat 8: BlueEyesWhite folded before Flop (didn't bet)
Seat 9: Dorex2007 folded before Flop (didn't bet)



PokerStars Hand #237402478617:  Hold'em No Limit ($0.01/$0.02 USD) - 2022/07/16 16:15:50 PT [2022/07/16 19:15:50 ET]
Table 'Vogtia III' 9-max Seat #2 is the button
Seat 1: rsavir ($0.84 in chips) 
Seat 2: mageo88 ($2.21 in chips) 
Seat 3: Hogline66 ($1.49 in chips) 
Seat 4: LaroLovu ($1.50 in chips) 
Seat 5: 8138547 ($1.78 in chips) 
Seat 7: Mikey J410 ($1.55 in chips) 
Seat 8: BlueEyesWhite ($4.01 in chips) 
Seat 9: Dorex2007 ($2.25 in chips) 
Hogline66: posts small blind $0.01
LaroLovu: posts big blind $0.02
*** HOLE CARDS ***
Dealt to Dorex2007 [Ts 6h]
8138547: folds 
Mikey J410: folds 
BlueEyesWhite: folds 
Dorex2007: folds 
rsavir: folds 
mageo88: raises $0.04 to $0.06
Hogline66: calls $0.05
LaroLovu: calls $0.04
*** FLOP *** [4h 2s Js]
Hogline66: checks 
LaroLovu: checks 
mageo88: bets $0.09
Hogline66: folds 
LaroLovu: folds 
Uncalled bet ($0.09) returned to mageo88
mageo88 collected $0.17 from pot
*** SUMMARY ***
Total pot $0.18 | Rake $0.01 
Board [4h 2s Js]
Seat 1: rsavir folded before Flop (didn't bet)
Seat 2: mageo88 (button) collected ($0.17)
Seat 3: Hogline66 (small blind) folded on the Flop
Seat 4: LaroLovu (big blind) folded on the Flop
Seat 5: 8138547 folded before Flop (didn't bet)
Seat 7: Mikey J410 folded before Flop (didn't bet)
Seat 8: BlueEyesWhite folded before Flop (didn't bet)
Seat 9: Dorex2007 folded before Flop (didn't bet)



PokerStars Hand #237402492048:  Hold'em No Limit ($0.01/$0.02 USD) - 2022/07/16 16:16:39 PT [2022/07/16 19:16:39 ET]
Table 'Vogtia III' 9-max Seat #3 is the button
Seat 1: rsavir ($0.84 in chips) 
Seat 2: mageo88 ($2.32 in chips) 
Seat 3: Hogline66 ($1.43 in chips) 
Seat 4: LaroLovu ($1.44 in chips) 
Seat 5: 8138547 ($1.78 in chips) 
Seat 7: Mikey J410 ($1.55 in chips) 
Seat 8: BlueEyesWhite ($4.01 in chips) 
Seat 9: Dorex2007 ($2.25 in chips) 
LaroLovu: posts small blind $0.01
8138547: posts big blind $0.02
*** HOLE CARDS ***
Dealt to Dorex2007 [4s Ks]
Mikey J410: folds 
BlueEyesWhite: raises $0.04 to $0.06
Dorex2007: folds 
rsavir: folds 
mageo88: folds 
Hogline66: calls $0.06
LaroLovu: calls $0.05
8138547: folds 
*** FLOP *** [Jd 5h Jc]
LaroLovu: checks 
BlueEyesWhite: bets $0.09
Hogline66: calls $0.09
LaroLovu: folds 
*** TURN *** [Jd 5h Jc] [4h]
BlueEyesWhite: bets $0.18
Hogline66: calls $0.18
*** RIVER *** [Jd 5h Jc 4h] [Qd]
BlueEyesWhite: bets $0.35
Hogline66: calls $0.35
*** SHOW DOWN ***
BlueEyesWhite: shows [Ah Ac] (two pair, Aces and Jacks)
Hogline66: mucks hand 
BlueEyesWhite collected $1.39 from pot
*** SUMMARY ***
Total pot $1.44 | Rake $0.05 
Board [Jd 5h Jc 4h Qd]
Seat 1: rsavir folded before Flop (didn't bet)
Seat 2: mageo88 folded before Flop (didn't bet)
Seat 3: Hogline66 (button) mucked [5d 4d]
Seat 4: LaroLovu (small blind) folded on the Flop
Seat 5: 8138547 (big blind) folded before Flop
Seat 7: Mikey J410 folded before Flop (didn't bet)
Seat 8: BlueEyesWhite showed [Ah Ac] and won ($1.39) with two pair, Aces and Jacks
Seat 9: Dorex2007 folded before Flop (didn't bet)



PokerStars Hand #237402507864:  Hold'em No Limit ($0.01/$0.02 USD) - 2022/07/16 16:17:37 PT [2022/07/16 19:17:37 ET]
Table 'Vogtia III' 9-max Seat #4 is the button
Seat 1: rsavir ($0.84 in chips) 
Seat 2: mageo88 ($2.32 in chips) 
Seat 3: Hogline66 ($0.75 in chips) 
Seat 4: LaroLovu ($1.38 in chips) 
Seat 5: 8138547 ($1.76 in chips) 
Seat 7: Mikey J410 ($1.55 in chips) 
Seat 8: BlueEyesWhite ($4.72 in chips) 
Seat 9: Dorex2007 ($2.25 in chips) 
8138547: posts small blind $0.01
Mikey J410: posts big blind $0.02
*** HOLE CARDS ***
Dealt to Dorex2007 [Ac 6d]
BlueEyesWhite has timed out
BlueEyesWhite: folds 
Dorex2007: folds 
rsavir: folds 
mageo88: folds 
Hogline66: calls $0.02
LaroLovu: folds 
8138547: folds 
Mikey J410: checks 
*** FLOP *** [Js Ad 5d]
Mikey J410: checks 
Hogline66: bets $0.05
Mikey J410: folds 
Uncalled bet ($0.05) returned to Hogline66
Hogline66 collected $0.05 from pot
*** SUMMARY ***
Total pot $0.05 | Rake $0 
Board [Js Ad 5d]
Seat 1: rsavir folded before Flop (didn't bet)
Seat 2: mageo88 folded before Flop (didn't bet)
Seat 3: Hogline66 collected ($0.05)
Seat 4: LaroLovu (button) folded before Flop (didn't bet)
Seat 5: 8138547 (small blind) folded before Flop
Seat 7: Mikey J410 (big blind) folded on the Flop
Seat 8: BlueEyesWhite folded before Flop (didn't bet)
Seat 9: Dorex2007 folded before Flop (didn't bet)



PokerStars Hand #237402531445:  Hold'em No Limit ($0.01/$0.02 USD) - 2022/07/16 16:18:16 PT [2022/07/16 19:18:16 ET]
Table 'Vogtia III' 9-max Seat #5 is the button
Seat 1: rsavir ($0.84 in chips) 
Seat 2: mageo88 ($2.32 in chips) 
Seat 3: Hogline66 ($0.78 in chips) 
Seat 4: LaroLovu ($1.38 in chips) 
Seat 5: 8138547 ($1.75 in chips) 
Seat 7: Mikey J410 ($1.53 in chips) 
Seat 8: BlueEyesWhite ($4.72 in chips) 
Seat 9: Dorex2007 ($2.25 in chips) 
Mikey J410: posts small blind $0.01
BlueEyesWhite: posts big blind $0.02
*** HOLE CARDS ***
Dealt to Dorex2007 [2h 3s]
Dorex2007: folds 
rsavir: folds 
mageo88: folds 
Hogline66: calls $0.02
LaroLovu: folds 
8138547: folds 
Mikey J410: folds 
BlueEyesWhite: checks 
*** FLOP *** [7d 5s 8s]
BlueEyesWhite: bets $0.02
Hogline66: calls $0.02
*** TURN *** [7d 5s 8s] [Ac]
BlueEyesWhite: bets $0.04
Hogline66: calls $0.04
*** RIVER *** [7d 5s 8s Ac] [4h]
BlueEyesWhite: checks 
Hogline66: checks 
*** SHOW DOWN ***
BlueEyesWhite: shows [Ts Qs] (high card Ace)
Hogline66: mucks hand 
BlueEyesWhite collected $0.16 from pot
*** SUMMARY ***
Total pot $0.17 | Rake $0.01 
Board [7d 5s 8s Ac 4h]
Seat 1: rsavir folded before Flop (didn't bet)
Seat 2: mageo88 folded before Flop (didn't bet)
Seat 3: Hogline66 mucked [Jh 9d]
Seat 4: LaroLovu folded before Flop (didn't bet)
Seat 5: 8138547 (button) folded before Flop (didn't bet)
Seat 7: Mikey J410 (small blind) folded before Flop
Seat 8: BlueEyesWhite (big blind) showed [Ts Qs] and won ($0.16) with high card Ace
Seat 9: Dorex2007 folded before Flop (didn't bet)



PokerStars Hand #237402546316:  Hold'em No Limit ($0.01/$0.02 USD) - 2022/07/16 16:19:11 PT [2022/07/16 19:19:11 ET]
Table 'Vogtia III' 9-max Seat #7 is the button
Seat 1: rsavir ($0.84 in chips) 
Seat 2: mageo88 ($2.32 in chips) 
Seat 3: Hogline66 ($0.70 in chips) 
Seat 4: LaroLovu ($1.38 in chips) 
Seat 5: 8138547 ($1.75 in chips) 
Seat 7: Mikey J410 ($1.52 in chips) 
Seat 8: BlueEyesWhite ($4.80 in chips) 
Seat 9: Dorex2007 ($2.25 in chips) 
BlueEyesWhite: posts small blind $0.01
Dorex2007: posts big blind $0.02
*** HOLE CARDS ***
Dealt to Dorex2007 [9d 4s]
rsavir: folds 
mageo88: folds 
Hogline66: folds 
LaroLovu: folds 
8138547: folds 
Mikey J410: folds 
BlueEyesWhite: folds 
Uncalled bet ($0.01) returned to Dorex2007
Dorex2007 collected $0.02 from pot
*** SUMMARY ***
Total pot $0.02 | Rake $0 
Seat 1: rsavir folded before Flop (didn't bet)
Seat 2: mageo88 folded before Flop (didn't bet)
Seat 3: Hogline66 folded before Flop (didn't bet)
Seat 4: LaroLovu folded before Flop (didn't bet)
Seat 5: 8138547 folded before Flop (didn't bet)
Seat 7: Mikey J410 (button) folded before Flop (didn't bet)
Seat 8: BlueEyesWhite (small blind) folded before Flop
Seat 9: Dorex2007 (big blind) collected ($0.02)



PokerStars Hand #237402552690:  Hold'em No Limit ($0.01/$0.02 USD) - 2022/07/16 16:19:35 PT [2022/07/16 19:19:35 ET]
Table 'Vogtia III' 9-max Seat #8 is the button
Seat 1: rsavir ($0.84 in chips) 
Seat 2: mageo88 ($2.32 in chips) 
Seat 3: Hogline66 ($0.70 in chips) 
Seat 4: LaroLovu ($1.38 in chips) 
Seat 5: 8138547 ($1.75 in chips) 
Seat 7: Mikey J410 ($1.52 in chips) 
Seat 8: BlueEyesWhite ($4.79 in chips) 
Seat 9: Dorex2007 ($2.26 in chips) 
Dorex2007: posts small blind $0.01
rsavir: posts big blind $0.02
*** HOLE CARDS ***
Dealt to Dorex2007 [4c Qh]
mageo88: folds 
Hogline66: folds 
LaroLovu: folds 
8138547: folds 
Mikey J410: raises $0.04 to $0.06
BlueEyesWhite: folds 
Dorex2007: folds 
rsavir: folds 
Uncalled bet ($0.04) returned to Mikey J410
Mikey J410 collected $0.05 from pot
*** SUMMARY ***
Total pot $0.05 | Rake $0 
Seat 1: rsavir (big blind) folded before Flop
Seat 2: mageo88 folded before Flop (didn't bet)
Seat 3: Hogline66 folded before Flop (didn't bet)
Seat 4: LaroLovu folded before Flop (didn't bet)
Seat 5: 8138547 folded before Flop (didn't bet)
Seat 7: Mikey J410 collected ($0.05)
Seat 8: BlueEyesWhite (button) folded before Flop (didn't bet)
Seat 9: Dorex2007 (small blind) folded before Flop



PokerStars Hand #237402558810:  Hold'em No Limit ($0.01/$0.02 USD) - 2022/07/16 16:19:57 PT [2022/07/16 19:19:57 ET]
Table 'Vogtia III' 9-max Seat #9 is the button
Seat 1: rsavir ($0.82 in chips) 
Seat 2: mageo88 ($2.32 in chips) 
Seat 3: Hogline66 ($0.70 in chips) 
Seat 4: LaroLovu ($1.38 in chips) 
Seat 5: 8138547 ($1.75 in chips) 
Seat 7: Mikey J410 ($1.55 in chips) 
Seat 8: BlueEyesWhite ($4.79 in chips) 
Seat 9: Dorex2007 ($2.25 in chips) 
rsavir: posts small blind $0.01
mageo88: posts big blind $0.02
*** HOLE CARDS ***
Dealt to Dorex2007 [Td 2s]
Hogline66: folds 
LaroLovu: raises $0.04 to $0.06
8138547: folds 
Mikey J410: folds 
BlueEyesWhite: folds 
Dorex2007: folds 
rsavir: calls $0.05
mageo88: folds 
*** FLOP *** [Qh As 8c]
rsavir: checks 
LaroLovu: bets $0.10
rsavir: folds 
Uncalled bet ($0.10) returned to LaroLovu
LaroLovu collected $0.14 from pot
*** SUMMARY ***
Total pot $0.14 | Rake $0 
Board [Qh As 8c]
Seat 1: rsavir (small blind) folded on the Flop
Seat 2: mageo88 (big blind) folded before Flop
Seat 3: Hogline66 folded before Flop (didn't bet)
Seat 4: LaroLovu collected ($0.14)
Seat 5: 8138547 folded before Flop (didn't bet)
Seat 7: Mikey J410 folded before Flop (didn't bet)
Seat 8: BlueEyesWhite folded before Flop (didn't bet)
Seat 9: Dorex2007 (button) folded before Flop (didn't bet)



PokerStars Hand #237402569086:  Hold'em No Limit ($0.01/$0.02 USD) - 2022/07/16 16:20:36 PT [2022/07/16 19:20:36 ET]
Table 'Vogtia III' 9-max Seat #1 is the button
Seat 1: rsavir ($0.76 in chips) 
Seat 2: mageo88 ($2.30 in chips) 
Seat 3: Hogline66 ($0.70 in chips) 
Seat 4: LaroLovu ($1.46 in chips) 
Seat 5: 8138547 ($1.75 in chips) 
Seat 7: Mikey J410 ($1.55 in chips) 
Seat 8: BlueEyesWhite ($4.79 in chips) 
Seat 9: Dorex2007 ($2.25 in chips) 
mageo88: posts small blind $0.01
Hogline66: posts big blind $0.02
*** HOLE CARDS ***
Dealt to Dorex2007 [5d 5h]
LaroLovu: folds 
8138547: folds 
Mikey J410: folds 
BlueEyesWhite has timed out
BlueEyesWhite: folds 
Dorex2007: raises $0.08 to $0.10
rsavir: calls $0.10
mageo88: folds 
Hogline66: raises $0.60 to $0.70 and is all-in
Dorex2007: folds 
rsavir: calls $0.60
*** FLOP *** [8c 8d 7s]
*** TURN *** [8c 8d 7s] [Qd]
*** RIVER *** [8c 8d 7s Qd] [6s]
*** SHOW DOWN ***
Hogline66: shows [Ad Ac] (two pair, Aces and Eights)
rsavir: shows [7c 7h] (a full house, Sevens full of Eights)
rsavir collected $1.46 from pot
*** SUMMARY ***
Total pot $1.51 | Rake $0.05 
Board [8c 8d 7s Qd 6s]
Seat 1: rsavir (button) showed [7c 7h] and won ($1.46) with a full house, Sevens full of Eights
Seat 2: mageo88 (small blind) folded before Flop
Seat 3: Hogline66 (big blind) showed [Ad Ac] and lost with two pair, Aces and Eights
Seat 4: LaroLovu folded before Flop (didn't bet)
Seat 5: 8138547 folded before Flop (didn't bet)
Seat 7: Mikey J410 folded before Flop (didn't bet)
Seat 8: BlueEyesWhite folded before Flop (didn't bet)
Seat 9: Dorex2007 folded before Flop



PokerStars Hand #237402586604:  Hold'em No Limit ($0.01/$0.02 USD) - 2022/07/16 16:21:41 PT [2022/07/16 19:21:41 ET]
Table 'Vogtia III' 9-max Seat #2 is the button
Seat 1: rsavir ($1.52 in chips) 
Seat 2: mageo88 ($2.29 in chips) 
Seat 4: LaroLovu ($1.46 in chips) 
Seat 5: 8138547 ($1.75 in chips) 
Seat 7: Mikey J410 ($1.55 in chips) 
Seat 8: BlueEyesWhite ($4.79 in chips) 
Seat 9: Dorex2007 ($2.15 in chips) 
LaroLovu: posts small blind $0.01
8138547: posts big blind $0.02
*** HOLE CARDS ***
Dealt to Dorex2007 [9c 8s]
Hogline66 leaves the table
Mikey J410: folds 
BlueEyesWhite: raises $0.04 to $0.06
Dorex2007: folds 
rsavir: calls $0.06
RosemontTony joins the table at seat #3 
mageo88: calls $0.06
LaroLovu: folds 
8138547: calls $0.04
*** FLOP *** [As 3h 3d]
8138547: checks 
BlueEyesWhite: checks 
rsavir: checks 
mageo88: checks 
*** TURN *** [As 3h 3d] [7d]
8138547: bets $0.10
BlueEyesWhite: folds 
rsavir: folds 
mageo88: folds 
Uncalled bet ($0.10) returned to 8138547
8138547 collected $0.24 from pot
*** SUMMARY ***
Total pot $0.25 | Rake $0.01 
Board [As 3h 3d 7d]
Seat 1: rsavir folded on the Turn
Seat 2: mageo88 (button) folded on the Turn
Seat 4: LaroLovu (small blind) folded before Flop
Seat 5: 8138547 (big blind) collected ($0.24)
Seat 7: Mikey J410 folded before Flop (didn't bet)
Seat 8: BlueEyesWhite folded on the Turn
Seat 9: Dorex2007 folded before Flop (didn't bet)



PokerStars Hand #237402605849:  Hold'em No Limit ($0.01/$0.02 USD) - 2022/07/16 16:22:52 PT [2022/07/16 19:22:52 ET]
Table 'Vogtia III' 9-max Seat #4 is the button
Seat 1: rsavir ($1.46 in chips) 
Seat 2: mageo88 ($2.23 in chips) 
Seat 3: RosemontTony ($2 in chips) 
Seat 4: LaroLovu ($1.45 in chips) 
Seat 5: 8138547 ($1.93 in chips) 
Seat 7: Mikey J410 ($1.55 in chips) 
Seat 8: BlueEyesWhite ($4.73 in chips) 
Seat 9: Dorex2007 ($2.15 in chips) 
8138547: posts small blind $0.01
Mikey J410: posts big blind $0.02
RosemontTony: posts big blind $0.02
*** HOLE CARDS ***
Dealt to Dorex2007 [8s Ks]
BlueEyesWhite: folds 
Dorex2007: folds 
rsavir: folds 
mageo88: raises $0.06 to $0.08
RosemontTony: folds 
LaroLovu: folds 
8138547: folds 
Mikey J410: folds 
Uncalled bet ($0.06) returned to mageo88
mageo88 collected $0.07 from pot
*** SUMMARY ***
Total pot $0.07 | Rake $0 
Seat 1: rsavir folded before Flop (didn't bet)
Seat 2: mageo88 collected ($0.07)
Seat 3: RosemontTony folded before Flop (didn't bet)
Seat 4: LaroLovu (button) folded before Flop (didn't bet)
Seat 5: 8138547 (small blind) folded before Flop
Seat 7: Mikey J410 (big blind) folded before Flop
Seat 8: BlueEyesWhite folded before Flop (didn't bet)
Seat 9: Dorex2007 folded before Flop (didn't bet)



PokerStars Hand #237402611031:  Hold'em No Limit ($0.01/$0.02 USD) - 2022/07/16 16:23:11 PT [2022/07/16 19:23:11 ET]
Table 'Vogtia III' 9-max Seat #5 is the button
Seat 1: rsavir ($1.46 in chips) 
Seat 2: mageo88 ($2.28 in chips) 
Seat 3: RosemontTony ($1.98 in chips) 
Seat 4: LaroLovu ($1.45 in chips) 
Seat 5: 8138547 ($1.92 in chips) 
Seat 7: Mikey J410 ($1.53 in chips) 
Seat 8: BlueEyesWhite ($4.73 in chips) 
Seat 9: Dorex2007 ($2.15 in chips) 
Mikey J410: posts small blind $0.01
BlueEyesWhite: posts big blind $0.02
*** HOLE CARDS ***
Dealt to Dorex2007 [3s 2c]
Dorex2007: folds 
rsavir: folds 
mageo88: folds 
RosemontTony: raises $0.04 to $0.06
LaroLovu: folds 
8138547: folds 
Mikey J410: folds 
BlueEyesWhite: calls $0.04
*** FLOP *** [5d 7h 9s]
BlueEyesWhite: checks 
RosemontTony: checks 
*** TURN *** [5d 7h 9s] [3h]
BlueEyesWhite: bets $0.10
RosemontTony: raises $0.10 to $0.20
BlueEyesWhite: calls $0.10
*** RIVER *** [5d 7h 9s 3h] [7c]
BlueEyesWhite: checks 
RosemontTony: checks 
*** SHOW DOWN ***
BlueEyesWhite: shows [Td Tc] (two pair, Tens and Sevens)
RosemontTony: shows [As Ah] (two pair, Aces and Sevens)
RosemontTony collected $0.51 from pot
*** SUMMARY ***
Total pot $0.53 | Rake $0.02 
Board [5d 7h 9s 3h 7c]
Seat 1: rsavir folded before Flop (didn't bet)
Seat 2: mageo88 folded before Flop (didn't bet)
Seat 3: RosemontTony showed [As Ah] and won ($0.51) with two pair, Aces and Sevens
Seat 4: LaroLovu folded before Flop (didn't bet)
Seat 5: 8138547 (button) folded before Flop (didn't bet)
Seat 7: Mikey J410 (small blind) folded before Flop
Seat 8: BlueEyesWhite (big blind) showed [Td Tc] and lost with two pair, Tens and Sevens
Seat 9: Dorex2007 folded before Flop (didn't bet)



PokerStars Hand #237402627950:  Hold'em No Limit ($0.01/$0.02 USD) - 2022/07/16 16:24:14 PT [2022/07/16 19:24:14 ET]
Table 'Vogtia III' 9-max Seat #7 is the button
Seat 1: rsavir ($1.46 in chips) 
Seat 2: mageo88 ($2.28 in chips) 
Seat 3: RosemontTony ($2.23 in chips) 
Seat 4: LaroLovu ($1.45 in chips) 
Seat 5: 8138547 ($1.92 in chips) 
Seat 7: Mikey J410 ($1.52 in chips) 
Seat 8: BlueEyesWhite ($4.47 in chips) 
Seat 9: Dorex2007 ($2.15 in chips) 
BlueEyesWhite: posts small blind $0.01
Dorex2007: posts big blind $0.02
*** HOLE CARDS ***
Dealt to Dorex2007 [As Kh]
rsavir: calls $0.02
mageo88: folds 
RosemontTony: folds 
LaroLovu: folds 
8138547: folds 
Mikey J410: folds 
BlueEyesWhite: calls $0.01
Dorex2007: raises $0.10 to $0.12
rsavir: calls $0.10
BlueEyesWhite: folds 
*** FLOP *** [3s 8c 2h]
Dorex2007: bets $0.25
rsavir: folds 
Uncalled bet ($0.25) returned to Dorex2007
Dorex2007 collected $0.25 from pot
*** SUMMARY ***
Total pot $0.26 | Rake $0.01 
Board [3s 8c 2h]
Seat 1: rsavir folded on the Flop
Seat 2: mageo88 folded before Flop (didn't bet)
Seat 3: RosemontTony folded before Flop (didn't bet)
Seat 4: LaroLovu folded before Flop (didn't bet)
Seat 5: 8138547 folded before Flop (didn't bet)
Seat 7: Mikey J410 (button) folded before Flop (didn't bet)
Seat 8: BlueEyesWhite (small blind) folded before Flop
Seat 9: Dorex2007 (big blind) collected ($0.25)



PokerStars Hand #237402638471:  Hold'em No Limit ($0.01/$0.02 USD) - 2022/07/16 16:24:53 PT [2022/07/16 19:24:53 ET]
Table 'Vogtia III' 9-max Seat #8 is the button
Seat 1: rsavir ($1.34 in chips) 
Seat 2: mageo88 ($2.28 in chips) 
Seat 3: RosemontTony ($2.23 in chips) 
Seat 4: LaroLovu ($1.45 in chips) 
Seat 5: 8138547 ($1.92 in chips) 
Seat 7: Mikey J410 ($1.52 in chips) 
Seat 8: BlueEyesWhite ($4.45 in chips) 
Seat 9: Dorex2007 ($2.28 in chips) 
Dorex2007: posts small blind $0.01
rsavir: posts big blind $0.02
*** HOLE CARDS ***
Dealt to Dorex2007 [2d 6c]
mageo88: folds 
RosemontTony: folds 
LaroLovu: folds 
8138547: folds 
Mikey J410: folds 
BlueEyesWhite: raises $0.04 to $0.06
Dorex2007: folds 
rsavir: folds 
Uncalled bet ($0.04) returned to BlueEyesWhite
BlueEyesWhite collected $0.05 from pot
*** SUMMARY ***
Total pot $0.05 | Rake $0 
Seat 1: rsavir (big blind) folded before Flop
Seat 2: mageo88 folded before Flop (didn't bet)
Seat 3: RosemontTony folded before Flop (didn't bet)
Seat 4: LaroLovu folded before Flop (didn't bet)
Seat 5: 8138547 folded before Flop (didn't bet)
Seat 7: Mikey J410 folded before Flop (didn't bet)
Seat 8: BlueEyesWhite (button) collected ($0.05)
Seat 9: Dorex2007 (small blind) folded before Flop



PokerStars Hand #237402644416:  Hold'em No Limit ($0.01/$0.02 USD) - 2022/07/16 16:25:15 PT [2022/07/16 19:25:15 ET]
Table 'Vogtia III' 9-max Seat #9 is the button
Seat 1: rsavir ($1.32 in chips) 
Seat 2: mageo88 ($2.28 in chips) 
Seat 3: RosemontTony ($2.23 in chips) 
Seat 4: LaroLovu ($1.45 in chips) 
Seat 5: 8138547 ($1.92 in chips) 
Seat 7: Mikey J410 ($1.52 in chips) 
Seat 8: BlueEyesWhite ($4.48 in chips) 
Seat 9: Dorex2007 ($2.27 in chips) 
rsavir: posts small blind $0.01
mageo88: posts big blind $0.02
*** HOLE CARDS ***
Dealt to Dorex2007 [Jh 4c]
RosemontTony: folds 
LaroLovu: folds 
8138547: folds 
Mikey J410: raises $0.04 to $0.06
BlueEyesWhite: folds 
Dorex2007: folds 
rsavir: folds 
mageo88: folds 
Uncalled bet ($0.04) returned to Mikey J410
Mikey J410 collected $0.05 from pot
*** SUMMARY ***
Total pot $0.05 | Rake $0 
Seat 1: rsavir (small blind) folded before Flop
Seat 2: mageo88 (big blind) folded before Flop
Seat 3: RosemontTony folded before Flop (didn't bet)
Seat 4: LaroLovu folded before Flop (didn't bet)
Seat 5: 8138547 folded before Flop (didn't bet)
Seat 7: Mikey J410 collected ($0.05)
Seat 8: BlueEyesWhite folded before Flop (didn't bet)
Seat 9: Dorex2007 (button) folded before Flop (didn't bet)



PokerStars Hand #237402653836:  Hold'em No Limit ($0.01/$0.02 USD) - 2022/07/16 16:25:51 PT [2022/07/16 19:25:51 ET]
Table 'Vogtia III' 9-max Seat #1 is the button
Seat 1: rsavir ($1.31 in chips) 
Seat 2: mageo88 ($2.26 in chips) 
Seat 3: RosemontTony ($2.23 in chips) 
Seat 4: LaroLovu ($1.45 in chips) 
Seat 5: 8138547 ($1.92 in chips) 
Seat 7: Mikey J410 ($1.55 in chips) 
Seat 8: BlueEyesWhite ($4.48 in chips) 
Seat 9: Dorex2007 ($2.27 in chips) 
mageo88: posts small blind $0.01
RosemontTony: posts big blind $0.02
*** HOLE CARDS ***
Dealt to Dorex2007 [Qh Kd]
LaroLovu: folds 
8138547: raises $0.04 to $0.06
Mikey J410: folds 
BlueEyesWhite: folds 
Dorex2007: calls $0.06
rsavir: folds 
mageo88: raises $0.20 to $0.26
RosemontTony: folds 
8138547: folds 
Dorex2007: folds 
Uncalled bet ($0.20) returned to mageo88
mageo88 collected $0.20 from pot
*** SUMMARY ***
Total pot $0.20 | Rake $0 
Seat 1: rsavir (button) folded before Flop (didn't bet)
Seat 2: mageo88 (small blind) collected ($0.20)
Seat 3: RosemontTony (big blind) folded before Flop
Seat 4: LaroLovu folded before Flop (didn't bet)
Seat 5: 8138547 folded before Flop
Seat 7: Mikey J410 folded before Flop (didn't bet)
Seat 8: BlueEyesWhite folded before Flop (didn't bet)
Seat 9: Dorex2007 folded before Flop



PokerStars Hand #237402664978:  Hold'em No Limit ($0.01/$0.02 USD) - 2022/07/16 16:26:33 PT [2022/07/16 19:26:33 ET]
Table 'Vogtia III' 9-max Seat #2 is the button
Seat 1: rsavir ($1.31 in chips) 
Seat 2: mageo88 ($2.40 in chips) 
Seat 3: RosemontTony ($2.21 in chips) 
Seat 4: LaroLovu ($1.45 in chips) 
Seat 5: 8138547 ($1.86 in chips) 
Seat 7: Mikey J410 ($1.55 in chips) 
Seat 8: BlueEyesWhite ($4.48 in chips) 
Seat 9: Dorex2007 ($2.21 in chips) 
RosemontTony: posts small blind $0.01
LaroLovu: posts big blind $0.02
*** HOLE CARDS ***
Dealt to Dorex2007 [Jh As]
8138547: calls $0.02
Mikey J410: folds 
BlueEyesWhite: raises $0.06 to $0.08
Dorex2007: calls $0.08
rsavir: calls $0.08
mageo88: folds 
RosemontTony: folds 
LaroLovu: folds 
8138547: raises $0.22 to $0.30
BlueEyesWhite: calls $0.22
Dorex2007: folds 
rsavir: folds 
*** FLOP *** [Ad 8d 9h]
8138547: bets $0.54
BlueEyesWhite: calls $0.54
*** TURN *** [Ad 8d 9h] [Js]
8138547: bets $1.02 and is all-in
BlueEyesWhite: calls $1.02
*** RIVER *** [Ad 8d 9h Js] [Kc]
*** SHOW DOWN ***
8138547: shows [Qh Qd] (a pair of Queens)
BlueEyesWhite: shows [Ac Kh] (two pair, Aces and Kings)
BlueEyesWhite collected $3.77 from pot
*** SUMMARY ***
Total pot $3.91 | Rake $0.14 
Board [Ad 8d 9h Js Kc]
Seat 1: rsavir folded before Flop
Seat 2: mageo88 (button) folded before Flop (didn't bet)
Seat 3: RosemontTony (small blind) folded before Flop
Seat 4: LaroLovu (big blind) folded before Flop
Seat 5: 8138547 showed [Qh Qd] and lost with a pair of Queens
Seat 7: Mikey J410 folded before Flop (didn't bet)
Seat 8: BlueEyesWhite showed [Ac Kh] and won ($3.77) with two pair, Aces and Kings
Seat 9: Dorex2007 folded before Flop



PokerStars Hand #237402692546:  Hold'em No Limit ($0.01/$0.02 USD) - 2022/07/16 16:27:49 PT [2022/07/16 19:27:49 ET]
Table 'Vogtia III' 9-max Seat #3 is the button
Seat 1: rsavir ($1.23 in chips) 
Seat 2: mageo88 ($2.40 in chips) 
Seat 3: RosemontTony ($2.20 in chips) 
Seat 4: LaroLovu ($1.43 in chips) 
Seat 7: Mikey J410 ($1.55 in chips) 
Seat 8: BlueEyesWhite ($6.39 in chips) 
Seat 9: Dorex2007 ($2.13 in chips) 
LaroLovu: posts small blind $0.01
Mikey J410: posts big blind $0.02
*** HOLE CARDS ***
Dealt to Dorex2007 [7c 4c]
8138547 leaves the table
BlueEyesWhite: folds 
Dorex2007: folds 
rsavir: folds 
mageo88: raises $0.04 to $0.06
RosemontTony: folds 
LaroLovu: folds 
Mikey J410: folds 
Uncalled bet ($0.04) returned to mageo88
mageo88 collected $0.05 from pot
VANVIGA leaves the table
*** SUMMARY ***
Total pot $0.05 | Rake $0 
Seat 1: rsavir folded before Flop (didn't bet)
Seat 2: mageo88 collected ($0.05)
Seat 3: RosemontTony (button) folded before Flop (didn't bet)
Seat 4: LaroLovu (small blind) folded before Flop
Seat 7: Mikey J410 (big blind) folded before Flop
Seat 8: BlueEyesWhite folded before Flop (didn't bet)
Seat 9: Dorex2007 folded before Flop (didn't bet)



PokerStars Hand #237402697840:  Hold'em No Limit ($0.01/$0.02 USD) - 2022/07/16 16:28:09 PT [2022/07/16 19:28:09 ET]
Table 'Vogtia III' 9-max Seat #4 is the button
Seat 1: rsavir ($1.23 in chips) 
Seat 2: mageo88 ($2.43 in chips) 
Seat 3: RosemontTony ($2.20 in chips) 
Seat 4: LaroLovu ($1.42 in chips) 
Seat 7: Mikey J410 ($1.53 in chips) 
Seat 8: BlueEyesWhite ($6.39 in chips) 
Seat 9: Dorex2007 ($2.13 in chips) 
Mikey J410: posts small blind $0.01
BlueEyesWhite: posts big blind $0.02
*** HOLE CARDS ***
Dealt to Dorex2007 [Kh Th]
Dorex2007: raises $0.06 to $0.08
rsavir: folds 
mageo88: folds 
RosemontTony: folds 
LaroLovu: folds 
Mikey J410: folds 
BlueEyesWhite: folds 
Uncalled bet ($0.06) returned to Dorex2007
Dorex2007 collected $0.05 from pot
*** SUMMARY ***
Total pot $0.05 | Rake $0 
Seat 1: rsavir folded before Flop (didn't bet)
Seat 2: mageo88 folded before Flop (didn't bet)
Seat 3: RosemontTony folded before Flop (didn't bet)
Seat 4: LaroLovu (button) folded before Flop (didn't bet)
Seat 7: Mikey J410 (small blind) folded before Flop
Seat 8: BlueEyesWhite (big blind) folded before Flop
Seat 9: Dorex2007 collected ($0.05)



PokerStars Hand #237402706392:  Hold'em No Limit ($0.01/$0.02 USD) - 2022/07/16 16:28:41 PT [2022/07/16 19:28:41 ET]
Table 'Vogtia III' 9-max Seat #7 is the button
Seat 1: rsavir ($1.23 in chips) 
Seat 2: mageo88 ($2.43 in chips) 
Seat 3: RosemontTony ($2.20 in chips) 
Seat 4: LaroLovu ($1.42 in chips) 
Seat 7: Mikey J410 ($1.52 in chips) 
Seat 8: BlueEyesWhite ($6.37 in chips) 
Seat 9: Dorex2007 ($2.16 in chips) 
BlueEyesWhite: posts small blind $0.01
Dorex2007: posts big blind $0.02
*** HOLE CARDS ***
Dealt to Dorex2007 [Kh 3h]
rsavir: folds 
mageo88: folds 
RosemontTony: folds 
LaroLovu: folds 
Mikey J410: folds 
BlueEyesWhite: raises $0.04 to $0.06
Dorex2007: folds 
Uncalled bet ($0.04) returned to BlueEyesWhite
BlueEyesWhite collected $0.04 from pot
*** SUMMARY ***
Total pot $0.04 | Rake $0 
Seat 1: rsavir folded before Flop (didn't bet)
Seat 2: mageo88 folded before Flop (didn't bet)
Seat 3: RosemontTony folded before Flop (didn't bet)
Seat 4: LaroLovu folded before Flop (didn't bet)
Seat 7: Mikey J410 (button) folded before Flop (didn't bet)
Seat 8: BlueEyesWhite (small blind) collected ($0.04)
Seat 9: Dorex2007 (big blind) folded before Flop



PokerStars Hand #237402712445:  Hold'em No Limit ($0.01/$0.02 USD) - 2022/07/16 16:29:04 PT [2022/07/16 19:29:04 ET]
Table 'Vogtia III' 9-max Seat #8 is the button
Seat 1: rsavir ($1.23 in chips) 
Seat 2: mageo88 ($2.43 in chips) 
Seat 3: RosemontTony ($2.20 in chips) 
Seat 4: LaroLovu ($1.42 in chips) 
Seat 7: Mikey J410 ($1.52 in chips) 
Seat 8: BlueEyesWhite ($6.39 in chips) 
Seat 9: Dorex2007 ($2.14 in chips) 
Dorex2007: posts small blind $0.01
rsavir: posts big blind $0.02
*** HOLE CARDS ***
Dealt to Dorex2007 [Jh Jc]
mageo88: folds 
RosemontTony: folds 
LaroLovu: folds 
Mikey J410: raises $0.04 to $0.06
BlueEyesWhite: folds 
Dorex2007: raises $0.08 to $0.14
rsavir: folds 
Mikey J410: calls $0.08
*** FLOP *** [6d 9d 7h]
Dorex2007: bets $0.29
Mikey J410: folds 
Uncalled bet ($0.29) returned to Dorex2007
Dorex2007 collected $0.29 from pot
*** SUMMARY ***
Total pot $0.30 | Rake $0.01 
Board [6d 9d 7h]
Seat 1: rsavir (big blind) folded before Flop
Seat 2: mageo88 folded before Flop (didn't bet)
Seat 3: RosemontTony folded before Flop (didn't bet)
Seat 4: LaroLovu folded before Flop (didn't bet)
Seat 7: Mikey J410 folded on the Flop
Seat 8: BlueEyesWhite (button) folded before Flop (didn't bet)
Seat 9: Dorex2007 (small blind) collected ($0.29)



PokerStars Hand #237402727436:  Hold'em No Limit ($0.01/$0.02 USD) - 2022/07/16 16:30:02 PT [2022/07/16 19:30:02 ET]
Table 'Vogtia III' 9-max Seat #9 is the button
Seat 1: rsavir ($1.21 in chips) 
Seat 2: mageo88 ($2.43 in chips) 
Seat 3: RosemontTony ($2.20 in chips) 
Seat 4: LaroLovu ($1.42 in chips) 
Seat 7: Mikey J410 ($1.38 in chips) 
Seat 8: BlueEyesWhite ($6.39 in chips) 
Seat 9: Dorex2007 ($2.29 in chips) 
rsavir: posts small blind $0.01
mageo88: posts big blind $0.02
*** HOLE CARDS ***
Dealt to Dorex2007 [8s 9d]
RosemontTony: folds 
LaroLovu: raises $0.04 to $0.06
Mikey J410: calls $0.06
BlueEyesWhite: calls $0.06
Dorex2007: folds 
rsavir: folds 
mageo88: folds 
*** FLOP *** [Kh 9c Tc]
LaroLovu: bets $0.10
Mikey J410: calls $0.10
BlueEyesWhite: calls $0.10
*** TURN *** [Kh 9c Tc] [2s]
LaroLovu: checks 
Mikey J410: bets $0.24
BlueEyesWhite: raises $0.24 to $0.48
LaroLovu: folds 
Mikey J410: raises $0.74 to $1.22 and is all-in
BlueEyesWhite: calls $0.74
*** RIVER *** [Kh 9c Tc 2s] [Kc]
*** SHOW DOWN ***
Mikey J410: shows [Qc Ks] (three of a kind, Kings)
BlueEyesWhite: shows [Qs Jh] (a straight, Nine to King)
BlueEyesWhite collected $2.85 from pot
*** SUMMARY ***
Total pot $2.95 | Rake $0.10 
Board [Kh 9c Tc 2s Kc]
Seat 1: rsavir (small blind) folded before Flop
Seat 2: mageo88 (big blind) folded before Flop
Seat 3: RosemontTony folded before Flop (didn't bet)
Seat 4: LaroLovu folded on the Turn
Seat 7: Mikey J410 showed [Qc Ks] and lost with three of a kind, Kings
Seat 8: BlueEyesWhite showed [Qs Jh] and won ($2.85) with a straight, Nine to King
Seat 9: Dorex2007 (button) folded before Flop (didn't bet)



PokerStars Hand #237402746825:  Hold'em No Limit ($0.01/$0.02 USD) - 2022/07/16 16:31:15 PT [2022/07/16 19:31:15 ET]
Table 'Vogtia III' 9-max Seat #1 is the button
Seat 1: rsavir ($1.20 in chips) 
Seat 2: mageo88 ($2.41 in chips) 
Seat 3: RosemontTony ($2.20 in chips) 
Seat 4: LaroLovu ($1.26 in chips) 
Seat 8: BlueEyesWhite ($7.86 in chips) 
Seat 9: Dorex2007 ($2.29 in chips) 
mageo88: posts small blind $0.01
RosemontTony: posts big blind $0.02
*** HOLE CARDS ***
Dealt to Dorex2007 [7d Kd]
LaroLovu: folds 
BlueEyesWhite: folds 
Dorex2007: calls $0.02
Mikey J410 leaves the table
rsavir: calls $0.02
mageo88: calls $0.01
RosemontTony: raises $0.08 to $0.10
Dorex2007: folds 
rsavir: calls $0.08
mageo88: calls $0.08
*** FLOP *** [3h 7c 4h]
mageo88: checks 
RosemontTony: bets $0.23
rsavir: folds 
mageo88: folds 
Uncalled bet ($0.23) returned to RosemontTony
RosemontTony collected $0.31 from pot
*** SUMMARY ***
Total pot $0.32 | Rake $0.01 
Board [3h 7c 4h]
Seat 1: rsavir (button) folded on the Flop
Seat 2: mageo88 (small blind) folded on the Flop
Seat 3: RosemontTony (big blind) collected ($0.31)
Seat 4: LaroLovu folded before Flop (didn't bet)
Seat 8: BlueEyesWhite folded before Flop (didn't bet)
Seat 9: Dorex2007 folded before Flop



PokerStars Hand #237402765890:  Hold'em No Limit ($0.01/$0.02 USD) - 2022/07/16 16:32:28 PT [2022/07/16 19:32:28 ET]
Table 'Vogtia III' 9-max Seat #2 is the button
Seat 1: rsavir ($1.10 in chips) 
Seat 2: mageo88 ($2.31 in chips) 
Seat 3: RosemontTony ($2.41 in chips) 
Seat 4: LaroLovu ($1.26 in chips) 
Seat 8: BlueEyesWhite ($7.86 in chips) 
Seat 9: Dorex2007 ($2.27 in chips) 
RosemontTony: posts small blind $0.01
LaroLovu: posts big blind $0.02
*** HOLE CARDS ***
Dealt to Dorex2007 [4s As]
BlueEyesWhite: folds 
Dorex2007: raises $0.04 to $0.06
rsavir: calls $0.06
mageo88: folds 
RosemontTony: folds 
LaroLovu: folds 
*** FLOP *** [Js 4h 2d]
Dorex2007: bets $0.09
rsavir: calls $0.09
*** TURN *** [Js 4h 2d] [Kd]
Dorex2007: checks 
rsavir: bets $0.16
Dorex2007: folds 
Uncalled bet ($0.16) returned to rsavir
rsavir collected $0.32 from pot
*** SUMMARY ***
Total pot $0.33 | Rake $0.01 
Board [Js 4h 2d Kd]
Seat 1: rsavir collected ($0.32)
Seat 2: mageo88 (button) folded before Flop (didn't bet)
Seat 3: RosemontTony (small blind) folded before Flop
Seat 4: LaroLovu (big blind) folded before Flop
Seat 8: BlueEyesWhite folded before Flop (didn't bet)
Seat 9: Dorex2007 folded on the Turn



PokerStars Hand #237402777416:  Hold'em No Limit ($0.01/$0.02 USD) - 2022/07/16 16:33:13 PT [2022/07/16 19:33:13 ET]
Table 'Vogtia III' 9-max Seat #3 is the button
Seat 1: rsavir ($1.27 in chips) 
Seat 2: mageo88 ($2.31 in chips) 
Seat 3: RosemontTony ($2.40 in chips) 
Seat 4: LaroLovu ($1.24 in chips) 
Seat 8: BlueEyesWhite ($7.86 in chips) 
Seat 9: Dorex2007 ($2.12 in chips) 
LaroLovu: posts small blind $0.01
BlueEyesWhite: posts big blind $0.02
*** HOLE CARDS ***
Dealt to Dorex2007 [Jd 9s]
Dorex2007: folds 
rsavir: folds 
mageo88: folds 
RosemontTony: folds 
LaroLovu: folds 
Uncalled bet ($0.01) returned to BlueEyesWhite
BlueEyesWhite collected $0.02 from pot
*** SUMMARY ***
Total pot $0.02 | Rake $0 
Seat 1: rsavir folded before Flop (didn't bet)
Seat 2: mageo88 folded before Flop (didn't bet)
Seat 3: RosemontTony (button) folded before Flop (didn't bet)
Seat 4: LaroLovu (small blind) folded before Flop
Seat 8: BlueEyesWhite (big blind) collected ($0.02)
Seat 9: Dorex2007 folded before Flop (didn't bet)



PokerStars Hand #237402783116:  Hold'em No Limit ($0.01/$0.02 USD) - 2022/07/16 16:33:35 PT [2022/07/16 19:33:35 ET]
Table 'Vogtia III' 9-max Seat #4 is the button
Seat 1: rsavir ($1.27 in chips) 
Seat 2: mageo88 ($2.31 in chips) 
Seat 3: RosemontTony ($2.40 in chips) 
Seat 4: LaroLovu ($1.23 in chips) 
Seat 8: BlueEyesWhite ($7.87 in chips) 
Seat 9: Dorex2007 ($2.12 in chips) 
BlueEyesWhite: posts small blind $0.01
Dorex2007: posts big blind $0.02
*** HOLE CARDS ***
Dealt to Dorex2007 [8c 9c]
rsavir: calls $0.02
mageo88: folds 
RosemontTony: folds 
LaroLovu: raises $0.06 to $0.08
BlueEyesWhite: folds 
Dorex2007: folds 
rsavir: folds 
Uncalled bet ($0.06) returned to LaroLovu
LaroLovu collected $0.07 from pot
*** SUMMARY ***
Total pot $0.07 | Rake $0 
Seat 1: rsavir folded before Flop
Seat 2: mageo88 folded before Flop (didn't bet)
Seat 3: RosemontTony folded before Flop (didn't bet)
Seat 4: LaroLovu (button) collected ($0.07)
Seat 8: BlueEyesWhite (small blind) folded before Flop
Seat 9: Dorex2007 (big blind) folded before Flop



PokerStars Hand #237402790205:  Hold'em No Limit ($0.01/$0.02 USD) - 2022/07/16 16:34:03 PT [2022/07/16 19:34:03 ET]
Table 'Vogtia III' 9-max Seat #8 is the button
Seat 1: rsavir ($1.25 in chips) 
Seat 2: mageo88 ($2.31 in chips) 
Seat 3: RosemontTony ($2.40 in chips) 
Seat 4: LaroLovu ($1.28 in chips) 
Seat 8: BlueEyesWhite ($7.86 in chips) 
Seat 9: Dorex2007 ($2.10 in chips) 
Dorex2007: posts small blind $0.01
rsavir: posts big blind $0.02
*** HOLE CARDS ***
Dealt to Dorex2007 [5s 2c]
mageo88: raises $0.04 to $0.06
RosemontTony: folds 
LaroLovu: folds 
BlueEyesWhite: folds 
Dorex2007: folds 
rsavir: folds 
Uncalled bet ($0.04) returned to mageo88
mageo88 collected $0.05 from pot
*** SUMMARY ***
Total pot $0.05 | Rake $0 
Seat 1: rsavir (big blind) folded before Flop
Seat 2: mageo88 collected ($0.05)
Seat 3: RosemontTony folded before Flop (didn't bet)
Seat 4: LaroLovu folded before Flop (didn't bet)
Seat 8: BlueEyesWhite (button) folded before Flop (didn't bet)
Seat 9: Dorex2007 (small blind) folded before Flop



PokerStars Hand #237402795233:  Hold'em No Limit ($0.01/$0.02 USD) - 2022/07/16 16:34:23 PT [2022/07/16 19:34:23 ET]
Table 'Vogtia III' 9-max Seat #9 is the button
Seat 1: rsavir ($1.23 in chips) 
Seat 2: mageo88 ($2.34 in chips) 
Seat 3: RosemontTony ($2.40 in chips) 
Seat 4: LaroLovu ($1.28 in chips) 
Seat 8: BlueEyesWhite ($7.86 in chips) 
Seat 9: Dorex2007 ($2.09 in chips) 
rsavir: posts small blind $0.01
mageo88: posts big blind $0.02
*** HOLE CARDS ***
Dealt to Dorex2007 [8s Qs]
RosemontTony: folds 
LaroLovu: folds 
BlueEyesWhite: folds 
Dorex2007: folds 
rsavir: calls $0.01
mageo88: checks 
*** FLOP *** [7c Th 9h]
rsavir: checks 
mageo88: checks 
*** TURN *** [7c Th 9h] [4h]
rsavir: checks 
mageo88: bets $0.04
rsavir: folds 
Uncalled bet ($0.04) returned to mageo88
mageo88 collected $0.04 from pot
*** SUMMARY ***
Total pot $0.04 | Rake $0 
Board [7c Th 9h 4h]
Seat 1: rsavir (small blind) folded on the Turn
Seat 2: mageo88 (big blind) collected ($0.04)
Seat 3: RosemontTony folded before Flop (didn't bet)
Seat 4: LaroLovu folded before Flop (didn't bet)
Seat 8: BlueEyesWhite folded before Flop (didn't bet)
Seat 9: Dorex2007 (button) folded before Flop (didn't bet)



PokerStars Hand #237402809571:  Hold'em No Limit ($0.01/$0.02 USD) - 2022/07/16 16:35:19 PT [2022/07/16 19:35:19 ET]
Table 'Vogtia III' 9-max Seat #1 is the button
Seat 1: rsavir ($1.21 in chips) 
Seat 2: mageo88 ($2.36 in chips) 
Seat 3: RosemontTony ($2.40 in chips) 
Seat 4: LaroLovu ($1.28 in chips) 
Seat 8: BlueEyesWhite ($7.86 in chips) 
Seat 9: Dorex2007 ($2.09 in chips) 
mageo88: posts small blind $0.01
RosemontTony: posts big blind $0.02
*** HOLE CARDS ***
Dealt to Dorex2007 [Ah 9d]
LaroLovu: folds 
BlueEyesWhite: folds 
Dorex2007: folds 
rsavir: folds 
mageo88: folds 
Uncalled bet ($0.01) returned to RosemontTony
RosemontTony collected $0.02 from pot
*** SUMMARY ***
Total pot $0.02 | Rake $0 
Seat 1: rsavir (button) folded before Flop (didn't bet)
Seat 2: mageo88 (small blind) folded before Flop
Seat 3: RosemontTony (big blind) collected ($0.02)
Seat 4: LaroLovu folded before Flop (didn't bet)
Seat 8: BlueEyesWhite folded before Flop (didn't bet)
Seat 9: Dorex2007 folded before Flop (didn't bet)



PokerStars Hand #237402812989:  Hold'em No Limit ($0.01/$0.02 USD) - 2022/07/16 16:35:33 PT [2022/07/16 19:35:33 ET]
Table 'Vogtia III' 9-max Seat #2 is the button
Seat 1: rsavir ($1.21 in chips) 
Seat 2: mageo88 ($2.35 in chips) 
Seat 3: RosemontTony ($2.41 in chips) 
Seat 4: LaroLovu ($1.28 in chips) 
Seat 8: BlueEyesWhite ($7.86 in chips) 
Seat 9: Dorex2007 ($2.09 in chips) 
RosemontTony: posts small blind $0.01
LaroLovu: posts big blind $0.02
*** HOLE CARDS ***
Dealt to Dorex2007 [5s 3c]
BlueEyesWhite: folds 
Dorex2007 has timed out
Dorex2007: folds 
rsavir: folds 
mageo88: raises $0.04 to $0.06
RosemontTony: folds 
LaroLovu: folds 
Uncalled bet ($0.04) returned to mageo88
mageo88 collected $0.05 from pot
*** SUMMARY ***
Total pot $0.05 | Rake $0 
Seat 1: rsavir folded before Flop (didn't bet)
Seat 2: mageo88 (button) collected ($0.05)
Seat 3: RosemontTony (small blind) folded before Flop
Seat 4: LaroLovu (big blind) folded before Flop
Seat 8: BlueEyesWhite folded before Flop (didn't bet)
Seat 9: Dorex2007 folded before Flop (didn't bet)



