PokerStars Hand #224541024046:  Hold'em No Limit ($0.01/$0.02 USD) - 2021/03/06 18:12:18 PT [2021/03/06 21:12:18 ET]
Table 'Furud' 9-max Seat #7 is the button
Seat 1: AnXioUs82 ($1.95 in chips) 
Seat 3: nagaElf ($2.07 in chips) 
Seat 4: cr@sh test ($3.05 in chips) 
Seat 5: Dorex2007 ($1.50 in chips) 
Seat 6: MMinnot68 ($1.74 in chips) 
Seat 7: KingPhill291 ($2.06 in chips) 
Seat 8: highrolling420 ($2 in chips) 
Seat 9: dhabiles52 ($2.29 in chips) 
highrolling420: posts small blind $0.01
dhabiles52: posts big blind $0.02
Dorex2007: posts big blind $0.02
*** HOLE CARDS ***
Dealt to Dorex2007 [5s Js]
AnXioUs82: folds 
nagaElf: folds 
cr@sh test: folds 
Dorex2007: checks 
MMinnot68: raises $0.04 to $0.06
KingPhill291: folds 
highrolling420: folds 
dhabiles52: raises $0.15 to $0.21
Dorex2007: folds 
MMinnot68: folds 
Uncalled bet ($0.15) returned to dhabiles52
dhabiles52 collected $0.15 from pot
dhabiles52: doesn't show hand 
*** SUMMARY ***
Total pot $0.15 | Rake $0 
Seat 1: AnXioUs82 folded before Flop (didn't bet)
Seat 3: nagaElf folded before Flop (didn't bet)
Seat 4: cr@sh test folded before Flop (didn't bet)
Seat 5: Dorex2007 folded before Flop (didn't bet)
Seat 6: MMinnot68 folded before Flop
Seat 7: KingPhill291 (button) folded before Flop (didn't bet)
Seat 8: highrolling420 (small blind) folded before Flop
Seat 9: dhabiles52 (big blind) collected ($0.15)



PokerStars Hand #224541037808:  Hold'em No Limit ($0.01/$0.02 USD) - 2021/03/06 18:12:56 PT [2021/03/06 21:12:56 ET]
Table 'Furud' 9-max Seat #8 is the button
Seat 1: AnXioUs82 ($1.95 in chips) 
Seat 3: nagaElf ($2.07 in chips) 
Seat 4: cr@sh test ($3.05 in chips) 
Seat 5: Dorex2007 ($1.48 in chips) 
Seat 6: MMinnot68 ($1.68 in chips) 
Seat 7: KingPhill291 ($2.06 in chips) 
Seat 8: highrolling420 ($2 in chips) 
Seat 9: dhabiles52 ($2.38 in chips) 
dhabiles52: posts small blind $0.01
AnXioUs82: posts big blind $0.02
*** HOLE CARDS ***
Dealt to Dorex2007 [Jd 2h]
nagaElf: folds 
cr@sh test: folds 
Dorex2007: folds 
MMinnot68: folds 
KingPhill291: folds 
highrolling420: raises $0.03 to $0.05
dhabiles52: folds 
AnXioUs82: folds 
Uncalled bet ($0.03) returned to highrolling420
highrolling420 collected $0.05 from pot
highrolling420: doesn't show hand 
*** SUMMARY ***
Total pot $0.05 | Rake $0 
Seat 1: AnXioUs82 (big blind) folded before Flop
Seat 3: nagaElf folded before Flop (didn't bet)
Seat 4: cr@sh test folded before Flop (didn't bet)
Seat 5: Dorex2007 folded before Flop (didn't bet)
Seat 6: MMinnot68 folded before Flop (didn't bet)
Seat 7: KingPhill291 folded before Flop (didn't bet)
Seat 8: highrolling420 (button) collected ($0.05)
Seat 9: dhabiles52 (small blind) folded before Flop



PokerStars Hand #224541044935:  Hold'em No Limit ($0.01/$0.02 USD) - 2021/03/06 18:13:16 PT [2021/03/06 21:13:16 ET]
Table 'Furud' 9-max Seat #9 is the button
Seat 1: AnXioUs82 ($1.93 in chips) 
Seat 3: nagaElf ($2.07 in chips) 
Seat 4: cr@sh test ($3.05 in chips) 
Seat 5: Dorex2007 ($1.48 in chips) 
Seat 6: MMinnot68 ($1.68 in chips) 
Seat 7: KingPhill291 ($2.06 in chips) 
Seat 8: highrolling420 ($2.03 in chips) 
Seat 9: dhabiles52 ($2.37 in chips) 
AnXioUs82: posts small blind $0.01
nagaElf: posts big blind $0.02
*** HOLE CARDS ***
Dealt to Dorex2007 [5h 4h]
cr@sh test: folds 
Dorex2007: folds 
MMinnot68: folds 
KingPhill291: folds 
highrolling420: raises $0.04 to $0.06
dhabiles52: calls $0.06
AnXioUs82: calls $0.05
nagaElf: folds 
*** FLOP *** [5d Kd 7d]
AnXioUs82: checks 
highrolling420: checks 
dhabiles52: bets $0.12
AnXioUs82: folds 
highrolling420: folds 
Uncalled bet ($0.12) returned to dhabiles52
dhabiles52 collected $0.19 from pot
dhabiles52: doesn't show hand 
*** SUMMARY ***
Total pot $0.20 | Rake $0.01 
Board [5d Kd 7d]
Seat 1: AnXioUs82 (small blind) folded on the Flop
Seat 3: nagaElf (big blind) folded before Flop
Seat 4: cr@sh test folded before Flop (didn't bet)
Seat 5: Dorex2007 folded before Flop (didn't bet)
Seat 6: MMinnot68 folded before Flop (didn't bet)
Seat 7: KingPhill291 folded before Flop (didn't bet)
Seat 8: highrolling420 folded on the Flop
Seat 9: dhabiles52 (button) collected ($0.19)



PokerStars Hand #224541063668:  Hold'em No Limit ($0.01/$0.02 USD) - 2021/03/06 18:14:08 PT [2021/03/06 21:14:08 ET]
Table 'Furud' 9-max Seat #1 is the button
Seat 1: AnXioUs82 ($1.87 in chips) 
Seat 3: nagaElf ($2.05 in chips) 
Seat 4: cr@sh test ($3.05 in chips) 
Seat 5: Dorex2007 ($1.48 in chips) 
Seat 6: MMinnot68 ($1.68 in chips) 
Seat 7: KingPhill291 ($2.06 in chips) 
Seat 8: highrolling420 ($2 in chips) 
Seat 9: dhabiles52 ($2.50 in chips) 
nagaElf: posts small blind $0.01
cr@sh test: posts big blind $0.02
*** HOLE CARDS ***
Dealt to Dorex2007 [9d As]
Dorex2007: folds 
MMinnot68: folds 
KingPhill291: calls $0.02
highrolling420: folds 
dhabiles52: raises $0.08 to $0.10
AnXioUs82: folds 
nagaElf: folds 
cr@sh test: folds 
KingPhill291: folds 
Uncalled bet ($0.08) returned to dhabiles52
cr@sh test leaves the table
dhabiles52 collected $0.07 from pot
dhabiles52: doesn't show hand 
*** SUMMARY ***
Total pot $0.07 | Rake $0 
Seat 1: AnXioUs82 (button) folded before Flop (didn't bet)
Seat 3: nagaElf (small blind) folded before Flop
Seat 4: cr@sh test (big blind) folded before Flop
Seat 5: Dorex2007 folded before Flop (didn't bet)
Seat 6: MMinnot68 folded before Flop (didn't bet)
Seat 7: KingPhill291 folded before Flop
Seat 8: highrolling420 folded before Flop (didn't bet)
Seat 9: dhabiles52 collected ($0.07)



PokerStars Hand #224541078344:  Hold'em No Limit ($0.01/$0.02 USD) - 2021/03/06 18:14:37 PT [2021/03/06 21:14:37 ET]
Table 'Furud' 9-max Seat #3 is the button
Seat 1: AnXioUs82 ($1.87 in chips) 
Seat 3: nagaElf ($2.04 in chips) 
Seat 5: Dorex2007 ($1.48 in chips) 
Seat 6: MMinnot68 ($1.68 in chips) 
Seat 7: KingPhill291 ($2.04 in chips) 
Seat 8: highrolling420 ($2 in chips) 
Seat 9: dhabiles52 ($2.55 in chips) 
Dorex2007: posts small blind $0.01
MMinnot68: posts big blind $0.02
*** HOLE CARDS ***
Dealt to Dorex2007 [7h As]
KingPhill291: folds 
highrolling420: raises $0.04 to $0.06
dhabiles52: folds 
AnXioUs82: calls $0.06
nagaElf: folds 
Dorex2007: folds 
MMinnot68: folds 
*** FLOP *** [Th 3s 4d]
highrolling420: checks 
AnXioUs82: checks 
*** TURN *** [Th 3s 4d] [2c]
nopo33 joins the table at seat #4 
highrolling420: checks 
AnXioUs82: checks 
*** RIVER *** [Th 3s 4d 2c] [5d]
highrolling420: checks 
AnXioUs82: bets $0.08
highrolling420: folds 
Uncalled bet ($0.08) returned to AnXioUs82
AnXioUs82 collected $0.14 from pot
AnXioUs82: doesn't show hand 
*** SUMMARY ***
Total pot $0.15 | Rake $0.01 
Board [Th 3s 4d 2c 5d]
Seat 1: AnXioUs82 collected ($0.14)
Seat 3: nagaElf (button) folded before Flop (didn't bet)
Seat 5: Dorex2007 (small blind) folded before Flop
Seat 6: MMinnot68 (big blind) folded before Flop
Seat 7: KingPhill291 folded before Flop (didn't bet)
Seat 8: highrolling420 folded on the River
Seat 9: dhabiles52 folded before Flop (didn't bet)



PokerStars Hand #224541097942:  Hold'em No Limit ($0.01/$0.02 USD) - 2021/03/06 18:15:32 PT [2021/03/06 21:15:32 ET]
Table 'Furud' 9-max Seat #5 is the button
Seat 1: AnXioUs82 ($1.95 in chips) 
Seat 3: nagaElf ($2.04 in chips) 
Seat 4: nopo33 ($0.80 in chips) 
Seat 5: Dorex2007 ($1.47 in chips) 
Seat 6: MMinnot68 ($1.66 in chips) 
Seat 7: KingPhill291 ($2.04 in chips) 
Seat 8: highrolling420 ($2 in chips) 
Seat 9: dhabiles52 ($2.55 in chips) 
MMinnot68: posts small blind $0.01
KingPhill291: posts big blind $0.02
nopo33: posts big blind $0.02
*** HOLE CARDS ***
Dealt to Dorex2007 [4d Qd]
highrolling420: raises $0.08 to $0.10
dhabiles52: folds 
AnXioUs82: folds 
nagaElf: folds 
nopo33: folds 
Dorex2007: folds 
MMinnot68: folds 
KingPhill291: folds 
Uncalled bet ($0.08) returned to highrolling420
highrolling420 collected $0.07 from pot
highrolling420: doesn't show hand 
*** SUMMARY ***
Total pot $0.07 | Rake $0 
Seat 1: AnXioUs82 folded before Flop (didn't bet)
Seat 3: nagaElf folded before Flop (didn't bet)
Seat 4: nopo33 folded before Flop (didn't bet)
Seat 5: Dorex2007 (button) folded before Flop (didn't bet)
Seat 6: MMinnot68 (small blind) folded before Flop
Seat 7: KingPhill291 (big blind) folded before Flop
Seat 8: highrolling420 collected ($0.07)
Seat 9: dhabiles52 folded before Flop (didn't bet)



PokerStars Hand #224541105439:  Hold'em No Limit ($0.01/$0.02 USD) - 2021/03/06 18:15:52 PT [2021/03/06 21:15:52 ET]
Table 'Furud' 9-max Seat #6 is the button
Seat 1: AnXioUs82 ($1.95 in chips) 
Seat 3: nagaElf ($2.04 in chips) 
Seat 4: nopo33 ($0.78 in chips) 
Seat 5: Dorex2007 ($1.47 in chips) 
Seat 6: MMinnot68 ($1.65 in chips) 
Seat 7: KingPhill291 ($2.02 in chips) 
Seat 8: highrolling420 ($2.05 in chips) 
Seat 9: dhabiles52 ($2.55 in chips) 
KingPhill291: posts small blind $0.01
highrolling420: posts big blind $0.02
*** HOLE CARDS ***
Dealt to Dorex2007 [Kd Ts]
dhabiles52: folds 
AnXioUs82: calls $0.02
nagaElf: folds 
nopo33: folds 
Dorex2007: folds 
MMinnot68: folds 
KingPhill291: calls $0.01
highrolling420: checks 
*** FLOP *** [8s Js Qc]
KingPhill291: checks 
highrolling420: checks 
AnXioUs82: bets $0.04
KingPhill291: folds 
highrolling420: folds 
Uncalled bet ($0.04) returned to AnXioUs82
AnXioUs82 collected $0.06 from pot
AnXioUs82: doesn't show hand 
*** SUMMARY ***
Total pot $0.06 | Rake $0 
Board [8s Js Qc]
Seat 1: AnXioUs82 collected ($0.06)
Seat 3: nagaElf folded before Flop (didn't bet)
Seat 4: nopo33 folded before Flop (didn't bet)
Seat 5: Dorex2007 folded before Flop (didn't bet)
Seat 6: MMinnot68 (button) folded before Flop (didn't bet)
Seat 7: KingPhill291 (small blind) folded on the Flop
Seat 8: highrolling420 (big blind) folded on the Flop
Seat 9: dhabiles52 folded before Flop (didn't bet)



PokerStars Hand #224541115736:  Hold'em No Limit ($0.01/$0.02 USD) - 2021/03/06 18:16:21 PT [2021/03/06 21:16:21 ET]
Table 'Furud' 9-max Seat #7 is the button
Seat 1: AnXioUs82 ($1.99 in chips) 
Seat 3: nagaElf ($2.04 in chips) 
Seat 4: nopo33 ($0.78 in chips) 
Seat 5: Dorex2007 ($1.47 in chips) 
Seat 6: MMinnot68 ($1.65 in chips) 
Seat 7: KingPhill291 ($2 in chips) 
Seat 8: highrolling420 ($2.03 in chips) 
Seat 9: dhabiles52 ($2.55 in chips) 
highrolling420: posts small blind $0.01
dhabiles52: posts big blind $0.02
*** HOLE CARDS ***
Dealt to Dorex2007 [2h Tc]
AnXioUs82: folds 
nagaElf: folds 
nopo33: folds 
Dorex2007: folds 
MMinnot68: calls $0.02
KingPhill291: calls $0.02
highrolling420: folds 
dhabiles52: checks 
*** FLOP *** [7d 6c 4s]
dhabiles52: checks 
MMinnot68: bets $0.04
KingPhill291: calls $0.04
dhabiles52: calls $0.04
*** TURN *** [7d 6c 4s] [7c]
dhabiles52: checks 
MMinnot68: checks 
KingPhill291: checks 
*** RIVER *** [7d 6c 4s 7c] [Kd]
dhabiles52: checks 
MMinnot68: checks 
KingPhill291: checks 
*** SHOW DOWN ***
dhabiles52: shows [5c As] (a pair of Sevens)
MMinnot68: shows [5s Ah] (a pair of Sevens)
KingPhill291: mucks hand 
dhabiles52 collected $0.09 from pot
MMinnot68 collected $0.09 from pot
*** SUMMARY ***
Total pot $0.19 | Rake $0.01 
Board [7d 6c 4s 7c Kd]
Seat 1: AnXioUs82 folded before Flop (didn't bet)
Seat 3: nagaElf folded before Flop (didn't bet)
Seat 4: nopo33 folded before Flop (didn't bet)
Seat 5: Dorex2007 folded before Flop (didn't bet)
Seat 6: MMinnot68 showed [5s Ah] and won ($0.09) with a pair of Sevens
Seat 7: KingPhill291 (button) mucked [9s Js]
Seat 8: highrolling420 (small blind) folded before Flop
Seat 9: dhabiles52 (big blind) showed [5c As] and won ($0.09) with a pair of Sevens



PokerStars Hand #224541149803:  Hold'em No Limit ($0.01/$0.02 USD) - 2021/03/06 18:17:38 PT [2021/03/06 21:17:38 ET]
Table 'Furud' 9-max Seat #8 is the button
Seat 1: AnXioUs82 ($1.99 in chips) 
Seat 3: nagaElf ($2.04 in chips) 
Seat 4: nopo33 ($0.78 in chips) 
Seat 5: Dorex2007 ($1.47 in chips) 
Seat 6: MMinnot68 ($1.68 in chips) 
Seat 7: KingPhill291 ($1.94 in chips) 
Seat 8: highrolling420 ($2.02 in chips) 
Seat 9: dhabiles52 ($2.58 in chips) 
dhabiles52: posts small blind $0.01
AnXioUs82: posts big blind $0.02
*** HOLE CARDS ***
Dealt to Dorex2007 [Js Qc]
nagaElf: folds 
nopo33: folds 
Dorex2007: folds 
MMinnot68: folds 
KingPhill291: calls $0.02
highrolling420: folds 
dhabiles52: calls $0.01
AnXioUs82: checks 
*** FLOP *** [3h 8h Jd]
dhabiles52: checks 
AnXioUs82: bets $0.04
KingPhill291: calls $0.04
dhabiles52: calls $0.04
*** TURN *** [3h 8h Jd] [5c]
dhabiles52: checks 
AnXioUs82: bets $0.08
KingPhill291: calls $0.08
dhabiles52: folds 
*** RIVER *** [3h 8h Jd 5c] [Ah]
AnXioUs82: checks 
KingPhill291: bets $0.16
AnXioUs82: calls $0.16
*** SHOW DOWN ***
KingPhill291: shows [9h Qd] (high card Ace)
AnXioUs82: shows [Jh 9s] (a pair of Jacks)
AnXioUs82 collected $0.64 from pot
*** SUMMARY ***
Total pot $0.66 | Rake $0.02 
Board [3h 8h Jd 5c Ah]
Seat 1: AnXioUs82 (big blind) showed [Jh 9s] and won ($0.64) with a pair of Jacks
Seat 3: nagaElf folded before Flop (didn't bet)
Seat 4: nopo33 folded before Flop (didn't bet)
Seat 5: Dorex2007 folded before Flop (didn't bet)
Seat 6: MMinnot68 folded before Flop (didn't bet)
Seat 7: KingPhill291 showed [9h Qd] and lost with high card Ace
Seat 8: highrolling420 (button) folded before Flop (didn't bet)
Seat 9: dhabiles52 (small blind) folded on the Turn



PokerStars Hand #224541175021:  Hold'em No Limit ($0.01/$0.02 USD) - 2021/03/06 18:18:49 PT [2021/03/06 21:18:49 ET]
Table 'Furud' 9-max Seat #9 is the button
Seat 1: AnXioUs82 ($2.33 in chips) 
Seat 3: nagaElf ($2.04 in chips) 
Seat 4: nopo33 ($0.78 in chips) 
Seat 5: Dorex2007 ($1.47 in chips) 
Seat 6: MMinnot68 ($1.68 in chips) 
Seat 7: KingPhill291 ($1.64 in chips) 
Seat 8: highrolling420 ($2.02 in chips) 
Seat 9: dhabiles52 ($2.52 in chips) 
AnXioUs82: posts small blind $0.01
nagaElf: posts big blind $0.02
*** HOLE CARDS ***
Dealt to Dorex2007 [6d 8h]
nopo33: folds 
Dorex2007: folds 
MMinnot68: folds 
KingPhill291: folds 
highrolling420: folds 
dhabiles52: raises $0.04 to $0.06
AnXioUs82: calls $0.05
nagaElf: folds 
*** FLOP *** [Ac 3s Kd]
AnXioUs82: checks 
dhabiles52: checks 
*** TURN *** [Ac 3s Kd] [2h]
AnXioUs82: checks 
dhabiles52: bets $0.09
AnXioUs82: folds 
Uncalled bet ($0.09) returned to dhabiles52
dhabiles52 collected $0.14 from pot
dhabiles52: doesn't show hand 
*** SUMMARY ***
Total pot $0.14 | Rake $0 
Board [Ac 3s Kd 2h]
Seat 1: AnXioUs82 (small blind) folded on the Turn
Seat 3: nagaElf (big blind) folded before Flop
Seat 4: nopo33 folded before Flop (didn't bet)
Seat 5: Dorex2007 folded before Flop (didn't bet)
Seat 6: MMinnot68 folded before Flop (didn't bet)
Seat 7: KingPhill291 folded before Flop (didn't bet)
Seat 8: highrolling420 folded before Flop (didn't bet)
Seat 9: dhabiles52 (button) collected ($0.14)



PokerStars Hand #224541191302:  Hold'em No Limit ($0.01/$0.02 USD) - 2021/03/06 18:19:34 PT [2021/03/06 21:19:34 ET]
Table 'Furud' 9-max Seat #1 is the button
Seat 1: AnXioUs82 ($2.27 in chips) 
Seat 3: nagaElf ($2.02 in chips) 
Seat 4: nopo33 ($0.78 in chips) 
Seat 5: Dorex2007 ($1.47 in chips) 
Seat 6: MMinnot68 ($1.68 in chips) 
Seat 7: KingPhill291 ($1.64 in chips) 
Seat 8: highrolling420 ($2.02 in chips) 
Seat 9: dhabiles52 ($2.60 in chips) 
nagaElf: posts small blind $0.01
nopo33: posts big blind $0.02
*** HOLE CARDS ***
Dealt to Dorex2007 [8d 4s]
Dorex2007: folds 
MMinnot68: folds 
KingPhill291: calls $0.02
highrolling420: folds 
dhabiles52: folds 
AnXioUs82: folds 
nagaElf: folds 
nopo33: checks 
*** FLOP *** [3c 2c 7c]
nopo33: checks 
KingPhill291: checks 
*** TURN *** [3c 2c 7c] [Kd]
tylerc124 leaves the table
rafatantra joins the table at seat #2 
nopo33: checks 
KingPhill291: checks 
*** RIVER *** [3c 2c 7c Kd] [Ah]
nopo33: checks 
KingPhill291: checks 
*** SHOW DOWN ***
nopo33: shows [8c 6d] (high card Ace)
KingPhill291: shows [Qd Jc] (high card Ace - King+Queen kicker)
KingPhill291 collected $0.05 from pot
*** SUMMARY ***
Total pot $0.05 | Rake $0 
Board [3c 2c 7c Kd Ah]
Seat 1: AnXioUs82 (button) folded before Flop (didn't bet)
Seat 3: nagaElf (small blind) folded before Flop
Seat 4: nopo33 (big blind) showed [8c 6d] and lost with high card Ace
Seat 5: Dorex2007 folded before Flop (didn't bet)
Seat 6: MMinnot68 folded before Flop (didn't bet)
Seat 7: KingPhill291 showed [Qd Jc] and won ($0.05) with high card Ace
Seat 8: highrolling420 folded before Flop (didn't bet)
Seat 9: dhabiles52 folded before Flop (didn't bet)



PokerStars Hand #224541215187:  Hold'em No Limit ($0.01/$0.02 USD) - 2021/03/06 18:20:41 PT [2021/03/06 21:20:41 ET]
Table 'Furud' 9-max Seat #3 is the button
Seat 1: AnXioUs82 ($2.27 in chips) 
Seat 2: rafatantra ($1.60 in chips) 
Seat 3: nagaElf ($2.01 in chips) 
Seat 4: nopo33 ($0.76 in chips) 
Seat 5: Dorex2007 ($1.47 in chips) 
Seat 6: MMinnot68 ($1.68 in chips) 
Seat 7: KingPhill291 ($1.67 in chips) 
Seat 8: highrolling420 ($2.02 in chips) 
Seat 9: dhabiles52 ($2.60 in chips) 
nopo33: posts small blind $0.01
Dorex2007: posts big blind $0.02
rafatantra: posts big blind $0.02
*** HOLE CARDS ***
Dealt to Dorex2007 [4s 5s]
MMinnot68: calls $0.02
KingPhill291: folds 
highrolling420: raises $0.11 to $0.13
dhabiles52: folds 
AnXioUs82: folds 
rafatantra: folds 
nagaElf: folds 
nopo33: folds 
Dorex2007: folds 
MMinnot68: calls $0.11
*** FLOP *** [7d 6c Ts]
MMinnot68: bets $0.15
highrolling420: calls $0.15
*** TURN *** [7d 6c Ts] [8c]
MMinnot68: bets $0.30
highrolling420: calls $0.30
*** RIVER *** [7d 6c Ts 8c] [6s]
MMinnot68: bets $1.10 and is all-in
highrolling420: folds 
Uncalled bet ($1.10) returned to MMinnot68
MMinnot68 collected $1.17 from pot
MMinnot68: doesn't show hand 
*** SUMMARY ***
Total pot $1.21 | Rake $0.04 
Board [7d 6c Ts 8c 6s]
Seat 1: AnXioUs82 folded before Flop (didn't bet)
Seat 2: rafatantra folded before Flop (didn't bet)
Seat 3: nagaElf (button) folded before Flop (didn't bet)
Seat 4: nopo33 (small blind) folded before Flop
Seat 5: Dorex2007 (big blind) folded before Flop
Seat 6: MMinnot68 collected ($1.17)
Seat 7: KingPhill291 folded before Flop (didn't bet)
Seat 8: highrolling420 folded on the River
Seat 9: dhabiles52 folded before Flop (didn't bet)



PokerStars Hand #224541244713:  Hold'em No Limit ($0.01/$0.02 USD) - 2021/03/06 18:21:53 PT [2021/03/06 21:21:53 ET]
Table 'Furud' 9-max Seat #4 is the button
Seat 1: AnXioUs82 ($2.27 in chips) 
Seat 2: rafatantra ($1.58 in chips) 
Seat 3: nagaElf ($2.01 in chips) 
Seat 4: nopo33 ($0.75 in chips) 
Seat 5: Dorex2007 ($1.45 in chips) 
Seat 6: MMinnot68 ($2.27 in chips) 
Seat 7: KingPhill291 ($1.67 in chips) 
Seat 8: highrolling420 ($2 in chips) 
Seat 9: dhabiles52 ($2.60 in chips) 
Dorex2007: posts small blind $0.01
MMinnot68: posts big blind $0.02
*** HOLE CARDS ***
Dealt to Dorex2007 [5h Tc]
KingPhill291: folds 
highrolling420: folds 
dhabiles52: folds 
AnXioUs82: folds 
rafatantra has timed out
rafatantra: folds 
nagaElf: folds 
nopo33: calls $0.02
Dorex2007: calls $0.01
MMinnot68: checks 
*** FLOP *** [Kc Qh 4c]
Dorex2007: checks 
MMinnot68: checks 
nopo33: checks 
*** TURN *** [Kc Qh 4c] [Jh]
Dorex2007: checks 
MMinnot68: bets $0.06
nopo33: calls $0.06
Dorex2007: calls $0.06
*** RIVER *** [Kc Qh 4c Jh] [8d]
Dorex2007: checks 
MMinnot68: checks 
nopo33: checks 
*** SHOW DOWN ***
Dorex2007: shows [5h Tc] (high card King)
MMinnot68: shows [3h 4h] (a pair of Fours)
nopo33: mucks hand 
MMinnot68 collected $0.23 from pot
*** SUMMARY ***
Total pot $0.24 | Rake $0.01 
Board [Kc Qh 4c Jh 8d]
Seat 1: AnXioUs82 folded before Flop (didn't bet)
Seat 2: rafatantra folded before Flop (didn't bet)
Seat 3: nagaElf folded before Flop (didn't bet)
Seat 4: nopo33 (button) mucked [Ah 9h]
Seat 5: Dorex2007 (small blind) showed [5h Tc] and lost with high card King
Seat 6: MMinnot68 (big blind) showed [3h 4h] and won ($0.23) with a pair of Fours
Seat 7: KingPhill291 folded before Flop (didn't bet)
Seat 8: highrolling420 folded before Flop (didn't bet)
Seat 9: dhabiles52 folded before Flop (didn't bet)



PokerStars Hand #224541269227:  Hold'em No Limit ($0.01/$0.02 USD) - 2021/03/06 18:23:02 PT [2021/03/06 21:23:02 ET]
Table 'Furud' 9-max Seat #5 is the button
Seat 1: AnXioUs82 ($2.27 in chips) 
Seat 2: rafatantra ($1.58 in chips) 
Seat 3: nagaElf ($2.01 in chips) 
Seat 4: nopo33 ($0.67 in chips) 
Seat 5: Dorex2007 ($1.92 in chips) 
Seat 6: MMinnot68 ($2.42 in chips) 
Seat 7: KingPhill291 ($1.67 in chips) 
Seat 8: highrolling420 ($2 in chips) 
Seat 9: dhabiles52 ($2.60 in chips) 
MMinnot68: posts small blind $0.01
KingPhill291: posts big blind $0.02
*** HOLE CARDS ***
Dealt to Dorex2007 [2s 8d]
highrolling420: folds 
dhabiles52: folds 
AnXioUs82: folds 
rafatantra: calls $0.02
nagaElf: folds 
nopo33: calls $0.02
Dorex2007: folds 
MMinnot68: calls $0.01
KingPhill291: checks 
*** FLOP *** [3h Qh 5s]
MMinnot68: bets $0.08
KingPhill291: folds 
rafatantra: folds 
nopo33: folds 
Uncalled bet ($0.08) returned to MMinnot68
MMinnot68 collected $0.08 from pot
MMinnot68: doesn't show hand 
*** SUMMARY ***
Total pot $0.08 | Rake $0 
Board [3h Qh 5s]
Seat 1: AnXioUs82 folded before Flop (didn't bet)
Seat 2: rafatantra folded on the Flop
Seat 3: nagaElf folded before Flop (didn't bet)
Seat 4: nopo33 folded on the Flop
Seat 5: Dorex2007 (button) folded before Flop (didn't bet)
Seat 6: MMinnot68 (small blind) collected ($0.08)
Seat 7: KingPhill291 (big blind) folded on the Flop
Seat 8: highrolling420 folded before Flop (didn't bet)
Seat 9: dhabiles52 folded before Flop (didn't bet)



PokerStars Hand #224541298233:  Hold'em No Limit ($0.01/$0.02 USD) - 2021/03/06 18:24:06 PT [2021/03/06 21:24:06 ET]
Table 'Furud' 9-max Seat #6 is the button
Seat 1: AnXioUs82 ($2.27 in chips) 
Seat 2: rafatantra ($1.56 in chips) 
Seat 3: nagaElf ($2.01 in chips) 
Seat 4: nopo33 ($0.65 in chips) 
Seat 5: Dorex2007 ($1.92 in chips) 
Seat 6: MMinnot68 ($2.48 in chips) 
Seat 7: KingPhill291 ($1.65 in chips) 
Seat 8: highrolling420 ($2 in chips) 
Seat 9: dhabiles52 ($2.60 in chips) 
KingPhill291: posts small blind $0.01
highrolling420: posts big blind $0.02
*** HOLE CARDS ***
Dealt to Dorex2007 [Kd Js]
dhabiles52: folds 
AnXioUs82: folds 
rafatantra: folds 
nagaElf: folds 
nopo33: calls $0.02
Dorex2007: calls $0.02
MMinnot68: folds 
KingPhill291: calls $0.01
highrolling420: checks 
*** FLOP *** [7s Ks 9h]
KingPhill291: checks 
highrolling420: checks 
nopo33: checks 
Dorex2007: bets $0.08
KingPhill291: calls $0.08
highrolling420: folds 
nopo33: calls $0.08
*** TURN *** [7s Ks 9h] [6h]
KingPhill291: checks 
nopo33: checks 
Dorex2007: bets $0.31
KingPhill291: folds 
nopo33: folds 
Uncalled bet ($0.31) returned to Dorex2007
Dorex2007 collected $0.31 from pot
Dorex2007: doesn't show hand 
*** SUMMARY ***
Total pot $0.32 | Rake $0.01 
Board [7s Ks 9h 6h]
Seat 1: AnXioUs82 folded before Flop (didn't bet)
Seat 2: rafatantra folded before Flop (didn't bet)
Seat 3: nagaElf folded before Flop (didn't bet)
Seat 4: nopo33 folded on the Turn
Seat 5: Dorex2007 collected ($0.31)
Seat 6: MMinnot68 (button) folded before Flop (didn't bet)
Seat 7: KingPhill291 (small blind) folded on the Turn
Seat 8: highrolling420 (big blind) folded on the Flop
Seat 9: dhabiles52 folded before Flop (didn't bet)



PokerStars Hand #224541340677:  Hold'em No Limit ($0.01/$0.02 USD) - 2021/03/06 18:25:38 PT [2021/03/06 21:25:38 ET]
Table 'Furud' 9-max Seat #7 is the button
Seat 1: AnXioUs82 ($2.27 in chips) 
Seat 2: rafatantra ($1.56 in chips) 
Seat 3: nagaElf ($2.01 in chips) 
Seat 4: nopo33 ($0.55 in chips) 
Seat 5: Dorex2007 ($2.13 in chips) 
Seat 6: MMinnot68 ($2.48 in chips) 
Seat 7: KingPhill291 ($1.55 in chips) 
Seat 8: highrolling420 ($2 in chips) 
Seat 9: dhabiles52 ($2.60 in chips) 
highrolling420: posts small blind $0.01
dhabiles52: posts big blind $0.02
*** HOLE CARDS ***
Dealt to Dorex2007 [7d 7s]
AnXioUs82: folds 
rafatantra: folds 
nagaElf: folds 
nopo33: calls $0.02
Dorex2007: calls $0.02
MMinnot68: folds 
KingPhill291: calls $0.02
highrolling420: folds 
dhabiles52: raises $0.10 to $0.12
nopo33: calls $0.10
Dorex2007: calls $0.10
KingPhill291: folds 
*** FLOP *** [4h 5s 4s]
dhabiles52: checks 
nopo33: checks 
Dorex2007: bets $0.42
dhabiles52: folds 
nopo33: calls $0.42
*** TURN *** [4h 5s 4s] [9h]
nopo33: checks 
Dorex2007: bets $0.02
nopo33: calls $0.01 and is all-in
Uncalled bet ($0.01) returned to Dorex2007
*** RIVER *** [4h 5s 4s 9h] [Ad]
*** SHOW DOWN ***
nopo33: shows [Qh Qs] (two pair, Queens and Fours)
Dorex2007: shows [7d 7s] (two pair, Sevens and Fours)
nopo33 collected $1.21 from pot
*** SUMMARY ***
Total pot $1.25 | Rake $0.04 
Board [4h 5s 4s 9h Ad]
Seat 1: AnXioUs82 folded before Flop (didn't bet)
Seat 2: rafatantra folded before Flop (didn't bet)
Seat 3: nagaElf folded before Flop (didn't bet)
Seat 4: nopo33 showed [Qh Qs] and won ($1.21) with two pair, Queens and Fours
Seat 5: Dorex2007 showed [7d 7s] and lost with two pair, Sevens and Fours
Seat 6: MMinnot68 folded before Flop (didn't bet)
Seat 7: KingPhill291 (button) folded before Flop
Seat 8: highrolling420 (small blind) folded before Flop
Seat 9: dhabiles52 (big blind) folded on the Flop



PokerStars Hand #224541370601:  Hold'em No Limit ($0.01/$0.02 USD) - 2021/03/06 18:27:02 PT [2021/03/06 21:27:02 ET]
Table 'Furud' 9-max Seat #8 is the button
Seat 1: AnXioUs82 ($2.27 in chips) 
Seat 2: rafatantra ($1.56 in chips) 
Seat 3: nagaElf ($2.01 in chips) 
Seat 4: nopo33 ($1.21 in chips) 
Seat 5: Dorex2007 ($1.58 in chips) 
Seat 6: MMinnot68 ($2.48 in chips) 
Seat 7: KingPhill291 ($1.53 in chips) 
Seat 8: highrolling420 ($2 in chips) 
Seat 9: dhabiles52 ($2.48 in chips) 
dhabiles52: posts small blind $0.01
AnXioUs82: posts big blind $0.02
*** HOLE CARDS ***
Dealt to Dorex2007 [9s 5h]
rafatantra has timed out
rafatantra: folds 
nagaElf: folds 
nopo33: folds 
Dorex2007: folds 
MMinnot68: raises $0.04 to $0.06
KingPhill291: calls $0.06
highrolling420: folds 
dhabiles52: calls $0.05
AnXioUs82: folds 
*** FLOP *** [Th 4h Ad]
dhabiles52: checks 
MMinnot68: bets $0.10
KingPhill291: folds 
dhabiles52: calls $0.10
*** TURN *** [Th 4h Ad] [9h]
dhabiles52: checks 
MMinnot68: bets $0.20
dhabiles52: calls $0.20
*** RIVER *** [Th 4h Ad 9h] [Qs]
dhabiles52: checks 
MMinnot68: checks 
*** SHOW DOWN ***
dhabiles52: shows [6c Ah] (a pair of Aces)
MMinnot68: shows [Ac Tc] (two pair, Aces and Tens)
MMinnot68 collected $0.77 from pot
*** SUMMARY ***
Total pot $0.80 | Rake $0.03 
Board [Th 4h Ad 9h Qs]
Seat 1: AnXioUs82 (big blind) folded before Flop
Seat 2: rafatantra folded before Flop (didn't bet)
Seat 3: nagaElf folded before Flop (didn't bet)
Seat 4: nopo33 folded before Flop (didn't bet)
Seat 5: Dorex2007 folded before Flop (didn't bet)
Seat 6: MMinnot68 showed [Ac Tc] and won ($0.77) with two pair, Aces and Tens
Seat 7: KingPhill291 folded on the Flop
Seat 8: highrolling420 (button) folded before Flop (didn't bet)
Seat 9: dhabiles52 (small blind) showed [6c Ah] and lost with a pair of Aces



PokerStars Hand #224541392505:  Hold'em No Limit ($0.01/$0.02 USD) - 2021/03/06 18:28:04 PT [2021/03/06 21:28:04 ET]
Table 'Furud' 9-max Seat #9 is the button
Seat 1: AnXioUs82 ($2.25 in chips) 
Seat 2: rafatantra ($1.56 in chips) 
Seat 3: nagaElf ($2.01 in chips) 
Seat 4: nopo33 ($1.21 in chips) 
Seat 5: Dorex2007 ($1.58 in chips) 
Seat 6: MMinnot68 ($2.89 in chips) 
Seat 7: KingPhill291 ($1.47 in chips) 
Seat 8: highrolling420 ($2 in chips) 
Seat 9: dhabiles52 ($2.12 in chips) 
AnXioUs82: posts small blind $0.01
rafatantra: posts big blind $0.02
*** HOLE CARDS ***
Dealt to Dorex2007 [6s Jc]
nagaElf: folds 
nopo33: folds 
Dorex2007: folds 
MMinnot68: calls $0.02
KingPhill291: calls $0.02
highrolling420: raises $0.11 to $0.13
dhabiles52: folds 
AnXioUs82: calls $0.12
rafatantra: calls $0.11
MMinnot68: folds 
KingPhill291: folds 
*** FLOP *** [8h 3s Jd]
AnXioUs82: checks 
rafatantra: checks 
highrolling420: checks 
*** TURN *** [8h 3s Jd] [4c]
AnXioUs82: bets $0.08
rafatantra: raises $0.29 to $0.37
highrolling420: folds 
AnXioUs82: folds 
Uncalled bet ($0.29) returned to rafatantra
rafatantra collected $0.57 from pot
rafatantra: doesn't show hand 
*** SUMMARY ***
Total pot $0.59 | Rake $0.02 
Board [8h 3s Jd 4c]
Seat 1: AnXioUs82 (small blind) folded on the Turn
Seat 2: rafatantra (big blind) collected ($0.57)
Seat 3: nagaElf folded before Flop (didn't bet)
Seat 4: nopo33 folded before Flop (didn't bet)
Seat 5: Dorex2007 folded before Flop (didn't bet)
Seat 6: MMinnot68 folded before Flop
Seat 7: KingPhill291 folded before Flop
Seat 8: highrolling420 folded on the Turn
Seat 9: dhabiles52 (button) folded before Flop (didn't bet)



PokerStars Hand #224541419931:  Hold'em No Limit ($0.01/$0.02 USD) - 2021/03/06 18:29:20 PT [2021/03/06 21:29:20 ET]
Table 'Furud' 9-max Seat #1 is the button
Seat 1: AnXioUs82 ($2.04 in chips) 
Seat 2: rafatantra ($1.92 in chips) 
Seat 3: nagaElf ($2.01 in chips) 
Seat 4: nopo33 ($1.21 in chips) 
Seat 5: Dorex2007 ($1.58 in chips) 
Seat 6: MMinnot68 ($2.87 in chips) 
Seat 7: KingPhill291 ($1.45 in chips) 
Seat 8: highrolling420 ($2 in chips) 
Seat 9: dhabiles52 ($2.12 in chips) 
rafatantra: posts small blind $0.01
nagaElf: posts big blind $0.02
*** HOLE CARDS ***
Dealt to Dorex2007 [Jd Qs]
nopo33: calls $0.02
Dorex2007: folds 
MMinnot68: calls $0.02
KingPhill291: raises $0.02 to $0.04
highrolling420: folds 
dhabiles52: calls $0.04
AnXioUs82: folds 
rafatantra: raises $1.88 to $1.92 and is all-in
nagaElf: folds 
nopo33: folds 
MMinnot68: folds 
KingPhill291: calls $1.41 and is all-in
dhabiles52: folds 
Uncalled bet ($0.47) returned to rafatantra
*** FLOP *** [Td 9s Jc]
*** TURN *** [Td 9s Jc] [3s]
*** RIVER *** [Td 9s Jc 3s] [As]
*** SHOW DOWN ***
rafatantra: shows [Ah Kd] (a pair of Aces)
KingPhill291: shows [Th Tc] (three of a kind, Tens)
KingPhill291 collected $2.90 from pot
*** SUMMARY ***
Total pot $3 | Rake $0.10 
Board [Td 9s Jc 3s As]
Seat 1: AnXioUs82 (button) folded before Flop (didn't bet)
Seat 2: rafatantra (small blind) showed [Ah Kd] and lost with a pair of Aces
Seat 3: nagaElf (big blind) folded before Flop
Seat 4: nopo33 folded before Flop
Seat 5: Dorex2007 folded before Flop (didn't bet)
Seat 6: MMinnot68 folded before Flop
Seat 7: KingPhill291 showed [Th Tc] and won ($2.90) with three of a kind, Tens
Seat 8: highrolling420 folded before Flop (didn't bet)
Seat 9: dhabiles52 folded before Flop



PokerStars Hand #224541440193:  Hold'em No Limit ($0.01/$0.02 USD) - 2021/03/06 18:30:17 PT [2021/03/06 21:30:17 ET]
Table 'Furud' 9-max Seat #2 is the button
Seat 1: AnXioUs82 ($2.04 in chips) 
Seat 2: rafatantra ($0.47 in chips) 
Seat 3: nagaElf ($1.99 in chips) 
Seat 4: nopo33 ($1.19 in chips) 
Seat 5: Dorex2007 ($1.58 in chips) 
Seat 6: MMinnot68 ($2.85 in chips) 
Seat 7: KingPhill291 ($2.90 in chips) 
Seat 8: highrolling420 ($2 in chips) 
Seat 9: dhabiles52 ($2.08 in chips) 
nagaElf: posts small blind $0.01
nopo33: posts big blind $0.02
*** HOLE CARDS ***
Dealt to Dorex2007 [3c Kc]
Dorex2007: folds 
MMinnot68: folds 
KingPhill291: folds 
highrolling420: raises $0.04 to $0.06
dhabiles52: calls $0.06
AnXioUs82: calls $0.06
rafatantra: calls $0.06
nagaElf: folds 
nopo33: folds 
*** FLOP *** [Qs 3h 7s]
highrolling420: checks 
dhabiles52: checks 
AnXioUs82: checks 
rafatantra: checks 
*** TURN *** [Qs 3h 7s] [Kd]
highrolling420: checks 
dhabiles52: bets $0.16
AnXioUs82: folds 
rafatantra: folds 
highrolling420: folds 
Uncalled bet ($0.16) returned to dhabiles52
dhabiles52 collected $0.26 from pot
dhabiles52: doesn't show hand 
*** SUMMARY ***
Total pot $0.27 | Rake $0.01 
Board [Qs 3h 7s Kd]
Seat 1: AnXioUs82 folded on the Turn
Seat 2: rafatantra (button) folded on the Turn
Seat 3: nagaElf (small blind) folded before Flop
Seat 4: nopo33 (big blind) folded before Flop
Seat 5: Dorex2007 folded before Flop (didn't bet)
Seat 6: MMinnot68 folded before Flop (didn't bet)
Seat 7: KingPhill291 folded before Flop (didn't bet)
Seat 8: highrolling420 folded on the Turn
Seat 9: dhabiles52 collected ($0.26)



PokerStars Hand #224541484205:  Hold'em No Limit ($0.01/$0.02 USD) - 2021/03/06 18:32:03 PT [2021/03/06 21:32:03 ET]
Table 'Furud' 9-max Seat #3 is the button
Seat 1: AnXioUs82 ($1.98 in chips) 
Seat 2: rafatantra ($0.41 in chips) 
Seat 3: nagaElf ($1.98 in chips) 
Seat 4: nopo33 ($1.17 in chips) 
Seat 5: Dorex2007 ($2 in chips) 
Seat 6: MMinnot68 ($2.85 in chips) 
Seat 7: KingPhill291 ($2.90 in chips) 
Seat 8: highrolling420 ($2 in chips) 
Seat 9: dhabiles52 ($2.28 in chips) 
nopo33: posts small blind $0.01
Dorex2007: posts big blind $0.02
*** HOLE CARDS ***
Dealt to Dorex2007 [6s 5d]
MMinnot68: folds 
KingPhill291: folds 
highrolling420: folds 
dhabiles52: folds 
AnXioUs82: folds 
rafatantra: raises $0.06 to $0.08
nagaElf: calls $0.08
nopo33: folds 
Dorex2007: folds 
*** FLOP *** [8h Qc Qd]
rafatantra: bets $0.33 and is all-in
nagaElf: folds 
Uncalled bet ($0.33) returned to rafatantra
rafatantra collected $0.18 from pot
rafatantra: doesn't show hand 
*** SUMMARY ***
Total pot $0.19 | Rake $0.01 
Board [8h Qc Qd]
Seat 1: AnXioUs82 folded before Flop (didn't bet)
Seat 2: rafatantra collected ($0.18)
Seat 3: nagaElf (button) folded on the Flop
Seat 4: nopo33 (small blind) folded before Flop
Seat 5: Dorex2007 (big blind) folded before Flop
Seat 6: MMinnot68 folded before Flop (didn't bet)
Seat 7: KingPhill291 folded before Flop (didn't bet)
Seat 8: highrolling420 folded before Flop (didn't bet)
Seat 9: dhabiles52 folded before Flop (didn't bet)



PokerStars Hand #224541498702:  Hold'em No Limit ($0.01/$0.02 USD) - 2021/03/06 18:32:45 PT [2021/03/06 21:32:45 ET]
Table 'Furud' 9-max Seat #4 is the button
Seat 1: AnXioUs82 ($1.98 in chips) 
Seat 2: rafatantra ($0.51 in chips) 
Seat 3: nagaElf ($1.90 in chips) 
Seat 4: nopo33 ($1.16 in chips) 
Seat 5: Dorex2007 ($1.98 in chips) 
Seat 6: MMinnot68 ($2.85 in chips) 
Seat 7: KingPhill291 ($2.90 in chips) 
Seat 8: highrolling420 ($2 in chips) 
Seat 9: dhabiles52 ($2.28 in chips) 
Dorex2007: posts small blind $0.01
MMinnot68: posts big blind $0.02
*** HOLE CARDS ***
Dealt to Dorex2007 [Th Jh]
KingPhill291: calls $0.02
highrolling420: folds 
dhabiles52: calls $0.02
AnXioUs82: folds 
rafatantra: folds 
nagaElf: folds 
nopo33: folds 
Dorex2007: raises $0.12 to $0.14
MMinnot68: folds 
KingPhill291: calls $0.12
dhabiles52: folds 
*** FLOP *** [4h 5s 5h]
Dorex2007: bets $0.31
KingPhill291: raises $2.45 to $2.76 and is all-in
Dorex2007: calls $1.53 and is all-in
Uncalled bet ($0.92) returned to KingPhill291
*** TURN *** [4h 5s 5h] [Qh]
*** RIVER *** [4h 5s 5h Qh] [Tc]
*** SHOW DOWN ***
Dorex2007: shows [Th Jh] (a flush, Queen high)
KingPhill291: shows [Jc Ks] (a pair of Fives)
Dorex2007 collected $3.86 from pot
*** SUMMARY ***
Total pot $4 | Rake $0.14 
Board [4h 5s 5h Qh Tc]
Seat 1: AnXioUs82 folded before Flop (didn't bet)
Seat 2: rafatantra folded before Flop (didn't bet)
Seat 3: nagaElf folded before Flop (didn't bet)
Seat 4: nopo33 (button) folded before Flop (didn't bet)
Seat 5: Dorex2007 (small blind) showed [Th Jh] and won ($3.86) with a flush, Queen high
Seat 6: MMinnot68 (big blind) folded before Flop
Seat 7: KingPhill291 showed [Jc Ks] and lost with a pair of Fives
Seat 8: highrolling420 folded before Flop (didn't bet)
Seat 9: dhabiles52 folded before Flop



PokerStars Hand #224541519125:  Hold'em No Limit ($0.01/$0.02 USD) - 2021/03/06 18:33:43 PT [2021/03/06 21:33:43 ET]
Table 'Furud' 9-max Seat #5 is the button
Seat 1: AnXioUs82 ($1.98 in chips) 
Seat 2: rafatantra ($0.51 in chips) 
Seat 3: nagaElf ($2 in chips) 
Seat 4: nopo33 ($1.16 in chips) 
Seat 5: Dorex2007 ($3.86 in chips) 
Seat 6: MMinnot68 ($2.83 in chips) 
Seat 7: KingPhill291 ($0.92 in chips) 
Seat 8: highrolling420 ($2 in chips) 
Seat 9: dhabiles52 ($2.26 in chips) 
MMinnot68: posts small blind $0.01
KingPhill291: posts big blind $0.02
*** HOLE CARDS ***
Dealt to Dorex2007 [Jh 4s]
highrolling420: raises $0.04 to $0.06
dhabiles52: folds 
AnXioUs82: folds 
rafatantra: folds 
nagaElf: folds 
nopo33: folds 
Dorex2007: folds 
MMinnot68: calls $0.05
KingPhill291: calls $0.04
*** FLOP *** [Tc Kc Qd]
MMinnot68: checks 
KingPhill291: bets $0.02
highrolling420: folds 
MMinnot68: raises $0.11 to $0.13
KingPhill291: calls $0.11
*** TURN *** [Tc Kc Qd] [8h]
MMinnot68: bets $0.42
KingPhill291: raises $0.31 to $0.73 and is all-in
MMinnot68: calls $0.31
*** RIVER *** [Tc Kc Qd 8h] [2d]
*** SHOW DOWN ***
MMinnot68: shows [6h 6s] (a pair of Sixes)
KingPhill291: shows [Qh 9d] (a pair of Queens)
KingPhill291 collected $1.83 from pot
*** SUMMARY ***
Total pot $1.90 | Rake $0.07 
Board [Tc Kc Qd 8h 2d]
Seat 1: AnXioUs82 folded before Flop (didn't bet)
Seat 2: rafatantra folded before Flop (didn't bet)
Seat 3: nagaElf folded before Flop (didn't bet)
Seat 4: nopo33 folded before Flop (didn't bet)
Seat 5: Dorex2007 (button) folded before Flop (didn't bet)
Seat 6: MMinnot68 (small blind) showed [6h 6s] and lost with a pair of Sixes
Seat 7: KingPhill291 (big blind) showed [Qh 9d] and won ($1.83) with a pair of Queens
Seat 8: highrolling420 folded on the Flop
Seat 9: dhabiles52 folded before Flop (didn't bet)



PokerStars Hand #224541540785:  Hold'em No Limit ($0.01/$0.02 USD) - 2021/03/06 18:34:45 PT [2021/03/06 21:34:45 ET]
Table 'Furud' 9-max Seat #6 is the button
Seat 1: AnXioUs82 ($1.98 in chips) 
Seat 2: rafatantra ($0.51 in chips) 
Seat 3: nagaElf ($2 in chips) 
Seat 4: nopo33 ($1.16 in chips) 
Seat 5: Dorex2007 ($3.86 in chips) 
Seat 6: MMinnot68 ($1.91 in chips) 
Seat 7: KingPhill291 ($1.83 in chips) 
Seat 8: highrolling420 ($2 in chips) 
Seat 9: dhabiles52 ($2.26 in chips) 
KingPhill291: posts small blind $0.01
highrolling420: posts big blind $0.02
*** HOLE CARDS ***
Dealt to Dorex2007 [9s 3c]
dhabiles52: raises $0.04 to $0.06
AnXioUs82: folds 
rafatantra: folds 
nagaElf: calls $0.06
nopo33: calls $0.06
Dorex2007: folds 
MMinnot68: raises $0.14 to $0.20
KingPhill291: folds 
highrolling420: folds 
dhabiles52: folds 
nagaElf: folds 
KingPhill291 is disconnected 
nopo33: calls $0.14
*** FLOP *** [Ts Qh Ac]
nopo33: checks 
MMinnot68: bets $0.53
dhabiles52 leaves the table
nopo33: folds 
Uncalled bet ($0.53) returned to MMinnot68
MMinnot68 collected $0.53 from pot
MMinnot68: doesn't show hand 
*** SUMMARY ***
Total pot $0.55 | Rake $0.02 
Board [Ts Qh Ac]
Seat 1: AnXioUs82 folded before Flop (didn't bet)
Seat 2: rafatantra folded before Flop (didn't bet)
Seat 3: nagaElf folded before Flop
Seat 4: nopo33 folded on the Flop
Seat 5: Dorex2007 folded before Flop (didn't bet)
Seat 6: MMinnot68 (button) collected ($0.53)
Seat 7: KingPhill291 (small blind) folded before Flop
Seat 8: highrolling420 (big blind) folded before Flop
Seat 9: dhabiles52 folded before Flop



PokerStars Hand #224541559093:  Hold'em No Limit ($0.01/$0.02 USD) - 2021/03/06 18:35:37 PT [2021/03/06 21:35:37 ET]
Table 'Furud' 9-max Seat #8 is the button
Seat 1: AnXioUs82 ($1.98 in chips) 
Seat 2: rafatantra ($0.51 in chips) 
Seat 3: nagaElf ($1.94 in chips) 
Seat 4: nopo33 ($0.96 in chips) 
Seat 5: Dorex2007 ($3.86 in chips) 
Seat 6: MMinnot68 ($2.24 in chips) 
Seat 8: highrolling420 ($2 in chips) 
AnXioUs82: posts small blind $0.01
rafatantra: posts big blind $0.02
*** HOLE CARDS ***
Dealt to Dorex2007 [Ks Jh]
nagaElf: folds 
Sausagemcbean joins the table at seat #9 
nopo33: folds 
Dorex2007: raises $0.04 to $0.06
MMinnot68: folds 
highrolling420: folds 
AnXioUs82: folds 
rafatantra: folds 
Uncalled bet ($0.04) returned to Dorex2007
Dorex2007 collected $0.05 from pot
Dorex2007: doesn't show hand 
*** SUMMARY ***
Total pot $0.05 | Rake $0 
Seat 1: AnXioUs82 (small blind) folded before Flop
Seat 2: rafatantra (big blind) folded before Flop
Seat 3: nagaElf folded before Flop (didn't bet)
Seat 4: nopo33 folded before Flop (didn't bet)
Seat 5: Dorex2007 collected ($0.05)
Seat 6: MMinnot68 folded before Flop (didn't bet)
Seat 8: highrolling420 (button) folded before Flop (didn't bet)



PokerStars Hand #224541565631:  Hold'em No Limit ($0.01/$0.02 USD) - 2021/03/06 18:35:55 PT [2021/03/06 21:35:55 ET]
Table 'Furud' 9-max Seat #1 is the button
Seat 1: AnXioUs82 ($1.97 in chips) 
Seat 2: rafatantra ($0.49 in chips) 
Seat 3: nagaElf ($2 in chips) 
Seat 4: nopo33 ($0.96 in chips) 
Seat 5: Dorex2007 ($3.89 in chips) 
Seat 6: MMinnot68 ($2.24 in chips) 
Seat 8: highrolling420 ($2 in chips) 
rafatantra: posts small blind $0.01
nagaElf: posts big blind $0.02
Sausagemcbean: sits out 
*** HOLE CARDS ***
Dealt to Dorex2007 [Ac 4d]
nopo33 has timed out
nopo33: folds 
Dorex2007: folds 
MMinnot68: calls $0.02
highrolling420: folds 
AnXioUs82: folds 
rafatantra: calls $0.01
nagaElf: checks 
*** FLOP *** [Jh Ts 2d]
rafatantra: checks 
nagaElf: checks 
MMinnot68: checks 
*** TURN *** [Jh Ts 2d] [5h]
rafatantra: checks 
nagaElf: checks 
MMinnot68: bets $0.06
rafatantra: folds 
nagaElf: folds 
Uncalled bet ($0.06) returned to MMinnot68
MMinnot68 collected $0.06 from pot
MMinnot68: doesn't show hand 
*** SUMMARY ***
Total pot $0.06 | Rake $0 
Board [Jh Ts 2d 5h]
Seat 1: AnXioUs82 (button) folded before Flop (didn't bet)
Seat 2: rafatantra (small blind) folded on the Turn
Seat 3: nagaElf (big blind) folded on the Turn
Seat 4: nopo33 folded before Flop (didn't bet)
Seat 5: Dorex2007 folded before Flop (didn't bet)
Seat 6: MMinnot68 collected ($0.06)
Seat 8: highrolling420 folded before Flop (didn't bet)



PokerStars Hand #224541585417:  Hold'em No Limit ($0.01/$0.02 USD) - 2021/03/06 18:36:51 PT [2021/03/06 21:36:51 ET]
Table 'Furud' 9-max Seat #2 is the button
Seat 1: AnXioUs82 ($1.97 in chips) 
Seat 2: rafatantra ($0.47 in chips) 
Seat 3: nagaElf ($1.98 in chips) 
Seat 4: nopo33 ($0.96 in chips) 
Seat 5: Dorex2007 ($3.89 in chips) 
Seat 6: MMinnot68 ($2.28 in chips) 
Seat 8: highrolling420 ($2 in chips) 
nagaElf: posts small blind $0.01
nopo33: posts big blind $0.02
Sausagemcbean: sits out 
*** HOLE CARDS ***
Dealt to Dorex2007 [6h Ad]
Dorex2007: calls $0.02
MMinnot68: folds 
highrolling420: folds 
AnXioUs82: folds 
rafatantra: calls $0.02
nagaElf: folds 
nopo33: checks 
*** FLOP *** [Qh 5s Qc]
nopo33: checks 
Dorex2007: checks 
rafatantra: checks 
*** TURN *** [Qh 5s Qc] [Jh]
nopo33: checks 
Dorex2007: checks 
rafatantra: checks 
*** RIVER *** [Qh 5s Qc Jh] [3s]
nopo33: checks 
Dorex2007: bets $0.07
rafatantra: calls $0.07
nopo33: folds 
*** SHOW DOWN ***
Dorex2007: shows [6h Ad] (a pair of Queens)
rafatantra: shows [Js 9s] (two pair, Queens and Jacks)
rafatantra collected $0.20 from pot
*** SUMMARY ***
Total pot $0.21 | Rake $0.01 
Board [Qh 5s Qc Jh 3s]
Seat 1: AnXioUs82 folded before Flop (didn't bet)
Seat 2: rafatantra (button) showed [Js 9s] and won ($0.20) with two pair, Queens and Jacks
Seat 3: nagaElf (small blind) folded before Flop
Seat 4: nopo33 (big blind) folded on the River
Seat 5: Dorex2007 showed [6h Ad] and lost with a pair of Queens
Seat 6: MMinnot68 folded before Flop (didn't bet)
Seat 8: highrolling420 folded before Flop (didn't bet)



PokerStars Hand #224541602713:  Hold'em No Limit ($0.01/$0.02 USD) - 2021/03/06 18:37:41 PT [2021/03/06 21:37:41 ET]
Table 'Furud' 9-max Seat #3 is the button
Seat 1: AnXioUs82 ($1.97 in chips) 
Seat 2: rafatantra ($0.58 in chips) 
Seat 3: nagaElf ($1.97 in chips) 
Seat 4: nopo33 ($0.94 in chips) 
Seat 5: Dorex2007 ($3.80 in chips) 
Seat 6: MMinnot68 ($2.28 in chips) 
Seat 8: highrolling420 ($2 in chips) 
nopo33: posts small blind $0.01
Dorex2007: posts big blind $0.02
Sausagemcbean: sits out 
*** HOLE CARDS ***
Dealt to Dorex2007 [5c Td]
MMinnot68: folds 
highrolling420: folds 
AnXioUs82: folds 
rafatantra: folds 
nagaElf: raises $0.06 to $0.08
nopo33: calls $0.07
Dorex2007: folds 
*** FLOP *** [2d Ts 8d]
nopo33: checks 
nagaElf: bets $0.08
nopo33: folds 
Uncalled bet ($0.08) returned to nagaElf
nagaElf collected $0.17 from pot
nagaElf: doesn't show hand 
*** SUMMARY ***
Total pot $0.18 | Rake $0.01 
Board [2d Ts 8d]
Seat 1: AnXioUs82 folded before Flop (didn't bet)
Seat 2: rafatantra folded before Flop (didn't bet)
Seat 3: nagaElf (button) collected ($0.17)
Seat 4: nopo33 (small blind) folded on the Flop
Seat 5: Dorex2007 (big blind) folded before Flop
Seat 6: MMinnot68 folded before Flop (didn't bet)
Seat 8: highrolling420 folded before Flop (didn't bet)



PokerStars Hand #224541622205:  Hold'em No Limit ($0.01/$0.02 USD) - 2021/03/06 18:38:16 PT [2021/03/06 21:38:16 ET]
Table 'Furud' 9-max Seat #4 is the button
Seat 1: AnXioUs82 ($1.97 in chips) 
Seat 2: rafatantra ($0.58 in chips) 
Seat 3: nagaElf ($2.06 in chips) 
Seat 4: nopo33 ($0.86 in chips) 
Seat 5: Dorex2007 ($3.78 in chips) 
Seat 6: MMinnot68 ($2.28 in chips) 
Seat 8: highrolling420 ($2 in chips) 
Dorex2007: posts small blind $0.01
MMinnot68: posts big blind $0.02
Sausagemcbean: sits out 
*** HOLE CARDS ***
Dealt to Dorex2007 [3d Kc]
highrolling420: folds 
AnXioUs82: calls $0.02
rafatantra: calls $0.02
nagaElf: folds 
nopo33: folds 
Dorex2007: folds 
MMinnot68: checks 
*** FLOP *** [Qs Kh 4d]
MMinnot68: checks 
AnXioUs82: bets $0.04
rafatantra: folds 
MMinnot68: folds 
Uncalled bet ($0.04) returned to AnXioUs82
AnXioUs82 collected $0.07 from pot
AnXioUs82: doesn't show hand 
*** SUMMARY ***
Total pot $0.07 | Rake $0 
Board [Qs Kh 4d]
Seat 1: AnXioUs82 collected ($0.07)
Seat 2: rafatantra folded on the Flop
Seat 3: nagaElf folded before Flop (didn't bet)
Seat 4: nopo33 (button) folded before Flop (didn't bet)
Seat 5: Dorex2007 (small blind) folded before Flop
Seat 6: MMinnot68 (big blind) folded on the Flop
Seat 8: highrolling420 folded before Flop (didn't bet)



PokerStars Hand #224541631927:  Hold'em No Limit ($0.01/$0.02 USD) - 2021/03/06 18:38:44 PT [2021/03/06 21:38:44 ET]
Table 'Furud' 9-max Seat #5 is the button
Seat 1: AnXioUs82 ($2.02 in chips) 
Seat 2: rafatantra ($0.56 in chips) 
Seat 3: nagaElf ($2.06 in chips) 
Seat 4: nopo33 ($0.86 in chips) 
Seat 5: Dorex2007 ($3.77 in chips) 
Seat 6: MMinnot68 ($2.26 in chips) 
Seat 8: highrolling420 ($2 in chips) 
MMinnot68: posts small blind $0.01
highrolling420: posts big blind $0.02
Sausagemcbean: sits out 
*** HOLE CARDS ***
Dealt to Dorex2007 [9h Kc]
AnXioUs82: folds 
rafatantra: folds 
nagaElf: folds 
nopo33: folds 
Dorex2007: folds 
MMinnot68: raises $0.02 to $0.04
highrolling420: folds 
Uncalled bet ($0.02) returned to MMinnot68
MMinnot68 collected $0.04 from pot
MMinnot68: doesn't show hand 
*** SUMMARY ***
Total pot $0.04 | Rake $0 
Seat 1: AnXioUs82 folded before Flop (didn't bet)
Seat 2: rafatantra folded before Flop (didn't bet)
Seat 3: nagaElf folded before Flop (didn't bet)
Seat 4: nopo33 folded before Flop (didn't bet)
Seat 5: Dorex2007 (button) folded before Flop (didn't bet)
Seat 6: MMinnot68 (small blind) collected ($0.04)
Seat 8: highrolling420 (big blind) folded before Flop



PokerStars Hand #224541637902:  Hold'em No Limit ($0.01/$0.02 USD) - 2021/03/06 18:39:01 PT [2021/03/06 21:39:01 ET]
Table 'Furud' 9-max Seat #6 is the button
Seat 1: AnXioUs82 ($2.02 in chips) 
Seat 2: rafatantra ($0.56 in chips) 
Seat 3: nagaElf ($2.06 in chips) 
Seat 4: nopo33 ($0.86 in chips) 
Seat 5: Dorex2007 ($3.77 in chips) 
Seat 6: MMinnot68 ($2.28 in chips) 
Seat 8: highrolling420 ($2 in chips) 
Seat 9: Sausagemcbean ($2 in chips) 
highrolling420: posts small blind $0.01
Sausagemcbean: posts big blind $0.02
*** HOLE CARDS ***
Dealt to Dorex2007 [Kc Kh]
AnXioUs82: folds 
rafatantra: folds 
nagaElf: raises $0.06 to $0.08
nopo33: folds 
Dorex2007: raises $0.06 to $0.14
MMinnot68: calls $0.14
highrolling420: folds 
Sausagemcbean: folds 
nagaElf: calls $0.06
*** FLOP *** [3c 9d Ts]
nagaElf: checks 
Dorex2007: bets $0.32
MMinnot68: calls $0.32
nagaElf: folds 
*** TURN *** [3c 9d Ts] [9h]
Dorex2007: checks 
MMinnot68: checks 
*** RIVER *** [3c 9d Ts 9h] [2h]
Dorex2007: bets $1.05
MMinnot68: folds 
Uncalled bet ($1.05) returned to Dorex2007
Dorex2007 collected $1.05 from pot
Dorex2007: doesn't show hand 
*** SUMMARY ***
Total pot $1.09 | Rake $0.04 
Board [3c 9d Ts 9h 2h]
Seat 1: AnXioUs82 folded before Flop (didn't bet)
Seat 2: rafatantra folded before Flop (didn't bet)
Seat 3: nagaElf folded on the Flop
Seat 4: nopo33 folded before Flop (didn't bet)
Seat 5: Dorex2007 collected ($1.05)
Seat 6: MMinnot68 (button) folded on the River
Seat 8: highrolling420 (small blind) folded before Flop
Seat 9: Sausagemcbean (big blind) folded before Flop



PokerStars Hand #224541653295:  Hold'em No Limit ($0.01/$0.02 USD) - 2021/03/06 18:39:44 PT [2021/03/06 21:39:44 ET]
Table 'Furud' 9-max Seat #8 is the button
Seat 1: AnXioUs82 ($2.02 in chips) 
Seat 2: rafatantra ($0.56 in chips) 
Seat 3: nagaElf ($1.92 in chips) 
Seat 4: nopo33 ($0.86 in chips) 
Seat 5: Dorex2007 ($4.36 in chips) 
Seat 6: MMinnot68 ($1.82 in chips) 
Seat 8: highrolling420 ($2 in chips) 
Seat 9: Sausagemcbean ($1.98 in chips) 
Sausagemcbean: posts small blind $0.01
AnXioUs82: posts big blind $0.02
*** HOLE CARDS ***
Dealt to Dorex2007 [Jc Qd]
rafatantra: folds 
nagaElf: raises $0.04 to $0.06
nopo33: folds 
Dorex2007: folds 
MMinnot68: folds 
highrolling420: folds 
Sausagemcbean: folds 
AnXioUs82: folds 
Uncalled bet ($0.04) returned to nagaElf
nagaElf collected $0.05 from pot
nagaElf: doesn't show hand 
*** SUMMARY ***
Total pot $0.05 | Rake $0 
Seat 1: AnXioUs82 (big blind) folded before Flop
Seat 2: rafatantra folded before Flop (didn't bet)
Seat 3: nagaElf collected ($0.05)
Seat 4: nopo33 folded before Flop (didn't bet)
Seat 5: Dorex2007 folded before Flop (didn't bet)
Seat 6: MMinnot68 folded before Flop (didn't bet)
Seat 8: highrolling420 (button) folded before Flop (didn't bet)
Seat 9: Sausagemcbean (small blind) folded before Flop



PokerStars Hand #224541660040:  Hold'em No Limit ($0.01/$0.02 USD) - 2021/03/06 18:40:03 PT [2021/03/06 21:40:03 ET]
Table 'Furud' 9-max Seat #9 is the button
Seat 1: AnXioUs82 ($2 in chips) 
Seat 2: rafatantra ($0.56 in chips) 
Seat 3: nagaElf ($1.95 in chips) 
Seat 4: nopo33 ($0.86 in chips) 
Seat 5: Dorex2007 ($4.36 in chips) 
Seat 6: MMinnot68 ($1.82 in chips) 
Seat 8: highrolling420 ($2 in chips) 
Seat 9: Sausagemcbean ($1.97 in chips) 
AnXioUs82: posts small blind $0.01
rafatantra: posts big blind $0.02
*** HOLE CARDS ***
Dealt to Dorex2007 [5s 5d]
nagaElf: folds 
nopo33: calls $0.02
nagaElf said, "Dorex is kinda maniac but it works"
Dorex2007: calls $0.02
MMinnot68: folds 
highrolling420: folds 
Sausagemcbean: folds 
AnXioUs82: calls $0.01
rafatantra: checks 
*** FLOP *** [4s Th 7h]
AnXioUs82: checks 
rafatantra: checks 
Sausagemcbean leaves the table
nopo33: bets $0.08
Dorex2007 said, "Me??  22 VIP  9 PFR.. even I get a few hands :)"
Dorex2007: folds 
AnXioUs82: calls $0.08
nagaElf said, "yes but when someone checks you shove too hard"
nagaElf said, "but it works"
Dorex2007 said, "last hand was KK, didn't want an A coming"
rafatantra is disconnected 
rafatantra has timed out while disconnected
rafatantra: folds 
*** TURN *** [4s Th 7h] [6h]
grazioso13 joins the table at seat #9 
AnXioUs82: checks 
nopo33: checks 
*** RIVER *** [4s Th 7h 6h] [Td]
AnXioUs82: checks 
nopo33: bets $0.23
AnXioUs82: folds 
Uncalled bet ($0.23) returned to nopo33
nopo33 collected $0.23 from pot
nopo33: doesn't show hand 
*** SUMMARY ***
Total pot $0.24 | Rake $0.01 
Board [4s Th 7h 6h Td]
Seat 1: AnXioUs82 (small blind) folded on the River
Seat 2: rafatantra (big blind) folded on the Flop
Seat 3: nagaElf folded before Flop (didn't bet)
Seat 4: nopo33 collected ($0.23)
Seat 5: Dorex2007 folded on the Flop
Seat 6: MMinnot68 folded before Flop (didn't bet)
Seat 8: highrolling420 folded before Flop (didn't bet)
Seat 9: Sausagemcbean (button) folded before Flop (didn't bet)



PokerStars Hand #224541722528:  Hold'em No Limit ($0.01/$0.02 USD) - 2021/03/06 18:42:35 PT [2021/03/06 21:42:35 ET]
Table 'Furud' 9-max Seat #1 is the button
Seat 1: AnXioUs82 ($1.90 in chips) 
Seat 3: nagaElf ($2 in chips) 
Seat 4: nopo33 ($0.99 in chips) 
Seat 5: Dorex2007 ($4.34 in chips) 
Seat 6: MMinnot68 ($1.82 in chips) 
Seat 8: highrolling420 ($2 in chips) 
Seat 9: grazioso13 ($2 in chips) 
nagaElf: posts small blind $0.01
nopo33: posts big blind $0.02
grazioso13: posts big blind $0.02
*** HOLE CARDS ***
Dealt to Dorex2007 [8c Ts]
Dorex2007: folds 
MMinnot68: raises $0.04 to $0.06
highrolling420: folds 
grazioso13: calls $0.04
AnXioUs82: calls $0.06
nagaElf: folds 
nopo33: folds 
*** FLOP *** [9h 3c 2c]
MMinnot68: bets $0.10
grazioso13: folds 
AnXioUs82: calls $0.10
*** TURN *** [9h 3c 2c] [3s]
MMinnot68: bets $0.30
AnXioUs82: folds 
Uncalled bet ($0.30) returned to MMinnot68
MMinnot68 collected $0.40 from pot
MMinnot68: doesn't show hand 
*** SUMMARY ***
Total pot $0.41 | Rake $0.01 
Board [9h 3c 2c 3s]
Seat 1: AnXioUs82 (button) folded on the Turn
Seat 3: nagaElf (small blind) folded before Flop
Seat 4: nopo33 (big blind) folded before Flop
Seat 5: Dorex2007 folded before Flop (didn't bet)
Seat 6: MMinnot68 collected ($0.40)
Seat 8: highrolling420 folded before Flop (didn't bet)
Seat 9: grazioso13 folded on the Flop



PokerStars Hand #224541746550:  Hold'em No Limit ($0.01/$0.02 USD) - 2021/03/06 18:43:45 PT [2021/03/06 21:43:45 ET]
Table 'Furud' 9-max Seat #3 is the button
Seat 1: AnXioUs82 ($1.74 in chips) 
Seat 3: nagaElf ($1.99 in chips) 
Seat 4: nopo33 ($0.97 in chips) 
Seat 5: Dorex2007 ($4.34 in chips) 
Seat 6: MMinnot68 ($2.06 in chips) 
Seat 8: highrolling420 ($2 in chips) 
Seat 9: grazioso13 ($1.94 in chips) 
nopo33: posts small blind $0.01
Dorex2007: posts big blind $0.02
*** HOLE CARDS ***
Dealt to Dorex2007 [7s 7h]
MMinnot68: folds 
highrolling420: folds 
grazioso13: folds 
AnXioUs82: calls $0.02
nagaElf: folds 
nopo33: folds 
Dorex2007: checks 
*** FLOP *** [9d Ah 3s]
Dorex2007: checks 
AnXioUs82: checks 
*** TURN *** [9d Ah 3s] [8c]
Dorex2007: bets $0.05
AnXioUs82: folds 
Uncalled bet ($0.05) returned to Dorex2007
Dorex2007 collected $0.05 from pot
Dorex2007: doesn't show hand 
*** SUMMARY ***
Total pot $0.05 | Rake $0 
Board [9d Ah 3s 8c]
Seat 1: AnXioUs82 folded on the Turn
Seat 3: nagaElf (button) folded before Flop (didn't bet)
Seat 4: nopo33 (small blind) folded before Flop
Seat 5: Dorex2007 (big blind) collected ($0.05)
Seat 6: MMinnot68 folded before Flop (didn't bet)
Seat 8: highrolling420 folded before Flop (didn't bet)
Seat 9: grazioso13 folded before Flop (didn't bet)



PokerStars Hand #224541755875:  Hold'em No Limit ($0.01/$0.02 USD) - 2021/03/06 18:44:12 PT [2021/03/06 21:44:12 ET]
Table 'Furud' 9-max Seat #4 is the button
Seat 1: AnXioUs82 ($1.72 in chips) 
Seat 3: nagaElf ($1.99 in chips) 
Seat 4: nopo33 ($0.96 in chips) 
Seat 5: Dorex2007 ($4.37 in chips) 
Seat 6: MMinnot68 ($2.06 in chips) 
Seat 8: highrolling420 ($2 in chips) 
Seat 9: grazioso13 ($1.94 in chips) 
Dorex2007: posts small blind $0.01
MMinnot68: posts big blind $0.02
*** HOLE CARDS ***
Dealt to Dorex2007 [9s 5h]
highrolling420: folds 
grazioso13: folds 
AnXioUs82: folds 
nagaElf: folds 
nopo33: calls $0.02
Dorex2007: folds 
MMinnot68: checks 
*** FLOP *** [Kd Ac Js]
MMinnot68: checks 
nopo33: checks 
*** TURN *** [Kd Ac Js] [7h]
MMinnot68: checks 
nopo33: bets $0.05
MMinnot68: folds 
Uncalled bet ($0.05) returned to nopo33
nopo33 collected $0.05 from pot
nopo33: doesn't show hand 
*** SUMMARY ***
Total pot $0.05 | Rake $0 
Board [Kd Ac Js 7h]
Seat 1: AnXioUs82 folded before Flop (didn't bet)
Seat 3: nagaElf folded before Flop (didn't bet)
Seat 4: nopo33 (button) collected ($0.05)
Seat 5: Dorex2007 (small blind) folded before Flop
Seat 6: MMinnot68 (big blind) folded on the Turn
Seat 8: highrolling420 folded before Flop (didn't bet)
Seat 9: grazioso13 folded before Flop (didn't bet)



PokerStars Hand #224541768357:  Hold'em No Limit ($0.01/$0.02 USD) - 2021/03/06 18:44:48 PT [2021/03/06 21:44:48 ET]
Table 'Furud' 9-max Seat #5 is the button
Seat 1: AnXioUs82 ($1.72 in chips) 
Seat 3: nagaElf ($1.99 in chips) 
Seat 4: nopo33 ($0.99 in chips) 
Seat 5: Dorex2007 ($4.36 in chips) 
Seat 6: MMinnot68 ($2.04 in chips) 
Seat 9: grazioso13 ($1.94 in chips) 
MMinnot68: posts small blind $0.01
highrolling420: is sitting out 
grazioso13: posts big blind $0.02
*** HOLE CARDS ***
Dealt to Dorex2007 [Th 8h]
AnXioUs82: folds 
nagaElf: folds 
nopo33: folds 
AnXioUs82 leaves the table
Dorex2007: calls $0.02
MMinnot68: folds 
grazioso13: checks 
*** FLOP *** [Qh 2d Ac]
grazioso13: checks 
Dorex2007: checks 
*** TURN *** [Qh 2d Ac] [7s]
grazioso13: checks 
Dorex2007: bets $0.04
KingPhill291 leaves the table
grazioso13: folds 
Uncalled bet ($0.04) returned to Dorex2007
Dorex2007 collected $0.05 from pot
Dorex2007: doesn't show hand 
*** SUMMARY ***
Total pot $0.05 | Rake $0 
Board [Qh 2d Ac 7s]
Seat 1: AnXioUs82 folded before Flop (didn't bet)
Seat 3: nagaElf folded before Flop (didn't bet)
Seat 4: nopo33 folded before Flop (didn't bet)
Seat 5: Dorex2007 (button) collected ($0.05)
Seat 6: MMinnot68 (small blind) folded before Flop
Seat 9: grazioso13 (big blind) folded on the Turn



PokerStars Hand #224541780219:  Hold'em No Limit ($0.01/$0.02 USD) - 2021/03/06 18:45:22 PT [2021/03/06 21:45:22 ET]
Table 'Furud' 9-max Seat #6 is the button
Seat 3: nagaElf ($1.99 in chips) 
Seat 4: nopo33 ($0.99 in chips) 
Seat 5: Dorex2007 ($4.39 in chips) 
Seat 6: MMinnot68 ($2.03 in chips) 
Seat 9: grazioso13 ($1.92 in chips) 
grazioso13: posts small blind $0.01
nagaElf: posts big blind $0.02
*** HOLE CARDS ***
Dealt to Dorex2007 [6h 4d]
nopo33: folds 
Dorex2007: folds 
MMinnot68: calls $0.02
grazioso13: calls $0.01
nagaElf: checks 
*** FLOP *** [2d Ac Jc]
grazioso13: checks 
nagaElf: checks 
MMinnot68: checks 
*** TURN *** [2d Ac Jc] [5s]
grazioso13: checks 
nagaElf: bets $0.06
highrolling420 leaves the table
MMinnot68: folds 
grazioso13: folds 
Uncalled bet ($0.06) returned to nagaElf
nagaElf collected $0.06 from pot
nagaElf: doesn't show hand 
*** SUMMARY ***
Total pot $0.06 | Rake $0 
Board [2d Ac Jc 5s]
Seat 3: nagaElf (big blind) collected ($0.06)
Seat 4: nopo33 folded before Flop (didn't bet)
Seat 5: Dorex2007 folded before Flop (didn't bet)
Seat 6: MMinnot68 (button) folded on the Turn
Seat 9: grazioso13 (small blind) folded on the Turn



PokerStars Hand #224541795929:  Hold'em No Limit ($0.01/$0.02 USD) - 2021/03/06 18:46:08 PT [2021/03/06 21:46:08 ET]
Table 'Furud' 9-max Seat #9 is the button
Seat 3: nagaElf ($2.03 in chips) 
Seat 5: Dorex2007 ($4.39 in chips) 
Seat 6: MMinnot68 ($2.01 in chips) 
Seat 9: grazioso13 ($1.90 in chips) 
nagaElf: posts small blind $0.01
nopo33: is sitting out 
Dorex2007: posts big blind $0.02
*** HOLE CARDS ***
Dealt to Dorex2007 [Jd 5d]
MMinnot68: calls $0.02
grazioso13: raises $0.06 to $0.08
nagaElf: folds 
Dorex2007: folds 
MMinnot68: calls $0.06
*** FLOP *** [Jc Ks Ac]
nagaElf leaves the table
MMinnot68: checks 
grazioso13: bets $0.09
MMinnot68: calls $0.09
*** TURN *** [Jc Ks Ac] [Jh]
nopo33 leaves the table
MMinnot68: checks 
grazioso13: bets $0.20
MMinnot68: calls $0.20
*** RIVER *** [Jc Ks Ac Jh] [7s]
MMinnot68: bets $0.37
grazioso13: raises $0.43 to $0.80
MMinnot68: calls $0.43
*** SHOW DOWN ***
grazioso13: shows [Qs Tc] (a straight, Ten to Ace)
MMinnot68: mucks hand 
grazioso13 collected $2.29 from pot
*** SUMMARY ***
Total pot $2.37 | Rake $0.08 
Board [Jc Ks Ac Jh 7s]
Seat 3: nagaElf (small blind) folded before Flop
Seat 5: Dorex2007 (big blind) folded before Flop
Seat 6: MMinnot68 mucked [5c Kc]
Seat 9: grazioso13 (button) showed [Qs Tc] and won ($2.29) with a straight, Ten to Ace



PokerStars Hand #224541815779:  Hold'em No Limit ($0.01/$0.02 USD) - 2021/03/06 18:47:05 PT [2021/03/06 21:47:05 ET]
Table 'Furud' 9-max Seat #5 is the button
Seat 5: Dorex2007 ($4.37 in chips) 
Seat 6: MMinnot68 ($0.84 in chips) 
Seat 9: grazioso13 ($3.02 in chips) 
MMinnot68: posts small blind $0.01
grazioso13: posts big blind $0.02
*** HOLE CARDS ***
Dealt to Dorex2007 [Jd Ts]
Dorex2007: folds 
MMinnot68: folds 
Uncalled bet ($0.01) returned to grazioso13
grazioso13 collected $0.02 from pot
grazioso13: doesn't show hand 
*** SUMMARY ***
Total pot $0.02 | Rake $0 
Seat 5: Dorex2007 (button) folded before Flop (didn't bet)
Seat 6: MMinnot68 (small blind) folded before Flop
Seat 9: grazioso13 (big blind) collected ($0.02)



PokerStars Hand #224541818320:  Hold'em No Limit ($0.01/$0.02 USD) - 2021/03/06 18:47:12 PT [2021/03/06 21:47:12 ET]
Table 'Furud' 9-max Seat #6 is the button
Seat 5: Dorex2007 ($4.37 in chips) 
Seat 6: MMinnot68 ($0.83 in chips) 
Seat 9: grazioso13 ($3.03 in chips) 
grazioso13: posts small blind $0.01
Dorex2007: posts big blind $0.02
*** HOLE CARDS ***
Dealt to Dorex2007 [8c 5h]
MMinnot68: folds 
grazioso13: raises $0.04 to $0.06
Dorex2007: folds 
Uncalled bet ($0.04) returned to grazioso13
grazioso13 collected $0.04 from pot
grazioso13: doesn't show hand 
*** SUMMARY ***
Total pot $0.04 | Rake $0 
Seat 5: Dorex2007 (big blind) folded before Flop
Seat 6: MMinnot68 (button) folded before Flop (didn't bet)
Seat 9: grazioso13 (small blind) collected ($0.04)



PokerStars Hand #224541820746:  Hold'em No Limit ($0.01/$0.02 USD) - 2021/03/06 18:47:19 PT [2021/03/06 21:47:19 ET]
Table 'Furud' 9-max Seat #9 is the button
Seat 5: Dorex2007 ($4.35 in chips) 
Seat 6: MMinnot68 ($0.83 in chips) 
Seat 9: grazioso13 ($3.05 in chips) 
Dorex2007: posts small blind $0.01
MMinnot68: posts big blind $0.02
*** HOLE CARDS ***
Dealt to Dorex2007 [4d Qh]
grazioso13: raises $0.04 to $0.06
Dorex2007: folds 
MMinnot68: calls $0.04
*** FLOP *** [7h Qc 6h]
MMinnot68: bets $0.13
grazioso13: folds 
Uncalled bet ($0.13) returned to MMinnot68
MMinnot68 collected $0.13 from pot
MMinnot68: doesn't show hand 
*** SUMMARY ***
Total pot $0.13 | Rake $0 
Board [7h Qc 6h]
Seat 5: Dorex2007 (small blind) folded before Flop
Seat 6: MMinnot68 (big blind) collected ($0.13)
Seat 9: grazioso13 (button) folded on the Flop



PokerStars Hand #224541829417:  Hold'em No Limit ($0.01/$0.02 USD) - 2021/03/06 18:47:44 PT [2021/03/06 21:47:44 ET]
Table 'Furud' 9-max Seat #5 is the button
Seat 5: Dorex2007 ($4.34 in chips) 
Seat 6: MMinnot68 ($0.90 in chips) 
Seat 9: grazioso13 ($2.99 in chips) 
MMinnot68: posts small blind $0.01
grazioso13: posts big blind $0.02
*** HOLE CARDS ***
Dealt to Dorex2007 [3c Ac]
Dorex2007: calls $0.02
MMinnot68: raises $0.02 to $0.04
grazioso13: folds 
Dorex2007: calls $0.02
*** FLOP *** [As 6c Kh]
grazioso13 leaves the table
rafatantra leaves the table
MMinnot68: bets $0.10
Dorex2007: raises $0.30 to $0.40
MMinnot68: calls $0.30
*** TURN *** [As 6c Kh] [Td]
MMinnot68: checks 
Dorex2007: checks 
*** RIVER *** [As 6c Kh Td] [8c]
MMinnot68: bets $0.46 and is all-in
Dorex2007: calls $0.46
*** SHOW DOWN ***
MMinnot68: shows [Ad 8h] (two pair, Aces and Eights)
Dorex2007: shows [3c Ac] (a pair of Aces)
MMinnot68 collected $1.76 from pot
*** SUMMARY ***
Total pot $1.82 | Rake $0.06 
Board [As 6c Kh Td 8c]
Seat 5: Dorex2007 (button) showed [3c Ac] and lost with a pair of Aces
Seat 6: MMinnot68 (small blind) showed [Ad 8h] and won ($1.76) with two pair, Aces and Eights
Seat 9: grazioso13 (big blind) folded before Flop



