PokerStars Hand #233875724288:  Hold'em No Limit ($0.01/$0.02 USD) - 2022/02/07 16:52:33 PT [2022/02/07 19:52:33 ET]
Table 'Miaplacidus II' 9-max Seat #1 is the button
Seat 1: AntonelliJah ($2.01 in chips) 
Seat 2: cubicroot ($1.90 in chips) 
Seat 4: Kolesnikov79 ($1.01 in chips) 
Seat 5: masek09 ($1.52 in chips) 
Seat 6: CrazyyParis ($2.29 in chips) 
Seat 7: kalita-1 ($3.23 in chips) 
Seat 8: saunter ($1.15 in chips) 
Seat 9: Dorex2007 ($2 in chips) 
cubicroot: posts small blind $0.01
Kolesnikov79: posts big blind $0.02
Dorex2007: posts big blind $0.02
*** HOLE CARDS ***
Dealt to Dorex2007 [Qc 2s]
masek09: folds 
CrazyyParis: folds 
kalita-1: calls $0.02
saunter: folds 
Dorex2007: checks 
AntonelliJah: calls $0.02
cubicroot: calls $0.01
Kolesnikov79: checks 
*** FLOP *** [Kd 4h 2d]
cubicroot: checks 
Kolesnikov79: checks 
kalita-1: bets $0.04
Dorex2007: folds 
AntonelliJah: folds 
cubicroot: calls $0.04
Kolesnikov79: folds 
*** TURN *** [Kd 4h 2d] [3d]
cubicroot: checks 
kalita-1: checks 
*** RIVER *** [Kd 4h 2d 3d] [8c]
cubicroot: checks 
kalita-1: checks 
*** SHOW DOWN ***
cubicroot: shows [3s Ac] (a pair of Threes)
kalita-1: shows [Ks Qh] (a pair of Kings)
kalita-1 collected $0.17 from pot
*** SUMMARY ***
Total pot $0.18 | Rake $0.01 
Board [Kd 4h 2d 3d 8c]
Seat 1: AntonelliJah (button) folded on the Flop
Seat 2: cubicroot (small blind) showed [3s Ac] and lost with a pair of Threes
Seat 4: Kolesnikov79 (big blind) folded on the Flop
Seat 5: masek09 folded before Flop (didn't bet)
Seat 6: CrazyyParis folded before Flop (didn't bet)
Seat 7: kalita-1 showed [Ks Qh] and won ($0.17) with a pair of Kings
Seat 8: saunter folded before Flop (didn't bet)
Seat 9: Dorex2007 folded on the Flop (didn't bet)



PokerStars Hand #233875752768:  Hold'em No Limit ($0.01/$0.02 USD) - 2022/02/07 16:53:51 PT [2022/02/07 19:53:51 ET]
Table 'Miaplacidus II' 9-max Seat #2 is the button
Seat 1: AntonelliJah ($1.99 in chips) 
Seat 2: cubicroot ($1.84 in chips) 
Seat 4: Kolesnikov79 ($0.99 in chips) 
Seat 5: masek09 ($1.52 in chips) 
Seat 6: CrazyyParis ($2.29 in chips) 
Seat 7: kalita-1 ($3.34 in chips) 
Seat 8: saunter ($1.15 in chips) 
Seat 9: Dorex2007 ($2 in chips) 
Kolesnikov79: posts small blind $0.01
masek09: posts big blind $0.02
*** HOLE CARDS ***
Dealt to Dorex2007 [4d Ac]
CrazyyParis: folds 
kalita-1: calls $0.02
saunter: folds 
Dorex2007: folds 
AntonelliJah: folds 
cubicroot: folds 
Kolesnikov79: calls $0.01
masek09: checks 
*** FLOP *** [3c 7c Jd]
Kolesnikov79: checks 
masek09: checks 
kalita-1: checks 
*** TURN *** [3c 7c Jd] [Ts]
Kolesnikov79: checks 
masek09: bets $0.04
kalita-1: folds 
Kolesnikov79: folds 
Uncalled bet ($0.04) returned to masek09
masek09 collected $0.06 from pot
masek09: doesn't show hand 
*** SUMMARY ***
Total pot $0.06 | Rake $0 
Board [3c 7c Jd Ts]
Seat 1: AntonelliJah folded before Flop (didn't bet)
Seat 2: cubicroot (button) folded before Flop (didn't bet)
Seat 4: Kolesnikov79 (small blind) folded on the Turn
Seat 5: masek09 (big blind) collected ($0.06)
Seat 6: CrazyyParis folded before Flop (didn't bet)
Seat 7: kalita-1 folded on the Turn
Seat 8: saunter folded before Flop (didn't bet)
Seat 9: Dorex2007 folded before Flop (didn't bet)



PokerStars Hand #233875771887:  Hold'em No Limit ($0.01/$0.02 USD) - 2022/02/07 16:54:53 PT [2022/02/07 19:54:53 ET]
Table 'Miaplacidus II' 9-max Seat #4 is the button
Seat 1: AntonelliJah ($1.99 in chips) 
Seat 2: cubicroot ($1.84 in chips) 
Seat 4: Kolesnikov79 ($0.97 in chips) 
Seat 5: masek09 ($1.56 in chips) 
Seat 6: CrazyyParis ($2.29 in chips) 
Seat 7: kalita-1 ($3.32 in chips) 
Seat 8: saunter ($1.15 in chips) 
Seat 9: Dorex2007 ($2 in chips) 
masek09: posts small blind $0.01
CrazyyParis: posts big blind $0.02
*** HOLE CARDS ***
Dealt to Dorex2007 [2s 9h]
kalita-1: folds 
saunter: calls $0.02
Dorex2007: folds 
AntonelliJah: folds 
cubicroot: raises $0.07 to $0.09
Kolesnikov79: folds 
masek09: folds 
CrazyyParis: folds 
saunter: calls $0.07
*** FLOP *** [3d Jc 9d]
saunter: checks 
cubicroot: bets $0.06
saunter: calls $0.06
*** TURN *** [3d Jc 9d] [Qd]
saunter: checks 
cubicroot: bets $0.16
saunter: calls $0.16
*** RIVER *** [3d Jc 9d Qd] [7d]
saunter: checks 
cubicroot: checks 
*** SHOW DOWN ***
saunter: shows [Ac Ks] (high card Ace)
cubicroot: shows [Jh Jd] (a flush, Queen high)
cubicroot collected $0.63 from pot
*** SUMMARY ***
Total pot $0.65 | Rake $0.02 
Board [3d Jc 9d Qd 7d]
Seat 1: AntonelliJah folded before Flop (didn't bet)
Seat 2: cubicroot showed [Jh Jd] and won ($0.63) with a flush, Queen high
Seat 4: Kolesnikov79 (button) folded before Flop (didn't bet)
Seat 5: masek09 (small blind) folded before Flop
Seat 6: CrazyyParis (big blind) folded before Flop
Seat 7: kalita-1 folded before Flop (didn't bet)
Seat 8: saunter showed [Ac Ks] and lost with high card Ace
Seat 9: Dorex2007 folded before Flop (didn't bet)



PokerStars Hand #233875787524:  Hold'em No Limit ($0.01/$0.02 USD) - 2022/02/07 16:55:52 PT [2022/02/07 19:55:52 ET]
Table 'Miaplacidus II' 9-max Seat #5 is the button
Seat 1: AntonelliJah ($1.99 in chips) 
Seat 2: cubicroot ($2.16 in chips) 
Seat 4: Kolesnikov79 ($0.97 in chips) 
Seat 5: masek09 ($1.55 in chips) 
Seat 6: CrazyyParis ($2.27 in chips) 
Seat 7: kalita-1 ($3.32 in chips) 
Seat 8: saunter ($0.84 in chips) 
Seat 9: Dorex2007 ($2 in chips) 
CrazyyParis: posts small blind $0.01
kalita-1: posts big blind $0.02
*** HOLE CARDS ***
Dealt to Dorex2007 [5s Qh]
saunter: folds 
Dorex2007: folds 
AntonelliJah: folds 
cubicroot: folds 
Kolesnikov79: folds 
masek09: raises $0.04 to $0.06
CrazyyParis: folds 
kalita-1: folds 
Uncalled bet ($0.04) returned to masek09
masek09 collected $0.05 from pot
masek09: doesn't show hand 
*** SUMMARY ***
Total pot $0.05 | Rake $0 
Seat 1: AntonelliJah folded before Flop (didn't bet)
Seat 2: cubicroot folded before Flop (didn't bet)
Seat 4: Kolesnikov79 folded before Flop (didn't bet)
Seat 5: masek09 (button) collected ($0.05)
Seat 6: CrazyyParis (small blind) folded before Flop
Seat 7: kalita-1 (big blind) folded before Flop
Seat 8: saunter folded before Flop (didn't bet)
Seat 9: Dorex2007 folded before Flop (didn't bet)



PokerStars Hand #233875793334:  Hold'em No Limit ($0.01/$0.02 USD) - 2022/02/07 16:56:14 PT [2022/02/07 19:56:14 ET]
Table 'Miaplacidus II' 9-max Seat #6 is the button
Seat 1: AntonelliJah ($1.99 in chips) 
Seat 2: cubicroot ($2.16 in chips) 
Seat 4: Kolesnikov79 ($0.97 in chips) 
Seat 5: masek09 ($1.58 in chips) 
Seat 6: CrazyyParis ($2.26 in chips) 
Seat 7: kalita-1 ($3.30 in chips) 
Seat 8: saunter ($0.84 in chips) 
Seat 9: Dorex2007 ($2 in chips) 
kalita-1: posts small blind $0.01
saunter: posts big blind $0.02
*** HOLE CARDS ***
Dealt to Dorex2007 [Jd Kh]
Dorex2007: folds 
AntonelliJah: folds 
cubicroot: folds 
Kolesnikov79: folds 
masek09: calls $0.02
CrazyyParis: folds 
kalita-1: calls $0.01
saunter: checks 
*** FLOP *** [Ac 9s As]
kalita-1: checks 
saunter: checks 
masek09: bets $0.04
kalita-1: folds 
saunter: folds 
Uncalled bet ($0.04) returned to masek09
masek09 collected $0.06 from pot
masek09: doesn't show hand 
*** SUMMARY ***
Total pot $0.06 | Rake $0 
Board [Ac 9s As]
Seat 1: AntonelliJah folded before Flop (didn't bet)
Seat 2: cubicroot folded before Flop (didn't bet)
Seat 4: Kolesnikov79 folded before Flop (didn't bet)
Seat 5: masek09 collected ($0.06)
Seat 6: CrazyyParis (button) folded before Flop (didn't bet)
Seat 7: kalita-1 (small blind) folded on the Flop
Seat 8: saunter (big blind) folded on the Flop
Seat 9: Dorex2007 folded before Flop (didn't bet)



PokerStars Hand #233875803151:  Hold'em No Limit ($0.01/$0.02 USD) - 2022/02/07 16:56:53 PT [2022/02/07 19:56:53 ET]
Table 'Miaplacidus II' 9-max Seat #7 is the button
Seat 1: AntonelliJah ($1.99 in chips) 
Seat 2: cubicroot ($2.16 in chips) 
Seat 4: Kolesnikov79 ($0.97 in chips) 
Seat 5: masek09 ($1.62 in chips) 
Seat 6: CrazyyParis ($2.26 in chips) 
Seat 7: kalita-1 ($3.28 in chips) 
Seat 8: saunter ($0.82 in chips) 
Seat 9: Dorex2007 ($2 in chips) 
saunter: posts small blind $0.01
Dorex2007: posts big blind $0.02
*** HOLE CARDS ***
Dealt to Dorex2007 [Jh 4s]
AntonelliJah: calls $0.02
cubicroot: folds 
Kolesnikov79: folds 
masek09: calls $0.02
CrazyyParis: folds 
kalita-1: folds 
saunter: calls $0.01
Dorex2007: checks 
*** FLOP *** [8s Th 2d]
saunter: checks 
Dorex2007: checks 
AntonelliJah: bets $0.04
masek09: calls $0.04
saunter: calls $0.04
Dorex2007: folds 
*** TURN *** [8s Th 2d] [7c]
saunter: checks 
AntonelliJah: checks 
masek09: bets $0.08
saunter: calls $0.08
AntonelliJah: calls $0.08
*** RIVER *** [8s Th 2d 7c] [Tc]
saunter: bets $0.42
AntonelliJah: folds 
masek09: raises $1.06 to $1.48 and is all-in
saunter: calls $0.26 and is all-in
Uncalled bet ($0.80) returned to masek09
*** SHOW DOWN ***
masek09: shows [7d 7s] (a full house, Sevens full of Tens)
saunter: shows [As Ts] (three of a kind, Tens)
masek09 collected $1.74 from pot
*** SUMMARY ***
Total pot $1.80 | Rake $0.06 
Board [8s Th 2d 7c Tc]
Seat 1: AntonelliJah folded on the River
Seat 2: cubicroot folded before Flop (didn't bet)
Seat 4: Kolesnikov79 folded before Flop (didn't bet)
Seat 5: masek09 showed [7d 7s] and won ($1.74) with a full house, Sevens full of Tens
Seat 6: CrazyyParis folded before Flop (didn't bet)
Seat 7: kalita-1 (button) folded before Flop (didn't bet)
Seat 8: saunter (small blind) showed [As Ts] and lost with three of a kind, Tens
Seat 9: Dorex2007 (big blind) folded on the Flop



PokerStars Hand #233875826737:  Hold'em No Limit ($0.01/$0.02 USD) - 2022/02/07 16:58:25 PT [2022/02/07 19:58:25 ET]
Table 'Miaplacidus II' 9-max Seat #9 is the button
Seat 1: AntonelliJah ($1.85 in chips) 
Seat 2: cubicroot ($2.16 in chips) 
Seat 4: Kolesnikov79 ($0.97 in chips) 
Seat 5: masek09 ($2.54 in chips) 
Seat 6: CrazyyParis ($2.26 in chips) 
Seat 7: kalita-1 ($3.28 in chips) 
Seat 9: Dorex2007 ($2 in chips) 
AntonelliJah: posts small blind $0.01
cubicroot: posts big blind $0.02
*** HOLE CARDS ***
Dealt to Dorex2007 [2h 6c]
saunter leaves the table
Kolesnikov79 has timed out
Kolesnikov79: folds 
masek09: raises $0.02 to $0.04
CrazyyParis: folds 
Kolesnikov79 leaves the table
kalita-1: calls $0.04
Dorex2007: folds 
AntonelliJah: folds 
cubicroot: calls $0.02
*** FLOP *** [As 5c Jd]
cubicroot: checks 
masek09: bets $0.04
kalita-1: folds 
cubicroot: calls $0.04
*** TURN *** [As 5c Jd] [Js]
cubicroot: checks 
masek09: bets $0.04
cubicroot: calls $0.04
*** RIVER *** [As 5c Jd Js] [8h]
cubicroot: checks 
masek09: checks 
*** SHOW DOWN ***
cubicroot: shows [3d Jh] (three of a kind, Jacks)
masek09: mucks hand 
cubicroot collected $0.28 from pot
*** SUMMARY ***
Total pot $0.29 | Rake $0.01 
Board [As 5c Jd Js 8h]
Seat 1: AntonelliJah (small blind) folded before Flop
Seat 2: cubicroot (big blind) showed [3d Jh] and won ($0.28) with three of a kind, Jacks
Seat 4: Kolesnikov79 folded before Flop (didn't bet)
Seat 5: masek09 mucked [Ad Td]
Seat 6: CrazyyParis folded before Flop (didn't bet)
Seat 7: kalita-1 folded on the Flop
Seat 9: Dorex2007 (button) folded before Flop (didn't bet)



PokerStars Hand #233875839872:  Hold'em No Limit ($0.01/$0.02 USD) - 2022/02/07 16:59:16 PT [2022/02/07 19:59:16 ET]
Table 'Miaplacidus II' 9-max Seat #1 is the button
Seat 1: AntonelliJah ($1.84 in chips) 
Seat 2: cubicroot ($2.32 in chips) 
Seat 5: masek09 ($2.42 in chips) 
Seat 6: CrazyyParis ($2.26 in chips) 
Seat 7: kalita-1 ($3.24 in chips) 
Seat 9: Dorex2007 ($2 in chips) 
cubicroot: posts small blind $0.01
masek09: posts big blind $0.02
*** HOLE CARDS ***
Dealt to Dorex2007 [Kd 7s]
CrazyyParis: folds 
kalita-1: calls $0.02
Dorex2007: folds 
AntonelliJah: calls $0.02
cubicroot: calls $0.01
masek09: checks 
*** FLOP *** [5c Ac 8s]
cubicroot: checks 
masek09: checks 
kalita-1: checks 
AntonelliJah: checks 
*** TURN *** [5c Ac 8s] [Td]
cubicroot: checks 
masek09: checks 
kalita-1: bets $0.04
AntonelliJah: folds 
cubicroot: raises $0.04 to $0.08
masek09: folds 
kalita-1: raises $0.08 to $0.16
cubicroot: calls $0.08
*** RIVER *** [5c Ac 8s Td] [Js]
cubicroot: checks 
kalita-1: bets $0.20
cubicroot: folds 
Uncalled bet ($0.20) returned to kalita-1
kalita-1 collected $0.39 from pot
Vicmac87gre joins the table at seat #8 
kalita-1: doesn't show hand 
*** SUMMARY ***
Total pot $0.40 | Rake $0.01 
Board [5c Ac 8s Td Js]
Seat 1: AntonelliJah (button) folded on the Turn
Seat 2: cubicroot (small blind) folded on the River
Seat 5: masek09 (big blind) folded on the Turn
Seat 6: CrazyyParis folded before Flop (didn't bet)
Seat 7: kalita-1 collected ($0.39)
Seat 9: Dorex2007 folded before Flop (didn't bet)



PokerStars Hand #233875867371:  Hold'em No Limit ($0.01/$0.02 USD) - 2022/02/07 17:00:58 PT [2022/02/07 20:00:58 ET]
Table 'Miaplacidus II' 9-max Seat #2 is the button
Seat 1: AntonelliJah ($1.82 in chips) 
Seat 2: cubicroot ($2.14 in chips) 
Seat 5: masek09 ($2.40 in chips) 
Seat 6: CrazyyParis ($2.26 in chips) 
Seat 7: kalita-1 ($3.45 in chips) 
Seat 9: Dorex2007 ($2 in chips) 
masek09: posts small blind $0.01
CrazyyParis: posts big blind $0.02
Vicmac87gre: sits out 
*** HOLE CARDS ***
Dealt to Dorex2007 [Qd Kd]
kalita-1: folds 
Dorex2007: raises $0.04 to $0.06
AntonelliJah: folds 
cubicroot: folds 
bilberry596 joins the table at seat #4 
masek09: calls $0.05
CrazyyParis: folds 
*** FLOP *** [3d 4c Qs]
masek09: checks 
Dorex2007: bets $0.14
masek09: folds 
Uncalled bet ($0.14) returned to Dorex2007
Dorex2007 collected $0.14 from pot
Dorex2007: doesn't show hand 
*** SUMMARY ***
Total pot $0.14 | Rake $0 
Board [3d 4c Qs]
Seat 1: AntonelliJah folded before Flop (didn't bet)
Seat 2: cubicroot (button) folded before Flop (didn't bet)
Seat 5: masek09 (small blind) folded on the Flop
Seat 6: CrazyyParis (big blind) folded before Flop
Seat 7: kalita-1 folded before Flop (didn't bet)
Seat 9: Dorex2007 collected ($0.14)



PokerStars Hand #233875877833:  Hold'em No Limit ($0.01/$0.02 USD) - 2022/02/07 17:01:33 PT [2022/02/07 20:01:33 ET]
Table 'Miaplacidus II' 9-max Seat #5 is the button
Seat 1: AntonelliJah ($1.82 in chips) 
Seat 2: cubicroot ($2.14 in chips) 
Seat 5: masek09 ($2.34 in chips) 
Seat 6: CrazyyParis ($2.24 in chips) 
Seat 7: kalita-1 ($3.45 in chips) 
Seat 9: Dorex2007 ($2.08 in chips) 
CrazyyParis: posts small blind $0.01
kalita-1: posts big blind $0.02
Vicmac87gre: sits out 
bilberry596: sits out 
*** HOLE CARDS ***
Dealt to Dorex2007 [Kh 5c]
Dorex2007: folds 
AntonelliJah: folds 
cubicroot: folds 
masek09: folds 
CrazyyParis: folds 
Uncalled bet ($0.01) returned to kalita-1
CrazyyParis leaves the table
kalita-1 collected $0.02 from pot
kalita-1: doesn't show hand 
*** SUMMARY ***
Total pot $0.02 | Rake $0 
Seat 1: AntonelliJah folded before Flop (didn't bet)
Seat 2: cubicroot folded before Flop (didn't bet)
Seat 5: masek09 (button) folded before Flop (didn't bet)
Seat 6: CrazyyParis (small blind) folded before Flop
Seat 7: kalita-1 (big blind) collected ($0.02)
Seat 9: Dorex2007 folded before Flop (didn't bet)



PokerStars Hand #233875882271:  Hold'em No Limit ($0.01/$0.02 USD) - 2022/02/07 17:01:47 PT [2022/02/07 20:01:47 ET]
Table 'Miaplacidus II' 9-max Seat #7 is the button
Seat 1: AntonelliJah ($1.82 in chips) 
Seat 2: cubicroot ($2.14 in chips) 
Seat 5: masek09 ($2.34 in chips) 
Seat 7: kalita-1 ($3.46 in chips) 
Seat 9: Dorex2007 ($2.08 in chips) 
Dorex2007: posts small blind $0.01
AntonelliJah: posts big blind $0.02
bilberry596: sits out 
*** HOLE CARDS ***
Dealt to Dorex2007 [Js Kd]
cubicroot: raises $0.02 to $0.04
masek09: folds 
kalita-1: calls $0.04
Dorex2007: calls $0.03
AntonelliJah: folds 
*** FLOP *** [4s 3h 2c]
Dorex2007: checks 
cubicroot: checks 
kalita-1: checks 
*** TURN *** [4s 3h 2c] [As]
Dorex2007: checks 
cubicroot: checks 
kalita-1: checks 
*** RIVER *** [4s 3h 2c As] [Ah]
Dorex2007: checks 
cubicroot: checks 
kalita-1: bets $0.07
Dorex2007: folds 
cubicroot: calls $0.07
*** SHOW DOWN ***
kalita-1: shows [7h Ad] (three of a kind, Aces)
cubicroot: shows [Jd Ac] (three of a kind, Aces - Jack kicker)
cubicroot collected $0.27 from pot
*** SUMMARY ***
Total pot $0.28 | Rake $0.01 
Board [4s 3h 2c As Ah]
Seat 1: AntonelliJah (big blind) folded before Flop
Seat 2: cubicroot showed [Jd Ac] and won ($0.27) with three of a kind, Aces
Seat 5: masek09 folded before Flop (didn't bet)
Seat 7: kalita-1 (button) showed [7h Ad] and lost with three of a kind, Aces
Seat 9: Dorex2007 (small blind) folded on the River



PokerStars Hand #233875911136:  Hold'em No Limit ($0.01/$0.02 USD) - 2022/02/07 17:02:59 PT [2022/02/07 20:02:59 ET]
Table 'Miaplacidus II' 9-max Seat #9 is the button
Seat 1: AntonelliJah ($1.80 in chips) 
Seat 2: cubicroot ($2.30 in chips) 
Seat 5: masek09 ($2.34 in chips) 
Seat 7: kalita-1 ($3.35 in chips) 
Seat 8: Vicmac87gre ($1.87 in chips) 
Seat 9: Dorex2007 ($2.04 in chips) 
AntonelliJah: posts small blind $0.01
cubicroot: posts big blind $0.02
bilberry596: sits out 
Vicmac87gre: posts big blind $0.02
*** HOLE CARDS ***
Dealt to Dorex2007 [7h 2d]
masek09: folds 
kalita-1: calls $0.02
Vicmac87gre: raises $0.04 to $0.06
Dorex2007: folds 
AntonelliJah: calls $0.05
masek09 leaves the table
cubicroot: folds 
kalita-1: calls $0.04
*** FLOP *** [Ts Tc Kd]
surbarun joins the table at seat #6 
AntonelliJah: checks 
kalita-1: checks 
Vicmac87gre: bets $0.10
AntonelliJah: calls $0.10
kalita-1: folds 
*** TURN *** [Ts Tc Kd] [3c]
AntonelliJah: checks 
Vicmac87gre: bets $0.20
AntonelliJah: calls $0.20
*** RIVER *** [Ts Tc Kd 3c] [9d]
AntonelliJah: checks 
david84477 joins the table at seat #5 
Vicmac87gre: bets $0.39
AntonelliJah: raises $0.39 to $0.78
Vicmac87gre: calls $0.39
*** SHOW DOWN ***
AntonelliJah: shows [Jc Qh] (a straight, Nine to King)
Vicmac87gre: mucks hand 
AntonelliJah collected $2.28 from pot
*** SUMMARY ***
Total pot $2.36 | Rake $0.08 
Board [Ts Tc Kd 3c 9d]
Seat 1: AntonelliJah (small blind) showed [Jc Qh] and won ($2.28) with a straight, Nine to King
Seat 2: cubicroot (big blind) folded before Flop
Seat 5: masek09 folded before Flop (didn't bet)
Seat 7: kalita-1 folded on the Flop
Seat 8: Vicmac87gre mucked [Ad Ks]
Seat 9: Dorex2007 (button) folded before Flop (didn't bet)



PokerStars Hand #233875933263:  Hold'em No Limit ($0.01/$0.02 USD) - 2022/02/07 17:04:12 PT [2022/02/07 20:04:12 ET]
Table 'Miaplacidus II' 9-max Seat #1 is the button
Seat 1: AntonelliJah ($2.94 in chips) 
Seat 2: cubicroot ($2.28 in chips) 
Seat 4: bilberry596 ($2 in chips) 
Seat 7: kalita-1 ($3.29 in chips) 
Seat 8: Vicmac87gre ($0.73 in chips) 
Seat 9: Dorex2007 ($2.04 in chips) 
cubicroot: posts small blind $0.01
bilberry596: posts big blind $0.02
david84477: sits out 
surbarun: sits out 
*** HOLE CARDS ***
Dealt to Dorex2007 [4s 6c]
kalita-1: calls $0.02
Vicmac87gre: folds 
Dorex2007: folds 
AntonelliJah: calls $0.02
cubicroot: calls $0.01
bilberry596: checks 
*** FLOP *** [8c Ad 2d]
cubicroot: checks 
bilberry596: checks 
kalita-1: checks 
AntonelliJah: bets $0.02
cubicroot: folds 
bilberry596: calls $0.02
kalita-1: calls $0.02
*** TURN *** [8c Ad 2d] [8d]
bilberry596: checks 
kalita-1: checks 
AntonelliJah: bets $0.06
bilberry596: calls $0.06
kalita-1: calls $0.06
*** RIVER *** [8c Ad 2d 8d] [6s]
bilberry596: checks 
kalita-1: checks 
AntonelliJah: checks 
*** SHOW DOWN ***
bilberry596: shows [8h Qs] (three of a kind, Eights)
kalita-1: mucks hand 
AntonelliJah: mucks hand 
bilberry596 collected $0.31 from pot
xxxxKCxxxx leaves the table
*** SUMMARY ***
Total pot $0.32 | Rake $0.01 
Board [8c Ad 2d 8d 6s]
Seat 1: AntonelliJah (button) mucked [Jc 8s]
Seat 2: cubicroot (small blind) folded on the Flop
Seat 4: bilberry596 (big blind) showed [8h Qs] and won ($0.31) with three of a kind, Eights
Seat 7: kalita-1 mucked [Kh Kd]
Seat 8: Vicmac87gre folded before Flop (didn't bet)
Seat 9: Dorex2007 folded before Flop (didn't bet)



PokerStars Hand #233875955699:  Hold'em No Limit ($0.01/$0.02 USD) - 2022/02/07 17:05:27 PT [2022/02/07 20:05:27 ET]
Table 'Miaplacidus II' 9-max Seat #2 is the button
Seat 1: AntonelliJah ($2.84 in chips) 
Seat 2: cubicroot ($2.26 in chips) 
Seat 4: bilberry596 ($2.21 in chips) 
Seat 5: david84477 ($1.60 in chips) 
Seat 7: kalita-1 ($3.19 in chips) 
Seat 8: Vicmac87gre ($0.73 in chips) 
Seat 9: Dorex2007 ($2.04 in chips) 
bilberry596: posts small blind $0.01
david84477: posts big blind $0.02
surbarun: sits out 
*** HOLE CARDS ***
Dealt to Dorex2007 [9c 3h]
kalita-1: folds 
Vicmac87gre: folds 
Dorex2007: folds 
AntonelliJah: calls $0.02
cubicroot: folds 
bilberry596: calls $0.01
david84477: checks 
*** FLOP *** [5c Qd 5s]
bilberry596: checks 
david84477: checks 
AntonelliJah: bets $0.04
bilberry596: calls $0.04
david84477: folds 
*** TURN *** [5c Qd 5s] [8h]
Fuicax joins the table at seat #3 
bilberry596: checks 
AntonelliJah: bets $0.02
bilberry596: calls $0.02
*** RIVER *** [5c Qd 5s 8h] [Ks]
bilberry596: checks 
AntonelliJah: checks 
*** SHOW DOWN ***
bilberry596: shows [5h Ah] (three of a kind, Fives)
AntonelliJah: mucks hand 
bilberry596 collected $0.17 from pot
*** SUMMARY ***
Total pot $0.18 | Rake $0.01 
Board [5c Qd 5s 8h Ks]
Seat 1: AntonelliJah mucked [Tc Qh]
Seat 2: cubicroot (button) folded before Flop (didn't bet)
Seat 4: bilberry596 (small blind) showed [5h Ah] and won ($0.17) with three of a kind, Fives
Seat 5: david84477 (big blind) folded on the Flop
Seat 7: kalita-1 folded before Flop (didn't bet)
Seat 8: Vicmac87gre folded before Flop (didn't bet)
Seat 9: Dorex2007 folded before Flop (didn't bet)



PokerStars Hand #233875970808:  Hold'em No Limit ($0.01/$0.02 USD) - 2022/02/07 17:06:17 PT [2022/02/07 20:06:17 ET]
Table 'Miaplacidus II' 9-max Seat #4 is the button
Seat 1: AntonelliJah ($2.76 in chips) 
Seat 2: cubicroot ($2.26 in chips) 
Seat 3: Fuicax ($1 in chips) 
Seat 4: bilberry596 ($2.30 in chips) 
Seat 5: david84477 ($1.58 in chips) 
Seat 6: surbarun ($0.66 in chips) 
Seat 7: kalita-1 ($3.19 in chips) 
Seat 8: Vicmac87gre ($0.73 in chips) 
Seat 9: Dorex2007 ($2.04 in chips) 
david84477: posts small blind $0.01
surbarun: posts big blind $0.02
Fuicax: posts big blind $0.02
*** HOLE CARDS ***
Dealt to Dorex2007 [6d 4c]
kalita-1: calls $0.02
Vicmac87gre: calls $0.02
Dorex2007: folds 
AntonelliJah: folds 
cubicroot: folds 
Fuicax: checks 
bilberry596: calls $0.02
david84477: folds 
surbarun: checks 
*** FLOP *** [6c Th 3d]
surbarun: checks 
kalita-1: checks 
Vicmac87gre: checks 
Fuicax: checks 
bilberry596: bets $0.04
surbarun: folds 
kalita-1: calls $0.04
Vicmac87gre: folds 
Fuicax has timed out
Fuicax: folds 
*** TURN *** [6c Th 3d] [Ac]
kalita-1: checks 
bilberry596: checks 
*** RIVER *** [6c Th 3d Ac] [Jc]
kalita-1: bets $0.09
bilberry596: folds 
Uncalled bet ($0.09) returned to kalita-1
kalita-1 collected $0.18 from pot
kalita-1: doesn't show hand 
*** SUMMARY ***
Total pot $0.19 | Rake $0.01 
Board [6c Th 3d Ac Jc]
Seat 1: AntonelliJah folded before Flop (didn't bet)
Seat 2: cubicroot folded before Flop (didn't bet)
Seat 3: Fuicax folded on the Flop (didn't bet)
Seat 4: bilberry596 (button) folded on the River
Seat 5: david84477 (small blind) folded before Flop
Seat 6: surbarun (big blind) folded on the Flop
Seat 7: kalita-1 collected ($0.18)
Seat 8: Vicmac87gre folded on the Flop
Seat 9: Dorex2007 folded before Flop (didn't bet)



PokerStars Hand #233876005567:  Hold'em No Limit ($0.01/$0.02 USD) - 2022/02/07 17:08:11 PT [2022/02/07 20:08:11 ET]
Table 'Miaplacidus II' 9-max Seat #5 is the button
Seat 1: AntonelliJah ($2.76 in chips) 
Seat 2: cubicroot ($2.26 in chips) 
Seat 3: Fuicax ($0.98 in chips) 
Seat 4: bilberry596 ($2.24 in chips) 
Seat 5: david84477 ($1.57 in chips) 
Seat 6: surbarun ($0.64 in chips) 
Seat 7: kalita-1 ($3.31 in chips) 
Seat 8: Vicmac87gre ($0.71 in chips) 
Seat 9: Dorex2007 ($2.04 in chips) 
surbarun: posts small blind $0.01
kalita-1: posts big blind $0.02
*** HOLE CARDS ***
Dealt to Dorex2007 [Jc 5d]
Vicmac87gre has timed out
Vicmac87gre: folds 
Dorex2007: folds 
AntonelliJah: folds 
cubicroot: folds 
Fuicax: folds 
bilberry596: folds 
david84477: folds 
surbarun: folds 
Uncalled bet ($0.01) returned to kalita-1
kalita-1 collected $0.02 from pot
kalita-1: doesn't show hand 
*** SUMMARY ***
Total pot $0.02 | Rake $0 
Seat 1: AntonelliJah folded before Flop (didn't bet)
Seat 2: cubicroot folded before Flop (didn't bet)
Seat 3: Fuicax folded before Flop (didn't bet)
Seat 4: bilberry596 folded before Flop (didn't bet)
Seat 5: david84477 (button) folded before Flop (didn't bet)
Seat 6: surbarun (small blind) folded before Flop
Seat 7: kalita-1 (big blind) collected ($0.02)
Seat 8: Vicmac87gre folded before Flop (didn't bet)
Seat 9: Dorex2007 folded before Flop (didn't bet)



