PokerStars Hand #226530677520:  Hold'em No Limit ($0.01/$0.02 USD) - 2021/05/06 20:32:45 PT [2021/05/06 23:32:45 ET]
Table 'Dolon' 9-max Seat #1 is the button
Seat 1: lukasc20111 ($1.10 in chips) 
Seat 2: vladimir5421 ($1.98 in chips) 
Seat 3: Dorex2007 ($1.50 in chips) 
Seat 5: 5258pb ($0.79 in chips) 
Seat 7: POLLO ISRA75 ($1.72 in chips) 
Seat 8: X-PAWER ($1.66 in chips) 
Seat 9: drewglaeser ($1.85 in chips) 
vladimir5421: posts small blind $0.01
Dorex2007: posts big blind $0.02
SlavikPuha: sits out 
Ginnungagap7: sits out 
*** HOLE CARDS ***
Dealt to Dorex2007 [Jh 4h]
5258pb: folds 
POLLO ISRA75: folds 
X-PAWER: folds 
drewglaeser: calls $0.02
lukasc20111: folds 
vladimir5421: folds 
Dorex2007: checks 
*** FLOP *** [2h 2d Ad]
Dorex2007: checks 
drewglaeser: checks 
*** TURN *** [2h 2d Ad] [3c]
Dorex2007: checks 
drewglaeser: bets $0.05
Dorex2007: calls $0.05
*** RIVER *** [2h 2d Ad 3c] [9s]
Dorex2007: checks 
drewglaeser: bets $0.14
Dorex2007: folds 
Uncalled bet ($0.14) returned to drewglaeser
drewglaeser collected $0.14 from pot
drewglaeser: doesn't show hand 
*** SUMMARY ***
Total pot $0.15 | Rake $0.01 
Board [2h 2d Ad 3c 9s]
Seat 1: lukasc20111 (button) folded before Flop (didn't bet)
Seat 2: vladimir5421 (small blind) folded before Flop
Seat 3: Dorex2007 (big blind) folded on the River
Seat 5: 5258pb folded before Flop (didn't bet)
Seat 7: POLLO ISRA75 folded before Flop (didn't bet)
Seat 8: X-PAWER folded before Flop (didn't bet)
Seat 9: drewglaeser collected ($0.14)



PokerStars Hand #226530687197:  Hold'em No Limit ($0.01/$0.02 USD) - 2021/05/06 20:33:28 PT [2021/05/06 23:33:28 ET]
Table 'Dolon' 9-max Seat #2 is the button
Seat 1: lukasc20111 ($1.10 in chips) 
Seat 2: vladimir5421 ($1.97 in chips) 
Seat 3: Dorex2007 ($1.43 in chips) 
Seat 4: SlavikPuha ($2 in chips) 
Seat 5: 5258pb ($0.79 in chips) 
Seat 7: POLLO ISRA75 ($1.72 in chips) 
Seat 8: X-PAWER ($1.66 in chips) 
Seat 9: drewglaeser ($1.92 in chips) 
Dorex2007: posts small blind $0.01
SlavikPuha: posts big blind $0.02
Ginnungagap7: sits out 
*** HOLE CARDS ***
Dealt to Dorex2007 [7h 4c]
5258pb: folds 
POLLO ISRA75: folds 
X-PAWER: folds 
drewglaeser: folds 
lukasc20111: calls $0.02
vladimir5421: folds 
Dorex2007: calls $0.01
SlavikPuha: raises $0.04 to $0.06
lukasc20111: calls $0.04
Dorex2007: folds 
*** FLOP *** [Kh 2h Kc]
SlavikPuha: bets $0.07
lukasc20111: calls $0.07
*** TURN *** [Kh 2h Kc] [6d]
SlavikPuha: bets $0.08
lukasc20111: folds 
Uncalled bet ($0.08) returned to SlavikPuha
SlavikPuha collected $0.27 from pot
SlavikPuha: doesn't show hand 
*** SUMMARY ***
Total pot $0.28 | Rake $0.01 
Board [Kh 2h Kc 6d]
Seat 1: lukasc20111 folded on the Turn
Seat 2: vladimir5421 (button) folded before Flop (didn't bet)
Seat 3: Dorex2007 (small blind) folded before Flop
Seat 4: SlavikPuha (big blind) collected ($0.27)
Seat 5: 5258pb folded before Flop (didn't bet)
Seat 7: POLLO ISRA75 folded before Flop (didn't bet)
Seat 8: X-PAWER folded before Flop (didn't bet)
Seat 9: drewglaeser folded before Flop (didn't bet)



PokerStars Hand #226530699283:  Hold'em No Limit ($0.01/$0.02 USD) - 2021/05/06 20:34:22 PT [2021/05/06 23:34:22 ET]
Table 'Dolon' 9-max Seat #3 is the button
Seat 1: lukasc20111 ($0.97 in chips) 
Seat 2: vladimir5421 ($1.97 in chips) 
Seat 3: Dorex2007 ($1.98 in chips) 
Seat 4: SlavikPuha ($2.14 in chips) 
Seat 5: 5258pb ($0.79 in chips) 
Seat 7: POLLO ISRA75 ($1.72 in chips) 
Seat 8: X-PAWER ($1.66 in chips) 
Seat 9: drewglaeser ($1.92 in chips) 
SlavikPuha: posts small blind $0.01
5258pb: posts big blind $0.02
Ginnungagap7: sits out 
*** HOLE CARDS ***
Dealt to Dorex2007 [7s 4d]
POLLO ISRA75: folds 
X-PAWER: folds 
drewglaeser: folds 
lukasc20111: folds 
vladimir5421: raises $0.04 to $0.06
Dorex2007: folds 
SlavikPuha: folds 
5258pb: folds 
Uncalled bet ($0.04) returned to vladimir5421
vladimir5421 collected $0.05 from pot
vladimir5421: doesn't show hand 
*** SUMMARY ***
Total pot $0.05 | Rake $0 
Seat 1: lukasc20111 folded before Flop (didn't bet)
Seat 2: vladimir5421 collected ($0.05)
Seat 3: Dorex2007 (button) folded before Flop (didn't bet)
Seat 4: SlavikPuha (small blind) folded before Flop
Seat 5: 5258pb (big blind) folded before Flop
Seat 7: POLLO ISRA75 folded before Flop (didn't bet)
Seat 8: X-PAWER folded before Flop (didn't bet)
Seat 9: drewglaeser folded before Flop (didn't bet)



PokerStars Hand #226530706913:  Hold'em No Limit ($0.01/$0.02 USD) - 2021/05/06 20:34:57 PT [2021/05/06 23:34:57 ET]
Table 'Dolon' 9-max Seat #4 is the button
Seat 1: lukasc20111 ($0.97 in chips) 
Seat 2: vladimir5421 ($2 in chips) 
Seat 3: Dorex2007 ($1.98 in chips) 
Seat 4: SlavikPuha ($2.13 in chips) 
Seat 5: 5258pb ($0.77 in chips) 
Seat 6: Ginnungagap7 ($0.80 in chips) 
Seat 7: POLLO ISRA75 ($1.72 in chips) 
Seat 8: X-PAWER ($1.66 in chips) 
Seat 9: drewglaeser ($1.92 in chips) 
5258pb: posts small blind $0.01
Ginnungagap7: posts big blind $0.02
*** HOLE CARDS ***
Dealt to Dorex2007 [9h 6s]
POLLO ISRA75: folds 
X-PAWER: folds 
drewglaeser: folds 
lukasc20111: folds 
vladimir5421: folds 
Dorex2007: folds 
SlavikPuha: folds 
5258pb: folds 
Uncalled bet ($0.01) returned to Ginnungagap7
Ginnungagap7 collected $0.02 from pot
*** SUMMARY ***
Total pot $0.02 | Rake $0 
Seat 1: lukasc20111 folded before Flop (didn't bet)
Seat 2: vladimir5421 folded before Flop (didn't bet)
Seat 3: Dorex2007 folded before Flop (didn't bet)
Seat 4: SlavikPuha (button) folded before Flop (didn't bet)
Seat 5: 5258pb (small blind) folded before Flop
Seat 6: Ginnungagap7 (big blind) collected ($0.02)
Seat 7: POLLO ISRA75 folded before Flop (didn't bet)
Seat 8: X-PAWER folded before Flop (didn't bet)
Seat 9: drewglaeser folded before Flop (didn't bet)



PokerStars Hand #226530714755:  Hold'em No Limit ($0.01/$0.02 USD) - 2021/05/06 20:35:32 PT [2021/05/06 23:35:32 ET]
Table 'Dolon' 9-max Seat #5 is the button
Seat 1: lukasc20111 ($0.97 in chips) 
Seat 2: vladimir5421 ($2 in chips) 
Seat 3: Dorex2007 ($1.98 in chips) 
Seat 4: SlavikPuha ($2.13 in chips) 
Seat 5: 5258pb ($0.76 in chips) 
Seat 6: Ginnungagap7 ($0.81 in chips) 
Seat 7: POLLO ISRA75 ($1.72 in chips) 
Seat 8: X-PAWER ($1.66 in chips) 
Seat 9: drewglaeser ($1.92 in chips) 
Ginnungagap7: posts small blind $0.01
POLLO ISRA75: posts big blind $0.02
*** HOLE CARDS ***
Dealt to Dorex2007 [5s 2s]
X-PAWER: raises $0.02 to $0.04
drewglaeser: folds 
lukasc20111: folds 
vladimir5421: calls $0.04
Dorex2007: folds 
SlavikPuha: calls $0.04
5258pb: folds 
Ginnungagap7: folds 
POLLO ISRA75: calls $0.02
*** FLOP *** [6d 8d 4s]
POLLO ISRA75: checks 
X-PAWER: checks 
vladimir5421: checks 
SlavikPuha: bets $0.08
POLLO ISRA75: folds 
X-PAWER: calls $0.08
vladimir5421: folds 
*** TURN *** [6d 8d 4s] [4d]
X-PAWER: checks 
SlavikPuha: bets $0.12
X-PAWER: calls $0.12
*** RIVER *** [6d 8d 4s 4d] [2c]
X-PAWER: bets $0.28
SlavikPuha: folds 
Uncalled bet ($0.28) returned to X-PAWER
X-PAWER collected $0.55 from pot
X-PAWER: doesn't show hand 
*** SUMMARY ***
Total pot $0.57 | Rake $0.02 
Board [6d 8d 4s 4d 2c]
Seat 1: lukasc20111 folded before Flop (didn't bet)
Seat 2: vladimir5421 folded on the Flop
Seat 3: Dorex2007 folded before Flop (didn't bet)
Seat 4: SlavikPuha folded on the River
Seat 5: 5258pb (button) folded before Flop (didn't bet)
Seat 6: Ginnungagap7 (small blind) folded before Flop
Seat 7: POLLO ISRA75 (big blind) folded on the Flop
Seat 8: X-PAWER collected ($0.55)
Seat 9: drewglaeser folded before Flop (didn't bet)



PokerStars Hand #226530740718:  Hold'em No Limit ($0.01/$0.02 USD) - 2021/05/06 20:37:02 PT [2021/05/06 23:37:02 ET]
Table 'Dolon' 9-max Seat #6 is the button
Seat 1: lukasc20111 ($0.97 in chips) 
Seat 2: vladimir5421 ($1.96 in chips) 
Seat 3: Dorex2007 ($1.98 in chips) 
Seat 4: SlavikPuha ($2 in chips) 
Seat 5: 5258pb ($0.76 in chips) 
Seat 6: Ginnungagap7 ($0.80 in chips) 
Seat 7: POLLO ISRA75 ($1.68 in chips) 
Seat 8: X-PAWER ($1.97 in chips) 
Seat 9: drewglaeser ($1.92 in chips) 
POLLO ISRA75: posts small blind $0.01
X-PAWER: posts big blind $0.02
*** HOLE CARDS ***
Dealt to Dorex2007 [2c 5s]
drewglaeser: folds 
lukasc20111: calls $0.02
vladimir5421: folds 
Dorex2007: folds 
SlavikPuha: folds 
5258pb: calls $0.02
Ginnungagap7: calls $0.02
POLLO ISRA75: folds 
X-PAWER: checks 
*** FLOP *** [3d Qc Jc]
X-PAWER: checks 
lukasc20111: bets $0.02
5258pb: calls $0.02
Ginnungagap7: folds 
X-PAWER: folds 
*** TURN *** [3d Qc Jc] [Jh]
lukasc20111: bets $0.02
X-PAWER leaves the table
5258pb: raises $0.04 to $0.06
lukasc20111: folds 
Uncalled bet ($0.04) returned to 5258pb
5258pb collected $0.16 from pot
5258pb: doesn't show hand 
*** SUMMARY ***
Total pot $0.17 | Rake $0.01 
Board [3d Qc Jc Jh]
Seat 1: lukasc20111 folded on the Turn
Seat 2: vladimir5421 folded before Flop (didn't bet)
Seat 3: Dorex2007 folded before Flop (didn't bet)
Seat 4: SlavikPuha folded before Flop (didn't bet)
Seat 5: 5258pb collected ($0.16)
Seat 6: Ginnungagap7 (button) folded on the Flop
Seat 7: POLLO ISRA75 (small blind) folded before Flop
Seat 8: X-PAWER (big blind) folded on the Flop
Seat 9: drewglaeser folded before Flop (didn't bet)



PokerStars Hand #226530760890:  Hold'em No Limit ($0.01/$0.02 USD) - 2021/05/06 20:38:35 PT [2021/05/06 23:38:35 ET]
Table 'Dolon' 9-max Seat #7 is the button
Seat 1: lukasc20111 ($0.91 in chips) 
Seat 2: vladimir5421 ($1.96 in chips) 
Seat 3: Dorex2007 ($1.98 in chips) 
Seat 4: SlavikPuha ($2 in chips) 
Seat 5: 5258pb ($0.86 in chips) 
Seat 6: Ginnungagap7 ($0.78 in chips) 
Seat 7: POLLO ISRA75 ($1.67 in chips) 
Seat 9: drewglaeser ($1.92 in chips) 
drewglaeser: posts small blind $0.01
lukasc20111: posts big blind $0.02
*** HOLE CARDS ***
Dealt to Dorex2007 [3h Ad]
vladimir5421: folds 
Dorex2007: folds 
SlavikPuha: folds 
VilpPS joins the table at seat #8 
5258pb: calls $0.02
Ginnungagap7: folds 
POLLO ISRA75: folds 
drewglaeser: folds 
lukasc20111: checks 
*** FLOP *** [Qd Tc 7c]
lukasc20111: checks 
5258pb: bets $0.02
lukasc20111: folds 
Uncalled bet ($0.02) returned to 5258pb
5258pb collected $0.05 from pot
5258pb: doesn't show hand 
*** SUMMARY ***
Total pot $0.05 | Rake $0 
Board [Qd Tc 7c]
Seat 1: lukasc20111 (big blind) folded on the Flop
Seat 2: vladimir5421 folded before Flop (didn't bet)
Seat 3: Dorex2007 folded before Flop (didn't bet)
Seat 4: SlavikPuha folded before Flop (didn't bet)
Seat 5: 5258pb collected ($0.05)
Seat 6: Ginnungagap7 folded before Flop (didn't bet)
Seat 7: POLLO ISRA75 (button) folded before Flop (didn't bet)
Seat 9: drewglaeser (small blind) folded before Flop



PokerStars Hand #226530767494:  Hold'em No Limit ($0.01/$0.02 USD) - 2021/05/06 20:39:05 PT [2021/05/06 23:39:05 ET]
Table 'Dolon' 9-max Seat #9 is the button
Seat 1: lukasc20111 ($0.89 in chips) 
Seat 2: vladimir5421 ($1.96 in chips) 
Seat 3: Dorex2007 ($1.98 in chips) 
Seat 4: SlavikPuha ($2 in chips) 
Seat 5: 5258pb ($0.89 in chips) 
Seat 6: Ginnungagap7 ($0.78 in chips) 
Seat 7: POLLO ISRA75 ($1.67 in chips) 
Seat 9: drewglaeser ($1.91 in chips) 
lukasc20111: posts small blind $0.01
vladimir5421: posts big blind $0.02
VilpPS: sits out 
*** HOLE CARDS ***
Dealt to Dorex2007 [Ah Tc]
Dorex2007: folds 
SlavikPuha: folds 
5258pb: folds 
Ginnungagap7: folds 
POLLO ISRA75: calls $0.02
drewglaeser: folds 
lukasc20111: calls $0.01
vladimir5421: checks 
*** FLOP *** [Ad 3c Qh]
lukasc20111: bets $0.02
vladimir5421: folds 
POLLO ISRA75: calls $0.02
*** TURN *** [Ad 3c Qh] [2d]
lukasc20111: checks 
POLLO ISRA75: checks 
*** RIVER *** [Ad 3c Qh 2d] [Ac]
lukasc20111: bets $0.04
POLLO ISRA75: folds 
Uncalled bet ($0.04) returned to lukasc20111
lukasc20111 collected $0.10 from pot
lukasc20111: doesn't show hand 
*** SUMMARY ***
Total pot $0.10 | Rake $0 
Board [Ad 3c Qh 2d Ac]
Seat 1: lukasc20111 (small blind) collected ($0.10)
Seat 2: vladimir5421 (big blind) folded on the Flop
Seat 3: Dorex2007 folded before Flop (didn't bet)
Seat 4: SlavikPuha folded before Flop (didn't bet)
Seat 5: 5258pb folded before Flop (didn't bet)
Seat 6: Ginnungagap7 folded before Flop (didn't bet)
Seat 7: POLLO ISRA75 folded on the River
Seat 9: drewglaeser (button) folded before Flop (didn't bet)



PokerStars Hand #226530784247:  Hold'em No Limit ($0.01/$0.02 USD) - 2021/05/06 20:40:22 PT [2021/05/06 23:40:22 ET]
Table 'Dolon' 9-max Seat #1 is the button
Seat 1: lukasc20111 ($0.95 in chips) 
Seat 2: vladimir5421 ($1.94 in chips) 
Seat 3: Dorex2007 ($1.98 in chips) 
Seat 4: SlavikPuha ($2 in chips) 
Seat 5: 5258pb ($0.89 in chips) 
Seat 6: Ginnungagap7 ($0.78 in chips) 
Seat 7: POLLO ISRA75 ($1.63 in chips) 
Seat 9: drewglaeser ($1.91 in chips) 
vladimir5421: posts small blind $0.01
Dorex2007: posts big blind $0.02
VilpPS: sits out 
*** HOLE CARDS ***
Dealt to Dorex2007 [Kh 3d]
SlavikPuha: raises $0.04 to $0.06
5258pb: folds 
Ginnungagap7: folds 
POLLO ISRA75: folds 
drewglaeser: folds 
lukasc20111: folds 
vladimir5421: folds 
Dorex2007: folds 
Uncalled bet ($0.04) returned to SlavikPuha
SlavikPuha collected $0.05 from pot
SlavikPuha: doesn't show hand 
*** SUMMARY ***
Total pot $0.05 | Rake $0 
Seat 1: lukasc20111 (button) folded before Flop (didn't bet)
Seat 2: vladimir5421 (small blind) folded before Flop
Seat 3: Dorex2007 (big blind) folded before Flop
Seat 4: SlavikPuha collected ($0.05)
Seat 5: 5258pb folded before Flop (didn't bet)
Seat 6: Ginnungagap7 folded before Flop (didn't bet)
Seat 7: POLLO ISRA75 folded before Flop (didn't bet)
Seat 9: drewglaeser folded before Flop (didn't bet)



PokerStars Hand #226530788174:  Hold'em No Limit ($0.01/$0.02 USD) - 2021/05/06 20:40:41 PT [2021/05/06 23:40:41 ET]
Table 'Dolon' 9-max Seat #2 is the button
Seat 1: lukasc20111 ($0.95 in chips) 
Seat 2: vladimir5421 ($1.93 in chips) 
Seat 3: Dorex2007 ($1.96 in chips) 
Seat 4: SlavikPuha ($2.03 in chips) 
Seat 5: 5258pb ($0.89 in chips) 
Seat 6: Ginnungagap7 ($0.78 in chips) 
Seat 7: POLLO ISRA75 ($1.63 in chips) 
Seat 9: drewglaeser ($1.91 in chips) 
Dorex2007: posts small blind $0.01
SlavikPuha: posts big blind $0.02
VilpPS: sits out 
*** HOLE CARDS ***
Dealt to Dorex2007 [Ah 6h]
5258pb: calls $0.02
Ginnungagap7: calls $0.02
POLLO ISRA75: folds 
drewglaeser: calls $0.02
lukasc20111: calls $0.02
vladimir5421: folds 
Dorex2007: calls $0.01
SlavikPuha: checks 
*** FLOP *** [2d 9c Jh]
Dorex2007: checks 
SlavikPuha: checks 
5258pb: checks 
Ginnungagap7: checks 
drewglaeser: checks 
lukasc20111: checks 
*** TURN *** [2d 9c Jh] [9h]
Dorex2007: checks 
SlavikPuha: checks 
5258pb: checks 
Ginnungagap7: checks 
drewglaeser: checks 
lukasc20111: bets $0.02
Dorex2007: calls $0.02
SlavikPuha: folds 
5258pb: calls $0.02
Ginnungagap7: folds 
drewglaeser: folds 
*** RIVER *** [2d 9c Jh 9h] [2c]
Dorex2007: checks 
5258pb: checks 
lukasc20111: bets $0.04
Dorex2007: folds 
5258pb: folds 
Uncalled bet ($0.04) returned to lukasc20111
lukasc20111 collected $0.17 from pot
lukasc20111: doesn't show hand 
*** SUMMARY ***
Total pot $0.18 | Rake $0.01 
Board [2d 9c Jh 9h 2c]
Seat 1: lukasc20111 collected ($0.17)
Seat 2: vladimir5421 (button) folded before Flop (didn't bet)
Seat 3: Dorex2007 (small blind) folded on the River
Seat 4: SlavikPuha (big blind) folded on the Turn
Seat 5: 5258pb folded on the River
Seat 6: Ginnungagap7 folded on the Turn
Seat 7: POLLO ISRA75 folded before Flop (didn't bet)
Seat 9: drewglaeser folded on the Turn



PokerStars Hand #226530811303:  Hold'em No Limit ($0.01/$0.02 USD) - 2021/05/06 20:42:28 PT [2021/05/06 23:42:28 ET]
Table 'Dolon' 9-max Seat #3 is the button
Seat 1: lukasc20111 ($1.08 in chips) 
Seat 2: vladimir5421 ($1.93 in chips) 
Seat 3: Dorex2007 ($1.92 in chips) 
Seat 4: SlavikPuha ($2.01 in chips) 
Seat 5: 5258pb ($0.85 in chips) 
Seat 6: Ginnungagap7 ($0.76 in chips) 
Seat 7: POLLO ISRA75 ($1.63 in chips) 
Seat 9: drewglaeser ($1.89 in chips) 
SlavikPuha: posts small blind $0.01
5258pb: posts big blind $0.02
VilpPS: sits out 
*** HOLE CARDS ***
Dealt to Dorex2007 [Qd Ah]
Ginnungagap7: folds 
POLLO ISRA75: folds 
drewglaeser: folds 
lukasc20111: folds 
vladimir5421: folds 
Dorex2007: raises $0.04 to $0.06
SlavikPuha: folds 
5258pb: folds 
Uncalled bet ($0.04) returned to Dorex2007
Dorex2007 collected $0.05 from pot
Dorex2007: doesn't show hand 
*** SUMMARY ***
Total pot $0.05 | Rake $0 
Seat 1: lukasc20111 folded before Flop (didn't bet)
Seat 2: vladimir5421 folded before Flop (didn't bet)
Seat 3: Dorex2007 (button) collected ($0.05)
Seat 4: SlavikPuha (small blind) folded before Flop
Seat 5: 5258pb (big blind) folded before Flop
Seat 6: Ginnungagap7 folded before Flop (didn't bet)
Seat 7: POLLO ISRA75 folded before Flop (didn't bet)
Seat 9: drewglaeser folded before Flop (didn't bet)



PokerStars Hand #226530816057:  Hold'em No Limit ($0.01/$0.02 USD) - 2021/05/06 20:42:50 PT [2021/05/06 23:42:50 ET]
Table 'Dolon' 9-max Seat #4 is the button
Seat 1: lukasc20111 ($1.08 in chips) 
Seat 2: vladimir5421 ($1.93 in chips) 
Seat 3: Dorex2007 ($1.95 in chips) 
Seat 4: SlavikPuha ($2 in chips) 
Seat 5: 5258pb ($0.83 in chips) 
Seat 6: Ginnungagap7 ($0.76 in chips) 
Seat 7: POLLO ISRA75 ($1.63 in chips) 
Seat 9: drewglaeser ($1.89 in chips) 
5258pb: posts small blind $0.01
Ginnungagap7: posts big blind $0.02
VilpPS: sits out 
*** HOLE CARDS ***
Dealt to Dorex2007 [9h 9s]
POLLO ISRA75: folds 
drewglaeser: calls $0.02
lukasc20111: folds 
vladimir5421: folds 
Dorex2007: raises $0.02 to $0.04
SlavikPuha: folds 
5258pb: folds 
Ginnungagap7: calls $0.02
drewglaeser: calls $0.02
*** FLOP *** [4h 9d 7d]
Ginnungagap7: bets $0.10
drewglaeser: folds 
Dorex2007: raises $0.64 to $0.74
Ginnungagap7: calls $0.62 and is all-in
Uncalled bet ($0.02) returned to Dorex2007
*** TURN *** [4h 9d 7d] [2h]
*** RIVER *** [4h 9d 7d 2h] [8c]
*** SHOW DOWN ***
Ginnungagap7: shows [9c 7c] (two pair, Nines and Sevens)
Dorex2007: shows [9h 9s] (three of a kind, Nines)
Dorex2007 collected $1.52 from pot
*** SUMMARY ***
Total pot $1.57 | Rake $0.05 
Board [4h 9d 7d 2h 8c]
Seat 1: lukasc20111 folded before Flop (didn't bet)
Seat 2: vladimir5421 folded before Flop (didn't bet)
Seat 3: Dorex2007 showed [9h 9s] and won ($1.52) with three of a kind, Nines
Seat 4: SlavikPuha (button) folded before Flop (didn't bet)
Seat 5: 5258pb (small blind) folded before Flop
Seat 6: Ginnungagap7 (big blind) showed [9c 7c] and lost with two pair, Nines and Sevens
Seat 7: POLLO ISRA75 folded before Flop (didn't bet)
Seat 9: drewglaeser folded on the Flop



PokerStars Hand #226530834743:  Hold'em No Limit ($0.01/$0.02 USD) - 2021/05/06 20:44:18 PT [2021/05/06 23:44:18 ET]
Table 'Dolon' 9-max Seat #5 is the button
Seat 1: lukasc20111 ($1.08 in chips) 
Seat 2: vladimir5421 ($1.93 in chips) 
Seat 3: Dorex2007 ($2.71 in chips) 
Seat 4: SlavikPuha ($2 in chips) 
Seat 5: 5258pb ($0.82 in chips) 
Seat 6: Ginnungagap7 ($0.80 in chips) 
Seat 7: POLLO ISRA75 ($1.63 in chips) 
Seat 9: drewglaeser ($1.85 in chips) 
Ginnungagap7: posts small blind $0.01
POLLO ISRA75: posts big blind $0.02
VilpPS: sits out 
*** HOLE CARDS ***
Dealt to Dorex2007 [2h 6h]
drewglaeser: calls $0.02
lukasc20111: calls $0.02
vladimir5421: folds 
Dorex2007: folds 
SlavikPuha: raises $0.04 to $0.06
5258pb: folds 
Ginnungagap7: calls $0.05
POLLO ISRA75: calls $0.04
drewglaeser: calls $0.04
lukasc20111: calls $0.04
*** FLOP *** [2c Ah 7s]
Ginnungagap7: checks 
POLLO ISRA75: checks 
drewglaeser: bets $0.10
lukasc20111: folds 
SlavikPuha: folds 
Ginnungagap7: folds 
POLLO ISRA75: folds 
Uncalled bet ($0.10) returned to drewglaeser
drewglaeser collected $0.29 from pot
drewglaeser: doesn't show hand 
*** SUMMARY ***
Total pot $0.30 | Rake $0.01 
Board [2c Ah 7s]
Seat 1: lukasc20111 folded on the Flop
Seat 2: vladimir5421 folded before Flop (didn't bet)
Seat 3: Dorex2007 folded before Flop (didn't bet)
Seat 4: SlavikPuha folded on the Flop
Seat 5: 5258pb (button) folded before Flop (didn't bet)
Seat 6: Ginnungagap7 (small blind) folded on the Flop
Seat 7: POLLO ISRA75 (big blind) folded on the Flop
Seat 9: drewglaeser collected ($0.29)



PokerStars Hand #226530850794:  Hold'em No Limit ($0.01/$0.02 USD) - 2021/05/06 20:45:34 PT [2021/05/06 23:45:34 ET]
Table 'Dolon' 9-max Seat #6 is the button
Seat 1: lukasc20111 ($1.02 in chips) 
Seat 2: vladimir5421 ($1.93 in chips) 
Seat 3: Dorex2007 ($2.71 in chips) 
Seat 4: SlavikPuha ($2 in chips) 
Seat 5: 5258pb ($0.82 in chips) 
Seat 6: Ginnungagap7 ($0.74 in chips) 
Seat 7: POLLO ISRA75 ($1.57 in chips) 
Seat 8: VilpPS ($2 in chips) 
Seat 9: drewglaeser ($2.08 in chips) 
POLLO ISRA75: posts small blind $0.01
VilpPS: posts big blind $0.02
*** HOLE CARDS ***
Dealt to Dorex2007 [Qs 3s]
drewglaeser: calls $0.02
lukasc20111: folds 
vladimir5421: folds 
Dorex2007: folds 
SlavikPuha: raises $0.04 to $0.06
5258pb: folds 
Ginnungagap7: raises $0.17 to $0.23
POLLO ISRA75: folds 
VilpPS: folds 
drewglaeser: folds 
SlavikPuha: folds 
Uncalled bet ($0.17) returned to Ginnungagap7
Ginnungagap7 collected $0.17 from pot
*** SUMMARY ***
Total pot $0.17 | Rake $0 
Seat 1: lukasc20111 folded before Flop (didn't bet)
Seat 2: vladimir5421 folded before Flop (didn't bet)
Seat 3: Dorex2007 folded before Flop (didn't bet)
Seat 4: SlavikPuha folded before Flop
Seat 5: 5258pb folded before Flop (didn't bet)
Seat 6: Ginnungagap7 (button) collected ($0.17)
Seat 7: POLLO ISRA75 (small blind) folded before Flop
Seat 8: VilpPS (big blind) folded before Flop
Seat 9: drewglaeser folded before Flop



PokerStars Hand #226530856918:  Hold'em No Limit ($0.01/$0.02 USD) - 2021/05/06 20:46:03 PT [2021/05/06 23:46:03 ET]
Table 'Dolon' 9-max Seat #7 is the button
Seat 1: lukasc20111 ($1.02 in chips) 
Seat 2: vladimir5421 ($1.93 in chips) 
Seat 3: Dorex2007 ($2.71 in chips) 
Seat 4: SlavikPuha ($2 in chips) 
Seat 5: 5258pb ($0.82 in chips) 
Seat 6: Ginnungagap7 ($0.85 in chips) 
Seat 7: POLLO ISRA75 ($1.56 in chips) 
Seat 8: VilpPS ($2 in chips) 
Seat 9: drewglaeser ($2.06 in chips) 
VilpPS: posts small blind $0.01
drewglaeser: posts big blind $0.02
*** HOLE CARDS ***
Dealt to Dorex2007 [9d 8c]
lukasc20111: calls $0.02
vladimir5421: calls $0.02
Dorex2007: folds 
SlavikPuha: folds 
5258pb has timed out
5258pb: folds 
Ginnungagap7: folds 
POLLO ISRA75: folds 
VilpPS: folds 
drewglaeser: checks 
*** FLOP *** [Qc 8s Tc]
drewglaeser: bets $0.07
lukasc20111: folds 
vladimir5421: folds 
Uncalled bet ($0.07) returned to drewglaeser
drewglaeser collected $0.07 from pot
drewglaeser: doesn't show hand 
*** SUMMARY ***
Total pot $0.07 | Rake $0 
Board [Qc 8s Tc]
Seat 1: lukasc20111 folded on the Flop
Seat 2: vladimir5421 folded on the Flop
Seat 3: Dorex2007 folded before Flop (didn't bet)
Seat 4: SlavikPuha folded before Flop (didn't bet)
Seat 5: 5258pb folded before Flop (didn't bet)
Seat 6: Ginnungagap7 folded before Flop (didn't bet)
Seat 7: POLLO ISRA75 (button) folded before Flop (didn't bet)
Seat 8: VilpPS (small blind) folded before Flop
Seat 9: drewglaeser (big blind) collected ($0.07)



PokerStars Hand #226530865708:  Hold'em No Limit ($0.01/$0.02 USD) - 2021/05/06 20:46:46 PT [2021/05/06 23:46:46 ET]
Table 'Dolon' 9-max Seat #8 is the button
Seat 1: lukasc20111 ($1 in chips) 
Seat 2: vladimir5421 ($1.91 in chips) 
Seat 3: Dorex2007 ($2.71 in chips) 
Seat 4: SlavikPuha ($2 in chips) 
Seat 5: 5258pb ($0.82 in chips) 
Seat 6: Ginnungagap7 ($0.85 in chips) 
Seat 7: POLLO ISRA75 ($1.56 in chips) 
Seat 8: VilpPS ($2 in chips) 
Seat 9: drewglaeser ($2.11 in chips) 
drewglaeser: posts small blind $0.01
lukasc20111: posts big blind $0.02
*** HOLE CARDS ***
Dealt to Dorex2007 [2d Kc]
vladimir5421: folds 
Dorex2007: folds 
SlavikPuha: folds 
5258pb: calls $0.02
Ginnungagap7: folds 
POLLO ISRA75: folds 
VilpPS: raises $0.04 to $0.06
drewglaeser: folds 
lukasc20111: folds 
5258pb: calls $0.04
*** FLOP *** [9s 4s 3h]
5258pb: checks 
VilpPS: checks 
*** TURN *** [9s 4s 3h] [Qh]
5258pb: bets $0.04
VilpPS: folds 
Uncalled bet ($0.04) returned to 5258pb
5258pb collected $0.14 from pot
5258pb: doesn't show hand 
*** SUMMARY ***
Total pot $0.15 | Rake $0.01 
Board [9s 4s 3h Qh]
Seat 1: lukasc20111 (big blind) folded before Flop
Seat 2: vladimir5421 folded before Flop (didn't bet)
Seat 3: Dorex2007 folded before Flop (didn't bet)
Seat 4: SlavikPuha folded before Flop (didn't bet)
Seat 5: 5258pb collected ($0.14)
Seat 6: Ginnungagap7 folded before Flop (didn't bet)
Seat 7: POLLO ISRA75 folded before Flop (didn't bet)
Seat 8: VilpPS (button) folded on the Turn
Seat 9: drewglaeser (small blind) folded before Flop



PokerStars Hand #226530879082:  Hold'em No Limit ($0.01/$0.02 USD) - 2021/05/06 20:47:50 PT [2021/05/06 23:47:50 ET]
Table 'Dolon' 9-max Seat #9 is the button
Seat 1: lukasc20111 ($0.98 in chips) 
Seat 2: vladimir5421 ($1.91 in chips) 
Seat 3: Dorex2007 ($2.71 in chips) 
Seat 4: SlavikPuha ($2 in chips) 
Seat 5: 5258pb ($0.90 in chips) 
Seat 6: Ginnungagap7 ($0.85 in chips) 
Seat 7: POLLO ISRA75 ($1.56 in chips) 
Seat 8: VilpPS ($2 in chips) 
Seat 9: drewglaeser ($2.10 in chips) 
lukasc20111: posts small blind $0.01
vladimir5421: posts big blind $0.02
*** HOLE CARDS ***
Dealt to Dorex2007 [Kc Kh]
Dorex2007: raises $0.04 to $0.06
SlavikPuha: folds 
5258pb: folds 
Ginnungagap7: folds 
POLLO ISRA75: folds 
VilpPS: folds 
drewglaeser: folds 
lukasc20111: calls $0.05
vladimir5421: folds 
*** FLOP *** [3c 5d 9c]
lukasc20111: bets $0.02
Dorex2007: raises $0.04 to $0.06
lukasc20111: calls $0.04
*** TURN *** [3c 5d 9c] [As]
lukasc20111: bets $0.04
Dorex2007: calls $0.04
*** RIVER *** [3c 5d 9c As] [6c]
lukasc20111: checks 
Dorex2007: checks 
*** SHOW DOWN ***
lukasc20111: shows [Ad Jh] (a pair of Aces)
Dorex2007: mucks hand 
lukasc20111 collected $0.33 from pot
*** SUMMARY ***
Total pot $0.34 | Rake $0.01 
Board [3c 5d 9c As 6c]
Seat 1: lukasc20111 (small blind) showed [Ad Jh] and won ($0.33) with a pair of Aces
Seat 2: vladimir5421 (big blind) folded before Flop
Seat 3: Dorex2007 mucked [Kc Kh]
Seat 4: SlavikPuha folded before Flop (didn't bet)
Seat 5: 5258pb folded before Flop (didn't bet)
Seat 6: Ginnungagap7 folded before Flop (didn't bet)
Seat 7: POLLO ISRA75 folded before Flop (didn't bet)
Seat 8: VilpPS folded before Flop (didn't bet)
Seat 9: drewglaeser (button) folded before Flop (didn't bet)



PokerStars Hand #226530891680:  Hold'em No Limit ($0.01/$0.02 USD) - 2021/05/06 20:48:51 PT [2021/05/06 23:48:51 ET]
Table 'Dolon' 9-max Seat #1 is the button
Seat 1: lukasc20111 ($1.15 in chips) 
Seat 2: vladimir5421 ($2 in chips) 
Seat 3: Dorex2007 ($2.55 in chips) 
Seat 4: SlavikPuha ($2 in chips) 
Seat 5: 5258pb ($0.90 in chips) 
Seat 6: Ginnungagap7 ($0.85 in chips) 
Seat 7: POLLO ISRA75 ($1.56 in chips) 
Seat 8: VilpPS ($2 in chips) 
Seat 9: drewglaeser ($2.10 in chips) 
vladimir5421: posts small blind $0.01
Dorex2007: posts big blind $0.02
*** HOLE CARDS ***
Dealt to Dorex2007 [Qc Kc]
SlavikPuha: raises $0.04 to $0.06
5258pb: calls $0.06
Ginnungagap7: folds 
POLLO ISRA75: folds 
VilpPS: folds 
drewglaeser: folds 
lukasc20111: folds 
vladimir5421: folds 
Dorex2007: calls $0.04
*** FLOP *** [Ts 7d Kh]
Dorex2007: checks 
SlavikPuha: bets $0.09
5258pb: folds 
Dorex2007: calls $0.09
*** TURN *** [Ts 7d Kh] [As]
Dorex2007: bets $0.18
SlavikPuha: calls $0.18
*** RIVER *** [Ts 7d Kh As] [8c]
Dorex2007: checks 
SlavikPuha: checks 
*** SHOW DOWN ***
Dorex2007: shows [Qc Kc] (a pair of Kings)
SlavikPuha: shows [Ac Qh] (a pair of Aces)
SlavikPuha collected $0.70 from pot
*** SUMMARY ***
Total pot $0.73 | Rake $0.03 
Board [Ts 7d Kh As 8c]
Seat 1: lukasc20111 (button) folded before Flop (didn't bet)
Seat 2: vladimir5421 (small blind) folded before Flop
Seat 3: Dorex2007 (big blind) showed [Qc Kc] and lost with a pair of Kings
Seat 4: SlavikPuha showed [Ac Qh] and won ($0.70) with a pair of Aces
Seat 5: 5258pb folded on the Flop
Seat 6: Ginnungagap7 folded before Flop (didn't bet)
Seat 7: POLLO ISRA75 folded before Flop (didn't bet)
Seat 8: VilpPS folded before Flop (didn't bet)
Seat 9: drewglaeser folded before Flop (didn't bet)



PokerStars Hand #226530906643:  Hold'em No Limit ($0.01/$0.02 USD) - 2021/05/06 20:49:40 PT [2021/05/06 23:49:40 ET]
Table 'Dolon' 9-max Seat #2 is the button
Seat 1: lukasc20111 ($1.15 in chips) 
Seat 2: vladimir5421 ($1.99 in chips) 
Seat 3: Dorex2007 ($2.22 in chips) 
Seat 4: SlavikPuha ($2.37 in chips) 
Seat 5: 5258pb ($0.84 in chips) 
Seat 6: Ginnungagap7 ($0.85 in chips) 
Seat 7: POLLO ISRA75 ($1.56 in chips) 
Seat 8: VilpPS ($2 in chips) 
Seat 9: drewglaeser ($2.10 in chips) 
Dorex2007: posts small blind $0.01
SlavikPuha: posts big blind $0.02
*** HOLE CARDS ***
Dealt to Dorex2007 [Ac 3h]
5258pb: calls $0.02
Ginnungagap7: folds 
POLLO ISRA75: folds 
VilpPS: folds 
drewglaeser has timed out
drewglaeser: folds 
lukasc20111: folds 
vladimir5421: folds 
Dorex2007: calls $0.01
SlavikPuha: checks 
*** FLOP *** [7h 7c 8s]
Dorex2007: checks 
SlavikPuha: checks 
5258pb: bets $0.02
Dorex2007: folds 
SlavikPuha: calls $0.02
*** TURN *** [7h 7c 8s] [Js]
SlavikPuha: checks 
5258pb: bets $0.04
SlavikPuha: folds 
Uncalled bet ($0.04) returned to 5258pb
5258pb collected $0.10 from pot
5258pb: doesn't show hand 
*** SUMMARY ***
Total pot $0.10 | Rake $0 
Board [7h 7c 8s Js]
Seat 1: lukasc20111 folded before Flop (didn't bet)
Seat 2: vladimir5421 (button) folded before Flop (didn't bet)
Seat 3: Dorex2007 (small blind) folded on the Flop
Seat 4: SlavikPuha (big blind) folded on the Turn
Seat 5: 5258pb collected ($0.10)
Seat 6: Ginnungagap7 folded before Flop (didn't bet)
Seat 7: POLLO ISRA75 folded before Flop (didn't bet)
Seat 8: VilpPS folded before Flop (didn't bet)
Seat 9: drewglaeser folded before Flop (didn't bet)



PokerStars Hand #226530916677:  Hold'em No Limit ($0.01/$0.02 USD) - 2021/05/06 20:50:29 PT [2021/05/06 23:50:29 ET]
Table 'Dolon' 9-max Seat #3 is the button
Seat 1: lukasc20111 ($1.15 in chips) 
Seat 2: vladimir5421 ($1.99 in chips) 
Seat 3: Dorex2007 ($2.20 in chips) 
Seat 4: SlavikPuha ($2.33 in chips) 
Seat 5: 5258pb ($0.90 in chips) 
Seat 6: Ginnungagap7 ($0.85 in chips) 
Seat 7: POLLO ISRA75 ($1.56 in chips) 
Seat 8: VilpPS ($2 in chips) 
Seat 9: drewglaeser ($2.10 in chips) 
SlavikPuha: posts small blind $0.01
5258pb: posts big blind $0.02
*** HOLE CARDS ***
Dealt to Dorex2007 [Qh 2d]
Ginnungagap7: folds 
POLLO ISRA75: calls $0.02
VilpPS: folds 
drewglaeser: folds 
lukasc20111: folds 
vladimir5421: folds 
Dorex2007: folds 
SlavikPuha: raises $0.04 to $0.06
5258pb: folds 
POLLO ISRA75: calls $0.04
*** FLOP *** [2s 5s 7s]
SlavikPuha: bets $0.07
POLLO ISRA75: raises $0.14 to $0.21
SlavikPuha: folds 
Uncalled bet ($0.14) returned to POLLO ISRA75
POLLO ISRA75 collected $0.27 from pot
POLLO ISRA75: doesn't show hand 
*** SUMMARY ***
Total pot $0.28 | Rake $0.01 
Board [2s 5s 7s]
Seat 1: lukasc20111 folded before Flop (didn't bet)
Seat 2: vladimir5421 folded before Flop (didn't bet)
Seat 3: Dorex2007 (button) folded before Flop (didn't bet)
Seat 4: SlavikPuha (small blind) folded on the Flop
Seat 5: 5258pb (big blind) folded before Flop
Seat 6: Ginnungagap7 folded before Flop (didn't bet)
Seat 7: POLLO ISRA75 collected ($0.27)
Seat 8: VilpPS folded before Flop (didn't bet)
Seat 9: drewglaeser folded before Flop (didn't bet)



PokerStars Hand #226530925160:  Hold'em No Limit ($0.01/$0.02 USD) - 2021/05/06 20:51:10 PT [2021/05/06 23:51:10 ET]
Table 'Dolon' 9-max Seat #4 is the button
Seat 1: lukasc20111 ($1.15 in chips) 
Seat 2: vladimir5421 ($1.99 in chips) 
Seat 3: Dorex2007 ($2.20 in chips) 
Seat 4: SlavikPuha ($2.20 in chips) 
Seat 5: 5258pb ($0.88 in chips) 
Seat 6: Ginnungagap7 ($0.85 in chips) 
Seat 7: POLLO ISRA75 ($1.70 in chips) 
Seat 8: VilpPS ($2 in chips) 
Seat 9: drewglaeser ($2.10 in chips) 
5258pb: posts small blind $0.01
Ginnungagap7: posts big blind $0.02
*** HOLE CARDS ***
Dealt to Dorex2007 [2h 9c]
POLLO ISRA75: folds 
VilpPS: folds 
drewglaeser: calls $0.02
lukasc20111: calls $0.02
vladimir5421: raises $0.06 to $0.08
Dorex2007: folds 
SlavikPuha: folds 
5258pb: folds 
Ginnungagap7: folds 
drewglaeser: folds 
lukasc20111: folds 
Uncalled bet ($0.06) returned to vladimir5421
vladimir5421 collected $0.09 from pot
vladimir5421: doesn't show hand 
*** SUMMARY ***
Total pot $0.09 | Rake $0 
Seat 1: lukasc20111 folded before Flop
Seat 2: vladimir5421 collected ($0.09)
Seat 3: Dorex2007 folded before Flop (didn't bet)
Seat 4: SlavikPuha (button) folded before Flop (didn't bet)
Seat 5: 5258pb (small blind) folded before Flop
Seat 6: Ginnungagap7 (big blind) folded before Flop
Seat 7: POLLO ISRA75 folded before Flop (didn't bet)
Seat 8: VilpPS folded before Flop (didn't bet)
Seat 9: drewglaeser folded before Flop



PokerStars Hand #226530931791:  Hold'em No Limit ($0.01/$0.02 USD) - 2021/05/06 20:51:42 PT [2021/05/06 23:51:42 ET]
Table 'Dolon' 9-max Seat #5 is the button
Seat 1: lukasc20111 ($1.13 in chips) 
Seat 2: vladimir5421 ($2.06 in chips) 
Seat 3: Dorex2007 ($2.20 in chips) 
Seat 4: SlavikPuha ($2.20 in chips) 
Seat 5: 5258pb ($0.87 in chips) 
Seat 6: Ginnungagap7 ($0.83 in chips) 
Seat 7: POLLO ISRA75 ($1.70 in chips) 
Seat 8: VilpPS ($2 in chips) 
Seat 9: drewglaeser ($2.08 in chips) 
Ginnungagap7: posts small blind $0.01
POLLO ISRA75: posts big blind $0.02
*** HOLE CARDS ***
Dealt to Dorex2007 [7d Th]
VilpPS: folds 
drewglaeser: calls $0.02
lukasc20111: calls $0.02
vladimir5421: folds 
Dorex2007: folds 
SlavikPuha: folds 
5258pb: raises $0.04 to $0.06
Ginnungagap7: folds 
POLLO ISRA75: calls $0.04
drewglaeser: calls $0.04
lukasc20111: calls $0.04
*** FLOP *** [3s 7c 4s]
POLLO ISRA75: checks 
drewglaeser: checks 
lukasc20111: bets $0.04
5258pb: raises $0.10 to $0.14
POLLO ISRA75: folds 
drewglaeser: calls $0.14
lukasc20111: folds 
*** TURN *** [3s 7c 4s] [Qs]
drewglaeser: bets $0.55
5258pb: folds 
Uncalled bet ($0.55) returned to drewglaeser
drewglaeser collected $0.55 from pot
drewglaeser: doesn't show hand 
*** SUMMARY ***
Total pot $0.57 | Rake $0.02 
Board [3s 7c 4s Qs]
Seat 1: lukasc20111 folded on the Flop
Seat 2: vladimir5421 folded before Flop (didn't bet)
Seat 3: Dorex2007 folded before Flop (didn't bet)
Seat 4: SlavikPuha folded before Flop (didn't bet)
Seat 5: 5258pb (button) folded on the Turn
Seat 6: Ginnungagap7 (small blind) folded before Flop
Seat 7: POLLO ISRA75 (big blind) folded on the Flop
Seat 8: VilpPS folded before Flop (didn't bet)
Seat 9: drewglaeser collected ($0.55)



PokerStars Hand #226530957583:  Hold'em No Limit ($0.01/$0.02 USD) - 2021/05/06 20:53:46 PT [2021/05/06 23:53:46 ET]
Table 'Dolon' 9-max Seat #6 is the button
Seat 1: lukasc20111 ($1.03 in chips) 
Seat 2: vladimir5421 ($2.06 in chips) 
Seat 3: Dorex2007 ($2.20 in chips) 
Seat 4: SlavikPuha ($2.20 in chips) 
Seat 5: 5258pb ($0.67 in chips) 
Seat 6: Ginnungagap7 ($0.82 in chips) 
Seat 7: POLLO ISRA75 ($1.64 in chips) 
Seat 8: VilpPS ($2 in chips) 
Seat 9: drewglaeser ($2.43 in chips) 
POLLO ISRA75: posts small blind $0.01
VilpPS: posts big blind $0.02
*** HOLE CARDS ***
Dealt to Dorex2007 [As Qh]
drewglaeser: calls $0.02
lukasc20111: folds 
vladimir5421: folds 
Dorex2007: raises $0.04 to $0.06
5258pb is disconnected 
SlavikPuha has timed out
SlavikPuha: folds 
5258pb has timed out while disconnected
5258pb: folds 
Ginnungagap7: folds 
POLLO ISRA75: calls $0.05
VilpPS: folds 
drewglaeser: calls $0.04
*** FLOP *** [5h 4c Qc]
POLLO ISRA75: checks 
drewglaeser: bets $0.14
Dorex2007: calls $0.14
POLLO ISRA75: folds 
*** TURN *** [5h 4c Qc] [Kc]
drewglaeser: bets $0.10
Dorex2007: calls $0.10
*** RIVER *** [5h 4c Qc Kc] [Td]
drewglaeser: bets $0.10
Dorex2007: calls $0.10
*** SHOW DOWN ***
drewglaeser: shows [4d 4s] (three of a kind, Fours)
Dorex2007: mucks hand 
drewglaeser collected $0.85 from pot
*** SUMMARY ***
Total pot $0.88 | Rake $0.03 
Board [5h 4c Qc Kc Td]
Seat 1: lukasc20111 folded before Flop (didn't bet)
Seat 2: vladimir5421 folded before Flop (didn't bet)
Seat 3: Dorex2007 mucked [As Qh]
Seat 4: SlavikPuha folded before Flop (didn't bet)
Seat 5: 5258pb folded before Flop (didn't bet)
Seat 6: Ginnungagap7 (button) folded before Flop (didn't bet)
Seat 7: POLLO ISRA75 (small blind) folded on the Flop
Seat 8: VilpPS (big blind) folded before Flop
Seat 9: drewglaeser showed [4d 4s] and won ($0.85) with three of a kind, Fours



PokerStars Hand #226530982984:  Hold'em No Limit ($0.01/$0.02 USD) - 2021/05/06 20:55:33 PT [2021/05/06 23:55:33 ET]
Table 'Dolon' 9-max Seat #7 is the button
Seat 1: lukasc20111 ($1.03 in chips) 
Seat 2: vladimir5421 ($2.06 in chips) 
Seat 3: Dorex2007 ($1.80 in chips) 
Seat 4: SlavikPuha ($2.20 in chips) 
Seat 6: Ginnungagap7 ($0.82 in chips) 
Seat 7: POLLO ISRA75 ($1.58 in chips) 
Seat 8: VilpPS ($2 in chips) 
Seat 9: drewglaeser ($2.88 in chips) 
VilpPS: posts small blind $0.01
drewglaeser: posts big blind $0.02
*** HOLE CARDS ***
Dealt to Dorex2007 [Jd 5d]
lukasc20111: folds 
vladimir5421: folds 
Dorex2007: folds 
SlavikPuha: folds 
Ginnungagap7: raises $0.04 to $0.06
POLLO ISRA75: folds 
VilpPS: folds 
drewglaeser: calls $0.04
*** FLOP *** [3h 3s 8d]
drewglaeser: checks 
Ginnungagap7: bets $0.10
drewglaeser: folds 
Uncalled bet ($0.10) returned to Ginnungagap7
Ginnungagap7 collected $0.13 from pot
Ginnungagap7: doesn't show hand 
*** SUMMARY ***
Total pot $0.13 | Rake $0 
Board [3h 3s 8d]
Seat 1: lukasc20111 folded before Flop (didn't bet)
Seat 2: vladimir5421 folded before Flop (didn't bet)
Seat 3: Dorex2007 folded before Flop (didn't bet)
Seat 4: SlavikPuha folded before Flop (didn't bet)
Seat 6: Ginnungagap7 collected ($0.13)
Seat 7: POLLO ISRA75 (button) folded before Flop (didn't bet)
Seat 8: VilpPS (small blind) folded before Flop
Seat 9: drewglaeser (big blind) folded on the Flop



PokerStars Hand #226530991895:  Hold'em No Limit ($0.01/$0.02 USD) - 2021/05/06 20:56:26 PT [2021/05/06 23:56:26 ET]
Table 'Dolon' 9-max Seat #8 is the button
Seat 1: lukasc20111 ($1.03 in chips) 
Seat 2: vladimir5421 ($2.06 in chips) 
Seat 3: Dorex2007 ($1.80 in chips) 
Seat 4: SlavikPuha ($2.20 in chips) 
Seat 6: Ginnungagap7 ($0.89 in chips) 
Seat 7: POLLO ISRA75 ($1.58 in chips) 
Seat 8: VilpPS ($2 in chips) 
Seat 9: drewglaeser ($2.82 in chips) 
drewglaeser: posts small blind $0.01
lukasc20111: posts big blind $0.02
*** HOLE CARDS ***
Dealt to Dorex2007 [Th 4h]
vladimir5421: folds 
Dorex2007: folds 
SlavikPuha: folds 
Ginnungagap7: folds 
POLLO ISRA75: folds 
VilpPS: folds 
drewglaeser: calls $0.01
lukasc20111: checks 
*** FLOP *** [3d Ts Kh]
drewglaeser: bets $0.04
lukasc20111: folds 
Uncalled bet ($0.04) returned to drewglaeser
drewglaeser collected $0.04 from pot
drewglaeser: doesn't show hand 
*** SUMMARY ***
Total pot $0.04 | Rake $0 
Board [3d Ts Kh]
Seat 1: lukasc20111 (big blind) folded on the Flop
Seat 2: vladimir5421 folded before Flop (didn't bet)
Seat 3: Dorex2007 folded before Flop (didn't bet)
Seat 4: SlavikPuha folded before Flop (didn't bet)
Seat 6: Ginnungagap7 folded before Flop (didn't bet)
Seat 7: POLLO ISRA75 folded before Flop (didn't bet)
Seat 8: VilpPS (button) folded before Flop (didn't bet)
Seat 9: drewglaeser (small blind) collected ($0.04)



PokerStars Hand #226530996679:  Hold'em No Limit ($0.01/$0.02 USD) - 2021/05/06 20:56:55 PT [2021/05/06 23:56:55 ET]
Table 'Dolon' 9-max Seat #9 is the button
Seat 1: lukasc20111 ($1.01 in chips) 
Seat 2: vladimir5421 ($2.06 in chips) 
Seat 3: Dorex2007 ($1.80 in chips) 
Seat 4: SlavikPuha ($2.20 in chips) 
Seat 6: Ginnungagap7 ($0.89 in chips) 
Seat 7: POLLO ISRA75 ($1.58 in chips) 
Seat 8: VilpPS ($2 in chips) 
Seat 9: drewglaeser ($2.84 in chips) 
lukasc20111: posts small blind $0.01
vladimir5421: posts big blind $0.02
*** HOLE CARDS ***
Dealt to Dorex2007 [7h 6s]
Dorex2007: folds 
SlavikPuha: folds 
Ginnungagap7: folds 
POLLO ISRA75: folds 
VilpPS: folds 
drewglaeser: calls $0.02
lukasc20111: raises $0.02 to $0.04
vladimir5421: folds 
drewglaeser: calls $0.02
*** FLOP *** [Kc Ac 9c]
lukasc20111: bets $0.06
drewglaeser: folds 
Uncalled bet ($0.06) returned to lukasc20111
lukasc20111 collected $0.10 from pot
lukasc20111: doesn't show hand 
*** SUMMARY ***
Total pot $0.10 | Rake $0 
Board [Kc Ac 9c]
Seat 1: lukasc20111 (small blind) collected ($0.10)
Seat 2: vladimir5421 (big blind) folded before Flop
Seat 3: Dorex2007 folded before Flop (didn't bet)
Seat 4: SlavikPuha folded before Flop (didn't bet)
Seat 6: Ginnungagap7 folded before Flop (didn't bet)
Seat 7: POLLO ISRA75 folded before Flop (didn't bet)
Seat 8: VilpPS folded before Flop (didn't bet)
Seat 9: drewglaeser (button) folded on the Flop



PokerStars Hand #226531009142:  Hold'em No Limit ($0.01/$0.02 USD) - 2021/05/06 20:58:09 PT [2021/05/06 23:58:09 ET]
Table 'Dolon' 9-max Seat #1 is the button
Seat 1: lukasc20111 ($1.07 in chips) 
Seat 2: vladimir5421 ($2.04 in chips) 
Seat 3: Dorex2007 ($1.80 in chips) 
Seat 4: SlavikPuha ($2.20 in chips) 
Seat 6: Ginnungagap7 ($0.89 in chips) 
Seat 7: POLLO ISRA75 ($1.58 in chips) 
Seat 8: VilpPS ($2 in chips) 
Seat 9: drewglaeser ($2.80 in chips) 
vladimir5421: posts small blind $0.01
Dorex2007: posts big blind $0.02
*** HOLE CARDS ***
Dealt to Dorex2007 [Kc As]
SlavikPuha: folds 
Ginnungagap7: folds 
POLLO ISRA75: calls $0.02
VilpPS: folds 
drewglaeser: calls $0.02
lukasc20111: folds 
vladimir5421: folds 
Dorex2007: raises $0.06 to $0.08
POLLO ISRA75: calls $0.06
drewglaeser: folds 
*** FLOP *** [6s 9h 9d]
Dorex2007 said, "p"
Dorex2007: bets $0.18
POLLO ISRA75: folds 
Uncalled bet ($0.18) returned to Dorex2007
Dorex2007 collected $0.18 from pot
Dorex2007: doesn't show hand 
*** SUMMARY ***
Total pot $0.19 | Rake $0.01 
Board [6s 9h 9d]
Seat 1: lukasc20111 (button) folded before Flop (didn't bet)
Seat 2: vladimir5421 (small blind) folded before Flop
Seat 3: Dorex2007 (big blind) collected ($0.18)
Seat 4: SlavikPuha folded before Flop (didn't bet)
Seat 6: Ginnungagap7 folded before Flop (didn't bet)
Seat 7: POLLO ISRA75 folded on the Flop
Seat 8: VilpPS folded before Flop (didn't bet)
Seat 9: drewglaeser folded before Flop



PokerStars Hand #226531018602:  Hold'em No Limit ($0.01/$0.02 USD) - 2021/05/06 20:59:06 PT [2021/05/06 23:59:06 ET]
Table 'Dolon' 9-max Seat #2 is the button
Seat 1: lukasc20111 ($1.07 in chips) 
Seat 2: vladimir5421 ($2.03 in chips) 
Seat 3: Dorex2007 ($1.90 in chips) 
Seat 4: SlavikPuha ($2.20 in chips) 
Seat 6: Ginnungagap7 ($0.89 in chips) 
Seat 7: POLLO ISRA75 ($1.50 in chips) 
Seat 8: VilpPS ($2 in chips) 
Seat 9: drewglaeser ($2.78 in chips) 
Dorex2007: posts small blind $0.01
SlavikPuha: posts big blind $0.02
*** HOLE CARDS ***
Dealt to Dorex2007 [Ad 5h]
Ginnungagap7: folds 
POLLO ISRA75: calls $0.02
VilpPS: folds 
drewglaeser: calls $0.02
lukasc20111: folds 
vladimir5421: folds 
Dorex2007: calls $0.01
SlavikPuha: checks 
*** FLOP *** [Qs 2h 4s]
Dorex2007: checks 
SlavikPuha: checks 
POLLO ISRA75: checks 
drewglaeser: checks 
*** TURN *** [Qs 2h 4s] [Qc]
Dorex2007: checks 
SlavikPuha: checks 
POLLO ISRA75: checks 
drewglaeser: checks 
*** RIVER *** [Qs 2h 4s Qc] [4h]
Dorex2007: checks 
SlavikPuha: checks 
POLLO ISRA75: checks 
drewglaeser: checks 
*** SHOW DOWN ***
Dorex2007: shows [Ad 5h] (two pair, Queens and Fours)
SlavikPuha: mucks hand 
POLLO ISRA75: shows [5s 5d] (two pair, Queens and Fives)
drewglaeser: mucks hand 
POLLO ISRA75 collected $0.08 from pot
*** SUMMARY ***
Total pot $0.08 | Rake $0 
Board [Qs 2h 4s Qc 4h]
Seat 1: lukasc20111 folded before Flop (didn't bet)
Seat 2: vladimir5421 (button) folded before Flop (didn't bet)
Seat 3: Dorex2007 (small blind) showed [Ad 5h] and lost with two pair, Queens and Fours
Seat 4: SlavikPuha (big blind) mucked [6d 9h]
Seat 6: Ginnungagap7 folded before Flop (didn't bet)
Seat 7: POLLO ISRA75 showed [5s 5d] and won ($0.08) with two pair, Queens and Fives
Seat 8: VilpPS folded before Flop (didn't bet)
Seat 9: drewglaeser mucked [6h Kc]



