PokerStars Hand #232550695305:  Hold'em No Limit ($0.01/$0.02 USD) - 2021/12/26 13:56:23 PT [2021/12/26 16:56:23 ET]
Table 'Paeonia III' 9-max Seat #3 is the button
Seat 1: sandroara ($2.43 in chips) 
Seat 2: Dorex2007 ($2 in chips) 
Seat 3: susi6666 ($4.30 in chips) 
Seat 4: Demidov V.S. ($1.82 in chips) 
Seat 5: donramon9 ($1.26 in chips) 
Seat 7: DanAKAGrim ($1.87 in chips) 
Seat 8: frosa9397 ($10.37 in chips) 
Demidov V.S.: posts small blind $0.01
donramon9: posts big blind $0.02
Arn0Nyn: sits out 
Dorex2007: posts big blind $0.02
*** HOLE CARDS ***
Dealt to Dorex2007 [Ah Kd]
DanAKAGrim: folds 
frosa9397: calls $0.02
sandroara: folds 
Dorex2007: raises $0.04 to $0.06
susi6666: folds 
Demidov V.S.: folds 
donramon9: folds 
frosa9397: calls $0.04
*** FLOP *** [Jh Jd Tc]
frosa9397: checks 
Dorex2007: bets $0.09
frosa9397: calls $0.09
*** TURN *** [Jh Jd Tc] [7d]
frosa9397: checks 
Dorex2007: checks 
*** RIVER *** [Jh Jd Tc 7d] [4h]
frosa9397: checks 
Dorex2007: bets $0.16
frosa9397: folds 
Uncalled bet ($0.16) returned to Dorex2007
Dorex2007 collected $0.32 from pot
Dorex2007: doesn't show hand 
*** SUMMARY ***
Total pot $0.33 | Rake $0.01 
Board [Jh Jd Tc 7d 4h]
Seat 1: sandroara folded before Flop (didn't bet)
Seat 2: Dorex2007 collected ($0.32)
Seat 3: susi6666 (button) folded before Flop (didn't bet)
Seat 4: Demidov V.S. (small blind) folded before Flop
Seat 5: donramon9 (big blind) folded before Flop
Seat 7: DanAKAGrim folded before Flop (didn't bet)
Seat 8: frosa9397 folded on the River



PokerStars Hand #232550725846:  Hold'em No Limit ($0.01/$0.02 USD) - 2021/12/26 13:57:39 PT [2021/12/26 16:57:39 ET]
Table 'Paeonia III' 9-max Seat #4 is the button
Seat 1: sandroara ($2.43 in chips) 
Seat 2: Dorex2007 ($2.17 in chips) 
Seat 3: susi6666 ($4.30 in chips) 
Seat 4: Demidov V.S. ($1.81 in chips) 
Seat 5: donramon9 ($1.24 in chips) 
Seat 6: Arn0Nyn ($2 in chips) 
Seat 7: DanAKAGrim ($1.87 in chips) 
Seat 8: frosa9397 ($10.22 in chips) 
donramon9: posts small blind $0.01
Arn0Nyn: posts big blind $0.02
*** HOLE CARDS ***
Dealt to Dorex2007 [6s 5d]
DanAKAGrim: calls $0.02
frosa9397: folds 
sandroara: raises $0.10 to $0.12
Dorex2007: folds 
susi6666: calls $0.12
Demidov V.S.: folds 
donramon9: folds 
Arn0Nyn: folds 
DanAKAGrim: folds 
*** FLOP *** [5s 8s Qd]
sandroara: checks 
susi6666: checks 
*** TURN *** [5s 8s Qd] [Jc]
sandroara: bets $0.14
susi6666: folds 
Uncalled bet ($0.14) returned to sandroara
sandroara collected $0.28 from pot
sandroara: doesn't show hand 
*** SUMMARY ***
Total pot $0.29 | Rake $0.01 
Board [5s 8s Qd Jc]
Seat 1: sandroara collected ($0.28)
Seat 2: Dorex2007 folded before Flop (didn't bet)
Seat 3: susi6666 folded on the Turn
Seat 4: Demidov V.S. (button) folded before Flop (didn't bet)
Seat 5: donramon9 (small blind) folded before Flop
Seat 6: Arn0Nyn (big blind) folded before Flop
Seat 7: DanAKAGrim folded before Flop
Seat 8: frosa9397 folded before Flop (didn't bet)



PokerStars Hand #232550745384:  Hold'em No Limit ($0.01/$0.02 USD) - 2021/12/26 13:58:26 PT [2021/12/26 16:58:26 ET]
Table 'Paeonia III' 9-max Seat #5 is the button
Seat 1: sandroara ($2.59 in chips) 
Seat 2: Dorex2007 ($2.17 in chips) 
Seat 3: susi6666 ($4.18 in chips) 
Seat 4: Demidov V.S. ($1.81 in chips) 
Seat 5: donramon9 ($1.23 in chips) 
Seat 6: Arn0Nyn ($1.98 in chips) 
Seat 7: DanAKAGrim ($1.85 in chips) 
Seat 8: frosa9397 ($10.22 in chips) 
Arn0Nyn: posts small blind $0.01
DanAKAGrim: posts big blind $0.02
*** HOLE CARDS ***
Dealt to Dorex2007 [6h Qc]
frosa9397: folds 
sandroara: raises $0.02 to $0.04
Dorex2007: folds 
susi6666: calls $0.04
Demidov V.S.: calls $0.04
donramon9: folds 
Arn0Nyn: folds 
DanAKAGrim: calls $0.02
*** FLOP *** [7h 5c 2c]
DanAKAGrim: checks 
sandroara: checks 
susi6666: checks 
Demidov V.S.: checks 
*** TURN *** [7h 5c 2c] [Qd]
DanAKAGrim: checks 
sandroara: checks 
susi6666: checks 
Demidov V.S.: bets $0.15
DanAKAGrim: folds 
sandroara: folds 
susi6666: folds 
Uncalled bet ($0.15) returned to Demidov V.S.
Demidov V.S. collected $0.16 from pot
Demidov V.S.: doesn't show hand 
*** SUMMARY ***
Total pot $0.17 | Rake $0.01 
Board [7h 5c 2c Qd]
Seat 1: sandroara folded on the Turn
Seat 2: Dorex2007 folded before Flop (didn't bet)
Seat 3: susi6666 folded on the Turn
Seat 4: Demidov V.S. collected ($0.16)
Seat 5: donramon9 (button) folded before Flop (didn't bet)
Seat 6: Arn0Nyn (small blind) folded before Flop
Seat 7: DanAKAGrim (big blind) folded on the Turn
Seat 8: frosa9397 folded before Flop (didn't bet)



PokerStars Hand #232550779437:  Hold'em No Limit ($0.01/$0.02 USD) - 2021/12/26 13:59:49 PT [2021/12/26 16:59:49 ET]
Table 'Paeonia III' 9-max Seat #6 is the button
Seat 1: sandroara ($2.55 in chips) 
Seat 2: Dorex2007 ($2.17 in chips) 
Seat 3: susi6666 ($4.14 in chips) 
Seat 4: Demidov V.S. ($1.93 in chips) 
Seat 5: donramon9 ($1.23 in chips) 
Seat 6: Arn0Nyn ($1.97 in chips) 
Seat 7: DanAKAGrim ($1.81 in chips) 
Seat 8: frosa9397 ($10.22 in chips) 
DanAKAGrim: posts small blind $0.01
frosa9397: posts big blind $0.02
*** HOLE CARDS ***
Dealt to Dorex2007 [2h 3h]
sandroara: folds 
Dorex2007: folds 
susi6666: calls $0.02
Demidov V.S.: folds 
donramon9: folds 
Arn0Nyn: folds 
DanAKAGrim: folds 
frosa9397: checks 
*** FLOP *** [9c 7h 6c]
frosa9397: checks 
susi6666: bets $0.05
frosa9397: folds 
Uncalled bet ($0.05) returned to susi6666
susi6666 collected $0.05 from pot
susi6666: doesn't show hand 
*** SUMMARY ***
Total pot $0.05 | Rake $0 
Board [9c 7h 6c]
Seat 1: sandroara folded before Flop (didn't bet)
Seat 2: Dorex2007 folded before Flop (didn't bet)
Seat 3: susi6666 collected ($0.05)
Seat 4: Demidov V.S. folded before Flop (didn't bet)
Seat 5: donramon9 folded before Flop (didn't bet)
Seat 6: Arn0Nyn (button) folded before Flop (didn't bet)
Seat 7: DanAKAGrim (small blind) folded before Flop
Seat 8: frosa9397 (big blind) folded on the Flop



PokerStars Hand #232550796042:  Hold'em No Limit ($0.01/$0.02 USD) - 2021/12/26 14:00:29 PT [2021/12/26 17:00:29 ET]
Table 'Paeonia III' 9-max Seat #7 is the button
Seat 1: sandroara ($2.55 in chips) 
Seat 2: Dorex2007 ($2.17 in chips) 
Seat 3: susi6666 ($4.17 in chips) 
Seat 4: Demidov V.S. ($1.93 in chips) 
Seat 5: donramon9 ($1.23 in chips) 
Seat 6: Arn0Nyn ($1.97 in chips) 
Seat 7: DanAKAGrim ($1.80 in chips) 
Seat 8: frosa9397 ($10.20 in chips) 
frosa9397: posts small blind $0.01
sandroara: posts big blind $0.02
*** HOLE CARDS ***
Dealt to Dorex2007 [8h Tc]
Dorex2007: folds 
susi6666: calls $0.02
Demidov V.S.: folds 
donramon9: folds 
Arn0Nyn: calls $0.02
DanAKAGrim has timed out
DanAKAGrim: folds 
frosa9397: folds 
sandroara: checks 
*** FLOP *** [Kc 6d 9d]
sandroara: checks 
susi6666: checks 
Arn0Nyn: bets $0.02
sandroara: folds 
susi6666: raises $0.06 to $0.08
Arn0Nyn: calls $0.06
*** TURN *** [Kc 6d 9d] [Ks]
susi6666: checks 
Arn0Nyn: bets $0.08
susi6666: folds 
Uncalled bet ($0.08) returned to Arn0Nyn
Arn0Nyn collected $0.22 from pot
*** SUMMARY ***
Total pot $0.23 | Rake $0.01 
Board [Kc 6d 9d Ks]
Seat 1: sandroara (big blind) folded on the Flop
Seat 2: Dorex2007 folded before Flop (didn't bet)
Seat 3: susi6666 folded on the Turn
Seat 4: Demidov V.S. folded before Flop (didn't bet)
Seat 5: donramon9 folded before Flop (didn't bet)
Seat 6: Arn0Nyn collected ($0.22)
Seat 7: DanAKAGrim (button) folded before Flop (didn't bet)
Seat 8: frosa9397 (small blind) folded before Flop



PokerStars Hand #232550832257:  Hold'em No Limit ($0.01/$0.02 USD) - 2021/12/26 14:01:41 PT [2021/12/26 17:01:41 ET]
Table 'Paeonia III' 9-max Seat #8 is the button
Seat 1: sandroara ($2.53 in chips) 
Seat 2: Dorex2007 ($2.17 in chips) 
Seat 3: susi6666 ($4.07 in chips) 
Seat 4: Demidov V.S. ($1.93 in chips) 
Seat 6: Arn0Nyn ($2.09 in chips) 
Seat 7: DanAKAGrim ($1.80 in chips) 
Seat 8: frosa9397 ($10.19 in chips) 
sandroara: posts small blind $0.01
Dorex2007: posts big blind $0.02
*** HOLE CARDS ***
Dealt to Dorex2007 [9h Tc]
susi6666: calls $0.02
Demidov V.S.: folds 
Arn0Nyn: folds 
DanAKAGrim: calls $0.02
frosa9397: folds 
sandroara: raises $0.02 to $0.04
Dorex2007: folds 
susi6666: raises $0.02 to $0.06
DanAKAGrim: calls $0.04
sandroara: calls $0.02
*** FLOP *** [As 9s Td]
sandroara: checks 
susi6666: bets $0.09
DanAKAGrim: calls $0.09
sandroara: folds 
*** TURN *** [As 9s Td] [6h]
susi6666: bets $0.18
DanAKAGrim: calls $0.18
*** RIVER *** [As 9s Td 6h] [2c]
susi6666: bets $0.35
DanAKAGrim: folds 
Uncalled bet ($0.35) returned to susi6666
susi6666 collected $0.71 from pot
susi6666: doesn't show hand 
*** SUMMARY ***
Total pot $0.74 | Rake $0.03 
Board [As 9s Td 6h 2c]
Seat 1: sandroara (small blind) folded on the Flop
Seat 2: Dorex2007 (big blind) folded before Flop
Seat 3: susi6666 collected ($0.71)
Seat 4: Demidov V.S. folded before Flop (didn't bet)
Seat 6: Arn0Nyn folded before Flop (didn't bet)
Seat 7: DanAKAGrim folded on the River
Seat 8: frosa9397 (button) folded before Flop (didn't bet)



PokerStars Hand #232550867627:  Hold'em No Limit ($0.01/$0.02 USD) - 2021/12/26 14:02:42 PT [2021/12/26 17:02:42 ET]
Table 'Paeonia III' 9-max Seat #1 is the button
Seat 1: sandroara ($2.47 in chips) 
Seat 2: Dorex2007 ($2.15 in chips) 
Seat 3: susi6666 ($4.45 in chips) 
Seat 4: Demidov V.S. ($1.93 in chips) 
Seat 6: Arn0Nyn ($2.09 in chips) 
Seat 7: DanAKAGrim ($1.47 in chips) 
Seat 8: frosa9397 ($10.19 in chips) 
Dorex2007: posts small blind $0.01
susi6666: posts big blind $0.02
ElGinoo1: sits out 
*** HOLE CARDS ***
Dealt to Dorex2007 [Jc 8c]
Demidov V.S.: folds 
Arn0Nyn: folds 
DanAKAGrim: folds 
frosa9397: folds 
sandroara: folds 
sandroara leaves the table
Dorex2007: folds 
Uncalled bet ($0.01) returned to susi6666
susi6666 collected $0.02 from pot
susi6666: doesn't show hand 
*** SUMMARY ***
Total pot $0.02 | Rake $0 
Seat 1: sandroara (button) folded before Flop (didn't bet)
Seat 2: Dorex2007 (small blind) folded before Flop
Seat 3: susi6666 (big blind) collected ($0.02)
Seat 4: Demidov V.S. folded before Flop (didn't bet)
Seat 6: Arn0Nyn folded before Flop (didn't bet)
Seat 7: DanAKAGrim folded before Flop (didn't bet)
Seat 8: frosa9397 folded before Flop (didn't bet)



PokerStars Hand #232550878625:  Hold'em No Limit ($0.01/$0.02 USD) - 2021/12/26 14:02:58 PT [2021/12/26 17:02:58 ET]
Table 'Paeonia III' 9-max Seat #2 is the button
Seat 2: Dorex2007 ($2.14 in chips) 
Seat 3: susi6666 ($4.46 in chips) 
Seat 4: Demidov V.S. ($1.93 in chips) 
Seat 6: Arn0Nyn ($2.09 in chips) 
Seat 7: DanAKAGrim ($1.47 in chips) 
Seat 8: frosa9397 ($10.19 in chips) 
susi6666: posts small blind $0.01
Demidov V.S.: posts big blind $0.02
ElGinoo1: sits out 
*** HOLE CARDS ***
Dealt to Dorex2007 [9c 4s]
Arn0Nyn has timed out
Arn0Nyn: folds 
DanAKAGrim: folds 
frosa9397: folds 
Dorex2007: folds 
susi6666: calls $0.01
Demidov V.S.: raises $0.06 to $0.08
susi6666: calls $0.06
*** FLOP *** [2d 4d 2s]
susi6666: checks 
Demidov V.S.: bets $0.07
susi6666: calls $0.07
*** TURN *** [2d 4d 2s] [Qc]
susi6666: checks 
Demidov V.S.: checks 
*** RIVER *** [2d 4d 2s Qc] [3h]
Arn0Nyn leaves the table
susi6666: bets $0.14
Demidov V.S.: calls $0.14
*** SHOW DOWN ***
susi6666: shows [5s 5h] (two pair, Fives and Deuces)
Demidov V.S.: mucks hand 
susi6666 collected $0.56 from pot
*** SUMMARY ***
Total pot $0.58 | Rake $0.02 
Board [2d 4d 2s Qc 3h]
Seat 2: Dorex2007 (button) folded before Flop (didn't bet)
Seat 3: susi6666 (small blind) showed [5s 5h] and won ($0.56) with two pair, Fives and Deuces
Seat 4: Demidov V.S. (big blind) mucked [Ac 3c]
Seat 6: Arn0Nyn folded before Flop (didn't bet)
Seat 7: DanAKAGrim folded before Flop (didn't bet)
Seat 8: frosa9397 folded before Flop (didn't bet)



PokerStars Hand #232550915710:  Hold'em No Limit ($0.01/$0.02 USD) - 2021/12/26 14:03:52 PT [2021/12/26 17:03:52 ET]
Table 'Paeonia III' 9-max Seat #3 is the button
Seat 2: Dorex2007 ($2.14 in chips) 
Seat 3: susi6666 ($4.73 in chips) 
Seat 4: Demidov V.S. ($1.64 in chips) 
Seat 7: DanAKAGrim ($1.47 in chips) 
Seat 8: frosa9397 ($10.19 in chips) 
Demidov V.S.: posts small blind $0.01
DanAKAGrim: posts big blind $0.02
ElGinoo1: sits out 
*** HOLE CARDS ***
Dealt to Dorex2007 [Qd Ts]
frosa9397: folds 
Dorex2007: raises $0.02 to $0.04
susi6666: folds 
Demidov V.S.: folds 
DanAKAGrim: calls $0.02
*** FLOP *** [3c 2d Jh]
DanAKAGrim: checks 
Dorex2007: checks 
*** TURN *** [3c 2d Jh] [Td]
DanAKAGrim: bets $0.02
Dorex2007: calls $0.02
*** RIVER *** [3c 2d Jh Td] [6s]
DanAKAGrim: checks 
Dorex2007: checks 
*** SHOW DOWN ***
DanAKAGrim: shows [9d Ah] (high card Ace)
Dorex2007: shows [Qd Ts] (a pair of Tens)
Dorex2007 collected $0.13 from pot
*** SUMMARY ***
Total pot $0.13 | Rake $0 
Board [3c 2d Jh Td 6s]
Seat 2: Dorex2007 showed [Qd Ts] and won ($0.13) with a pair of Tens
Seat 3: susi6666 (button) folded before Flop (didn't bet)
Seat 4: Demidov V.S. (small blind) folded before Flop
Seat 7: DanAKAGrim (big blind) showed [9d Ah] and lost with high card Ace
Seat 8: frosa9397 folded before Flop (didn't bet)



PokerStars Hand #232550943395:  Hold'em No Limit ($0.01/$0.02 USD) - 2021/12/26 14:04:35 PT [2021/12/26 17:04:35 ET]
Table 'Paeonia III' 9-max Seat #4 is the button
Seat 2: Dorex2007 ($2.21 in chips) 
Seat 3: susi6666 ($4.73 in chips) 
Seat 4: Demidov V.S. ($1.63 in chips) 
Seat 7: DanAKAGrim ($1.41 in chips) 
Seat 8: frosa9397 ($10.19 in chips) 
DanAKAGrim: posts small blind $0.01
frosa9397: posts big blind $0.02
ElGinoo1: sits out 
*** HOLE CARDS ***
Dealt to Dorex2007 [As 9c]
Dorex2007: folds 
susi6666: folds 
Demidov V.S.: folds 
DanAKAGrim: calls $0.01
frosa9397: checks 
*** FLOP *** [7s Kc 2h]
DanAKAGrim: checks 
frosa9397: checks 
*** TURN *** [7s Kc 2h] [9d]
DanAKAGrim: checks 
frosa9397: checks 
*** RIVER *** [7s Kc 2h 9d] [3s]
DanAKAGrim: checks 
frosa9397: checks 
*** SHOW DOWN ***
DanAKAGrim: shows [4d 3h] (a pair of Threes)
frosa9397: mucks hand 
DanAKAGrim collected $0.04 from pot
*** SUMMARY ***
Total pot $0.04 | Rake $0 
Board [7s Kc 2h 9d 3s]
Seat 2: Dorex2007 folded before Flop (didn't bet)
Seat 3: susi6666 folded before Flop (didn't bet)
Seat 4: Demidov V.S. (button) folded before Flop (didn't bet)
Seat 7: DanAKAGrim (small blind) showed [4d 3h] and won ($0.04) with a pair of Threes
Seat 8: frosa9397 (big blind) mucked [4s Jh]



PokerStars Hand #232550996601:  Hold'em No Limit ($0.01/$0.02 USD) - 2021/12/26 14:05:55 PT [2021/12/26 17:05:55 ET]
Table 'Paeonia III' 9-max Seat #7 is the button
Seat 2: Dorex2007 ($2.21 in chips) 
Seat 3: susi6666 ($4.73 in chips) 
Seat 4: Demidov V.S. ($1.63 in chips) 
Seat 7: DanAKAGrim ($1.43 in chips) 
Seat 8: frosa9397 ($10.17 in chips) 
Seat 9: ElGinoo1 ($0.86 in chips) 
frosa9397: posts small blind $0.01
ElGinoo1: posts big blind $0.02
donramon9: sits out 
*** HOLE CARDS ***
Dealt to Dorex2007 [6c Ac]
Dorex2007 has timed out
Dorex2007: folds 
susi6666: folds 
Demidov V.S.: folds 
DanAKAGrim: calls $0.02
frosa9397: folds 
ElGinoo1: checks 
*** FLOP *** [6s 4d 2s]
ElGinoo1: checks 
DanAKAGrim: checks 
*** TURN *** [6s 4d 2s] [Td]
ElGinoo1: checks 
DanAKAGrim: checks 
*** RIVER *** [6s 4d 2s Td] [Tc]
ElGinoo1: bets $0.04
DanAKAGrim: folds 
Uncalled bet ($0.04) returned to ElGinoo1
ElGinoo1 collected $0.05 from pot
ElGinoo1: doesn't show hand 
*** SUMMARY ***
Total pot $0.05 | Rake $0 
Board [6s 4d 2s Td Tc]
Seat 2: Dorex2007 folded before Flop (didn't bet)
Seat 3: susi6666 folded before Flop (didn't bet)
Seat 4: Demidov V.S. folded before Flop (didn't bet)
Seat 7: DanAKAGrim (button) folded on the River
Seat 8: frosa9397 (small blind) folded before Flop
Seat 9: ElGinoo1 (big blind) collected ($0.05)



