PokerStars Hand #232958643861:  Hold'em No Limit ($0.01/$0.02 USD) - 2022/01/08 20:55:50 PT [2022/01/08 23:55:50 ET]
Table 'Meyermann V' 9-max Seat #2 is the button
Seat 1: Dorex2007 ($2 in chips) 
Seat 2: mandula2 ($2.19 in chips) 
Seat 4: MAGNUSVAGNER ($3.56 in chips) 
Seat 5: Nick Pelo ($1.85 in chips) 
Seat 6: kusto1488 ($2.58 in chips) 
Seat 7: zapper58 ($0.77 in chips) 
Seat 8: carrrera ($3.89 in chips) 
MAGNUSVAGNER: posts small blind $0.01
Nick Pelo: posts big blind $0.02
Dorex2007: posts big blind $0.02
*** HOLE CARDS ***
Dealt to Dorex2007 [7c Qh]
kusto1488: folds 
zapper58: calls $0.02
carrrera has timed out
carrrera: folds 
Dorex2007: checks 
mandula2 has timed out
mandula2: folds 
MAGNUSVAGNER: folds 
Nick Pelo: checks 
*** FLOP *** [2h 7h 7d]
Nick Pelo: checks 
zapper58: checks 
Dorex2007: bets $0.04
Nick Pelo: calls $0.04
zapper58: folds 
*** TURN *** [2h 7h 7d] [6c]
Nick Pelo: checks 
Dorex2007: bets $0.07
Nick Pelo: calls $0.07
*** RIVER *** [2h 7h 7d 6c] [Kd]
Nick Pelo: checks 
Dorex2007: bets $0.28
Nick Pelo: calls $0.28
*** SHOW DOWN ***
Dorex2007: shows [7c Qh] (three of a kind, Sevens)
Nick Pelo: mucks hand 
Dorex2007 collected $0.82 from pot
*** SUMMARY ***
Total pot $0.85 | Rake $0.03 
Board [2h 7h 7d 6c Kd]
Seat 1: Dorex2007 showed [7c Qh] and won ($0.82) with three of a kind, Sevens
Seat 2: mandula2 (button) folded before Flop (didn't bet)
Seat 4: MAGNUSVAGNER (small blind) folded before Flop
Seat 5: Nick Pelo (big blind) mucked [Th Kh]
Seat 6: kusto1488 folded before Flop (didn't bet)
Seat 7: zapper58 folded on the Flop
Seat 8: carrrera folded before Flop (didn't bet)



PokerStars Hand #232958659278:  Hold'em No Limit ($0.01/$0.02 USD) - 2022/01/08 20:57:21 PT [2022/01/08 23:57:21 ET]
Table 'Meyermann V' 9-max Seat #4 is the button
Seat 1: Dorex2007 ($2.41 in chips) 
Seat 2: mandula2 ($2.19 in chips) 
Seat 4: MAGNUSVAGNER ($3.55 in chips) 
Seat 5: Nick Pelo ($1.44 in chips) 
Seat 6: kusto1488 ($2.58 in chips) 
Seat 7: zapper58 ($0.75 in chips) 
Seat 9: Rumpelstielzche ($1 in chips) 
Nick Pelo: posts small blind $0.01
kusto1488: posts big blind $0.02
Rumpelstielzche: posts small & big blinds $0.03
*** HOLE CARDS ***
Dealt to Dorex2007 [4h 9d]
zapper58: folds 
Rumpelstielzche: raises $0.97 to $0.99 and is all-in
Dorex2007: folds 
mandula2: folds 
MAGNUSVAGNER: folds 
Nick Pelo: folds 
kusto1488: folds 
Uncalled bet ($0.97) returned to Rumpelstielzche
Rumpelstielzche collected $0.06 from pot
Rumpelstielzche: doesn't show hand 
*** SUMMARY ***
Total pot $0.06 | Rake $0 
Seat 1: Dorex2007 folded before Flop (didn't bet)
Seat 2: mandula2 folded before Flop (didn't bet)
Seat 4: MAGNUSVAGNER (button) folded before Flop (didn't bet)
Seat 5: Nick Pelo (small blind) folded before Flop
Seat 6: kusto1488 (big blind) folded before Flop
Seat 7: zapper58 folded before Flop (didn't bet)
Seat 9: Rumpelstielzche collected ($0.06)



PokerStars Hand #232958663661:  Hold'em No Limit ($0.01/$0.02 USD) - 2022/01/08 20:57:47 PT [2022/01/08 23:57:47 ET]
Table 'Meyermann V' 9-max Seat #5 is the button
Seat 1: Dorex2007 ($2.41 in chips) 
Seat 2: mandula2 ($2.19 in chips) 
Seat 4: MAGNUSVAGNER ($3.55 in chips) 
Seat 5: Nick Pelo ($1.43 in chips) 
Seat 6: kusto1488 ($2.56 in chips) 
Seat 7: zapper58 ($0.75 in chips) 
Seat 9: Rumpelstielzche ($1.03 in chips) 
kusto1488: posts small blind $0.01
zapper58: posts big blind $0.02
*** HOLE CARDS ***
Dealt to Dorex2007 [4d As]
Rumpelstielzche: calls $0.02
Dorex2007: folds 
mandula2: folds 
MAGNUSVAGNER: folds 
Nick Pelo: folds 
kusto1488: folds 
zapper58: checks 
*** FLOP *** [Kh Ah 2c]
zapper58: checks 
Rumpelstielzche: checks 
*** TURN *** [Kh Ah 2c] [Jc]
zapper58: checks 
Rumpelstielzche: bets $0.06
zapper58: folds 
Uncalled bet ($0.06) returned to Rumpelstielzche
Rumpelstielzche collected $0.05 from pot
Rumpelstielzche: doesn't show hand 
*** SUMMARY ***
Total pot $0.05 | Rake $0 
Board [Kh Ah 2c Jc]
Seat 1: Dorex2007 folded before Flop (didn't bet)
Seat 2: mandula2 folded before Flop (didn't bet)
Seat 4: MAGNUSVAGNER folded before Flop (didn't bet)
Seat 5: Nick Pelo (button) folded before Flop (didn't bet)
Seat 6: kusto1488 (small blind) folded before Flop
Seat 7: zapper58 (big blind) folded on the Turn
Seat 9: Rumpelstielzche collected ($0.05)



PokerStars Hand #232958670718:  Hold'em No Limit ($0.01/$0.02 USD) - 2022/01/08 20:58:29 PT [2022/01/08 23:58:29 ET]
Table 'Meyermann V' 9-max Seat #6 is the button
Seat 1: Dorex2007 ($2.41 in chips) 
Seat 2: mandula2 ($2.19 in chips) 
Seat 4: MAGNUSVAGNER ($3.55 in chips) 
Seat 5: Nick Pelo ($1.43 in chips) 
Seat 6: kusto1488 ($2.55 in chips) 
Seat 7: zapper58 ($0.73 in chips) 
Seat 8: carrrera ($3.89 in chips) 
Seat 9: Rumpelstielzche ($1.06 in chips) 
zapper58: posts small blind $0.01
carrrera: posts big blind $0.02
*** HOLE CARDS ***
Dealt to Dorex2007 [6h 5s]
Rumpelstielzche: calls $0.02
Dorex2007: folds 
mandula2 has timed out
mandula2: folds 
MAGNUSVAGNER: folds 
Nick Pelo: folds 
Nick Pelo leaves the table
kusto1488: folds 
zapper58: folds 
carrrera: checks 
*** FLOP *** [Tc 3d 8c]
carrrera: checks 
Rumpelstielzche: checks 
*** TURN *** [Tc 3d 8c] [8s]
carrrera: checks 
Rumpelstielzche: bets $0.08
carrrera: raises $0.08 to $0.16
Rumpelstielzche: folds 
Uncalled bet ($0.08) returned to carrrera
carrrera collected $0.20 from pot
carrrera: doesn't show hand 
*** SUMMARY ***
Total pot $0.21 | Rake $0.01 
Board [Tc 3d 8c 8s]
Seat 1: Dorex2007 folded before Flop (didn't bet)
Seat 2: mandula2 folded before Flop (didn't bet)
Seat 4: MAGNUSVAGNER folded before Flop (didn't bet)
Seat 5: Nick Pelo folded before Flop (didn't bet)
Seat 6: kusto1488 (button) folded before Flop (didn't bet)
Seat 7: zapper58 (small blind) folded before Flop
Seat 8: carrrera (big blind) collected ($0.20)
Seat 9: Rumpelstielzche folded on the Turn



PokerStars Hand #232958681958:  Hold'em No Limit ($0.01/$0.02 USD) - 2022/01/08 20:59:36 PT [2022/01/08 23:59:36 ET]
Table 'Meyermann V' 9-max Seat #7 is the button
Seat 1: Dorex2007 ($2.41 in chips) 
Seat 2: mandula2 ($2.19 in chips) 
Seat 4: MAGNUSVAGNER ($3.55 in chips) 
Seat 6: kusto1488 ($2.55 in chips) 
Seat 7: zapper58 ($0.72 in chips) 
Seat 8: carrrera ($3.99 in chips) 
Seat 9: Rumpelstielzche ($0.96 in chips) 
carrrera: posts small blind $0.01
Rumpelstielzche: posts big blind $0.02
*** HOLE CARDS ***
Dealt to Dorex2007 [Tc 3h]
Dorex2007: folds 
mandula2: calls $0.02
MAGNUSVAGNER: folds 
kusto1488: folds 
zapper58: folds 
carrrera: calls $0.01
Rumpelstielzche: checks 
*** FLOP *** [6h 9s Ad]
carrrera: checks 
Rumpelstielzche: checks 
mandula2: checks 
*** TURN *** [6h 9s Ad] [Qd]
carrrera: checks 
Rumpelstielzche: checks 
mandula2: checks 
*** RIVER *** [6h 9s Ad Qd] [2h]
carrrera: checks 
Rumpelstielzche: bets $0.10
mandula2: folds 
carrrera: folds 
Uncalled bet ($0.10) returned to Rumpelstielzche
Rumpelstielzche collected $0.06 from pot
Rumpelstielzche: doesn't show hand 
*** SUMMARY ***
Total pot $0.06 | Rake $0 
Board [6h 9s Ad Qd 2h]
Seat 1: Dorex2007 folded before Flop (didn't bet)
Seat 2: mandula2 folded on the River
Seat 4: MAGNUSVAGNER folded before Flop (didn't bet)
Seat 6: kusto1488 folded before Flop (didn't bet)
Seat 7: zapper58 (button) folded before Flop (didn't bet)
Seat 8: carrrera (small blind) folded on the River
Seat 9: Rumpelstielzche (big blind) collected ($0.06)



