PokerStars Hand #223809977601:  Hold'em No Limit ($0.01/$0.02 USD) - 2021/02/14 10:08:29 PT [2021/02/14 13:08:29 ET]
Table 'Shajna IV' 9-max Seat #5 is the button
Seat 1: LRamilF ($1.89 in chips) 
Seat 2: Dorex2007 ($1.50 in chips) 
Seat 3: Veerty ($2.32 in chips) 
Seat 4: Quads1 ($1.80 in chips) 
Seat 5: JOHN LOIKO ($2 in chips) 
Seat 6: RustyPoison ($0.91 in chips) 
Seat 7: milconumihai19 ($2.79 in chips) 
Seat 8: vonMattisch ($1.45 in chips) 
Seat 9: budetsvadba ($2.73 in chips) 
RustyPoison: posts small blind $0.01
milconumihai19: posts big blind $0.02
milconumihai19 said, "wp"
Dorex2007: posts big blind $0.02
*** HOLE CARDS ***
Dealt to Dorex2007 [3s Qs]
vonMattisch: folds 
budetsvadba: folds 
LRamilF: folds 
Dorex2007: checks 
Veerty: raises $0.08 to $0.10
Quads1: folds 
JOHN LOIKO: folds 
RustyPoison: folds 
milconumihai19: folds 
Dorex2007: folds 
Uncalled bet ($0.08) returned to Veerty
Veerty collected $0.07 from pot
Veerty: doesn't show hand 
*** SUMMARY ***
Total pot $0.07 | Rake $0 
Seat 1: LRamilF folded before Flop (didn't bet)
Seat 2: Dorex2007 folded before Flop (didn't bet)
Seat 3: Veerty collected ($0.07)
Seat 4: Quads1 folded before Flop (didn't bet)
Seat 5: JOHN LOIKO (button) folded before Flop (didn't bet)
Seat 6: RustyPoison (small blind) folded before Flop
Seat 7: milconumihai19 (big blind) folded before Flop
Seat 8: vonMattisch folded before Flop (didn't bet)
Seat 9: budetsvadba folded before Flop (didn't bet)



PokerStars Hand #223809992797:  Hold'em No Limit ($0.01/$0.02 USD) - 2021/02/14 10:08:48 PT [2021/02/14 13:08:48 ET]
Table 'Shajna IV' 9-max Seat #6 is the button
Seat 1: LRamilF ($1.89 in chips) 
Seat 2: Dorex2007 ($1.48 in chips) 
Seat 3: Veerty ($2.37 in chips) 
Seat 4: Quads1 ($1.80 in chips) 
Seat 5: JOHN LOIKO ($2 in chips) 
Seat 6: RustyPoison ($0.90 in chips) 
Seat 7: milconumihai19 ($2.77 in chips) 
Seat 8: vonMattisch ($1.45 in chips) 
Seat 9: budetsvadba ($2.73 in chips) 
milconumihai19: posts small blind $0.01
vonMattisch: posts big blind $0.02
*** HOLE CARDS ***
Dealt to Dorex2007 [9h 3h]
budetsvadba: folds 
LRamilF: folds 
Dorex2007: folds 
Veerty: folds 
Quads1: folds 
JOHN LOIKO: raises $0.04 to $0.06
RustyPoison: folds 
milconumihai19: raises $0.10 to $0.16
vonMattisch: folds 
JOHN LOIKO: folds 
Uncalled bet ($0.10) returned to milconumihai19
milconumihai19 collected $0.14 from pot
milconumihai19: doesn't show hand 
*** SUMMARY ***
Total pot $0.14 | Rake $0 
Seat 1: LRamilF folded before Flop (didn't bet)
Seat 2: Dorex2007 folded before Flop (didn't bet)
Seat 3: Veerty folded before Flop (didn't bet)
Seat 4: Quads1 folded before Flop (didn't bet)
Seat 5: JOHN LOIKO folded before Flop
Seat 6: RustyPoison (button) folded before Flop (didn't bet)
Seat 7: milconumihai19 (small blind) collected ($0.14)
Seat 8: vonMattisch (big blind) folded before Flop
Seat 9: budetsvadba folded before Flop (didn't bet)



PokerStars Hand #223810016771:  Hold'em No Limit ($0.01/$0.02 USD) - 2021/02/14 10:09:18 PT [2021/02/14 13:09:18 ET]
Table 'Shajna IV' 9-max Seat #7 is the button
Seat 1: LRamilF ($1.89 in chips) 
Seat 2: Dorex2007 ($1.48 in chips) 
Seat 3: Veerty ($2.37 in chips) 
Seat 4: Quads1 ($1.80 in chips) 
Seat 5: JOHN LOIKO ($2 in chips) 
Seat 6: RustyPoison ($0.90 in chips) 
Seat 7: milconumihai19 ($2.85 in chips) 
Seat 8: vonMattisch ($1.43 in chips) 
Seat 9: budetsvadba ($2.73 in chips) 
vonMattisch: posts small blind $0.01
budetsvadba: posts big blind $0.02
*** HOLE CARDS ***
Dealt to Dorex2007 [6d 5c]
LRamilF: folds 
Dorex2007: folds 
Veerty: folds 
Quads1: folds 
JOHN LOIKO: folds 
RustyPoison: raises $0.02 to $0.04
milconumihai19: raises $0.04 to $0.08
vonMattisch: folds 
budetsvadba: folds 
RustyPoison: calls $0.04
*** FLOP *** [8c 8s 4d]
RustyPoison: checks 
milconumihai19: checks 
*** TURN *** [8c 8s 4d] [5s]
RustyPoison: checks 
milconumihai19: bets $0.12
RustyPoison: calls $0.12
*** RIVER *** [8c 8s 4d 5s] [Th]
RustyPoison: checks 
milconumihai19: checks 
*** SHOW DOWN ***
RustyPoison: shows [As 5d] (two pair, Eights and Fives)
milconumihai19: mucks hand 
RustyPoison collected $0.41 from pot
*** SUMMARY ***
Total pot $0.43 | Rake $0.02 
Board [8c 8s 4d 5s Th]
Seat 1: LRamilF folded before Flop (didn't bet)
Seat 2: Dorex2007 folded before Flop (didn't bet)
Seat 3: Veerty folded before Flop (didn't bet)
Seat 4: Quads1 folded before Flop (didn't bet)
Seat 5: JOHN LOIKO folded before Flop (didn't bet)
Seat 6: RustyPoison showed [As 5d] and won ($0.41) with two pair, Eights and Fives
Seat 7: milconumihai19 (button) mucked [Jc Ks]
Seat 8: vonMattisch (small blind) folded before Flop
Seat 9: budetsvadba (big blind) folded before Flop



PokerStars Hand #223810057452:  Hold'em No Limit ($0.01/$0.02 USD) - 2021/02/14 10:10:09 PT [2021/02/14 13:10:09 ET]
Table 'Shajna IV' 9-max Seat #8 is the button
Seat 1: LRamilF ($1.89 in chips) 
Seat 2: Dorex2007 ($1.48 in chips) 
Seat 3: Veerty ($2.37 in chips) 
Seat 4: Quads1 ($1.80 in chips) 
Seat 5: JOHN LOIKO ($2 in chips) 
Seat 6: RustyPoison ($1.11 in chips) 
Seat 7: milconumihai19 ($2.65 in chips) 
Seat 8: vonMattisch ($1.42 in chips) 
Seat 9: budetsvadba ($2.71 in chips) 
budetsvadba: posts small blind $0.01
LRamilF: posts big blind $0.02
*** HOLE CARDS ***
Dealt to Dorex2007 [3c 7h]
Dorex2007: folds 
Veerty: folds 
Quads1: folds 
JOHN LOIKO: folds 
RustyPoison: folds 
milconumihai19: calls $0.02
vonMattisch: raises $0.04 to $0.06
budetsvadba: raises $0.18 to $0.24
LRamilF: folds 
milconumihai19: folds 
vonMattisch: folds 
Uncalled bet ($0.18) returned to budetsvadba
budetsvadba collected $0.16 from pot
budetsvadba: doesn't show hand 
*** SUMMARY ***
Total pot $0.16 | Rake $0 
Seat 1: LRamilF (big blind) folded before Flop
Seat 2: Dorex2007 folded before Flop (didn't bet)
Seat 3: Veerty folded before Flop (didn't bet)
Seat 4: Quads1 folded before Flop (didn't bet)
Seat 5: JOHN LOIKO folded before Flop (didn't bet)
Seat 6: RustyPoison folded before Flop (didn't bet)
Seat 7: milconumihai19 folded before Flop
Seat 8: vonMattisch (button) folded before Flop
Seat 9: budetsvadba (small blind) collected ($0.16)



PokerStars Hand #223810086402:  Hold'em No Limit ($0.01/$0.02 USD) - 2021/02/14 10:10:46 PT [2021/02/14 13:10:46 ET]
Table 'Shajna IV' 9-max Seat #9 is the button
Seat 1: LRamilF ($1.87 in chips) 
Seat 2: Dorex2007 ($1.48 in chips) 
Seat 3: Veerty ($2.37 in chips) 
Seat 4: Quads1 ($1.80 in chips) 
Seat 5: JOHN LOIKO ($2 in chips) 
Seat 6: RustyPoison ($1.11 in chips) 
Seat 7: milconumihai19 ($2.63 in chips) 
Seat 8: vonMattisch ($1.36 in chips) 
Seat 9: budetsvadba ($2.81 in chips) 
LRamilF: posts small blind $0.01
Dorex2007: posts big blind $0.02
*** HOLE CARDS ***
Dealt to Dorex2007 [7s Ad]
Veerty: folds 
Quads1: folds 
JOHN LOIKO: folds 
RustyPoison: folds 
milconumihai19: folds 
vonMattisch: folds 
budetsvadba: folds 
LRamilF: raises $0.04 to $0.06
Dorex2007: calls $0.04
*** FLOP *** [6h 4c Th]
LRamilF: bets $0.08
Dorex2007: calls $0.08
*** TURN *** [6h 4c Th] [4h]
LRamilF: checks 
Dorex2007: bets $0.27
LRamilF: folds 
Uncalled bet ($0.27) returned to Dorex2007
Dorex2007 collected $0.27 from pot
Dorex2007: doesn't show hand 
*** SUMMARY ***
Total pot $0.28 | Rake $0.01 
Board [6h 4c Th 4h]
Seat 1: LRamilF (small blind) folded on the Turn
Seat 2: Dorex2007 (big blind) collected ($0.27)
Seat 3: Veerty folded before Flop (didn't bet)
Seat 4: Quads1 folded before Flop (didn't bet)
Seat 5: JOHN LOIKO folded before Flop (didn't bet)
Seat 6: RustyPoison folded before Flop (didn't bet)
Seat 7: milconumihai19 folded before Flop (didn't bet)
Seat 8: vonMattisch folded before Flop (didn't bet)
Seat 9: budetsvadba (button) folded before Flop (didn't bet)



PokerStars Hand #223810133480:  Hold'em No Limit ($0.01/$0.02 USD) - 2021/02/14 10:11:46 PT [2021/02/14 13:11:46 ET]
Table 'Shajna IV' 9-max Seat #1 is the button
Seat 1: LRamilF ($2 in chips) 
Seat 2: Dorex2007 ($1.61 in chips) 
Seat 3: Veerty ($2.37 in chips) 
Seat 4: Quads1 ($1.80 in chips) 
Seat 5: JOHN LOIKO ($2 in chips) 
Seat 6: RustyPoison ($1.11 in chips) 
Seat 7: milconumihai19 ($2.63 in chips) 
Seat 8: vonMattisch ($1.36 in chips) 
Seat 9: budetsvadba ($2.81 in chips) 
Dorex2007: posts small blind $0.01
Veerty: posts big blind $0.02
*** HOLE CARDS ***
Dealt to Dorex2007 [7s 3s]
Quads1: folds 
JOHN LOIKO: folds 
RustyPoison: folds 
milconumihai19: folds 
vonMattisch: folds 
budetsvadba: folds 
LRamilF: raises $0.04 to $0.06
Dorex2007: folds 
Veerty: folds 
Uncalled bet ($0.04) returned to LRamilF
LRamilF collected $0.05 from pot
LRamilF: doesn't show hand 
*** SUMMARY ***
Total pot $0.05 | Rake $0 
Seat 1: LRamilF (button) collected ($0.05)
Seat 2: Dorex2007 (small blind) folded before Flop
Seat 3: Veerty (big blind) folded before Flop
Seat 4: Quads1 folded before Flop (didn't bet)
Seat 5: JOHN LOIKO folded before Flop (didn't bet)
Seat 6: RustyPoison folded before Flop (didn't bet)
Seat 7: milconumihai19 folded before Flop (didn't bet)
Seat 8: vonMattisch folded before Flop (didn't bet)
Seat 9: budetsvadba folded before Flop (didn't bet)



PokerStars Hand #223810151104:  Hold'em No Limit ($0.01/$0.02 USD) - 2021/02/14 10:12:08 PT [2021/02/14 13:12:08 ET]
Table 'Shajna IV' 9-max Seat #2 is the button
Seat 1: LRamilF ($2.03 in chips) 
Seat 2: Dorex2007 ($1.60 in chips) 
Seat 3: Veerty ($2.35 in chips) 
Seat 4: Quads1 ($1.80 in chips) 
Seat 5: JOHN LOIKO ($2 in chips) 
Seat 6: RustyPoison ($1.11 in chips) 
Seat 7: milconumihai19 ($2.63 in chips) 
Seat 8: vonMattisch ($1.36 in chips) 
Seat 9: budetsvadba ($2.81 in chips) 
Veerty: posts small blind $0.01
Quads1: posts big blind $0.02
*** HOLE CARDS ***
Dealt to Dorex2007 [3c 9h]
JOHN LOIKO: raises $0.04 to $0.06
RustyPoison: calls $0.06
milconumihai19: folds 
vonMattisch: folds 
budetsvadba: raises $0.22 to $0.28
LRamilF: folds 
Dorex2007: folds 
Veerty: folds 
Quads1: folds 
JOHN LOIKO: calls $0.22
RustyPoison: folds 
*** FLOP *** [5c Tc Qh]
JOHN LOIKO: checks 
budetsvadba: bets $0.22
JOHN LOIKO: calls $0.22
*** TURN *** [5c Tc Qh] [4c]
JOHN LOIKO: checks 
budetsvadba: checks 
*** RIVER *** [5c Tc Qh 4c] [4h]
JOHN LOIKO: checks 
budetsvadba: checks 
*** SHOW DOWN ***
JOHN LOIKO: shows [Jc Jd] (two pair, Jacks and Fours)
budetsvadba: mucks hand 
JOHN LOIKO collected $1.05 from pot
*** SUMMARY ***
Total pot $1.09 | Rake $0.04 
Board [5c Tc Qh 4c 4h]
Seat 1: LRamilF folded before Flop (didn't bet)
Seat 2: Dorex2007 (button) folded before Flop (didn't bet)
Seat 3: Veerty (small blind) folded before Flop
Seat 4: Quads1 (big blind) folded before Flop
Seat 5: JOHN LOIKO showed [Jc Jd] and won ($1.05) with two pair, Jacks and Fours
Seat 6: RustyPoison folded before Flop
Seat 7: milconumihai19 folded before Flop (didn't bet)
Seat 8: vonMattisch folded before Flop (didn't bet)
Seat 9: budetsvadba mucked [As Ks]



PokerStars Hand #223810202374:  Hold'em No Limit ($0.01/$0.02 USD) - 2021/02/14 10:13:13 PT [2021/02/14 13:13:13 ET]
Table 'Shajna IV' 9-max Seat #3 is the button
Seat 1: LRamilF ($2.03 in chips) 
Seat 2: Dorex2007 ($1.60 in chips) 
Seat 3: Veerty ($2.34 in chips) 
Seat 4: Quads1 ($1.78 in chips) 
Seat 5: JOHN LOIKO ($2.55 in chips) 
Seat 6: RustyPoison ($1.05 in chips) 
Seat 7: milconumihai19 ($2.63 in chips) 
Seat 8: vonMattisch ($1.36 in chips) 
Seat 9: budetsvadba ($2.31 in chips) 
Quads1: posts small blind $0.01
JOHN LOIKO: posts big blind $0.02
*** HOLE CARDS ***
Dealt to Dorex2007 [7c Jd]
RustyPoison: folds 
milconumihai19: folds 
vonMattisch: folds 
budetsvadba: raises $0.04 to $0.06
LRamilF: folds 
Dorex2007: folds 
Veerty: folds 
Quads1: folds 
JOHN LOIKO: folds 
Uncalled bet ($0.04) returned to budetsvadba
budetsvadba collected $0.05 from pot
budetsvadba: doesn't show hand 
*** SUMMARY ***
Total pot $0.05 | Rake $0 
Seat 1: LRamilF folded before Flop (didn't bet)
Seat 2: Dorex2007 folded before Flop (didn't bet)
Seat 3: Veerty (button) folded before Flop (didn't bet)
Seat 4: Quads1 (small blind) folded before Flop
Seat 5: JOHN LOIKO (big blind) folded before Flop
Seat 6: RustyPoison folded before Flop (didn't bet)
Seat 7: milconumihai19 folded before Flop (didn't bet)
Seat 8: vonMattisch folded before Flop (didn't bet)
Seat 9: budetsvadba collected ($0.05)



PokerStars Hand #223810222650:  Hold'em No Limit ($0.01/$0.02 USD) - 2021/02/14 10:13:39 PT [2021/02/14 13:13:39 ET]
Table 'Shajna IV' 9-max Seat #4 is the button
Seat 1: LRamilF ($2.03 in chips) 
Seat 2: Dorex2007 ($1.60 in chips) 
Seat 3: Veerty ($2.34 in chips) 
Seat 4: Quads1 ($1.77 in chips) 
Seat 5: JOHN LOIKO ($2.53 in chips) 
Seat 6: RustyPoison ($1.05 in chips) 
Seat 7: milconumihai19 ($2.63 in chips) 
Seat 8: vonMattisch ($1.36 in chips) 
Seat 9: budetsvadba ($2.34 in chips) 
JOHN LOIKO: posts small blind $0.01
RustyPoison: posts big blind $0.02
*** HOLE CARDS ***
Dealt to Dorex2007 [4c 7d]
milconumihai19: folds 
vonMattisch: folds 
budetsvadba: folds 
LRamilF: raises $0.04 to $0.06
Dorex2007: folds 
Veerty: folds 
Quads1: calls $0.06
JOHN LOIKO: folds 
RustyPoison: raises $0.04 to $0.10
LRamilF: calls $0.04
Quads1: calls $0.04
*** FLOP *** [6h 8c 3s]
RustyPoison: bets $0.15
LRamilF: folds 
Quads1: folds 
Uncalled bet ($0.15) returned to RustyPoison
RustyPoison collected $0.30 from pot
RustyPoison: doesn't show hand 
*** SUMMARY ***
Total pot $0.31 | Rake $0.01 
Board [6h 8c 3s]
Seat 1: LRamilF folded on the Flop
Seat 2: Dorex2007 folded before Flop (didn't bet)
Seat 3: Veerty folded before Flop (didn't bet)
Seat 4: Quads1 (button) folded on the Flop
Seat 5: JOHN LOIKO (small blind) folded before Flop
Seat 6: RustyPoison (big blind) collected ($0.30)
Seat 7: milconumihai19 folded before Flop (didn't bet)
Seat 8: vonMattisch folded before Flop (didn't bet)
Seat 9: budetsvadba folded before Flop (didn't bet)



PokerStars Hand #223810265014:  Hold'em No Limit ($0.01/$0.02 USD) - 2021/02/14 10:14:31 PT [2021/02/14 13:14:31 ET]
Table 'Shajna IV' 9-max Seat #5 is the button
Seat 1: LRamilF ($1.93 in chips) 
Seat 2: Dorex2007 ($1.60 in chips) 
Seat 3: Veerty ($2.34 in chips) 
Seat 4: Quads1 ($1.67 in chips) 
Seat 5: JOHN LOIKO ($2.52 in chips) 
Seat 6: RustyPoison ($1.25 in chips) 
Seat 7: milconumihai19 ($2.63 in chips) 
Seat 8: vonMattisch ($1.36 in chips) 
Seat 9: budetsvadba ($2.34 in chips) 
RustyPoison: posts small blind $0.01
milconumihai19: posts big blind $0.02
*** HOLE CARDS ***
Dealt to Dorex2007 [5s Ks]
vonMattisch: folds 
budetsvadba: folds 
LRamilF: folds 
Dorex2007: folds 
Veerty: raises $0.04 to $0.06
Quads1: folds 
JOHN LOIKO: folds 
RustyPoison: calls $0.05
milconumihai19: folds 
*** FLOP *** [Qc As Kc]
RustyPoison: checks 
Veerty: checks 
*** TURN *** [Qc As Kc] [8h]
RustyPoison: bets $0.06
Veerty: folds 
Uncalled bet ($0.06) returned to RustyPoison
RustyPoison collected $0.14 from pot
RustyPoison: doesn't show hand 
*** SUMMARY ***
Total pot $0.14 | Rake $0 
Board [Qc As Kc 8h]
Seat 1: LRamilF folded before Flop (didn't bet)
Seat 2: Dorex2007 folded before Flop (didn't bet)
Seat 3: Veerty folded on the Turn
Seat 4: Quads1 folded before Flop (didn't bet)
Seat 5: JOHN LOIKO (button) folded before Flop (didn't bet)
Seat 6: RustyPoison (small blind) collected ($0.14)
Seat 7: milconumihai19 (big blind) folded before Flop
Seat 8: vonMattisch folded before Flop (didn't bet)
Seat 9: budetsvadba folded before Flop (didn't bet)



PokerStars Hand #223810293917:  Hold'em No Limit ($0.01/$0.02 USD) - 2021/02/14 10:15:07 PT [2021/02/14 13:15:07 ET]
Table 'Shajna IV' 9-max Seat #6 is the button
Seat 1: LRamilF ($1.93 in chips) 
Seat 2: Dorex2007 ($1.60 in chips) 
Seat 3: Veerty ($2.28 in chips) 
Seat 4: Quads1 ($1.67 in chips) 
Seat 5: JOHN LOIKO ($2.52 in chips) 
Seat 6: RustyPoison ($1.33 in chips) 
Seat 7: milconumihai19 ($2.61 in chips) 
Seat 8: vonMattisch ($1.36 in chips) 
Seat 9: budetsvadba ($2.34 in chips) 
milconumihai19: posts small blind $0.01
vonMattisch: posts big blind $0.02
*** HOLE CARDS ***
Dealt to Dorex2007 [2h 9s]
budetsvadba: folds 
LRamilF: folds 
Dorex2007: folds 
Veerty: folds 
Quads1: folds 
JOHN LOIKO: folds 
RustyPoison: raises $0.04 to $0.06
milconumihai19: folds 
vonMattisch: folds 
Uncalled bet ($0.04) returned to RustyPoison
RustyPoison collected $0.05 from pot
RustyPoison: doesn't show hand 
*** SUMMARY ***
Total pot $0.05 | Rake $0 
Seat 1: LRamilF folded before Flop (didn't bet)
Seat 2: Dorex2007 folded before Flop (didn't bet)
Seat 3: Veerty folded before Flop (didn't bet)
Seat 4: Quads1 folded before Flop (didn't bet)
Seat 5: JOHN LOIKO folded before Flop (didn't bet)
Seat 6: RustyPoison (button) collected ($0.05)
Seat 7: milconumihai19 (small blind) folded before Flop
Seat 8: vonMattisch (big blind) folded before Flop
Seat 9: budetsvadba folded before Flop (didn't bet)



PokerStars Hand #223810315903:  Hold'em No Limit ($0.01/$0.02 USD) - 2021/02/14 10:15:35 PT [2021/02/14 13:15:35 ET]
Table 'Shajna IV' 9-max Seat #7 is the button
Seat 1: LRamilF ($1.93 in chips) 
Seat 2: Dorex2007 ($1.60 in chips) 
Seat 3: Veerty ($2.28 in chips) 
Seat 4: Quads1 ($1.67 in chips) 
Seat 5: JOHN LOIKO ($2.52 in chips) 
Seat 6: RustyPoison ($1.36 in chips) 
Seat 7: milconumihai19 ($2.60 in chips) 
Seat 8: vonMattisch ($1.34 in chips) 
Seat 9: budetsvadba ($2.34 in chips) 
vonMattisch: posts small blind $0.01
budetsvadba: posts big blind $0.02
*** HOLE CARDS ***
Dealt to Dorex2007 [6h Qs]
LRamilF: folds 
Dorex2007: folds 
Veerty: raises $0.04 to $0.06
Quads1: folds 
JOHN LOIKO: folds 
RustyPoison: calls $0.06
milconumihai19: raises $0.08 to $0.14
vonMattisch: folds 
budetsvadba: folds 
Veerty: raises $0.09 to $0.23
RustyPoison: folds 
milconumihai19: calls $0.09
*** FLOP *** [9d 4d 5h]
Veerty: checks 
milconumihai19: bets $0.53
Veerty: folds 
Uncalled bet ($0.53) returned to milconumihai19
milconumihai19 collected $0.53 from pot
milconumihai19: doesn't show hand 
*** SUMMARY ***
Total pot $0.55 | Rake $0.02 
Board [9d 4d 5h]
Seat 1: LRamilF folded before Flop (didn't bet)
Seat 2: Dorex2007 folded before Flop (didn't bet)
Seat 3: Veerty folded on the Flop
Seat 4: Quads1 folded before Flop (didn't bet)
Seat 5: JOHN LOIKO folded before Flop (didn't bet)
Seat 6: RustyPoison folded before Flop
Seat 7: milconumihai19 (button) collected ($0.53)
Seat 8: vonMattisch (small blind) folded before Flop
Seat 9: budetsvadba (big blind) folded before Flop



PokerStars Hand #223810350248:  Hold'em No Limit ($0.01/$0.02 USD) - 2021/02/14 10:16:18 PT [2021/02/14 13:16:18 ET]
Table 'Shajna IV' 9-max Seat #8 is the button
Seat 1: LRamilF ($1.93 in chips) 
Seat 2: Dorex2007 ($1.60 in chips) 
Seat 3: Veerty ($2.05 in chips) 
Seat 4: Quads1 ($1.67 in chips) 
Seat 5: JOHN LOIKO ($2.52 in chips) 
Seat 6: RustyPoison ($1.30 in chips) 
Seat 7: milconumihai19 ($2.90 in chips) 
Seat 8: vonMattisch ($1.33 in chips) 
Seat 9: budetsvadba ($2.32 in chips) 
budetsvadba: posts small blind $0.01
LRamilF: posts big blind $0.02
*** HOLE CARDS ***
Dealt to Dorex2007 [6s 5c]
Dorex2007: folds 
Veerty: raises $0.04 to $0.06
Quads1: folds 
JOHN LOIKO: folds 
RustyPoison: folds 
milconumihai19: calls $0.06
vonMattisch: folds 
budetsvadba: raises $0.24 to $0.30
LRamilF: folds 
Veerty: folds 
milconumihai19: folds 
Uncalled bet ($0.24) returned to budetsvadba
budetsvadba collected $0.20 from pot
budetsvadba: doesn't show hand 
*** SUMMARY ***
Total pot $0.20 | Rake $0 
Seat 1: LRamilF (big blind) folded before Flop
Seat 2: Dorex2007 folded before Flop (didn't bet)
Seat 3: Veerty folded before Flop
Seat 4: Quads1 folded before Flop (didn't bet)
Seat 5: JOHN LOIKO folded before Flop (didn't bet)
Seat 6: RustyPoison folded before Flop (didn't bet)
Seat 7: milconumihai19 folded before Flop
Seat 8: vonMattisch (button) folded before Flop (didn't bet)
Seat 9: budetsvadba (small blind) collected ($0.20)



PokerStars Hand #223810378911:  Hold'em No Limit ($0.01/$0.02 USD) - 2021/02/14 10:16:55 PT [2021/02/14 13:16:55 ET]
Table 'Shajna IV' 9-max Seat #9 is the button
Seat 1: LRamilF ($1.91 in chips) 
Seat 2: Dorex2007 ($1.60 in chips) 
Seat 3: Veerty ($2 in chips) 
Seat 4: Quads1 ($1.67 in chips) 
Seat 5: JOHN LOIKO ($2.52 in chips) 
Seat 6: RustyPoison ($1.30 in chips) 
Seat 7: milconumihai19 ($2.84 in chips) 
Seat 8: vonMattisch ($1.33 in chips) 
Seat 9: budetsvadba ($2.46 in chips) 
LRamilF: posts small blind $0.01
Dorex2007: posts big blind $0.02
*** HOLE CARDS ***
Dealt to Dorex2007 [9s 4c]
Veerty: raises $0.04 to $0.06
Quads1: folds 
JOHN LOIKO: folds 
RustyPoison: folds 
milconumihai19: folds 
vonMattisch: folds 
budetsvadba: folds 
LRamilF: folds 
Dorex2007: folds 
Uncalled bet ($0.04) returned to Veerty
Veerty collected $0.05 from pot
Veerty: doesn't show hand 
*** SUMMARY ***
Total pot $0.05 | Rake $0 
Seat 1: LRamilF (small blind) folded before Flop
Seat 2: Dorex2007 (big blind) folded before Flop
Seat 3: Veerty collected ($0.05)
Seat 4: Quads1 folded before Flop (didn't bet)
Seat 5: JOHN LOIKO folded before Flop (didn't bet)
Seat 6: RustyPoison folded before Flop (didn't bet)
Seat 7: milconumihai19 folded before Flop (didn't bet)
Seat 8: vonMattisch folded before Flop (didn't bet)
Seat 9: budetsvadba (button) folded before Flop (didn't bet)



PokerStars Hand #223810399265:  Hold'em No Limit ($0.01/$0.02 USD) - 2021/02/14 10:17:20 PT [2021/02/14 13:17:20 ET]
Table 'Shajna IV' 9-max Seat #1 is the button
Seat 1: LRamilF ($1.90 in chips) 
Seat 2: Dorex2007 ($1.58 in chips) 
Seat 4: Quads1 ($1.67 in chips) 
Seat 5: JOHN LOIKO ($2.52 in chips) 
Seat 6: RustyPoison ($1.30 in chips) 
Seat 7: milconumihai19 ($2.84 in chips) 
Seat 8: vonMattisch ($1.33 in chips) 
Seat 9: budetsvadba ($2.46 in chips) 
Dorex2007: posts small blind $0.01
Veerty: is sitting out 
Quads1: posts big blind $0.02
*** HOLE CARDS ***
Dealt to Dorex2007 [Qs Jh]
JOHN LOIKO: folds 
Veerty leaves the table
RustyPoison: folds 
milconumihai19: calls $0.02
vonMattisch: calls $0.02
budetsvadba: raises $0.08 to $0.10
LRamilF: folds 
Dorex2007: calls $0.09
Quads1: folds 
milconumihai19: calls $0.08
vonMattisch: folds 
*** FLOP *** [9d 5s Ad]
Dorex2007: checks 
milconumihai19: bets $0.24
budetsvadba: calls $0.24
Dorex2007: folds 
*** TURN *** [9d 5s Ad] [2c]
executivo23 joins the table at seat #3 
milconumihai19: bets $0.50
budetsvadba: folds 
Uncalled bet ($0.50) returned to milconumihai19
milconumihai19 collected $0.79 from pot
milconumihai19: doesn't show hand 
*** SUMMARY ***
Total pot $0.82 | Rake $0.03 
Board [9d 5s Ad 2c]
Seat 1: LRamilF (button) folded before Flop (didn't bet)
Seat 2: Dorex2007 (small blind) folded on the Flop
Seat 4: Quads1 (big blind) folded before Flop
Seat 5: JOHN LOIKO folded before Flop (didn't bet)
Seat 6: RustyPoison folded before Flop (didn't bet)
Seat 7: milconumihai19 collected ($0.79)
Seat 8: vonMattisch folded before Flop
Seat 9: budetsvadba folded on the Turn



PokerStars Hand #223810454249:  Hold'em No Limit ($0.01/$0.02 USD) - 2021/02/14 10:18:28 PT [2021/02/14 13:18:28 ET]
Table 'Shajna IV' 9-max Seat #2 is the button
Seat 1: LRamilF ($1.90 in chips) 
Seat 2: Dorex2007 ($1.48 in chips) 
Seat 4: Quads1 ($1.65 in chips) 
Seat 6: RustyPoison ($1.30 in chips) 
Seat 7: milconumihai19 ($3.29 in chips) 
Seat 8: vonMattisch ($1.31 in chips) 
Seat 9: budetsvadba ($2.12 in chips) 
Quads1: posts small blind $0.01
JOHN LOIKO: is sitting out 
RustyPoison: posts big blind $0.02
*** HOLE CARDS ***
Dealt to Dorex2007 [7h As]
milconumihai19: folds 
vonMattisch: folds 
budetsvadba: folds 
JOHN LOIKO leaves the table
LRamilF: raises $0.04 to $0.06
Dorex2007: folds 
Quads1: folds 
RustyPoison: calls $0.04
*** FLOP *** [Js 6s 5c]
RustyPoison: checks 
LRamilF: checks 
*** TURN *** [Js 6s 5c] [4c]
Smuroff86 joins the table at seat #5 
RustyPoison: bets $0.10
LRamilF: calls $0.10
*** RIVER *** [Js 6s 5c 4c] [8d]
RustyPoison: checks 
LRamilF: checks 
*** SHOW DOWN ***
RustyPoison: shows [Jd 6h] (two pair, Jacks and Sixes)
LRamilF: mucks hand 
RustyPoison collected $0.32 from pot
*** SUMMARY ***
Total pot $0.33 | Rake $0.01 
Board [Js 6s 5c 4c 8d]
Seat 1: LRamilF mucked [Ah Ks]
Seat 2: Dorex2007 (button) folded before Flop (didn't bet)
Seat 4: Quads1 (small blind) folded before Flop
Seat 6: RustyPoison (big blind) showed [Jd 6h] and won ($0.32) with two pair, Jacks and Sixes
Seat 7: milconumihai19 folded before Flop (didn't bet)
Seat 8: vonMattisch folded before Flop (didn't bet)
Seat 9: budetsvadba folded before Flop (didn't bet)



PokerStars Hand #223810508966:  Hold'em No Limit ($0.01/$0.02 USD) - 2021/02/14 10:19:37 PT [2021/02/14 13:19:37 ET]
Table 'Shajna IV' 9-max Seat #4 is the button
Seat 1: LRamilF ($2 in chips) 
Seat 2: Dorex2007 ($1.48 in chips) 
Seat 3: executivo23 ($2 in chips) 
Seat 4: Quads1 ($1.64 in chips) 
Seat 6: RustyPoison ($1.46 in chips) 
Seat 7: milconumihai19 ($3.29 in chips) 
Seat 8: vonMattisch ($1.31 in chips) 
Seat 9: budetsvadba ($2.12 in chips) 
RustyPoison: posts small blind $0.01
milconumihai19: posts big blind $0.02
executivo23: posts big blind $0.02
*** HOLE CARDS ***
Dealt to Dorex2007 [As 7d]
vonMattisch: folds 
budetsvadba: folds 
LRamilF: folds 
Dorex2007: calls $0.02
executivo23: raises $0.04 to $0.06
Quads1: calls $0.06
RustyPoison: folds 
milconumihai19: folds 
Dorex2007: folds 
*** FLOP *** [2c Ks Tc]
executivo23: bets $0.14
Quads1: folds 
Uncalled bet ($0.14) returned to executivo23
executivo23 collected $0.16 from pot
*** SUMMARY ***
Total pot $0.17 | Rake $0.01 
Board [2c Ks Tc]
Seat 1: LRamilF folded before Flop (didn't bet)
Seat 2: Dorex2007 folded before Flop
Seat 3: executivo23 collected ($0.16)
Seat 4: Quads1 (button) folded on the Flop
Seat 6: RustyPoison (small blind) folded before Flop
Seat 7: milconumihai19 (big blind) folded before Flop
Seat 8: vonMattisch folded before Flop (didn't bet)
Seat 9: budetsvadba folded before Flop (didn't bet)



PokerStars Hand #223810551729:  Hold'em No Limit ($0.01/$0.02 USD) - 2021/02/14 10:20:31 PT [2021/02/14 13:20:31 ET]
Table 'Shajna IV' 9-max Seat #6 is the button
Seat 1: LRamilF ($2 in chips) 
Seat 2: Dorex2007 ($1.46 in chips) 
Seat 3: executivo23 ($2.10 in chips) 
Seat 4: Quads1 ($1.58 in chips) 
Seat 6: RustyPoison ($1.45 in chips) 
Seat 7: milconumihai19 ($3.27 in chips) 
Seat 8: vonMattisch ($1.31 in chips) 
Seat 9: budetsvadba ($2.12 in chips) 
milconumihai19: posts small blind $0.01
vonMattisch: posts big blind $0.02
Smuroff86: sits out 
*** HOLE CARDS ***
Dealt to Dorex2007 [5s Jd]
budetsvadba: folds 
LRamilF: folds 
Dorex2007: folds 
executivo23: folds 
Quads1: folds 
RustyPoison: folds 
milconumihai19: folds 
Uncalled bet ($0.01) returned to vonMattisch
vonMattisch collected $0.02 from pot
vonMattisch: doesn't show hand 
*** SUMMARY ***
Total pot $0.02 | Rake $0 
Seat 1: LRamilF folded before Flop (didn't bet)
Seat 2: Dorex2007 folded before Flop (didn't bet)
Seat 3: executivo23 folded before Flop (didn't bet)
Seat 4: Quads1 folded before Flop (didn't bet)
Seat 6: RustyPoison (button) folded before Flop (didn't bet)
Seat 7: milconumihai19 (small blind) folded before Flop
Seat 8: vonMattisch (big blind) collected ($0.02)
Seat 9: budetsvadba folded before Flop (didn't bet)



PokerStars Hand #223810564469:  Hold'em No Limit ($0.01/$0.02 USD) - 2021/02/14 10:20:47 PT [2021/02/14 13:20:47 ET]
Table 'Shajna IV' 9-max Seat #7 is the button
Seat 1: LRamilF ($2 in chips) 
Seat 2: Dorex2007 ($1.46 in chips) 
Seat 3: executivo23 ($2.10 in chips) 
Seat 4: Quads1 ($1.58 in chips) 
Seat 6: RustyPoison ($1.45 in chips) 
Seat 7: milconumihai19 ($3.26 in chips) 
Seat 8: vonMattisch ($1.32 in chips) 
Seat 9: budetsvadba ($2.12 in chips) 
vonMattisch: posts small blind $0.01
budetsvadba: posts big blind $0.02
Smuroff86: sits out 
*** HOLE CARDS ***
Dealt to Dorex2007 [Jh 5h]
LRamilF: folds 
Dorex2007: folds 
executivo23: calls $0.02
Quads1: folds 
RustyPoison: folds 
milconumihai19: calls $0.02
vonMattisch: folds 
budetsvadba: checks 
*** FLOP *** [Js Qs 8d]
budetsvadba: checks 
executivo23: bets $0.02
milconumihai19: raises $0.06 to $0.08
budetsvadba: folds 
executivo23: folds 
Uncalled bet ($0.06) returned to milconumihai19
milconumihai19 collected $0.11 from pot
milconumihai19: doesn't show hand 
*** SUMMARY ***
Total pot $0.11 | Rake $0 
Board [Js Qs 8d]
Seat 1: LRamilF folded before Flop (didn't bet)
Seat 2: Dorex2007 folded before Flop (didn't bet)
Seat 3: executivo23 folded on the Flop
Seat 4: Quads1 folded before Flop (didn't bet)
Seat 6: RustyPoison folded before Flop (didn't bet)
Seat 7: milconumihai19 (button) collected ($0.11)
Seat 8: vonMattisch (small blind) folded before Flop
Seat 9: budetsvadba (big blind) folded on the Flop



PokerStars Hand #223810608130:  Hold'em No Limit ($0.01/$0.02 USD) - 2021/02/14 10:21:34 PT [2021/02/14 13:21:34 ET]
Table 'Shajna IV' 9-max Seat #8 is the button
Seat 1: LRamilF ($2 in chips) 
Seat 2: Dorex2007 ($1.46 in chips) 
Seat 3: executivo23 ($2.06 in chips) 
Seat 4: Quads1 ($1.58 in chips) 
Seat 6: RustyPoison ($1.45 in chips) 
Seat 7: milconumihai19 ($3.33 in chips) 
Seat 8: vonMattisch ($1.31 in chips) 
Seat 9: budetsvadba ($2.10 in chips) 
budetsvadba: posts small blind $0.01
LRamilF: posts big blind $0.02
Smuroff86: sits out 
*** HOLE CARDS ***
Dealt to Dorex2007 [4s Ts]
Dorex2007: folds 
executivo23: folds 
Quads1: folds 
RustyPoison: folds 
milconumihai19: folds 
vonMattisch: folds 
budetsvadba: raises $0.04 to $0.06
LRamilF: folds 
Uncalled bet ($0.04) returned to budetsvadba
budetsvadba collected $0.04 from pot
budetsvadba: doesn't show hand 
*** SUMMARY ***
Total pot $0.04 | Rake $0 
Seat 1: LRamilF (big blind) folded before Flop
Seat 2: Dorex2007 folded before Flop (didn't bet)
Seat 3: executivo23 folded before Flop (didn't bet)
Seat 4: Quads1 folded before Flop (didn't bet)
Seat 6: RustyPoison folded before Flop (didn't bet)
Seat 7: milconumihai19 folded before Flop (didn't bet)
Seat 8: vonMattisch (button) folded before Flop (didn't bet)
Seat 9: budetsvadba (small blind) collected ($0.04)



PokerStars Hand #223810625299:  Hold'em No Limit ($0.01/$0.02 USD) - 2021/02/14 10:21:56 PT [2021/02/14 13:21:56 ET]
Table 'Shajna IV' 9-max Seat #9 is the button
Seat 1: LRamilF ($1.98 in chips) 
Seat 2: Dorex2007 ($1.46 in chips) 
Seat 3: executivo23 ($2.06 in chips) 
Seat 4: Quads1 ($1.58 in chips) 
Seat 6: RustyPoison ($1.45 in chips) 
Seat 7: milconumihai19 ($3.33 in chips) 
Seat 8: vonMattisch ($1.31 in chips) 
Seat 9: budetsvadba ($2.12 in chips) 
LRamilF: posts small blind $0.01
Dorex2007: posts big blind $0.02
Smuroff86: sits out 
*** HOLE CARDS ***
Dealt to Dorex2007 [Jh Kh]
executivo23: raises $0.02 to $0.04
Quads1: folds 
RustyPoison: raises $0.11 to $0.15
milconumihai19: folds 
vonMattisch: folds 
budetsvadba: folds 
LRamilF: folds 
Dorex2007: folds 
executivo23: folds 
Uncalled bet ($0.11) returned to RustyPoison
RustyPoison collected $0.11 from pot
RustyPoison: doesn't show hand 
*** SUMMARY ***
Total pot $0.11 | Rake $0 
Seat 1: LRamilF (small blind) folded before Flop
Seat 2: Dorex2007 (big blind) folded before Flop
Seat 3: executivo23 folded before Flop
Seat 4: Quads1 folded before Flop (didn't bet)
Seat 6: RustyPoison collected ($0.11)
Seat 7: milconumihai19 folded before Flop (didn't bet)
Seat 8: vonMattisch folded before Flop (didn't bet)
Seat 9: budetsvadba (button) folded before Flop (didn't bet)



PokerStars Hand #223810652242:  Hold'em No Limit ($0.01/$0.02 USD) - 2021/02/14 10:22:30 PT [2021/02/14 13:22:30 ET]
Table 'Shajna IV' 9-max Seat #1 is the button
Seat 1: LRamilF ($1.97 in chips) 
Seat 2: Dorex2007 ($1.44 in chips) 
Seat 3: executivo23 ($2.02 in chips) 
Seat 4: Quads1 ($1.58 in chips) 
Seat 6: RustyPoison ($1.52 in chips) 
Seat 7: milconumihai19 ($3.33 in chips) 
Seat 8: vonMattisch ($1.31 in chips) 
Seat 9: budetsvadba ($2.12 in chips) 
Dorex2007: posts small blind $0.01
executivo23: posts big blind $0.02
Smuroff86: sits out 
*** HOLE CARDS ***
Dealt to Dorex2007 [9d 2d]
Quads1: folds 
RustyPoison: folds 
milconumihai19: raises $0.08 to $0.10
vonMattisch: folds 
budetsvadba: folds 
LRamilF: folds 
Dorex2007: folds 
executivo23: calls $0.08
*** FLOP *** [Js 5c 9s]
executivo23: bets $0.20
milconumihai19: raises $0.20 to $0.40
executivo23: raises $1.52 to $1.92 and is all-in
milconumihai19: calls $1.52
*** TURN *** [Js 5c 9s] [Ts]
*** RIVER *** [Js 5c 9s Ts] [8c]
*** SHOW DOWN ***
executivo23: shows [9c 9h] (three of a kind, Nines)
milconumihai19: shows [Jh Jd] (three of a kind, Jacks)
milconumihai19 collected $3.91 from pot
executivo23 cashed out the hand for $0.17
*** SUMMARY ***
Total pot $4.05 | Rake $0.14 
Board [Js 5c 9s Ts 8c]
Seat 1: LRamilF (button) folded before Flop (didn't bet)
Seat 2: Dorex2007 (small blind) folded before Flop
Seat 3: executivo23 (big blind) showed [9c 9h] and lost with three of a kind, Nines (cashed out).
Seat 4: Quads1 folded before Flop (didn't bet)
Seat 6: RustyPoison folded before Flop (didn't bet)
Seat 7: milconumihai19 showed [Jh Jd] and won ($3.91) with three of a kind, Jacks
Seat 8: vonMattisch folded before Flop (didn't bet)
Seat 9: budetsvadba folded before Flop (didn't bet)



PokerStars Hand #223810711719:  Hold'em No Limit ($0.01/$0.02 USD) - 2021/02/14 10:23:46 PT [2021/02/14 13:23:46 ET]
Table 'Shajna IV' 9-max Seat #2 is the button
Seat 1: LRamilF ($1.97 in chips) 
Seat 2: Dorex2007 ($1.43 in chips) 
Seat 3: executivo23 ($0.17 in chips) 
Seat 4: Quads1 ($1.58 in chips) 
Seat 6: RustyPoison ($1.52 in chips) 
Seat 7: milconumihai19 ($5.22 in chips) 
Seat 8: vonMattisch ($1.31 in chips) 
Seat 9: budetsvadba ($2.12 in chips) 
executivo23: posts small blind $0.01
Quads1: posts big blind $0.02
Smuroff86: sits out 
*** HOLE CARDS ***
Dealt to Dorex2007 [6s Ks]
RustyPoison: folds 
milconumihai19: folds 
vonMattisch: folds 
budetsvadba: folds 
LRamilF: folds 
Dorex2007: folds 
executivo23: folds 
Uncalled bet ($0.01) returned to Quads1
Quads1 collected $0.02 from pot
Quads1: doesn't show hand 
*** SUMMARY ***
Total pot $0.02 | Rake $0 
Seat 1: LRamilF folded before Flop (didn't bet)
Seat 2: Dorex2007 (button) folded before Flop (didn't bet)
Seat 3: executivo23 (small blind) folded before Flop
Seat 4: Quads1 (big blind) collected ($0.02)
Seat 6: RustyPoison folded before Flop (didn't bet)
Seat 7: milconumihai19 folded before Flop (didn't bet)
Seat 8: vonMattisch folded before Flop (didn't bet)
Seat 9: budetsvadba folded before Flop (didn't bet)



PokerStars Hand #223810731040:  Hold'em No Limit ($0.01/$0.02 USD) - 2021/02/14 10:24:11 PT [2021/02/14 13:24:11 ET]
Table 'Shajna IV' 9-max Seat #3 is the button
Seat 1: LRamilF ($1.97 in chips) 
Seat 2: Dorex2007 ($1.43 in chips) 
Seat 3: executivo23 ($0.16 in chips) 
Seat 4: Quads1 ($1.59 in chips) 
Seat 5: Smuroff86 ($2 in chips) 
Seat 6: RustyPoison ($1.52 in chips) 
Seat 7: milconumihai19 ($5.22 in chips) 
Seat 8: vonMattisch ($1.31 in chips) 
Seat 9: budetsvadba ($2.12 in chips) 
Quads1: posts small blind $0.01
Smuroff86: posts big blind $0.02
*** HOLE CARDS ***
Dealt to Dorex2007 [2s Ts]
RustyPoison: raises $0.02 to $0.04
milconumihai19: folds 
vonMattisch: folds 
budetsvadba: folds 
LRamilF: folds 
Dorex2007: folds 
executivo23: raises $0.12 to $0.16 and is all-in
Quads1: folds 
Smuroff86: raises $0.24 to $0.40
RustyPoison: raises $1.12 to $1.52 and is all-in
Smuroff86: folds 
Uncalled bet ($1.12) returned to RustyPoison
*** FLOP *** [3c 7s 7d]
*** TURN *** [3c 7s 7d] [2c]
*** RIVER *** [3c 7s 7d 2c] [3d]
*** SHOW DOWN ***
RustyPoison: shows [As 5s] (two pair, Sevens and Threes)
RustyPoison collected $0.47 from side pot
executivo23: shows [8c Ac] (two pair, Sevens and Threes)
RustyPoison collected $0.24 from main pot
executivo23 collected $0.23 from main pot
*** SUMMARY ***
Total pot $0.97 Main pot $0.47. Side pot $0.47. | Rake $0.03 
Board [3c 7s 7d 2c 3d]
Seat 1: LRamilF folded before Flop (didn't bet)
Seat 2: Dorex2007 folded before Flop (didn't bet)
Seat 3: executivo23 (button) showed [8c Ac] and won ($0.23) with two pair, Sevens and Threes
Seat 4: Quads1 (small blind) folded before Flop
Seat 5: Smuroff86 (big blind) folded before Flop
Seat 6: RustyPoison showed [As 5s] and won ($0.71) with two pair, Sevens and Threes
Seat 7: milconumihai19 folded before Flop (didn't bet)
Seat 8: vonMattisch folded before Flop (didn't bet)
Seat 9: budetsvadba folded before Flop (didn't bet)



PokerStars Hand #223810781543:  Hold'em No Limit ($0.01/$0.02 USD) - 2021/02/14 10:25:14 PT [2021/02/14 13:25:14 ET]
Table 'Shajna IV' 9-max Seat #4 is the button
Seat 1: LRamilF ($1.97 in chips) 
Seat 2: Dorex2007 ($1.43 in chips) 
Seat 3: executivo23 ($0.23 in chips) 
Seat 4: Quads1 ($1.58 in chips) 
Seat 5: Smuroff86 ($2 in chips) 
Seat 6: RustyPoison ($1.83 in chips) 
Seat 7: milconumihai19 ($5.22 in chips) 
Seat 8: vonMattisch ($1.31 in chips) 
Seat 9: budetsvadba ($2.12 in chips) 
Smuroff86: posts small blind $0.01
RustyPoison: posts big blind $0.02
*** HOLE CARDS ***
Dealt to Dorex2007 [Jc 2s]
milconumihai19: calls $0.02
vonMattisch: folds 
budetsvadba: folds 
LRamilF: raises $0.06 to $0.08
Dorex2007: folds 
executivo23: folds 
Quads1: calls $0.08
Smuroff86: folds 
RustyPoison: calls $0.06
milconumihai19: folds 
*** FLOP *** [Kd Td 3h]
RustyPoison: checks 
LRamilF: checks 
Quads1: checks 
*** TURN *** [Kd Td 3h] [6c]
RustyPoison: checks 
LRamilF: checks 
Quads1: checks 
*** RIVER *** [Kd Td 3h 6c] [5h]
RustyPoison: checks 
LRamilF: checks 
Quads1: checks 
*** SHOW DOWN ***
RustyPoison: shows [2c 2d] (a pair of Deuces)
LRamilF: mucks hand 
Quads1: mucks hand 
RustyPoison collected $0.26 from pot
*** SUMMARY ***
Total pot $0.27 | Rake $0.01 
Board [Kd Td 3h 6c 5h]
Seat 1: LRamilF mucked [Ac Js]
Seat 2: Dorex2007 folded before Flop (didn't bet)
Seat 3: executivo23 folded before Flop (didn't bet)
Seat 4: Quads1 (button) mucked [As 9s]
Seat 5: Smuroff86 (small blind) folded before Flop
Seat 6: RustyPoison (big blind) showed [2c 2d] and won ($0.26) with a pair of Deuces
Seat 7: milconumihai19 folded before Flop
Seat 8: vonMattisch folded before Flop (didn't bet)
Seat 9: budetsvadba folded before Flop (didn't bet)



PokerStars Hand #223810961702:  Hold'em No Limit ($0.01/$0.02 USD) - 2021/02/14 10:29:04 PT [2021/02/14 13:29:04 ET]
Table 'Shajna IV' 9-max Seat #8 is the button
Seat 1: LRamilF ($1.89 in chips) 
Seat 2: Dorex2007 ($1.43 in chips) 
Seat 4: Quads1 ($1.35 in chips) 
Seat 5: Smuroff86 ($2 in chips) 
Seat 6: RustyPoison ($2.35 in chips) 
Seat 7: milconumihai19 ($5.25 in chips) 
Seat 8: vonMattisch ($1.28 in chips) 
Seat 9: budetsvadba ($2.10 in chips) 
budetsvadba: posts small blind $0.01
LRamilF: posts big blind $0.02
*** HOLE CARDS ***
Dealt to Dorex2007 [3d 5c]
Dorex2007: folds 
Quads1: folds 
Smuroff86: raises $0.04 to $0.06
executivo23 leaves the table
RustyPoison: folds 
milconumihai19: folds 
vonMattisch: folds 
budetsvadba: raises $0.14 to $0.20
LRamilF: folds 
Smuroff86: folds 
Uncalled bet ($0.14) returned to budetsvadba
budetsvadba collected $0.14 from pot
budetsvadba: doesn't show hand 
*** SUMMARY ***
Total pot $0.14 | Rake $0 
Seat 1: LRamilF (big blind) folded before Flop
Seat 2: Dorex2007 folded before Flop (didn't bet)
Seat 4: Quads1 folded before Flop (didn't bet)
Seat 5: Smuroff86 folded before Flop
Seat 6: RustyPoison folded before Flop (didn't bet)
Seat 7: milconumihai19 folded before Flop (didn't bet)
Seat 8: vonMattisch (button) folded before Flop (didn't bet)
Seat 9: budetsvadba (small blind) collected ($0.14)



PokerStars Hand #223810988735:  Hold'em No Limit ($0.01/$0.02 USD) - 2021/02/14 10:29:38 PT [2021/02/14 13:29:38 ET]
Table 'Shajna IV' 9-max Seat #9 is the button
Seat 1: LRamilF ($1.87 in chips) 
Seat 2: Dorex2007 ($1.43 in chips) 
Seat 4: Quads1 ($1.35 in chips) 
Seat 5: Smuroff86 ($2 in chips) 
Seat 6: RustyPoison ($2.35 in chips) 
Seat 7: milconumihai19 ($5.25 in chips) 
Seat 8: vonMattisch ($1.28 in chips) 
Seat 9: budetsvadba ($2.18 in chips) 
LRamilF: posts small blind $0.01
Dorex2007: posts big blind $0.02
*** HOLE CARDS ***
Dealt to Dorex2007 [6h Qc]
Quads1: folds 
Smuroff86: folds 
RustyPoison: folds 
milconumihai19: folds 
vonMattisch: folds 
budetsvadba: folds 
Roigol joins the table at seat #3 
LRamilF: raises $0.04 to $0.06
Dorex2007: folds 
Uncalled bet ($0.04) returned to LRamilF
LRamilF collected $0.04 from pot
LRamilF: doesn't show hand 
*** SUMMARY ***
Total pot $0.04 | Rake $0 
Seat 1: LRamilF (small blind) collected ($0.04)
Seat 2: Dorex2007 (big blind) folded before Flop
Seat 4: Quads1 folded before Flop (didn't bet)
Seat 5: Smuroff86 folded before Flop (didn't bet)
Seat 6: RustyPoison folded before Flop (didn't bet)
Seat 7: milconumihai19 folded before Flop (didn't bet)
Seat 8: vonMattisch folded before Flop (didn't bet)
Seat 9: budetsvadba (button) folded before Flop (didn't bet)



PokerStars Hand #223811020250:  Hold'em No Limit ($0.01/$0.02 USD) - 2021/02/14 10:30:15 PT [2021/02/14 13:30:15 ET]
Table 'Shajna IV' 9-max Seat #1 is the button
Seat 1: LRamilF ($1.89 in chips) 
Seat 2: Dorex2007 ($1.41 in chips) 
Seat 3: Roigol ($2 in chips) 
Seat 4: Quads1 ($1.35 in chips) 
Seat 5: Smuroff86 ($2 in chips) 
Seat 6: RustyPoison ($2.35 in chips) 
Seat 7: milconumihai19 ($5.25 in chips) 
Seat 8: vonMattisch ($1.28 in chips) 
Seat 9: budetsvadba ($2.18 in chips) 
Dorex2007: posts small blind $0.01
Roigol: posts big blind $0.02
*** HOLE CARDS ***
Dealt to Dorex2007 [8h Jd]
Quads1: folds 
Smuroff86: folds 
RustyPoison: folds 
milconumihai19: folds 
vonMattisch: folds 
budetsvadba: folds 
LRamilF: folds 
Dorex2007: folds 
Uncalled bet ($0.01) returned to Roigol
Roigol collected $0.02 from pot
Roigol: doesn't show hand 
*** SUMMARY ***
Total pot $0.02 | Rake $0 
Seat 1: LRamilF (button) folded before Flop (didn't bet)
Seat 2: Dorex2007 (small blind) folded before Flop
Seat 3: Roigol (big blind) collected ($0.02)
Seat 4: Quads1 folded before Flop (didn't bet)
Seat 5: Smuroff86 folded before Flop (didn't bet)
Seat 6: RustyPoison folded before Flop (didn't bet)
Seat 7: milconumihai19 folded before Flop (didn't bet)
Seat 8: vonMattisch folded before Flop (didn't bet)
Seat 9: budetsvadba folded before Flop (didn't bet)



