PokerStars Hand #237365104157:  Hold'em No Limit ($0.01/$0.02 USD) - 2022/07/14 18:35:31 PT [2022/07/14 21:35:31 ET]
Table 'Rotanev III' 9-max Seat #3 is the button
Seat 1: DilicoAK ($1.56 in chips) 
Seat 2: Dorex2007 ($2 in chips) 
Seat 3: playerpok650 ($0.23 in chips) 
Seat 4: Tobiz89 ($2 in chips) 
Seat 5: frosa9397 ($2 in chips) 
Seat 6: fariels07 ($0.89 in chips) 
Seat 7: dragon34564 ($4.35 in chips) 
Seat 9: INISHTE ($1.85 in chips) 
Tobiz89: posts small blind $0.01
frosa9397: posts big blind $0.02
marcos jo196: sits out 
Dorex2007: posts big blind $0.02
*** HOLE CARDS ***
Dealt to Dorex2007 [As 9h]
fariels07: raises $0.04 to $0.06
dragon34564: folds 
INISHTE: folds 
DilicoAK: folds 
Dorex2007: folds 
playerpok650: calls $0.06
Tobiz89: folds 
frosa9397: calls $0.04
*** FLOP *** [8s Td 3c]
frosa9397: checks 
fariels07: checks 
playerpok650: checks 
*** TURN *** [8s Td 3c] [3h]
frosa9397: checks 
fariels07: checks 
playerpok650: checks 
*** RIVER *** [8s Td 3c 3h] [Ad]
frosa9397: checks 
fariels07: checks 
playerpok650: checks 
*** SHOW DOWN ***
frosa9397: shows [6c 8c] (two pair, Eights and Threes)
fariels07: mucks hand 
playerpok650: shows [Qs 8d] (two pair, Eights and Threes)
frosa9397 collected $0.10 from pot
playerpok650 collected $0.10 from pot
*** SUMMARY ***
Total pot $0.21 | Rake $0.01 
Board [8s Td 3c 3h Ad]
Seat 1: DilicoAK folded before Flop (didn't bet)
Seat 2: Dorex2007 folded before Flop (didn't bet)
Seat 3: playerpok650 (button) showed [Qs 8d] and won ($0.10) with two pair, Eights and Threes
Seat 4: Tobiz89 (small blind) folded before Flop
Seat 5: frosa9397 (big blind) showed [6c 8c] and won ($0.10) with two pair, Eights and Threes
Seat 6: fariels07 mucked [Kc 4c]
Seat 7: dragon34564 folded before Flop (didn't bet)
Seat 9: INISHTE folded before Flop (didn't bet)



PokerStars Hand #237365114216:  Hold'em No Limit ($0.01/$0.02 USD) - 2022/07/14 18:36:21 PT [2022/07/14 21:36:21 ET]
Table 'Rotanev III' 9-max Seat #4 is the button
Seat 1: DilicoAK ($1.56 in chips) 
Seat 2: Dorex2007 ($2 in chips) 
Seat 3: playerpok650 ($0.27 in chips) 
Seat 4: Tobiz89 ($2 in chips) 
Seat 5: frosa9397 ($2.04 in chips) 
Seat 6: fariels07 ($0.83 in chips) 
Seat 7: dragon34564 ($4.35 in chips) 
Seat 9: INISHTE ($1.85 in chips) 
frosa9397: posts small blind $0.01
fariels07: posts big blind $0.02
marcos jo196: sits out 
*** HOLE CARDS ***
Dealt to Dorex2007 [Kh 3c]
dragon34564: folds 
INISHTE: folds 
DilicoAK: folds 
Dorex2007: folds 
playerpok650: folds 
Tobiz89: raises $0.03 to $0.05
frosa9397: folds 
fariels07: folds 
Uncalled bet ($0.03) returned to Tobiz89
Tobiz89 collected $0.05 from pot
*** SUMMARY ***
Total pot $0.05 | Rake $0 
Seat 1: DilicoAK folded before Flop (didn't bet)
Seat 2: Dorex2007 folded before Flop (didn't bet)
Seat 3: playerpok650 folded before Flop (didn't bet)
Seat 4: Tobiz89 (button) collected ($0.05)
Seat 5: frosa9397 (small blind) folded before Flop
Seat 6: fariels07 (big blind) folded before Flop
Seat 7: dragon34564 folded before Flop (didn't bet)
Seat 9: INISHTE folded before Flop (didn't bet)



PokerStars Hand #237365119963:  Hold'em No Limit ($0.01/$0.02 USD) - 2022/07/14 18:36:49 PT [2022/07/14 21:36:49 ET]
Table 'Rotanev III' 9-max Seat #5 is the button
Seat 1: DilicoAK ($1.56 in chips) 
Seat 2: Dorex2007 ($2 in chips) 
Seat 3: playerpok650 ($0.27 in chips) 
Seat 4: Tobiz89 ($2.03 in chips) 
Seat 5: frosa9397 ($2.03 in chips) 
Seat 6: fariels07 ($0.81 in chips) 
Seat 7: dragon34564 ($4.35 in chips) 
Seat 9: INISHTE ($1.85 in chips) 
fariels07: posts small blind $0.01
dragon34564: posts big blind $0.02
marcos jo196: sits out 
*** HOLE CARDS ***
Dealt to Dorex2007 [8s 5s]
INISHTE: folds 
DilicoAK: folds 
Dorex2007: folds 
playerpok650: calls $0.02
Tobiz89: folds 
frosa9397: folds 
fariels07: raises $0.04 to $0.06
dragon34564: folds 
playerpok650: calls $0.04
*** FLOP *** [9s 3d 7h]
fariels07: bets $0.07
playerpok650: folds 
Uncalled bet ($0.07) returned to fariels07
fariels07 collected $0.14 from pot
*** SUMMARY ***
Total pot $0.14 | Rake $0 
Board [9s 3d 7h]
Seat 1: DilicoAK folded before Flop (didn't bet)
Seat 2: Dorex2007 folded before Flop (didn't bet)
Seat 3: playerpok650 folded on the Flop
Seat 4: Tobiz89 folded before Flop (didn't bet)
Seat 5: frosa9397 (button) folded before Flop (didn't bet)
Seat 6: fariels07 (small blind) collected ($0.14)
Seat 7: dragon34564 (big blind) folded before Flop
Seat 9: INISHTE folded before Flop (didn't bet)



PokerStars Hand #237365128228:  Hold'em No Limit ($0.01/$0.02 USD) - 2022/07/14 18:37:30 PT [2022/07/14 21:37:30 ET]
Table 'Rotanev III' 9-max Seat #6 is the button
Seat 1: DilicoAK ($1.56 in chips) 
Seat 2: Dorex2007 ($2 in chips) 
Seat 4: Tobiz89 ($2.03 in chips) 
Seat 5: frosa9397 ($2.03 in chips) 
Seat 6: fariels07 ($0.89 in chips) 
Seat 7: dragon34564 ($4.33 in chips) 
Seat 8: marcos jo196 ($0.80 in chips) 
Seat 9: INISHTE ($1.85 in chips) 
dragon34564: posts small blind $0.01
marcos jo196: posts big blind $0.02
*** HOLE CARDS ***
Dealt to Dorex2007 [Kc 3h]
INISHTE: folds 
DilicoAK: folds 
Dorex2007: folds 
Tobiz89: folds 
frosa9397: folds 
fariels07: raises $0.04 to $0.06
dragon34564: raises $0.04 to $0.10
marcos jo196: raises $0.70 to $0.80 and is all-in
fariels07: folds 
dragon34564: calls $0.70
*** FLOP *** [2h Ad Kh]
*** TURN *** [2h Ad Kh] [6c]
*** RIVER *** [2h Ad Kh 6c] [7d]
*** SHOW DOWN ***
dragon34564: shows [Js Jd] (a pair of Jacks)
marcos jo196: shows [Ah Th] (a pair of Aces)
marcos jo196 collected $1.60 from pot
dragon34564 cashed out the hand for $1.08 | Cash Out Fee $0.01
*** SUMMARY ***
Total pot $1.66 | Rake $0.06 
Board [2h Ad Kh 6c 7d]
Seat 1: DilicoAK folded before Flop (didn't bet)
Seat 2: Dorex2007 folded before Flop (didn't bet)
Seat 4: Tobiz89 folded before Flop (didn't bet)
Seat 5: frosa9397 folded before Flop (didn't bet)
Seat 6: fariels07 (button) folded before Flop
Seat 7: dragon34564 (small blind) showed [Js Jd] and lost with a pair of Jacks (cashed out).
Seat 8: marcos jo196 (big blind) showed [Ah Th] and won ($1.60) with a pair of Aces
Seat 9: INISHTE folded before Flop (didn't bet)



PokerStars Hand #237365136579:  Hold'em No Limit ($0.01/$0.02 USD) - 2022/07/14 18:38:13 PT [2022/07/14 21:38:13 ET]
Table 'Rotanev III' 9-max Seat #7 is the button
Seat 1: DilicoAK ($1.56 in chips) 
Seat 2: Dorex2007 ($2 in chips) 
Seat 4: Tobiz89 ($2.03 in chips) 
Seat 5: frosa9397 ($2.03 in chips) 
Seat 6: fariels07 ($0.83 in chips) 
Seat 7: dragon34564 ($4.61 in chips) 
Seat 8: marcos jo196 ($1.60 in chips) 
Seat 9: INISHTE ($1.85 in chips) 
marcos jo196: posts small blind $0.01
INISHTE: posts big blind $0.02
*** HOLE CARDS ***
Dealt to Dorex2007 [7h 2c]
DilicoAK: folds 
Dorex2007: folds 
Tobiz89: folds 
frosa9397: folds 
fariels07: folds 
dragon34564 has timed out
dragon34564: folds 
marcos jo196: folds 
Uncalled bet ($0.01) returned to INISHTE
INISHTE collected $0.02 from pot
*** SUMMARY ***
Total pot $0.02 | Rake $0 
Seat 1: DilicoAK folded before Flop (didn't bet)
Seat 2: Dorex2007 folded before Flop (didn't bet)
Seat 4: Tobiz89 folded before Flop (didn't bet)
Seat 5: frosa9397 folded before Flop (didn't bet)
Seat 6: fariels07 folded before Flop (didn't bet)
Seat 7: dragon34564 (button) folded before Flop (didn't bet)
Seat 8: marcos jo196 (small blind) folded before Flop
Seat 9: INISHTE (big blind) collected ($0.02)



PokerStars Hand #237365141344:  Hold'em No Limit ($0.01/$0.02 USD) - 2022/07/14 18:38:37 PT [2022/07/14 21:38:37 ET]
Table 'Rotanev III' 9-max Seat #8 is the button
Seat 1: DilicoAK ($1.56 in chips) 
Seat 2: Dorex2007 ($2 in chips) 
Seat 4: Tobiz89 ($2.03 in chips) 
Seat 5: frosa9397 ($2.03 in chips) 
Seat 6: fariels07 ($0.83 in chips) 
Seat 7: dragon34564 ($4.61 in chips) 
Seat 8: marcos jo196 ($1.59 in chips) 
Seat 9: INISHTE ($1.86 in chips) 
INISHTE: posts small blind $0.01
DilicoAK: posts big blind $0.02
*** HOLE CARDS ***
Dealt to Dorex2007 [Ad 5h]
Dorex2007: folds 
Tobiz89: folds 
frosa9397: folds 
fariels07: raises $0.04 to $0.06
dragon34564: folds 
marcos jo196: folds 
INISHTE: folds 
DilicoAK: folds 
Uncalled bet ($0.04) returned to fariels07
fariels07 collected $0.05 from pot
*** SUMMARY ***
Total pot $0.05 | Rake $0 
Seat 1: DilicoAK (big blind) folded before Flop
Seat 2: Dorex2007 folded before Flop (didn't bet)
Seat 4: Tobiz89 folded before Flop (didn't bet)
Seat 5: frosa9397 folded before Flop (didn't bet)
Seat 6: fariels07 collected ($0.05)
Seat 7: dragon34564 folded before Flop (didn't bet)
Seat 8: marcos jo196 (button) folded before Flop (didn't bet)
Seat 9: INISHTE (small blind) folded before Flop



PokerStars Hand #237365146536:  Hold'em No Limit ($0.01/$0.02 USD) - 2022/07/14 18:39:03 PT [2022/07/14 21:39:03 ET]
Table 'Rotanev III' 9-max Seat #9 is the button
Seat 1: DilicoAK ($1.54 in chips) 
Seat 2: Dorex2007 ($2 in chips) 
Seat 4: Tobiz89 ($2.03 in chips) 
Seat 5: frosa9397 ($2.03 in chips) 
Seat 6: fariels07 ($0.86 in chips) 
Seat 7: dragon34564 ($4.61 in chips) 
Seat 8: marcos jo196 ($1.59 in chips) 
Seat 9: INISHTE ($1.85 in chips) 
DilicoAK: posts small blind $0.01
Dorex2007: posts big blind $0.02
*** HOLE CARDS ***
Dealt to Dorex2007 [7h 4c]
Tobiz89: folds 
frosa9397: folds 
fariels07: calls $0.02
dragon34564: folds 
marcos jo196: folds 
INISHTE: folds 
DilicoAK: calls $0.01
Dorex2007: checks 
*** FLOP *** [9h 9s 9c]
DilicoAK: checks 
Dorex2007: checks 
fariels07: bets $0.12
DilicoAK: folds 
Dorex2007: folds 
Uncalled bet ($0.12) returned to fariels07
fariels07 collected $0.06 from pot
*** SUMMARY ***
Total pot $0.06 | Rake $0 
Board [9h 9s 9c]
Seat 1: DilicoAK (small blind) folded on the Flop
Seat 2: Dorex2007 (big blind) folded on the Flop
Seat 4: Tobiz89 folded before Flop (didn't bet)
Seat 5: frosa9397 folded before Flop (didn't bet)
Seat 6: fariels07 collected ($0.06)
Seat 7: dragon34564 folded before Flop (didn't bet)
Seat 8: marcos jo196 folded before Flop (didn't bet)
Seat 9: INISHTE (button) folded before Flop (didn't bet)



PokerStars Hand #237365160611:  Hold'em No Limit ($0.01/$0.02 USD) - 2022/07/14 18:39:43 PT [2022/07/14 21:39:43 ET]
Table 'Rotanev III' 9-max Seat #1 is the button
Seat 1: DilicoAK ($1.52 in chips) 
Seat 2: Dorex2007 ($2 in chips) 
Seat 4: Tobiz89 ($2.03 in chips) 
Seat 5: frosa9397 ($2.03 in chips) 
Seat 6: fariels07 ($0.90 in chips) 
Seat 7: dragon34564 ($4.61 in chips) 
Seat 8: marcos jo196 ($1.59 in chips) 
Seat 9: INISHTE ($1.85 in chips) 
Dorex2007: posts small blind $0.01
Tobiz89: posts big blind $0.02
*** HOLE CARDS ***
Dealt to Dorex2007 [Qs 8h]
frosa9397: calls $0.02
fariels07: calls $0.02
dragon34564: folds 
marcos jo196: calls $0.02
INISHTE: folds 
DilicoAK: calls $0.02
Dorex2007: folds 
Tobiz89: checks 
*** FLOP *** [7h 6s 9h]
Tobiz89: checks 
frosa9397: checks 
fariels07: bets $0.16
marcos jo196: folds 
DilicoAK: folds 
Tobiz89: folds 
frosa9397: folds 
Uncalled bet ($0.16) returned to fariels07
fariels07 collected $0.11 from pot
*** SUMMARY ***
Total pot $0.11 | Rake $0 
Board [7h 6s 9h]
Seat 1: DilicoAK (button) folded on the Flop
Seat 2: Dorex2007 (small blind) folded before Flop
Seat 4: Tobiz89 (big blind) folded on the Flop
Seat 5: frosa9397 folded on the Flop
Seat 6: fariels07 collected ($0.11)
Seat 7: dragon34564 folded before Flop (didn't bet)
Seat 8: marcos jo196 folded on the Flop
Seat 9: INISHTE folded before Flop (didn't bet)



PokerStars Hand #237365173273:  Hold'em No Limit ($0.01/$0.02 USD) - 2022/07/14 18:40:24 PT [2022/07/14 21:40:24 ET]
Table 'Rotanev III' 9-max Seat #2 is the button
Seat 1: DilicoAK ($1.50 in chips) 
Seat 2: Dorex2007 ($2 in chips) 
Seat 4: Tobiz89 ($2.01 in chips) 
Seat 5: frosa9397 ($2.01 in chips) 
Seat 6: fariels07 ($0.99 in chips) 
Seat 7: dragon34564 ($4.61 in chips) 
Seat 8: marcos jo196 ($1.57 in chips) 
Seat 9: INISHTE ($1.85 in chips) 
Tobiz89: posts small blind $0.01
frosa9397: posts big blind $0.02
*** HOLE CARDS ***
Dealt to Dorex2007 [Th Ts]
fariels07: raises $0.04 to $0.06
dragon34564: folds 
marcos jo196: folds 
INISHTE: folds 
DilicoAK: folds 
Dorex2007: raises $0.10 to $0.16
Tobiz89: folds 
frosa9397: folds 
fariels07: calls $0.10
*** FLOP *** [3d 4c Ac]
fariels07: checks 
Dorex2007: bets $0.17
fariels07: folds 
Uncalled bet ($0.17) returned to Dorex2007
Dorex2007 collected $0.34 from pot
*** SUMMARY ***
Total pot $0.35 | Rake $0.01 
Board [3d 4c Ac]
Seat 1: DilicoAK folded before Flop (didn't bet)
Seat 2: Dorex2007 (button) collected ($0.34)
Seat 4: Tobiz89 (small blind) folded before Flop
Seat 5: frosa9397 (big blind) folded before Flop
Seat 6: fariels07 folded on the Flop
Seat 7: dragon34564 folded before Flop (didn't bet)
Seat 8: marcos jo196 folded before Flop (didn't bet)
Seat 9: INISHTE folded before Flop (didn't bet)



PokerStars Hand #237365182707:  Hold'em No Limit ($0.01/$0.02 USD) - 2022/07/14 18:41:11 PT [2022/07/14 21:41:11 ET]
Table 'Rotanev III' 9-max Seat #4 is the button
Seat 1: DilicoAK ($1.50 in chips) 
Seat 2: Dorex2007 ($2.18 in chips) 
Seat 4: Tobiz89 ($2 in chips) 
Seat 5: frosa9397 ($1.99 in chips) 
Seat 6: fariels07 ($0.83 in chips) 
Seat 7: dragon34564 ($4.61 in chips) 
Seat 8: marcos jo196 ($1.57 in chips) 
Seat 9: INISHTE ($1.85 in chips) 
frosa9397: posts small blind $0.01
fariels07: posts big blind $0.02
*** HOLE CARDS ***
Dealt to Dorex2007 [Th 8h]
dragon34564: folds 
marcos jo196: calls $0.02
INISHTE: raises $0.03 to $0.05
DilicoAK: folds 
Dorex2007: folds 
Tobiz89: folds 
frosa9397: calls $0.04
fariels07: raises $0.03 to $0.08
marcos jo196: calls $0.06
INISHTE: calls $0.03
frosa9397: calls $0.03
*** FLOP *** [4s 5c Ah]
frosa9397: checks 
fariels07: bets $0.15
marcos jo196: folds 
INISHTE: calls $0.15
marcos jo196 leaves the table
frosa9397: calls $0.15
*** TURN *** [4s 5c Ah] [2c]
frosa9397: checks 
fariels07: bets $0.60 and is all-in
Aflil1966 joins the table at seat #8 
INISHTE: folds 
frosa9397: folds 
Uncalled bet ($0.60) returned to fariels07
fariels07 collected $0.74 from pot
*** SUMMARY ***
Total pot $0.77 | Rake $0.03 
Board [4s 5c Ah 2c]
Seat 1: DilicoAK folded before Flop (didn't bet)
Seat 2: Dorex2007 folded before Flop (didn't bet)
Seat 4: Tobiz89 (button) folded before Flop (didn't bet)
Seat 5: frosa9397 (small blind) folded on the Turn
Seat 6: fariels07 (big blind) collected ($0.74)
Seat 7: dragon34564 folded before Flop (didn't bet)
Seat 8: marcos jo196 folded on the Flop
Seat 9: INISHTE folded on the Turn



PokerStars Hand #237365199377:  Hold'em No Limit ($0.01/$0.02 USD) - 2022/07/14 18:42:34 PT [2022/07/14 21:42:34 ET]
Table 'Rotanev III' 9-max Seat #5 is the button
Seat 1: DilicoAK ($1.50 in chips) 
Seat 2: Dorex2007 ($2.18 in chips) 
Seat 4: Tobiz89 ($2 in chips) 
Seat 5: frosa9397 ($1.76 in chips) 
Seat 6: fariels07 ($1.34 in chips) 
Seat 7: dragon34564 ($4.61 in chips) 
Seat 9: INISHTE ($1.62 in chips) 
fariels07: posts small blind $0.01
dragon34564: posts big blind $0.02
Aflil1966: sits out 
*** HOLE CARDS ***
Dealt to Dorex2007 [5h 3c]
INISHTE: folds 
DilicoAK: folds 
Dorex2007: folds 
Tobiz89: raises $0.03 to $0.05
frosa9397: folds 
fariels07: calls $0.04
dragon34564: folds 
*** FLOP *** [Qs 2d 7h]
fariels07: checks 
Tobiz89: bets $0.10
fariels07: folds 
Uncalled bet ($0.10) returned to Tobiz89
Tobiz89 collected $0.12 from pot
*** SUMMARY ***
Total pot $0.12 | Rake $0 
Board [Qs 2d 7h]
Seat 1: DilicoAK folded before Flop (didn't bet)
Seat 2: Dorex2007 folded before Flop (didn't bet)
Seat 4: Tobiz89 collected ($0.12)
Seat 5: frosa9397 (button) folded before Flop (didn't bet)
Seat 6: fariels07 (small blind) folded on the Flop
Seat 7: dragon34564 (big blind) folded before Flop
Seat 9: INISHTE folded before Flop (didn't bet)



PokerStars Hand #237365204904:  Hold'em No Limit ($0.01/$0.02 USD) - 2022/07/14 18:43:01 PT [2022/07/14 21:43:01 ET]
Table 'Rotanev III' 9-max Seat #6 is the button
Seat 1: DilicoAK ($1.50 in chips) 
Seat 2: Dorex2007 ($2.18 in chips) 
Seat 4: Tobiz89 ($2.07 in chips) 
Seat 5: frosa9397 ($1.76 in chips) 
Seat 6: fariels07 ($1.29 in chips) 
Seat 7: dragon34564 ($4.59 in chips) 
Seat 8: Aflil1966 ($2 in chips) 
Seat 9: INISHTE ($1.62 in chips) 
dragon34564: posts small blind $0.01
Aflil1966: posts big blind $0.02
*** HOLE CARDS ***
Dealt to Dorex2007 [7d 9d]
INISHTE: folds 
DilicoAK: folds 
Dorex2007: folds 
Tobiz89: folds 
frosa9397: calls $0.02
fariels07: folds 
dragon34564: folds 
Aflil1966: checks 
*** FLOP *** [4c Ts Js]
Aflil1966: checks 
frosa9397: checks 
*** TURN *** [4c Ts Js] [4h]
Aflil1966: checks 
frosa9397: checks 
*** RIVER *** [4c Ts Js 4h] [3s]
Aflil1966: checks 
frosa9397: checks 
*** SHOW DOWN ***
Aflil1966: shows [2h 9c] (a pair of Fours)
frosa9397: shows [Qs Ad] (a pair of Fours - Ace kicker)
frosa9397 collected $0.05 from pot
*** SUMMARY ***
Total pot $0.05 | Rake $0 
Board [4c Ts Js 4h 3s]
Seat 1: DilicoAK folded before Flop (didn't bet)
Seat 2: Dorex2007 folded before Flop (didn't bet)
Seat 4: Tobiz89 folded before Flop (didn't bet)
Seat 5: frosa9397 showed [Qs Ad] and won ($0.05) with a pair of Fours
Seat 6: fariels07 (button) folded before Flop (didn't bet)
Seat 7: dragon34564 (small blind) folded before Flop
Seat 8: Aflil1966 (big blind) showed [2h 9c] and lost with a pair of Fours
Seat 9: INISHTE folded before Flop (didn't bet)



PokerStars Hand #237365214068:  Hold'em No Limit ($0.01/$0.02 USD) - 2022/07/14 18:43:47 PT [2022/07/14 21:43:47 ET]
Table 'Rotanev III' 9-max Seat #7 is the button
Seat 1: DilicoAK ($1.50 in chips) 
Seat 2: Dorex2007 ($2.18 in chips) 
Seat 4: Tobiz89 ($2.07 in chips) 
Seat 5: frosa9397 ($1.79 in chips) 
Seat 6: fariels07 ($1.29 in chips) 
Seat 7: dragon34564 ($4.58 in chips) 
Seat 8: Aflil1966 ($1.98 in chips) 
Seat 9: INISHTE ($1.62 in chips) 
Aflil1966: posts small blind $0.01
INISHTE: posts big blind $0.02
*** HOLE CARDS ***
Dealt to Dorex2007 [Qc 3h]
DilicoAK: raises $0.02 to $0.04
Dorex2007: folds 
Tobiz89: folds 
frosa9397: folds 
fariels07: folds 
dragon34564: calls $0.04
Aflil1966: folds 
INISHTE: folds 
*** FLOP *** [As 3c 4d]
DilicoAK: checks 
dragon34564: checks 
*** TURN *** [As 3c 4d] [7d]
DilicoAK: bets $0.02
dragon34564: calls $0.02
*** RIVER *** [As 3c 4d 7d] [Qs]
DilicoAK: bets $0.07
dragon34564: raises $0.07 to $0.14
DilicoAK: calls $0.07
*** SHOW DOWN ***
dragon34564: shows [Qh 4h] (two pair, Queens and Fours)
DilicoAK: mucks hand 
dragon34564 collected $0.41 from pot
*** SUMMARY ***
Total pot $0.43 | Rake $0.02 
Board [As 3c 4d 7d Qs]
Seat 1: DilicoAK mucked [Kc Kd]
Seat 2: Dorex2007 folded before Flop (didn't bet)
Seat 4: Tobiz89 folded before Flop (didn't bet)
Seat 5: frosa9397 folded before Flop (didn't bet)
Seat 6: fariels07 folded before Flop (didn't bet)
Seat 7: dragon34564 (button) showed [Qh 4h] and won ($0.41) with two pair, Queens and Fours
Seat 8: Aflil1966 (small blind) folded before Flop
Seat 9: INISHTE (big blind) folded before Flop



PokerStars Hand #237365228768:  Hold'em No Limit ($0.01/$0.02 USD) - 2022/07/14 18:44:33 PT [2022/07/14 21:44:33 ET]
Table 'Rotanev III' 9-max Seat #8 is the button
Seat 1: DilicoAK ($1.30 in chips) 
Seat 2: Dorex2007 ($2.18 in chips) 
Seat 4: Tobiz89 ($2.07 in chips) 
Seat 5: frosa9397 ($1.79 in chips) 
Seat 6: fariels07 ($1.29 in chips) 
Seat 7: dragon34564 ($4.79 in chips) 
Seat 8: Aflil1966 ($1.97 in chips) 
Seat 9: INISHTE ($1.60 in chips) 
INISHTE: posts small blind $0.01
DilicoAK: posts big blind $0.02
*** HOLE CARDS ***
Dealt to Dorex2007 [Qs 5d]
Dorex2007: folds 
Tobiz89: folds 
frosa9397: folds 
fariels07: folds 
dragon34564: raises $0.04 to $0.06
Aflil1966: folds 
INISHTE: folds 
DilicoAK: folds 
Uncalled bet ($0.04) returned to dragon34564
dragon34564 collected $0.05 from pot
*** SUMMARY ***
Total pot $0.05 | Rake $0 
Seat 1: DilicoAK (big blind) folded before Flop
Seat 2: Dorex2007 folded before Flop (didn't bet)
Seat 4: Tobiz89 folded before Flop (didn't bet)
Seat 5: frosa9397 folded before Flop (didn't bet)
Seat 6: fariels07 folded before Flop (didn't bet)
Seat 7: dragon34564 collected ($0.05)
Seat 8: Aflil1966 (button) folded before Flop (didn't bet)
Seat 9: INISHTE (small blind) folded before Flop



PokerStars Hand #237365233150:  Hold'em No Limit ($0.01/$0.02 USD) - 2022/07/14 18:44:55 PT [2022/07/14 21:44:55 ET]
Table 'Rotanev III' 9-max Seat #9 is the button
Seat 1: DilicoAK ($1.28 in chips) 
Seat 2: Dorex2007 ($2.18 in chips) 
Seat 4: Tobiz89 ($2.07 in chips) 
Seat 5: frosa9397 ($1.79 in chips) 
Seat 6: fariels07 ($1.29 in chips) 
Seat 7: dragon34564 ($4.82 in chips) 
Seat 8: Aflil1966 ($1.97 in chips) 
Seat 9: INISHTE ($1.59 in chips) 
DilicoAK: posts small blind $0.01
Dorex2007: posts big blind $0.02
*** HOLE CARDS ***
Dealt to Dorex2007 [5h Kd]
Tobiz89: folds 
frosa9397: raises $0.05 to $0.07
fariels07: folds 
dragon34564: folds 
Aflil1966: folds 
INISHTE: folds 
DilicoAK: folds 
Dorex2007: folds 
Uncalled bet ($0.05) returned to frosa9397
frosa9397 collected $0.05 from pot
*** SUMMARY ***
Total pot $0.05 | Rake $0 
Seat 1: DilicoAK (small blind) folded before Flop
Seat 2: Dorex2007 (big blind) folded before Flop
Seat 4: Tobiz89 folded before Flop (didn't bet)
Seat 5: frosa9397 collected ($0.05)
Seat 6: fariels07 folded before Flop (didn't bet)
Seat 7: dragon34564 folded before Flop (didn't bet)
Seat 8: Aflil1966 folded before Flop (didn't bet)
Seat 9: INISHTE (button) folded before Flop (didn't bet)



PokerStars Hand #237365237592:  Hold'em No Limit ($0.01/$0.02 USD) - 2022/07/14 18:45:18 PT [2022/07/14 21:45:18 ET]
Table 'Rotanev III' 9-max Seat #1 is the button
Seat 1: DilicoAK ($1.27 in chips) 
Seat 2: Dorex2007 ($2.16 in chips) 
Seat 4: Tobiz89 ($2.07 in chips) 
Seat 5: frosa9397 ($1.82 in chips) 
Seat 6: fariels07 ($1.29 in chips) 
Seat 7: dragon34564 ($4.82 in chips) 
Seat 8: Aflil1966 ($1.97 in chips) 
Seat 9: INISHTE ($1.59 in chips) 
Dorex2007: posts small blind $0.01
Tobiz89: posts big blind $0.02
*** HOLE CARDS ***
Dealt to Dorex2007 [Tc 4c]
frosa9397: folds 
fariels07: folds 
dragon34564: folds 
Aflil1966: folds 
INISHTE: raises $0.03 to $0.05
DilicoAK: calls $0.05
Dorex2007: folds 
Tobiz89: folds 
*** FLOP *** [6c Jc Qc]
INISHTE: checks 
DilicoAK: bets $0.06
INISHTE: folds 
Uncalled bet ($0.06) returned to DilicoAK
DilicoAK collected $0.13 from pot
*** SUMMARY ***
Total pot $0.13 | Rake $0 
Board [6c Jc Qc]
Seat 1: DilicoAK (button) collected ($0.13)
Seat 2: Dorex2007 (small blind) folded before Flop
Seat 4: Tobiz89 (big blind) folded before Flop
Seat 5: frosa9397 folded before Flop (didn't bet)
Seat 6: fariels07 folded before Flop (didn't bet)
Seat 7: dragon34564 folded before Flop (didn't bet)
Seat 8: Aflil1966 folded before Flop (didn't bet)
Seat 9: INISHTE folded on the Flop



PokerStars Hand #237365243735:  Hold'em No Limit ($0.01/$0.02 USD) - 2022/07/14 18:45:48 PT [2022/07/14 21:45:48 ET]
Table 'Rotanev III' 9-max Seat #2 is the button
Seat 1: DilicoAK ($1.35 in chips) 
Seat 2: Dorex2007 ($2.15 in chips) 
Seat 4: Tobiz89 ($2.05 in chips) 
Seat 5: frosa9397 ($1.82 in chips) 
Seat 6: fariels07 ($1.29 in chips) 
Seat 7: dragon34564 ($4.82 in chips) 
Seat 8: Aflil1966 ($1.97 in chips) 
Seat 9: INISHTE ($1.54 in chips) 
Tobiz89: posts small blind $0.01
frosa9397: posts big blind $0.02
*** HOLE CARDS ***
Dealt to Dorex2007 [7s 2s]
fariels07: folds 
dragon34564: folds 
Aflil1966: calls $0.02
INISHTE: folds 
DilicoAK: folds 
Dorex2007: folds 
Tobiz89: folds 
frosa9397: checks 
*** FLOP *** [3h 3c Qs]
frosa9397: checks 
Aflil1966: checks 
*** TURN *** [3h 3c Qs] [As]
frosa9397: checks 
Aflil1966: checks 
*** RIVER *** [3h 3c Qs As] [5d]
frosa9397: checks 
Aflil1966: checks 
*** SHOW DOWN ***
frosa9397: shows [Kc Th] (a pair of Threes)
Aflil1966: shows [Jc Kd] (a pair of Threes)
frosa9397 collected $0.03 from pot
Aflil1966 collected $0.02 from pot
*** SUMMARY ***
Total pot $0.05 | Rake $0 
Board [3h 3c Qs As 5d]
Seat 1: DilicoAK folded before Flop (didn't bet)
Seat 2: Dorex2007 (button) folded before Flop (didn't bet)
Seat 4: Tobiz89 (small blind) folded before Flop
Seat 5: frosa9397 (big blind) showed [Kc Th] and won ($0.03) with a pair of Threes
Seat 6: fariels07 folded before Flop (didn't bet)
Seat 7: dragon34564 folded before Flop (didn't bet)
Seat 8: Aflil1966 showed [Jc Kd] and won ($0.02) with a pair of Threes
Seat 9: INISHTE folded before Flop (didn't bet)



PokerStars Hand #237365251746:  Hold'em No Limit ($0.01/$0.02 USD) - 2022/07/14 18:46:28 PT [2022/07/14 21:46:28 ET]
Table 'Rotanev III' 9-max Seat #4 is the button
Seat 1: DilicoAK ($1.35 in chips) 
Seat 2: Dorex2007 ($2.15 in chips) 
Seat 4: Tobiz89 ($2.04 in chips) 
Seat 5: frosa9397 ($1.83 in chips) 
Seat 6: fariels07 ($1.29 in chips) 
Seat 7: dragon34564 ($4.82 in chips) 
Seat 8: Aflil1966 ($1.97 in chips) 
Seat 9: INISHTE ($1.54 in chips) 
frosa9397: posts small blind $0.01
fariels07: posts big blind $0.02
*** HOLE CARDS ***
Dealt to Dorex2007 [8c 6h]
dragon34564: raises $0.06 to $0.08
Aflil1966: folds 
INISHTE: folds 
DilicoAK: folds 
Dorex2007: folds 
Tobiz89: folds 
frosa9397: folds 
fariels07: folds 
Uncalled bet ($0.06) returned to dragon34564
dragon34564 collected $0.05 from pot
*** SUMMARY ***
Total pot $0.05 | Rake $0 
Seat 1: DilicoAK folded before Flop (didn't bet)
Seat 2: Dorex2007 folded before Flop (didn't bet)
Seat 4: Tobiz89 (button) folded before Flop (didn't bet)
Seat 5: frosa9397 (small blind) folded before Flop
Seat 6: fariels07 (big blind) folded before Flop
Seat 7: dragon34564 collected ($0.05)
Seat 8: Aflil1966 folded before Flop (didn't bet)
Seat 9: INISHTE folded before Flop (didn't bet)



PokerStars Hand #237365258453:  Hold'em No Limit ($0.01/$0.02 USD) - 2022/07/14 18:47:02 PT [2022/07/14 21:47:02 ET]
Table 'Rotanev III' 9-max Seat #5 is the button
Seat 1: DilicoAK ($1.35 in chips) 
Seat 2: Dorex2007 ($2.15 in chips) 
Seat 4: Tobiz89 ($2.04 in chips) 
Seat 5: frosa9397 ($1.82 in chips) 
Seat 6: fariels07 ($1.27 in chips) 
Seat 7: dragon34564 ($4.85 in chips) 
Seat 8: Aflil1966 ($1.97 in chips) 
Seat 9: INISHTE ($1.54 in chips) 
fariels07: posts small blind $0.01
dragon34564: posts big blind $0.02
*** HOLE CARDS ***
Dealt to Dorex2007 [5c 8c]
Aflil1966: calls $0.02
INISHTE: folds 
DilicoAK: calls $0.02
Dorex2007: folds 
Tobiz89: folds 
frosa9397: folds 
fariels07: folds 
dragon34564: checks 
*** FLOP *** [Kc 3c Kh]
dragon34564: checks 
Aflil1966: bets $0.02
DilicoAK: calls $0.02
dragon34564: calls $0.02
*** TURN *** [Kc 3c Kh] [Ah]
dragon34564: checks 
Aflil1966: bets $0.13
DilicoAK: calls $0.13
dragon34564: folds 
*** RIVER *** [Kc 3c Kh Ah] [2h]
Aflil1966: bets $0.19
DilicoAK: calls $0.19
*** SHOW DOWN ***
Aflil1966: shows [Ks Ts] (three of a kind, Kings)
DilicoAK: mucks hand 
Aflil1966 collected $0.74 from pot
*** SUMMARY ***
Total pot $0.77 | Rake $0.03 
Board [Kc 3c Kh Ah 2h]
Seat 1: DilicoAK mucked [As 2c]
Seat 2: Dorex2007 folded before Flop (didn't bet)
Seat 4: Tobiz89 folded before Flop (didn't bet)
Seat 5: frosa9397 (button) folded before Flop (didn't bet)
Seat 6: fariels07 (small blind) folded before Flop
Seat 7: dragon34564 (big blind) folded on the Turn
Seat 8: Aflil1966 showed [Ks Ts] and won ($0.74) with three of a kind, Kings
Seat 9: INISHTE folded before Flop (didn't bet)



PokerStars Hand #237365268222:  Hold'em No Limit ($0.01/$0.02 USD) - 2022/07/14 18:47:51 PT [2022/07/14 21:47:51 ET]
Table 'Rotanev III' 9-max Seat #6 is the button
Seat 1: DilicoAK ($0.99 in chips) 
Seat 2: Dorex2007 ($2.15 in chips) 
Seat 4: Tobiz89 ($2.04 in chips) 
Seat 5: frosa9397 ($1.82 in chips) 
Seat 6: fariels07 ($1.26 in chips) 
Seat 7: dragon34564 ($4.81 in chips) 
Seat 8: Aflil1966 ($2.35 in chips) 
Seat 9: INISHTE ($1.54 in chips) 
dragon34564: posts small blind $0.01
Aflil1966: posts big blind $0.02
*** HOLE CARDS ***
Dealt to Dorex2007 [5c 7h]
INISHTE: folds 
DilicoAK: calls $0.02
Dorex2007: folds 
Tobiz89: folds 
frosa9397: folds 
fariels07: calls $0.02
dragon34564: folds 
Aflil1966: checks 
*** FLOP *** [3h 7s 5s]
Aflil1966: bets $0.02
DilicoAK: calls $0.02
fariels07: calls $0.02
*** TURN *** [3h 7s 5s] [Kc]
Aflil1966: bets $0.02
DilicoAK: folds 
fariels07: calls $0.02
*** RIVER *** [3h 7s 5s Kc] [8d]
Aflil1966: bets $0.02
fariels07: calls $0.02
*** SHOW DOWN ***
Aflil1966: shows [7c 3c] (two pair, Sevens and Threes)
fariels07: mucks hand 
Aflil1966 collected $0.20 from pot
*** SUMMARY ***
Total pot $0.21 | Rake $0.01 
Board [3h 7s 5s Kc 8d]
Seat 1: DilicoAK folded on the Turn
Seat 2: Dorex2007 folded before Flop (didn't bet)
Seat 4: Tobiz89 folded before Flop (didn't bet)
Seat 5: frosa9397 folded before Flop (didn't bet)
Seat 6: fariels07 (button) mucked [2s 3s]
Seat 7: dragon34564 (small blind) folded before Flop
Seat 8: Aflil1966 (big blind) showed [7c 3c] and won ($0.20) with two pair, Sevens and Threes
Seat 9: INISHTE folded before Flop (didn't bet)



PokerStars Hand #237365275795:  Hold'em No Limit ($0.01/$0.02 USD) - 2022/07/14 18:48:30 PT [2022/07/14 21:48:30 ET]
Table 'Rotanev III' 9-max Seat #7 is the button
Seat 1: DilicoAK ($0.95 in chips) 
Seat 2: Dorex2007 ($2.15 in chips) 
Seat 4: Tobiz89 ($2.04 in chips) 
Seat 5: frosa9397 ($1.82 in chips) 
Seat 6: fariels07 ($1.18 in chips) 
Seat 7: dragon34564 ($4.80 in chips) 
Seat 8: Aflil1966 ($2.47 in chips) 
Seat 9: INISHTE ($1.54 in chips) 
Aflil1966: posts small blind $0.01
INISHTE: posts big blind $0.02
*** HOLE CARDS ***
Dealt to Dorex2007 [Kc 3s]
DilicoAK: calls $0.02
Dorex2007: folds 
Tobiz89: folds 
frosa9397: folds 
fariels07: raises $0.04 to $0.06
dragon34564: calls $0.06
Aflil1966: folds 
INISHTE: folds 
DilicoAK: calls $0.04
*** FLOP *** [Ks 6s 9h]
DilicoAK: checks 
fariels07: bets $0.10
dragon34564: folds 
DilicoAK: folds 
Uncalled bet ($0.10) returned to fariels07
fariels07 collected $0.20 from pot
*** SUMMARY ***
Total pot $0.21 | Rake $0.01 
Board [Ks 6s 9h]
Seat 1: DilicoAK folded on the Flop
Seat 2: Dorex2007 folded before Flop (didn't bet)
Seat 4: Tobiz89 folded before Flop (didn't bet)
Seat 5: frosa9397 folded before Flop (didn't bet)
Seat 6: fariels07 collected ($0.20)
Seat 7: dragon34564 (button) folded on the Flop
Seat 8: Aflil1966 (small blind) folded before Flop
Seat 9: INISHTE (big blind) folded before Flop



PokerStars Hand #237365283598:  Hold'em No Limit ($0.01/$0.02 USD) - 2022/07/14 18:49:10 PT [2022/07/14 21:49:10 ET]
Table 'Rotanev III' 9-max Seat #8 is the button
Seat 1: DilicoAK ($0.89 in chips) 
Seat 2: Dorex2007 ($2.15 in chips) 
Seat 4: Tobiz89 ($2.04 in chips) 
Seat 5: frosa9397 ($1.82 in chips) 
Seat 6: fariels07 ($1.32 in chips) 
Seat 7: dragon34564 ($4.74 in chips) 
Seat 8: Aflil1966 ($2.46 in chips) 
Seat 9: INISHTE ($1.52 in chips) 
INISHTE: posts small blind $0.01
DilicoAK: posts big blind $0.02
*** HOLE CARDS ***
Dealt to Dorex2007 [4d 6s]
Dorex2007: folds 
Tobiz89: folds 
frosa9397: folds 
fariels07: folds 
dragon34564: folds 
Aflil1966: folds 
INISHTE: calls $0.01
DilicoAK: checks 
*** FLOP *** [3s 3h Jh]
INISHTE: checks 
DilicoAK: bets $0.02
INISHTE: folds 
Uncalled bet ($0.02) returned to DilicoAK
DilicoAK collected $0.04 from pot
*** SUMMARY ***
Total pot $0.04 | Rake $0 
Board [3s 3h Jh]
Seat 1: DilicoAK (big blind) collected ($0.04)
Seat 2: Dorex2007 folded before Flop (didn't bet)
Seat 4: Tobiz89 folded before Flop (didn't bet)
Seat 5: frosa9397 folded before Flop (didn't bet)
Seat 6: fariels07 folded before Flop (didn't bet)
Seat 7: dragon34564 folded before Flop (didn't bet)
Seat 8: Aflil1966 (button) folded before Flop (didn't bet)
Seat 9: INISHTE (small blind) folded on the Flop



PokerStars Hand #237365288958:  Hold'em No Limit ($0.01/$0.02 USD) - 2022/07/14 18:49:37 PT [2022/07/14 21:49:37 ET]
Table 'Rotanev III' 9-max Seat #9 is the button
Seat 1: DilicoAK ($0.91 in chips) 
Seat 2: Dorex2007 ($2.15 in chips) 
Seat 4: Tobiz89 ($2.04 in chips) 
Seat 5: frosa9397 ($1.82 in chips) 
Seat 6: fariels07 ($1.32 in chips) 
Seat 7: dragon34564 ($4.74 in chips) 
Seat 8: Aflil1966 ($2.46 in chips) 
Seat 9: INISHTE ($1.50 in chips) 
DilicoAK: posts small blind $0.01
Dorex2007: posts big blind $0.02
*** HOLE CARDS ***
Dealt to Dorex2007 [Qd Ac]
Tobiz89: folds 
frosa9397: calls $0.02
fariels07: folds 
dragon34564: folds 
Aflil1966: calls $0.02
INISHTE: folds 
DilicoAK: folds 
Dorex2007: checks 
*** FLOP *** [4d 8s Tc]
Dorex2007: checks 
frosa9397: checks 
Aflil1966: bets $0.03
Dorex2007: calls $0.03
frosa9397: folds 
*** TURN *** [4d 8s Tc] [7d]
Dorex2007: bets $0.09
Aflil1966: calls $0.09
*** RIVER *** [4d 8s Tc 7d] [6d]
Dorex2007: checks 
Aflil1966: checks 
*** SHOW DOWN ***
Dorex2007: shows [Qd Ac] (high card Ace)
Aflil1966: shows [Jh Js] (a pair of Jacks)
Aflil1966 collected $0.30 from pot
*** SUMMARY ***
Total pot $0.31 | Rake $0.01 
Board [4d 8s Tc 7d 6d]
Seat 1: DilicoAK (small blind) folded before Flop
Seat 2: Dorex2007 (big blind) showed [Qd Ac] and lost with high card Ace
Seat 4: Tobiz89 folded before Flop (didn't bet)
Seat 5: frosa9397 folded on the Flop
Seat 6: fariels07 folded before Flop (didn't bet)
Seat 7: dragon34564 folded before Flop (didn't bet)
Seat 8: Aflil1966 showed [Jh Js] and won ($0.30) with a pair of Jacks
Seat 9: INISHTE (button) folded before Flop (didn't bet)



PokerStars Hand #237365298638:  Hold'em No Limit ($0.01/$0.02 USD) - 2022/07/14 18:50:27 PT [2022/07/14 21:50:27 ET]
Table 'Rotanev III' 9-max Seat #1 is the button
Seat 1: DilicoAK ($0.90 in chips) 
Seat 2: Dorex2007 ($2.01 in chips) 
Seat 5: frosa9397 ($1.80 in chips) 
Seat 6: fariels07 ($1.32 in chips) 
Seat 7: dragon34564 ($4.74 in chips) 
Seat 8: Aflil1966 ($2.62 in chips) 
Seat 9: INISHTE ($1.50 in chips) 
Dorex2007: posts small blind $0.01
Tobiz89: is sitting out 
frosa9397: posts big blind $0.02
*** HOLE CARDS ***
Dealt to Dorex2007 [7d Th]
Tobiz89 leaves the table
fariels07: folds 
dragon34564: folds 
Aflil1966: folds 
INISHTE: folds 
DilicoAK: folds 
Dorex2007: folds 
Uncalled bet ($0.01) returned to frosa9397
frosa9397 collected $0.02 from pot
*** SUMMARY ***
Total pot $0.02 | Rake $0 
Seat 1: DilicoAK (button) folded before Flop (didn't bet)
Seat 2: Dorex2007 (small blind) folded before Flop
Seat 5: frosa9397 (big blind) collected ($0.02)
Seat 6: fariels07 folded before Flop (didn't bet)
Seat 7: dragon34564 folded before Flop (didn't bet)
Seat 8: Aflil1966 folded before Flop (didn't bet)
Seat 9: INISHTE folded before Flop (didn't bet)



PokerStars Hand #237365301171:  Hold'em No Limit ($0.01/$0.02 USD) - 2022/07/14 18:50:40 PT [2022/07/14 21:50:40 ET]
Table 'Rotanev III' 9-max Seat #2 is the button
Seat 1: DilicoAK ($0.90 in chips) 
Seat 2: Dorex2007 ($2 in chips) 
Seat 5: frosa9397 ($1.81 in chips) 
Seat 6: fariels07 ($1.32 in chips) 
Seat 7: dragon34564 ($4.74 in chips) 
Seat 8: Aflil1966 ($2.62 in chips) 
Seat 9: INISHTE ($1.50 in chips) 
frosa9397: posts small blind $0.01
fariels07: posts big blind $0.02
*** HOLE CARDS ***
Dealt to Dorex2007 [7c 3h]
dragon34564: folds 
moneyfx joins the table at seat #4 
Aflil1966: folds 
INISHTE: folds 
DilicoAK: folds 
Dorex2007: folds 
frosa9397: folds 
Uncalled bet ($0.01) returned to fariels07
fariels07 collected $0.02 from pot
*** SUMMARY ***
Total pot $0.02 | Rake $0 
Seat 1: DilicoAK folded before Flop (didn't bet)
Seat 2: Dorex2007 (button) folded before Flop (didn't bet)
Seat 5: frosa9397 (small blind) folded before Flop
Seat 6: fariels07 (big blind) collected ($0.02)
Seat 7: dragon34564 folded before Flop (didn't bet)
Seat 8: Aflil1966 folded before Flop (didn't bet)
Seat 9: INISHTE folded before Flop (didn't bet)



PokerStars Hand #237365305221:  Hold'em No Limit ($0.01/$0.02 USD) - 2022/07/14 18:51:01 PT [2022/07/14 21:51:01 ET]
Table 'Rotanev III' 9-max Seat #5 is the button
Seat 1: DilicoAK ($0.90 in chips) 
Seat 2: Dorex2007 ($2 in chips) 
Seat 5: frosa9397 ($1.80 in chips) 
Seat 6: fariels07 ($1.33 in chips) 
Seat 7: dragon34564 ($4.74 in chips) 
Seat 8: Aflil1966 ($2.62 in chips) 
Seat 9: INISHTE ($1.50 in chips) 
fariels07: posts small blind $0.01
dragon34564: posts big blind $0.02
moneyfx: sits out 
*** HOLE CARDS ***
Dealt to Dorex2007 [2s Kh]
Aflil1966: folds 
INISHTE: raises $0.03 to $0.05
DilicoAK: folds 
Dorex2007: folds 
frosa9397: folds 
fariels07: folds 
dragon34564: calls $0.03
*** FLOP *** [Td 7h 7s]
dragon34564: checks 
INISHTE: checks 
*** TURN *** [Td 7h 7s] [Js]
dragon34564: bets $0.05
INISHTE: folds 
Uncalled bet ($0.05) returned to dragon34564
dragon34564 collected $0.11 from pot
*** SUMMARY ***
Total pot $0.11 | Rake $0 
Board [Td 7h 7s Js]
Seat 1: DilicoAK folded before Flop (didn't bet)
Seat 2: Dorex2007 folded before Flop (didn't bet)
Seat 5: frosa9397 (button) folded before Flop (didn't bet)
Seat 6: fariels07 (small blind) folded before Flop
Seat 7: dragon34564 (big blind) collected ($0.11)
Seat 8: Aflil1966 folded before Flop (didn't bet)
Seat 9: INISHTE folded on the Turn



PokerStars Hand #237365317901:  Hold'em No Limit ($0.01/$0.02 USD) - 2022/07/14 18:51:50 PT [2022/07/14 21:51:50 ET]
Table 'Rotanev III' 9-max Seat #6 is the button
Seat 1: DilicoAK ($0.90 in chips) 
Seat 2: Dorex2007 ($2 in chips) 
Seat 5: frosa9397 ($1.80 in chips) 
Seat 6: fariels07 ($1.32 in chips) 
Seat 7: dragon34564 ($4.80 in chips) 
Seat 8: Aflil1966 ($2.62 in chips) 
Seat 9: INISHTE ($1.45 in chips) 
dragon34564: posts small blind $0.01
Aflil1966: posts big blind $0.02
moneyfx: sits out 
*** HOLE CARDS ***
Dealt to Dorex2007 [Jc 9d]
INISHTE: raises $0.03 to $0.05
DilicoAK: folds 
Dorex2007: folds 
frosa9397: folds 
fariels07: folds 
dragon34564: folds 
Aflil1966: folds 
Uncalled bet ($0.03) returned to INISHTE
INISHTE collected $0.05 from pot
*** SUMMARY ***
Total pot $0.05 | Rake $0 
Seat 1: DilicoAK folded before Flop (didn't bet)
Seat 2: Dorex2007 folded before Flop (didn't bet)
Seat 5: frosa9397 folded before Flop (didn't bet)
Seat 6: fariels07 (button) folded before Flop (didn't bet)
Seat 7: dragon34564 (small blind) folded before Flop
Seat 8: Aflil1966 (big blind) folded before Flop
Seat 9: INISHTE collected ($0.05)



PokerStars Hand #237365324153:  Hold'em No Limit ($0.01/$0.02 USD) - 2022/07/14 18:52:22 PT [2022/07/14 21:52:22 ET]
Table 'Rotanev III' 9-max Seat #7 is the button
Seat 1: DilicoAK ($0.90 in chips) 
Seat 2: Dorex2007 ($2 in chips) 
Seat 5: frosa9397 ($1.80 in chips) 
Seat 6: fariels07 ($1.32 in chips) 
Seat 7: dragon34564 ($4.79 in chips) 
Seat 8: Aflil1966 ($2.60 in chips) 
Seat 9: INISHTE ($1.48 in chips) 
Aflil1966: posts small blind $0.01
INISHTE: posts big blind $0.02
moneyfx: sits out 
*** HOLE CARDS ***
Dealt to Dorex2007 [8d 9h]
DilicoAK: folds 
Dorex2007: folds 
frosa9397: folds 
fariels07: raises $0.04 to $0.06
dragon34564: folds 
Aflil1966: folds 
INISHTE: folds 
Uncalled bet ($0.04) returned to fariels07
fariels07 collected $0.05 from pot
*** SUMMARY ***
Total pot $0.05 | Rake $0 
Seat 1: DilicoAK folded before Flop (didn't bet)
Seat 2: Dorex2007 folded before Flop (didn't bet)
Seat 5: frosa9397 folded before Flop (didn't bet)
Seat 6: fariels07 collected ($0.05)
Seat 7: dragon34564 (button) folded before Flop (didn't bet)
Seat 8: Aflil1966 (small blind) folded before Flop
Seat 9: INISHTE (big blind) folded before Flop



PokerStars Hand #237365328200:  Hold'em No Limit ($0.01/$0.02 USD) - 2022/07/14 18:52:43 PT [2022/07/14 21:52:43 ET]
Table 'Rotanev III' 9-max Seat #8 is the button
Seat 1: DilicoAK ($0.90 in chips) 
Seat 2: Dorex2007 ($2 in chips) 
Seat 5: frosa9397 ($1.80 in chips) 
Seat 6: fariels07 ($1.35 in chips) 
Seat 7: dragon34564 ($4.79 in chips) 
Seat 8: Aflil1966 ($2.59 in chips) 
Seat 9: INISHTE ($1.46 in chips) 
INISHTE: posts small blind $0.01
DilicoAK: posts big blind $0.02
moneyfx: sits out 
*** HOLE CARDS ***
Dealt to Dorex2007 [9s Qs]
Dorex2007: calls $0.02
frosa9397: folds 
fariels07: raises $0.04 to $0.06
dragon34564: calls $0.06
Aflil1966: folds 
INISHTE: folds 
DilicoAK: folds 
Dorex2007: calls $0.04
*** FLOP *** [Jd Jc Kh]
Dorex2007: checks 
fariels07: checks 
dragon34564: bets $0.12
Dorex2007: folds 
fariels07: folds 
Uncalled bet ($0.12) returned to dragon34564
dragon34564 collected $0.20 from pot
*** SUMMARY ***
Total pot $0.21 | Rake $0.01 
Board [Jd Jc Kh]
Seat 1: DilicoAK (big blind) folded before Flop
Seat 2: Dorex2007 folded on the Flop
Seat 5: frosa9397 folded before Flop (didn't bet)
Seat 6: fariels07 folded on the Flop
Seat 7: dragon34564 collected ($0.20)
Seat 8: Aflil1966 (button) folded before Flop (didn't bet)
Seat 9: INISHTE (small blind) folded before Flop



PokerStars Hand #237365336270:  Hold'em No Limit ($0.01/$0.02 USD) - 2022/07/14 18:53:25 PT [2022/07/14 21:53:25 ET]
Table 'Rotanev III' 9-max Seat #9 is the button
Seat 1: DilicoAK ($0.88 in chips) 
Seat 2: Dorex2007 ($2 in chips) 
Seat 5: frosa9397 ($1.80 in chips) 
Seat 6: fariels07 ($1.29 in chips) 
Seat 7: dragon34564 ($4.93 in chips) 
Seat 8: Aflil1966 ($2.59 in chips) 
Seat 9: INISHTE ($1.45 in chips) 
DilicoAK: posts small blind $0.01
Dorex2007: posts big blind $0.02
moneyfx: sits out 
*** HOLE CARDS ***
Dealt to Dorex2007 [Jh 5c]
frosa9397: folds 
fariels07: folds 
dragon34564: folds 
Aflil1966: folds 
INISHTE: folds 
DilicoAK: calls $0.01
Dorex2007: checks 
*** FLOP *** [Ks 2d Tc]
DilicoAK: checks 
Dorex2007: checks 
*** TURN *** [Ks 2d Tc] [3d]
DilicoAK: checks 
Dorex2007: checks 
*** RIVER *** [Ks 2d Tc 3d] [Ad]
DilicoAK: bets $0.08
Dorex2007: folds 
Uncalled bet ($0.08) returned to DilicoAK
DilicoAK collected $0.04 from pot
*** SUMMARY ***
Total pot $0.04 | Rake $0 
Board [Ks 2d Tc 3d Ad]
Seat 1: DilicoAK (small blind) collected ($0.04)
Seat 2: Dorex2007 (big blind) folded on the River
Seat 5: frosa9397 folded before Flop (didn't bet)
Seat 6: fariels07 folded before Flop (didn't bet)
Seat 7: dragon34564 folded before Flop (didn't bet)
Seat 8: Aflil1966 folded before Flop (didn't bet)
Seat 9: INISHTE (button) folded before Flop (didn't bet)



PokerStars Hand #237365348475:  Hold'em No Limit ($0.01/$0.02 USD) - 2022/07/14 18:54:28 PT [2022/07/14 21:54:28 ET]
Table 'Rotanev III' 9-max Seat #1 is the button
Seat 1: DilicoAK ($0.90 in chips) 
Seat 2: Dorex2007 ($2 in chips) 
Seat 4: moneyfx ($2 in chips) 
Seat 5: frosa9397 ($1.80 in chips) 
Seat 6: fariels07 ($1.29 in chips) 
Seat 7: dragon34564 ($4.93 in chips) 
Seat 8: Aflil1966 ($2.59 in chips) 
Seat 9: INISHTE ($1.45 in chips) 
Dorex2007: posts small blind $0.01
moneyfx: posts big blind $0.02
*** HOLE CARDS ***
Dealt to Dorex2007 [5d 4s]
frosa9397: folds 
fariels07: raises $0.04 to $0.06
dragon34564: folds 
Aflil1966: folds 
INISHTE: folds 
DilicoAK: calls $0.06
Dorex2007: folds 
moneyfx: calls $0.04
*** FLOP *** [8h 7d 5h]
moneyfx: checks 
fariels07: bets $0.09
DilicoAK: folds 
moneyfx: calls $0.09
*** TURN *** [8h 7d 5h] [Kc]
moneyfx: checks 
fariels07: checks 
*** RIVER *** [8h 7d 5h Kc] [3s]
moneyfx: checks 
fariels07: checks 
*** SHOW DOWN ***
moneyfx: shows [Kd Td] (a pair of Kings)
fariels07: mucks hand 
moneyfx collected $0.36 from pot
playerpok650 leaves the table
*** SUMMARY ***
Total pot $0.37 | Rake $0.01 
Board [8h 7d 5h Kc 3s]
Seat 1: DilicoAK (button) folded on the Flop
Seat 2: Dorex2007 (small blind) folded before Flop
Seat 4: moneyfx (big blind) showed [Kd Td] and won ($0.36) with a pair of Kings
Seat 5: frosa9397 folded before Flop (didn't bet)
Seat 6: fariels07 mucked [2h Ah]
Seat 7: dragon34564 folded before Flop (didn't bet)
Seat 8: Aflil1966 folded before Flop (didn't bet)
Seat 9: INISHTE folded before Flop (didn't bet)



PokerStars Hand #237365357427:  Hold'em No Limit ($0.01/$0.02 USD) - 2022/07/14 18:55:15 PT [2022/07/14 21:55:15 ET]
Table 'Rotanev III' 9-max Seat #2 is the button
Seat 1: DilicoAK ($0.84 in chips) 
Seat 2: Dorex2007 ($2 in chips) 
Seat 4: moneyfx ($2.21 in chips) 
Seat 5: frosa9397 ($1.80 in chips) 
Seat 6: fariels07 ($1.14 in chips) 
Seat 7: dragon34564 ($4.93 in chips) 
Seat 8: Aflil1966 ($2.59 in chips) 
Seat 9: INISHTE ($1.45 in chips) 
moneyfx: posts small blind $0.01
frosa9397: posts big blind $0.02
*** HOLE CARDS ***
Dealt to Dorex2007 [5h Kd]
fariels07: folds 
dragon34564: folds 
Aflil1966: folds 
INISHTE: folds 
DilicoAK: folds 
Dorex2007: folds 
moneyfx: raises $0.04 to $0.06
frosa9397: calls $0.04
*** FLOP *** [3h Jd Kh]
moneyfx: bets $0.07
frosa9397: calls $0.07
*** TURN *** [3h Jd Kh] [8h]
moneyfx: checks 
frosa9397: bets $0.08
moneyfx: calls $0.08
*** RIVER *** [3h Jd Kh 8h] [As]
moneyfx: checks 
frosa9397: bets $0.18
moneyfx: calls $0.18
*** SHOW DOWN ***
frosa9397: shows [4h Ah] (a flush, Ace high)
moneyfx: mucks hand 
frosa9397 collected $0.75 from pot
*** SUMMARY ***
Total pot $0.78 | Rake $0.03 
Board [3h Jd Kh 8h As]
Seat 1: DilicoAK folded before Flop (didn't bet)
Seat 2: Dorex2007 (button) folded before Flop (didn't bet)
Seat 4: moneyfx (small blind) mucked [8c 8s]
Seat 5: frosa9397 (big blind) showed [4h Ah] and won ($0.75) with a flush, Ace high
Seat 6: fariels07 folded before Flop (didn't bet)
Seat 7: dragon34564 folded before Flop (didn't bet)
Seat 8: Aflil1966 folded before Flop (didn't bet)
Seat 9: INISHTE folded before Flop (didn't bet)



PokerStars Hand #237365366843:  Hold'em No Limit ($0.01/$0.02 USD) - 2022/07/14 18:56:16 PT [2022/07/14 21:56:16 ET]
Table 'Rotanev III' 9-max Seat #4 is the button
Seat 1: DilicoAK ($0.84 in chips) 
Seat 2: Dorex2007 ($2 in chips) 
Seat 4: moneyfx ($1.82 in chips) 
Seat 5: frosa9397 ($2.16 in chips) 
Seat 6: fariels07 ($1.14 in chips) 
Seat 7: dragon34564 ($4.93 in chips) 
Seat 8: Aflil1966 ($2.59 in chips) 
Seat 9: INISHTE ($1.45 in chips) 
frosa9397: posts small blind $0.01
fariels07: posts big blind $0.02
*** HOLE CARDS ***
Dealt to Dorex2007 [5c 3h]
Scotter6267 joins the table at seat #3 
dragon34564: folds 
Aflil1966: folds 
INISHTE: folds 
DilicoAK: folds 
Dorex2007: folds 
moneyfx: raises $0.05 to $0.07
frosa9397: raises $0.16 to $0.23
fariels07: folds 
moneyfx: calls $0.16
*** FLOP *** [Qh 3d Qd]
frosa9397: checks 
moneyfx: checks 
*** TURN *** [Qh 3d Qd] [7d]
frosa9397: bets $0.23
moneyfx: calls $0.23
*** RIVER *** [Qh 3d Qd 7d] [5h]
frosa9397: checks 
moneyfx: bets $0.45
frosa9397: calls $0.45
*** SHOW DOWN ***
moneyfx: shows [6s 6d] (two pair, Queens and Sixes)
frosa9397: shows [Ah Ad] (two pair, Aces and Queens)
frosa9397 collected $1.78 from pot
*** SUMMARY ***
Total pot $1.84 | Rake $0.06 
Board [Qh 3d Qd 7d 5h]
Seat 1: DilicoAK folded before Flop (didn't bet)
Seat 2: Dorex2007 folded before Flop (didn't bet)
Seat 4: moneyfx (button) showed [6s 6d] and lost with two pair, Queens and Sixes
Seat 5: frosa9397 (small blind) showed [Ah Ad] and won ($1.78) with two pair, Aces and Queens
Seat 6: fariels07 (big blind) folded before Flop
Seat 7: dragon34564 folded before Flop (didn't bet)
Seat 8: Aflil1966 folded before Flop (didn't bet)
Seat 9: INISHTE folded before Flop (didn't bet)



PokerStars Hand #237365391002:  Hold'em No Limit ($0.01/$0.02 USD) - 2022/07/14 18:57:20 PT [2022/07/14 21:57:20 ET]
Table 'Rotanev III' 9-max Seat #5 is the button
Seat 1: DilicoAK ($0.84 in chips) 
Seat 2: Dorex2007 ($2 in chips) 
Seat 3: Scotter6267 ($0.80 in chips) 
Seat 4: moneyfx ($0.91 in chips) 
Seat 5: frosa9397 ($3.03 in chips) 
Seat 6: fariels07 ($1.12 in chips) 
Seat 7: dragon34564 ($4.93 in chips) 
Seat 8: Aflil1966 ($2.59 in chips) 
Seat 9: INISHTE ($1.45 in chips) 
fariels07: posts small blind $0.01
dragon34564: posts big blind $0.02
Scotter6267: posts big blind $0.02
*** HOLE CARDS ***
Dealt to Dorex2007 [Qc 3s]
Aflil1966: calls $0.02
INISHTE: folds 
DilicoAK: folds 
Dorex2007: folds 
Scotter6267: checks 
moneyfx: raises $0.06 to $0.08
frosa9397: folds 
fariels07: folds 
dragon34564: folds 
Aflil1966: folds 
Scotter6267: calls $0.06
*** FLOP *** [Kc Ts Ac]
Scotter6267: checks 
moneyfx: checks 
*** TURN *** [Kc Ts Ac] [4d]
Scotter6267: checks 
moneyfx: bets $0.20
Scotter6267: calls $0.20
*** RIVER *** [Kc Ts Ac 4d] [8c]
Scotter6267: checks 
moneyfx: checks 
*** SHOW DOWN ***
Scotter6267: shows [Ad 9d] (a pair of Aces)
moneyfx: mucks hand 
Scotter6267 collected $0.59 from pot
*** SUMMARY ***
Total pot $0.61 | Rake $0.02 
Board [Kc Ts Ac 4d 8c]
Seat 1: DilicoAK folded before Flop (didn't bet)
Seat 2: Dorex2007 folded before Flop (didn't bet)
Seat 3: Scotter6267 showed [Ad 9d] and won ($0.59) with a pair of Aces
Seat 4: moneyfx mucked [Th 9h]
Seat 5: frosa9397 (button) folded before Flop (didn't bet)
Seat 6: fariels07 (small blind) folded before Flop
Seat 7: dragon34564 (big blind) folded before Flop
Seat 8: Aflil1966 folded before Flop
Seat 9: INISHTE folded before Flop (didn't bet)



PokerStars Hand #237365399001:  Hold'em No Limit ($0.01/$0.02 USD) - 2022/07/14 18:58:13 PT [2022/07/14 21:58:13 ET]
Table 'Rotanev III' 9-max Seat #6 is the button
Seat 1: DilicoAK ($0.84 in chips) 
Seat 2: Dorex2007 ($2 in chips) 
Seat 3: Scotter6267 ($1.11 in chips) 
Seat 4: moneyfx ($0.63 in chips) 
Seat 5: frosa9397 ($3.03 in chips) 
Seat 6: fariels07 ($1.11 in chips) 
Seat 7: dragon34564 ($4.91 in chips) 
Seat 8: Aflil1966 ($2.57 in chips) 
Seat 9: INISHTE ($1.45 in chips) 
dragon34564: posts small blind $0.01
Aflil1966: posts big blind $0.02
*** HOLE CARDS ***
Dealt to Dorex2007 [7c 3c]
INISHTE: folds 
DilicoAK: folds 
Dorex2007: folds 
Scotter6267: folds 
moneyfx: raises $0.05 to $0.07
frosa9397: folds 
fariels07: calls $0.07
dragon34564: folds 
Aflil1966: folds 
*** FLOP *** [Jh 8s Qh]
moneyfx: checks 
fariels07: bets $0.08
moneyfx: calls $0.08
*** TURN *** [Jh 8s Qh] [5s]
moneyfx: checks 
fariels07: bets $0.32
moneyfx: raises $0.16 to $0.48 and is all-in
fariels07: calls $0.16
*** RIVER *** [Jh 8s Qh 5s] [3h]
*** SHOW DOWN ***
moneyfx: shows [Js Jd] (three of a kind, Jacks)
fariels07: shows [Ad Tc] (high card Ace)
moneyfx collected $1.24 from pot
fariels07 cashed out the hand for $0.22
*** SUMMARY ***
Total pot $1.29 | Rake $0.05 
Board [Jh 8s Qh 5s 3h]
Seat 1: DilicoAK folded before Flop (didn't bet)
Seat 2: Dorex2007 folded before Flop (didn't bet)
Seat 3: Scotter6267 folded before Flop (didn't bet)
Seat 4: moneyfx showed [Js Jd] and won ($1.24) with three of a kind, Jacks
Seat 5: frosa9397 folded before Flop (didn't bet)
Seat 6: fariels07 (button) showed [Ad Tc] and lost with high card Ace (cashed out).
Seat 7: dragon34564 (small blind) folded before Flop
Seat 8: Aflil1966 (big blind) folded before Flop
Seat 9: INISHTE folded before Flop (didn't bet)



PokerStars Hand #237365410032:  Hold'em No Limit ($0.01/$0.02 USD) - 2022/07/14 18:59:25 PT [2022/07/14 21:59:25 ET]
Table 'Rotanev III' 9-max Seat #7 is the button
Seat 1: DilicoAK ($0.84 in chips) 
Seat 2: Dorex2007 ($2 in chips) 
Seat 3: Scotter6267 ($1.11 in chips) 
Seat 4: moneyfx ($1.24 in chips) 
Seat 5: frosa9397 ($3.03 in chips) 
Seat 6: fariels07 ($0.70 in chips) 
Seat 7: dragon34564 ($4.90 in chips) 
Seat 8: Aflil1966 ($2.55 in chips) 
Seat 9: INISHTE ($1.45 in chips) 
Aflil1966: posts small blind $0.01
INISHTE: posts big blind $0.02
*** HOLE CARDS ***
Dealt to Dorex2007 [Ks 3d]
DilicoAK: folds 
Dorex2007: folds 
Scotter6267: calls $0.02
moneyfx: folds 
frosa9397: calls $0.02
fariels07: folds 
dragon34564: calls $0.02
Aflil1966: folds 
INISHTE: checks 
*** FLOP *** [2s 9c 7h]
INISHTE: checks 
Scotter6267: checks 
frosa9397: bets $0.06
dragon34564: calls $0.06
INISHTE: folds 
Scotter6267: calls $0.06
*** TURN *** [2s 9c 7h] [6c]
Scotter6267: checks 
frosa9397: bets $0.15
dragon34564: folds 
Scotter6267: folds 
Uncalled bet ($0.15) returned to frosa9397
frosa9397 collected $0.26 from pot
*** SUMMARY ***
Total pot $0.27 | Rake $0.01 
Board [2s 9c 7h 6c]
Seat 1: DilicoAK folded before Flop (didn't bet)
Seat 2: Dorex2007 folded before Flop (didn't bet)
Seat 3: Scotter6267 folded on the Turn
Seat 4: moneyfx folded before Flop (didn't bet)
Seat 5: frosa9397 collected ($0.26)
Seat 6: fariels07 folded before Flop (didn't bet)
Seat 7: dragon34564 (button) folded on the Turn
Seat 8: Aflil1966 (small blind) folded before Flop
Seat 9: INISHTE (big blind) folded on the Flop



PokerStars Hand #237365420630:  Hold'em No Limit ($0.01/$0.02 USD) - 2022/07/14 19:00:31 PT [2022/07/14 22:00:31 ET]
Table 'Rotanev III' 9-max Seat #8 is the button
Seat 1: DilicoAK ($0.84 in chips) 
Seat 2: Dorex2007 ($2 in chips) 
Seat 3: Scotter6267 ($1.03 in chips) 
Seat 4: moneyfx ($1.24 in chips) 
Seat 5: frosa9397 ($3.21 in chips) 
Seat 6: fariels07 ($0.70 in chips) 
Seat 7: dragon34564 ($4.82 in chips) 
Seat 8: Aflil1966 ($2.54 in chips) 
Seat 9: INISHTE ($1.43 in chips) 
INISHTE: posts small blind $0.01
DilicoAK: posts big blind $0.02
*** HOLE CARDS ***
Dealt to Dorex2007 [2s Ac]
Dorex2007: folds 
Scotter6267: folds 
moneyfx: folds 
frosa9397: folds 
fariels07: raises $0.04 to $0.06
dragon34564: calls $0.06
Aflil1966: folds 
INISHTE: folds 
DilicoAK has timed out
DilicoAK: folds 
*** FLOP *** [6h 2d 3h]
fariels07: bets $0.07
dragon34564: calls $0.07
*** TURN *** [6h 2d 3h] [Tc]
fariels07: checks 
dragon34564: checks 
*** RIVER *** [6h 2d 3h Tc] [9d]
fariels07: bets $0.14
dragon34564: folds 
Uncalled bet ($0.14) returned to fariels07
fariels07 collected $0.28 from pot
*** SUMMARY ***
Total pot $0.29 | Rake $0.01 
Board [6h 2d 3h Tc 9d]
Seat 1: DilicoAK (big blind) folded before Flop
Seat 2: Dorex2007 folded before Flop (didn't bet)
Seat 3: Scotter6267 folded before Flop (didn't bet)
Seat 4: moneyfx folded before Flop (didn't bet)
Seat 5: frosa9397 folded before Flop (didn't bet)
Seat 6: fariels07 collected ($0.28)
Seat 7: dragon34564 folded on the River
Seat 8: Aflil1966 (button) folded before Flop (didn't bet)
Seat 9: INISHTE (small blind) folded before Flop



PokerStars Hand #237365437333:  Hold'em No Limit ($0.01/$0.02 USD) - 2022/07/14 19:02:03 PT [2022/07/14 22:02:03 ET]
Table 'Rotanev III' 9-max Seat #9 is the button
Seat 2: Dorex2007 ($2 in chips) 
Seat 3: Scotter6267 ($1.03 in chips) 
Seat 4: moneyfx ($1.24 in chips) 
Seat 5: frosa9397 ($3.21 in chips) 
Seat 6: fariels07 ($0.85 in chips) 
Seat 7: dragon34564 ($4.69 in chips) 
Seat 8: Aflil1966 ($2.54 in chips) 
Seat 9: INISHTE ($1.42 in chips) 
Dorex2007: posts small blind $0.01
Scotter6267: posts big blind $0.02
*** HOLE CARDS ***
Dealt to Dorex2007 [2d 3s]
moneyfx has timed out
moneyfx: folds 
frosa9397: folds 
fariels07: folds 
dragon34564: raises $0.04 to $0.06
Aflil1966: folds 
INISHTE: folds 
Dorex2007: folds 
Scotter6267: folds 
Uncalled bet ($0.04) returned to dragon34564
dragon34564 collected $0.05 from pot
*** SUMMARY ***
Total pot $0.05 | Rake $0 
Seat 2: Dorex2007 (small blind) folded before Flop
Seat 3: Scotter6267 (big blind) folded before Flop
Seat 4: moneyfx folded before Flop (didn't bet)
Seat 5: frosa9397 folded before Flop (didn't bet)
Seat 6: fariels07 folded before Flop (didn't bet)
Seat 7: dragon34564 collected ($0.05)
Seat 8: Aflil1966 folded before Flop (didn't bet)
Seat 9: INISHTE (button) folded before Flop (didn't bet)



PokerStars Hand #237365443037:  Hold'em No Limit ($0.01/$0.02 USD) - 2022/07/14 19:02:32 PT [2022/07/14 22:02:32 ET]
Table 'Rotanev III' 9-max Seat #2 is the button
Seat 1: DilicoAK ($0.82 in chips) 
Seat 2: Dorex2007 ($2 in chips) 
Seat 3: Scotter6267 ($1.01 in chips) 
Seat 4: moneyfx ($1.24 in chips) 
Seat 5: frosa9397 ($3.21 in chips) 
Seat 6: fariels07 ($0.85 in chips) 
Seat 7: dragon34564 ($4.72 in chips) 
Seat 8: Aflil1966 ($2.54 in chips) 
Seat 9: INISHTE ($1.42 in chips) 
Scotter6267: posts small blind $0.01
moneyfx: posts big blind $0.02
DilicoAK: posts small blind $0.01
*** HOLE CARDS ***
Dealt to Dorex2007 [3c 6s]
frosa9397: folds 
fariels07: folds 
dragon34564: raises $0.04 to $0.06
Aflil1966: folds 
INISHTE: folds 
DilicoAK: folds 
Dorex2007: folds 
Scotter6267: calls $0.05
moneyfx: calls $0.04
*** FLOP *** [Js 4c Kc]
Scotter6267: checks 
moneyfx: checks 
dragon34564: checks 
*** TURN *** [Js 4c Kc] [Ac]
Scotter6267: bets $0.06
moneyfx: folds 
dragon34564: folds 
Uncalled bet ($0.06) returned to Scotter6267
Scotter6267 collected $0.18 from pot
*** SUMMARY ***
Total pot $0.19 | Rake $0.01 
Board [Js 4c Kc Ac]
Seat 1: DilicoAK folded before Flop (didn't bet)
Seat 2: Dorex2007 (button) folded before Flop (didn't bet)
Seat 3: Scotter6267 (small blind) collected ($0.18)
Seat 4: moneyfx (big blind) folded on the Turn
Seat 5: frosa9397 folded before Flop (didn't bet)
Seat 6: fariels07 folded before Flop (didn't bet)
Seat 7: dragon34564 folded on the Turn
Seat 8: Aflil1966 folded before Flop (didn't bet)
Seat 9: INISHTE folded before Flop (didn't bet)



PokerStars Hand #237365451000:  Hold'em No Limit ($0.01/$0.02 USD) - 2022/07/14 19:03:14 PT [2022/07/14 22:03:14 ET]
Table 'Rotanev III' 9-max Seat #3 is the button
Seat 1: DilicoAK ($0.81 in chips) 
Seat 2: Dorex2007 ($2 in chips) 
Seat 3: Scotter6267 ($1.13 in chips) 
Seat 4: moneyfx ($1.18 in chips) 
Seat 5: frosa9397 ($3.21 in chips) 
Seat 6: fariels07 ($0.85 in chips) 
Seat 7: dragon34564 ($4.66 in chips) 
Seat 8: Aflil1966 ($2.54 in chips) 
Seat 9: INISHTE ($1.42 in chips) 
moneyfx: posts small blind $0.01
frosa9397: posts big blind $0.02
*** HOLE CARDS ***
Dealt to Dorex2007 [Jh Td]
fariels07: folds 
dragon34564: folds 
Aflil1966: folds 
INISHTE: raises $0.03 to $0.05
DilicoAK: calls $0.05
Dorex2007: calls $0.05
Scotter6267: folds 
moneyfx: folds 
frosa9397: calls $0.03
*** FLOP *** [4d 7s 5c]
frosa9397: checks 
INISHTE: bets $0.07
DilicoAK: calls $0.07
Dorex2007: folds 
frosa9397: folds 
*** TURN *** [4d 7s 5c] [7d]
INISHTE: checks 
DilicoAK: checks 
*** RIVER *** [4d 7s 5c 7d] [3h]
INISHTE: checks 
DilicoAK: bets $0.17
INISHTE: folds 
Uncalled bet ($0.17) returned to DilicoAK
DilicoAK collected $0.34 from pot
*** SUMMARY ***
Total pot $0.35 | Rake $0.01 
Board [4d 7s 5c 7d 3h]
Seat 1: DilicoAK collected ($0.34)
Seat 2: Dorex2007 folded on the Flop
Seat 3: Scotter6267 (button) folded before Flop (didn't bet)
Seat 4: moneyfx (small blind) folded before Flop
Seat 5: frosa9397 (big blind) folded on the Flop
Seat 6: fariels07 folded before Flop (didn't bet)
Seat 7: dragon34564 folded before Flop (didn't bet)
Seat 8: Aflil1966 folded before Flop (didn't bet)
Seat 9: INISHTE folded on the River



PokerStars Hand #237365465775:  Hold'em No Limit ($0.01/$0.02 USD) - 2022/07/14 19:04:30 PT [2022/07/14 22:04:30 ET]
Table 'Rotanev III' 9-max Seat #4 is the button
Seat 1: DilicoAK ($1.03 in chips) 
Seat 2: Dorex2007 ($2 in chips) 
Seat 3: Scotter6267 ($1.13 in chips) 
Seat 4: moneyfx ($1.17 in chips) 
Seat 5: frosa9397 ($3.16 in chips) 
Seat 6: fariels07 ($0.85 in chips) 
Seat 7: dragon34564 ($4.66 in chips) 
Seat 8: Aflil1966 ($2.54 in chips) 
Seat 9: INISHTE ($1.30 in chips) 
frosa9397: posts small blind $0.01
fariels07: posts big blind $0.02
*** HOLE CARDS ***
Dealt to Dorex2007 [3d Kc]
dragon34564: folds 
Aflil1966: folds 
INISHTE: folds 
DilicoAK: folds 
Dorex2007: folds 
Scotter6267: calls $0.02
moneyfx: folds 
frosa9397: calls $0.01
fariels07: checks 
*** FLOP *** [4h Ad Ac]
frosa9397: checks 
fariels07: checks 
Scotter6267: checks 
*** TURN *** [4h Ad Ac] [Ts]
frosa9397: checks 
fariels07: checks 
Scotter6267: checks 
*** RIVER *** [4h Ad Ac Ts] [4d]
frosa9397: checks 
fariels07: checks 
Scotter6267: checks 
*** SHOW DOWN ***
frosa9397: shows [9s Qs] (two pair, Aces and Fours)
fariels07: mucks hand 
Scotter6267: shows [Qc Jd] (two pair, Aces and Fours)
frosa9397 collected $0.03 from pot
Scotter6267 collected $0.03 from pot
*** SUMMARY ***
Total pot $0.06 | Rake $0 
Board [4h Ad Ac Ts 4d]
Seat 1: DilicoAK folded before Flop (didn't bet)
Seat 2: Dorex2007 folded before Flop (didn't bet)
Seat 3: Scotter6267 showed [Qc Jd] and won ($0.03) with two pair, Aces and Fours
Seat 4: moneyfx (button) folded before Flop (didn't bet)
Seat 5: frosa9397 (small blind) showed [9s Qs] and won ($0.03) with two pair, Aces and Fours
Seat 6: fariels07 (big blind) mucked [6d 5h]
Seat 7: dragon34564 folded before Flop (didn't bet)
Seat 8: Aflil1966 folded before Flop (didn't bet)
Seat 9: INISHTE folded before Flop (didn't bet)



PokerStars Hand #237365476798:  Hold'em No Limit ($0.01/$0.02 USD) - 2022/07/14 19:05:27 PT [2022/07/14 22:05:27 ET]
Table 'Rotanev III' 9-max Seat #5 is the button
Seat 1: DilicoAK ($1.03 in chips) 
Seat 2: Dorex2007 ($2 in chips) 
Seat 3: Scotter6267 ($1.14 in chips) 
Seat 4: moneyfx ($1.17 in chips) 
Seat 5: frosa9397 ($3.17 in chips) 
Seat 6: fariels07 ($0.83 in chips) 
Seat 7: dragon34564 ($4.66 in chips) 
Seat 8: Aflil1966 ($2.54 in chips) 
Seat 9: INISHTE ($1.30 in chips) 
fariels07: posts small blind $0.01
dragon34564: posts big blind $0.02
*** HOLE CARDS ***
Dealt to Dorex2007 [6d 8d]
Aflil1966: calls $0.02
INISHTE: raises $0.03 to $0.05
DilicoAK: folds 
Dorex2007: folds 
Scotter6267: calls $0.05
moneyfx: folds 
frosa9397: calls $0.05
fariels07: folds 
dragon34564: folds 
Aflil1966: calls $0.03
*** FLOP *** [Ts As 2c]
Aflil1966: checks 
INISHTE: bets $0.07
Scotter6267: folds 
frosa9397: folds 
Aflil1966: raises $0.45 to $0.52
INISHTE: folds 
Uncalled bet ($0.45) returned to Aflil1966
Aflil1966 collected $0.36 from pot
*** SUMMARY ***
Total pot $0.37 | Rake $0.01 
Board [Ts As 2c]
Seat 1: DilicoAK folded before Flop (didn't bet)
Seat 2: Dorex2007 folded before Flop (didn't bet)
Seat 3: Scotter6267 folded on the Flop
Seat 4: moneyfx folded before Flop (didn't bet)
Seat 5: frosa9397 (button) folded on the Flop
Seat 6: fariels07 (small blind) folded before Flop
Seat 7: dragon34564 (big blind) folded before Flop
Seat 8: Aflil1966 collected ($0.36)
Seat 9: INISHTE folded on the Flop



PokerStars Hand #237365489568:  Hold'em No Limit ($0.01/$0.02 USD) - 2022/07/14 19:06:34 PT [2022/07/14 22:06:34 ET]
Table 'Rotanev III' 9-max Seat #6 is the button
Seat 1: DilicoAK ($1.03 in chips) 
Seat 2: Dorex2007 ($2 in chips) 
Seat 3: Scotter6267 ($1.09 in chips) 
Seat 4: moneyfx ($1.17 in chips) 
Seat 5: frosa9397 ($3.12 in chips) 
Seat 6: fariels07 ($0.82 in chips) 
Seat 7: dragon34564 ($4.64 in chips) 
Seat 8: Aflil1966 ($2.78 in chips) 
Seat 9: INISHTE ($1.18 in chips) 
dragon34564: posts small blind $0.01
Aflil1966: posts big blind $0.02
*** HOLE CARDS ***
Dealt to Dorex2007 [6d Kc]
INISHTE: folds 
DilicoAK: folds 
Dorex2007: folds 
Scotter6267: calls $0.02
moneyfx: folds 
frosa9397: folds 
fariels07: folds 
dragon34564: folds 
Aflil1966: checks 
*** FLOP *** [Th Qc 7c]
Aflil1966: checks 
Scotter6267: checks 
*** TURN *** [Th Qc 7c] [Ts]
Aflil1966: bets $0.02
Scotter6267: folds 
Uncalled bet ($0.02) returned to Aflil1966
Aflil1966 collected $0.05 from pot
*** SUMMARY ***
Total pot $0.05 | Rake $0 
Board [Th Qc 7c Ts]
Seat 1: DilicoAK folded before Flop (didn't bet)
Seat 2: Dorex2007 folded before Flop (didn't bet)
Seat 3: Scotter6267 folded on the Turn
Seat 4: moneyfx folded before Flop (didn't bet)
Seat 5: frosa9397 folded before Flop (didn't bet)
Seat 6: fariels07 (button) folded before Flop (didn't bet)
Seat 7: dragon34564 (small blind) folded before Flop
Seat 8: Aflil1966 (big blind) collected ($0.05)
Seat 9: INISHTE folded before Flop (didn't bet)



PokerStars Hand #237365507392:  Hold'em No Limit ($0.01/$0.02 USD) - 2022/07/14 19:07:29 PT [2022/07/14 22:07:29 ET]
Table 'Rotanev III' 9-max Seat #7 is the button
Seat 1: DilicoAK ($1.03 in chips) 
Seat 2: Dorex2007 ($2 in chips) 
Seat 3: Scotter6267 ($1.07 in chips) 
Seat 4: moneyfx ($1.17 in chips) 
Seat 5: frosa9397 ($3.12 in chips) 
Seat 6: fariels07 ($0.82 in chips) 
Seat 7: dragon34564 ($4.63 in chips) 
Seat 8: Aflil1966 ($2.81 in chips) 
Seat 9: INISHTE ($1.18 in chips) 
Aflil1966: posts small blind $0.01
INISHTE: posts big blind $0.02
*** HOLE CARDS ***
Dealt to Dorex2007 [4d 8c]
DilicoAK: folds 
Dorex2007: folds 
Scotter6267: calls $0.02
moneyfx: folds 
frosa9397: folds 
fariels07: raises $0.04 to $0.06
dragon34564: calls $0.06
Aflil1966: folds 
INISHTE: folds 
Scotter6267: calls $0.04
*** FLOP *** [7s Qd Ad]
Scotter6267: checks 
fariels07: checks 
dragon34564: bets $0.10
Scotter6267: folds 
fariels07: folds 
Uncalled bet ($0.10) returned to dragon34564
dragon34564 collected $0.20 from pot
*** SUMMARY ***
Total pot $0.21 | Rake $0.01 
Board [7s Qd Ad]
Seat 1: DilicoAK folded before Flop (didn't bet)
Seat 2: Dorex2007 folded before Flop (didn't bet)
Seat 3: Scotter6267 folded on the Flop
Seat 4: moneyfx folded before Flop (didn't bet)
Seat 5: frosa9397 folded before Flop (didn't bet)
Seat 6: fariels07 folded on the Flop
Seat 7: dragon34564 (button) collected ($0.20)
Seat 8: Aflil1966 (small blind) folded before Flop
Seat 9: INISHTE (big blind) folded before Flop



PokerStars Hand #237365516523:  Hold'em No Limit ($0.01/$0.02 USD) - 2022/07/14 19:08:17 PT [2022/07/14 22:08:17 ET]
Table 'Rotanev III' 9-max Seat #8 is the button
Seat 1: DilicoAK ($1.03 in chips) 
Seat 2: Dorex2007 ($2 in chips) 
Seat 3: Scotter6267 ($1.01 in chips) 
Seat 4: moneyfx ($1.17 in chips) 
Seat 5: frosa9397 ($3.12 in chips) 
Seat 6: fariels07 ($0.76 in chips) 
Seat 7: dragon34564 ($4.77 in chips) 
Seat 8: Aflil1966 ($2.80 in chips) 
Seat 9: INISHTE ($1.16 in chips) 
INISHTE: posts small blind $0.01
DilicoAK: posts big blind $0.02
*** HOLE CARDS ***
Dealt to Dorex2007 [Ah 8d]
Dorex2007: folds 
Scotter6267: calls $0.02
moneyfx: folds 
frosa9397: folds 
fariels07: folds 
dragon34564: folds 
Aflil1966: folds 
INISHTE: folds 
DilicoAK: checks 
*** FLOP *** [Qd 8h Ac]
DilicoAK: checks 
Scotter6267: checks 
*** TURN *** [Qd 8h Ac] [3d]
DilicoAK: checks 
Scotter6267: checks 
*** RIVER *** [Qd 8h Ac 3d] [Tc]
DilicoAK: checks 
Scotter6267: checks 
*** SHOW DOWN ***
DilicoAK: shows [4d 9h] (high card Ace)
Scotter6267: shows [5s Js] (high card Ace - Queen+Jack kicker)
Scotter6267 collected $0.05 from pot
*** SUMMARY ***
Total pot $0.05 | Rake $0 
Board [Qd 8h Ac 3d Tc]
Seat 1: DilicoAK (big blind) showed [4d 9h] and lost with high card Ace
Seat 2: Dorex2007 folded before Flop (didn't bet)
Seat 3: Scotter6267 showed [5s Js] and won ($0.05) with high card Ace
Seat 4: moneyfx folded before Flop (didn't bet)
Seat 5: frosa9397 folded before Flop (didn't bet)
Seat 6: fariels07 folded before Flop (didn't bet)
Seat 7: dragon34564 folded before Flop (didn't bet)
Seat 8: Aflil1966 (button) folded before Flop (didn't bet)
Seat 9: INISHTE (small blind) folded before Flop



PokerStars Hand #237365523263:  Hold'em No Limit ($0.01/$0.02 USD) - 2022/07/14 19:08:52 PT [2022/07/14 22:08:52 ET]
Table 'Rotanev III' 9-max Seat #9 is the button
Seat 1: DilicoAK ($1.01 in chips) 
Seat 2: Dorex2007 ($2 in chips) 
Seat 3: Scotter6267 ($1.04 in chips) 
Seat 4: moneyfx ($1.17 in chips) 
Seat 5: frosa9397 ($3.12 in chips) 
Seat 6: fariels07 ($0.76 in chips) 
Seat 8: Aflil1966 ($2.80 in chips) 
Seat 9: INISHTE ($1.15 in chips) 
DilicoAK: posts small blind $0.01
Dorex2007: posts big blind $0.02
*** HOLE CARDS ***
Dealt to Dorex2007 [2d 8h]
Scotter6267: calls $0.02
moneyfx: folds 
frosa9397: folds 
fariels07: folds 
Aflil1966: folds 
INISHTE: folds 
DilicoAK: folds 
Dorex2007: checks 
*** FLOP *** [6d Jd 7d]
Dorex2007: checks 
Scotter6267 has timed out
Scotter6267: checks 
*** TURN *** [6d Jd 7d] [Qs]
Dorex2007: checks 
Scotter6267: checks 
*** RIVER *** [6d Jd 7d Qs] [Tc]
Dorex2007: checks 
Scotter6267: bets $0.04
Dorex2007: folds 
Uncalled bet ($0.04) returned to Scotter6267
Scotter6267 collected $0.05 from pot
*** SUMMARY ***
Total pot $0.05 | Rake $0 
Board [6d Jd 7d Qs Tc]
Seat 1: DilicoAK (small blind) folded before Flop
Seat 2: Dorex2007 (big blind) folded on the River
Seat 3: Scotter6267 collected ($0.05)
Seat 4: moneyfx folded before Flop (didn't bet)
Seat 5: frosa9397 folded before Flop (didn't bet)
Seat 6: fariels07 folded before Flop (didn't bet)
Seat 8: Aflil1966 folded before Flop (didn't bet)
Seat 9: INISHTE (button) folded before Flop (didn't bet)



PokerStars Hand #237365537687:  Hold'em No Limit ($0.01/$0.02 USD) - 2022/07/14 19:10:08 PT [2022/07/14 22:10:08 ET]
Table 'Rotanev III' 9-max Seat #1 is the button
Seat 1: DilicoAK ($1 in chips) 
Seat 2: Dorex2007 ($2 in chips) 
Seat 3: Scotter6267 ($1.07 in chips) 
Seat 4: moneyfx ($1.17 in chips) 
Seat 5: frosa9397 ($3.12 in chips) 
Seat 6: fariels07 ($0.76 in chips) 
Seat 8: Aflil1966 ($2.80 in chips) 
Seat 9: INISHTE ($1.15 in chips) 
Dorex2007: posts small blind $0.01
Scotter6267: posts big blind $0.02
*** HOLE CARDS ***
Dealt to Dorex2007 [4s As]
moneyfx: raises $0.05 to $0.07
frosa9397: folds 
Asmodeus DCLXVI joins the table at seat #7 
fariels07: folds 
Aflil1966: folds 
INISHTE: folds 
DilicoAK: folds 
Dorex2007: folds 
Scotter6267: calls $0.05
*** FLOP *** [2c 7h 2s]
Scotter6267: checks 
moneyfx: bets $0.14
Scotter6267: folds 
Uncalled bet ($0.14) returned to moneyfx
moneyfx collected $0.14 from pot
*** SUMMARY ***
Total pot $0.15 | Rake $0.01 
Board [2c 7h 2s]
Seat 1: DilicoAK (button) folded before Flop (didn't bet)
Seat 2: Dorex2007 (small blind) folded before Flop
Seat 3: Scotter6267 (big blind) folded on the Flop
Seat 4: moneyfx collected ($0.14)
Seat 5: frosa9397 folded before Flop (didn't bet)
Seat 6: fariels07 folded before Flop (didn't bet)
Seat 8: Aflil1966 folded before Flop (didn't bet)
Seat 9: INISHTE folded before Flop (didn't bet)



PokerStars Hand #237365544755:  Hold'em No Limit ($0.01/$0.02 USD) - 2022/07/14 19:10:45 PT [2022/07/14 22:10:45 ET]
Table 'Rotanev III' 9-max Seat #2 is the button
Seat 1: DilicoAK ($1 in chips) 
Seat 2: Dorex2007 ($2 in chips) 
Seat 3: Scotter6267 ($1 in chips) 
Seat 4: moneyfx ($1.24 in chips) 
Seat 5: frosa9397 ($3.12 in chips) 
Seat 6: fariels07 ($0.76 in chips) 
Seat 8: Aflil1966 ($2.80 in chips) 
Seat 9: INISHTE ($1.15 in chips) 
Scotter6267: posts small blind $0.01
moneyfx: posts big blind $0.02
Asmodeus DCLXVI: sits out 
*** HOLE CARDS ***
Dealt to Dorex2007 [6s 9s]
frosa9397: folds 
fariels07: raises $0.04 to $0.06
Aflil1966: folds 
INISHTE: folds 
DilicoAK has timed out
DilicoAK: folds 
Dorex2007: folds 
Scotter6267: calls $0.05
moneyfx: raises $0.18 to $0.24
fariels07: calls $0.18
Scotter6267: folds 
*** FLOP *** [8c Td 7s]
moneyfx: bets $0.32
fariels07: folds 
Uncalled bet ($0.32) returned to moneyfx
moneyfx collected $0.52 from pot
*** SUMMARY ***
Total pot $0.54 | Rake $0.02 
Board [8c Td 7s]
Seat 1: DilicoAK folded before Flop (didn't bet)
Seat 2: Dorex2007 (button) folded before Flop (didn't bet)
Seat 3: Scotter6267 (small blind) folded before Flop
Seat 4: moneyfx (big blind) collected ($0.52)
Seat 5: frosa9397 folded before Flop (didn't bet)
Seat 6: fariels07 folded on the Flop
Seat 8: Aflil1966 folded before Flop (didn't bet)
Seat 9: INISHTE folded before Flop (didn't bet)



PokerStars Hand #237365560655:  Hold'em No Limit ($0.01/$0.02 USD) - 2022/07/14 19:12:09 PT [2022/07/14 22:12:09 ET]
Table 'Rotanev III' 9-max Seat #4 is the button
Seat 2: Dorex2007 ($2 in chips) 
Seat 4: moneyfx ($1.52 in chips) 
Seat 5: frosa9397 ($3.12 in chips) 
Seat 6: fariels07 ($0.52 in chips) 
Seat 8: Aflil1966 ($2.80 in chips) 
Seat 9: INISHTE ($1.15 in chips) 
frosa9397: posts small blind $0.01
fariels07: posts big blind $0.02
Asmodeus DCLXVI: sits out 
*** HOLE CARDS ***
Dealt to Dorex2007 [Ac Qh]
Aflil1966: folds 
INISHTE: folds 
Dorex2007: raises $0.04 to $0.06
moneyfx: calls $0.06
frosa9397: folds 
fariels07: folds 
*** FLOP *** [3h 7h As]
Dorex2007: bets $0.14
moneyfx: calls $0.14
*** TURN *** [3h 7h As] [8d]
Dorex2007: checks 
moneyfx: checks 
*** RIVER *** [3h 7h As 8d] [6d]
Dorex2007: bets $0.41
moneyfx: calls $0.41
*** SHOW DOWN ***
Dorex2007: shows [Ac Qh] (a pair of Aces)
moneyfx: shows [8c 6c] (two pair, Eights and Sixes)
moneyfx collected $1.21 from pot
*** SUMMARY ***
Total pot $1.25 | Rake $0.04 
Board [3h 7h As 8d 6d]
Seat 2: Dorex2007 showed [Ac Qh] and lost with a pair of Aces
Seat 4: moneyfx (button) showed [8c 6c] and won ($1.21) with two pair, Eights and Sixes
Seat 5: frosa9397 (small blind) folded before Flop
Seat 6: fariels07 (big blind) folded before Flop
Seat 8: Aflil1966 folded before Flop (didn't bet)
Seat 9: INISHTE folded before Flop (didn't bet)



PokerStars Hand #237365567531:  Hold'em No Limit ($0.01/$0.02 USD) - 2022/07/14 19:12:45 PT [2022/07/14 22:12:45 ET]
Table 'Rotanev III' 9-max Seat #5 is the button
Seat 1: DilicoAK ($1 in chips) 
Seat 2: Dorex2007 ($2 in chips) 
Seat 4: moneyfx ($2.12 in chips) 
Seat 5: frosa9397 ($3.11 in chips) 
Seat 6: fariels07 ($0.50 in chips) 
Seat 7: Asmodeus DCLXVI ($0.80 in chips) 
Seat 8: Aflil1966 ($2.80 in chips) 
Seat 9: INISHTE ($1.15 in chips) 
fariels07: posts small blind $0.01
Asmodeus DCLXVI: posts big blind $0.02
*** HOLE CARDS ***
Dealt to Dorex2007 [9h 9c]
Aflil1966: folds 
INISHTE: folds 
DilicoAK: folds 
Dorex2007: raises $0.08 to $0.10
moneyfx: folds 
frosa9397: calls $0.10
fariels07: folds 
Asmodeus DCLXVI: folds 
*** FLOP *** [Qc Jh Kd]
Dorex2007: checks 
frosa9397: bets $0.11
Dorex2007: folds 
Uncalled bet ($0.11) returned to frosa9397
frosa9397 collected $0.22 from pot
*** SUMMARY ***
Total pot $0.23 | Rake $0.01 
Board [Qc Jh Kd]
Seat 1: DilicoAK folded before Flop (didn't bet)
Seat 2: Dorex2007 folded on the Flop
Seat 4: moneyfx folded before Flop (didn't bet)
Seat 5: frosa9397 (button) collected ($0.22)
Seat 6: fariels07 (small blind) folded before Flop
Seat 7: Asmodeus DCLXVI (big blind) folded before Flop
Seat 8: Aflil1966 folded before Flop (didn't bet)
Seat 9: INISHTE folded before Flop (didn't bet)



PokerStars Hand #237365575689:  Hold'em No Limit ($0.01/$0.02 USD) - 2022/07/14 19:13:29 PT [2022/07/14 22:13:29 ET]
Table 'Rotanev III' 9-max Seat #6 is the button
Seat 1: DilicoAK ($1 in chips) 
Seat 2: Dorex2007 ($2 in chips) 
Seat 4: moneyfx ($2.12 in chips) 
Seat 5: frosa9397 ($3.23 in chips) 
Seat 6: fariels07 ($0.49 in chips) 
Seat 7: Asmodeus DCLXVI ($0.78 in chips) 
Seat 8: Aflil1966 ($2.80 in chips) 
Seat 9: INISHTE ($1.15 in chips) 
Asmodeus DCLXVI: posts small blind $0.01
Aflil1966: posts big blind $0.02
*** HOLE CARDS ***
Dealt to Dorex2007 [Ac 5c]
INISHTE: folds 
DilicoAK: raises $0.02 to $0.04
Dorex2007: calls $0.04
moneyfx: calls $0.04
frosa9397: folds 
fariels07: raises $0.02 to $0.06
Asmodeus DCLXVI: folds 
Aflil1966: folds 
DilicoAK: raises $0.94 to $1 and is all-in
Dorex2007: folds 
moneyfx: folds 
fariels07: calls $0.43 and is all-in
Uncalled bet ($0.51) returned to DilicoAK
*** FLOP *** [As 3d Tc]
*** TURN *** [As 3d Tc] [5s]
*** RIVER *** [As 3d Tc 5s] [Kh]
*** SHOW DOWN ***
DilicoAK: shows [Ah Qh] (a pair of Aces)
fariels07: shows [Js Qs] (a straight, Ten to Ace)
fariels07 collected $1.05 from pot
DilicoAK cashed out the hand for $0.73 | Cash Out Fee $0.01
*** SUMMARY ***
Total pot $1.09 | Rake $0.04 
Board [As 3d Tc 5s Kh]
Seat 1: DilicoAK showed [Ah Qh] and lost with a pair of Aces (cashed out).
Seat 2: Dorex2007 folded before Flop
Seat 4: moneyfx folded before Flop
Seat 5: frosa9397 folded before Flop (didn't bet)
Seat 6: fariels07 (button) showed [Js Qs] and won ($1.05) with a straight, Ten to Ace
Seat 7: Asmodeus DCLXVI (small blind) folded before Flop
Seat 8: Aflil1966 (big blind) folded before Flop
Seat 9: INISHTE folded before Flop (didn't bet)



PokerStars Hand #237365594008:  Hold'em No Limit ($0.01/$0.02 USD) - 2022/07/14 19:14:16 PT [2022/07/14 22:14:16 ET]
Table 'Rotanev III' 9-max Seat #7 is the button
Seat 1: DilicoAK ($1.24 in chips) 
Seat 2: Dorex2007 ($2 in chips) 
Seat 3: Scotter6267 ($0.94 in chips) 
Seat 4: moneyfx ($2.08 in chips) 
Seat 5: frosa9397 ($3.23 in chips) 
Seat 6: fariels07 ($1.05 in chips) 
Seat 7: Asmodeus DCLXVI ($0.77 in chips) 
Seat 8: Aflil1966 ($2.78 in chips) 
Seat 9: INISHTE ($1.15 in chips) 
Aflil1966: posts small blind $0.01
INISHTE: posts big blind $0.02
*** HOLE CARDS ***
Dealt to Dorex2007 [9c 9s]
DilicoAK: folds 
Dorex2007: calls $0.02
Scotter6267: calls $0.02
moneyfx: folds 
frosa9397: folds 
fariels07: folds 
Asmodeus DCLXVI: folds 
Aflil1966: folds 
INISHTE: checks 
*** FLOP *** [9d 6h Ac]
INISHTE: checks 
Dorex2007: bets $0.05
Scotter6267: folds 
INISHTE: folds 
Uncalled bet ($0.05) returned to Dorex2007
Dorex2007 collected $0.07 from pot
*** SUMMARY ***
Total pot $0.07 | Rake $0 
Board [9d 6h Ac]
Seat 1: DilicoAK folded before Flop (didn't bet)
Seat 2: Dorex2007 collected ($0.07)
Seat 3: Scotter6267 folded on the Flop
Seat 4: moneyfx folded before Flop (didn't bet)
Seat 5: frosa9397 folded before Flop (didn't bet)
Seat 6: fariels07 folded before Flop (didn't bet)
Seat 7: Asmodeus DCLXVI (button) folded before Flop (didn't bet)
Seat 8: Aflil1966 (small blind) folded before Flop
Seat 9: INISHTE (big blind) folded on the Flop



PokerStars Hand #237365603294:  Hold'em No Limit ($0.01/$0.02 USD) - 2022/07/14 19:15:06 PT [2022/07/14 22:15:06 ET]
Table 'Rotanev III' 9-max Seat #8 is the button
Seat 1: DilicoAK ($1.24 in chips) 
Seat 2: Dorex2007 ($2.05 in chips) 
Seat 4: moneyfx ($2.08 in chips) 
Seat 5: frosa9397 ($3.23 in chips) 
Seat 6: fariels07 ($1.05 in chips) 
Seat 7: Asmodeus DCLXVI ($0.77 in chips) 
Seat 8: Aflil1966 ($2.77 in chips) 
Seat 9: INISHTE ($1.13 in chips) 
INISHTE: posts small blind $0.01
DilicoAK: posts big blind $0.02
*** HOLE CARDS ***
Dealt to Dorex2007 [Ah 9d]
Dorex2007: folds 
moneyfx: folds 
frosa9397: folds 
fariels07: calls $0.02
Asmodeus DCLXVI: folds 
Aflil1966: folds 
INISHTE: folds 
DilicoAK: checks 
*** FLOP *** [Kd 5c 8s]
DilicoAK: checks 
fariels07: bets $0.05
DilicoAK: calls $0.05
*** TURN *** [Kd 5c 8s] [Tc]
DilicoAK: checks 
fariels07: checks 
*** RIVER *** [Kd 5c 8s Tc] [Qc]
DilicoAK: checks 
fariels07: checks 
*** SHOW DOWN ***
DilicoAK: shows [8h Js] (a pair of Eights)
fariels07: mucks hand 
DilicoAK collected $0.14 from pot
*** SUMMARY ***
Total pot $0.15 | Rake $0.01 
Board [Kd 5c 8s Tc Qc]
Seat 1: DilicoAK (big blind) showed [8h Js] and won ($0.14) with a pair of Eights
Seat 2: Dorex2007 folded before Flop (didn't bet)
Seat 4: moneyfx folded before Flop (didn't bet)
Seat 5: frosa9397 folded before Flop (didn't bet)
Seat 6: fariels07 mucked [9s 7s]
Seat 7: Asmodeus DCLXVI folded before Flop (didn't bet)
Seat 8: Aflil1966 (button) folded before Flop (didn't bet)
Seat 9: INISHTE (small blind) folded before Flop



PokerStars Hand #237365615272:  Hold'em No Limit ($0.01/$0.02 USD) - 2022/07/14 19:16:11 PT [2022/07/14 22:16:11 ET]
Table 'Rotanev III' 9-max Seat #9 is the button
Seat 1: DilicoAK ($1.31 in chips) 
Seat 2: Dorex2007 ($2.05 in chips) 
Seat 3: Scotter6267 ($0.92 in chips) 
Seat 4: moneyfx ($2.08 in chips) 
Seat 5: frosa9397 ($3.23 in chips) 
Seat 6: fariels07 ($0.98 in chips) 
Seat 7: Asmodeus DCLXVI ($0.77 in chips) 
Seat 8: Aflil1966 ($2.77 in chips) 
Seat 9: INISHTE ($1.66 in chips) 
DilicoAK: posts small blind $0.01
Dorex2007: posts big blind $0.02
*** HOLE CARDS ***
Dealt to Dorex2007 [2s 2d]
Scotter6267: calls $0.02
moneyfx: folds 
frosa9397 has timed out
frosa9397: folds 
fariels07: calls $0.02
Asmodeus DCLXVI: folds 
Aflil1966: folds 
INISHTE: folds 
DilicoAK: calls $0.01
Dorex2007: checks 
*** FLOP *** [3c 6h Jc]
DilicoAK: checks 
Dorex2007: checks 
Scotter6267: checks 
fariels07: checks 
*** TURN *** [3c 6h Jc] [8h]
DilicoAK: checks 
Dorex2007: bets $0.05
Scotter6267: calls $0.05
fariels07: folds 
DilicoAK: folds 
*** RIVER *** [3c 6h Jc 8h] [8s]
Dorex2007: checks 
Scotter6267: bets $0.06
Dorex2007: folds 
Uncalled bet ($0.06) returned to Scotter6267
Scotter6267 collected $0.17 from pot
*** SUMMARY ***
Total pot $0.18 | Rake $0.01 
Board [3c 6h Jc 8h 8s]
Seat 1: DilicoAK (small blind) folded on the Turn
Seat 2: Dorex2007 (big blind) folded on the River
Seat 3: Scotter6267 collected ($0.17)
Seat 4: moneyfx folded before Flop (didn't bet)
Seat 5: frosa9397 folded before Flop (didn't bet)
Seat 6: fariels07 folded on the Turn
Seat 7: Asmodeus DCLXVI folded before Flop (didn't bet)
Seat 8: Aflil1966 folded before Flop (didn't bet)
Seat 9: INISHTE (button) folded before Flop (didn't bet)



