PokerStars Hand #227258490621:  Hold'em No Limit ($0.01/$0.02 USD) - 2021/06/01 20:18:11 PT [2021/06/01 23:18:11 ET]
Table 'Badenia III' 9-max Seat #5 is the button
Seat 1: ASSINATO ($1.81 in chips) 
Seat 2: felipim94 ($0.45 in chips) 
Seat 3: Dorex2007 ($2 in chips) 
Seat 4: tridmax ($2 in chips) 
Seat 5: rodion063 ($2.30 in chips) 
Seat 6: frosa9397 ($1.55 in chips) 
Seat 7: w3sby ($2.05 in chips) 
Seat 8: Maxis118711 ($2 in chips) 
Seat 9: MarkAvrelij ($2.26 in chips) 
frosa9397: posts small blind $0.01
w3sby: posts big blind $0.02
Dorex2007: posts big blind $0.02
*** HOLE CARDS ***
Dealt to Dorex2007 [Kh 9s]
Maxis118711: folds 
MarkAvrelij: folds 
ASSINATO: raises $0.07 to $0.09
felipim94: folds 
Dorex2007: folds 
tridmax: folds 
rodion063: folds 
frosa9397: folds 
w3sby: calls $0.07
*** FLOP *** [4c Ah Jd]
w3sby: checks 
ASSINATO: bets $0.10
w3sby: folds 
Uncalled bet ($0.10) returned to ASSINATO
ASSINATO collected $0.20 from pot
ASSINATO: doesn't show hand 
*** SUMMARY ***
Total pot $0.21 | Rake $0.01 
Board [4c Ah Jd]
Seat 1: ASSINATO collected ($0.20)
Seat 2: felipim94 folded before Flop (didn't bet)
Seat 3: Dorex2007 folded before Flop (didn't bet)
Seat 4: tridmax folded before Flop (didn't bet)
Seat 5: rodion063 (button) folded before Flop (didn't bet)
Seat 6: frosa9397 (small blind) folded before Flop
Seat 7: w3sby (big blind) folded on the Flop
Seat 8: Maxis118711 folded before Flop (didn't bet)
Seat 9: MarkAvrelij folded before Flop (didn't bet)



PokerStars Hand #227258503408:  Hold'em No Limit ($0.01/$0.02 USD) - 2021/06/01 20:19:16 PT [2021/06/01 23:19:16 ET]
Table 'Badenia III' 9-max Seat #6 is the button
Seat 1: ASSINATO ($1.92 in chips) 
Seat 2: felipim94 ($0.45 in chips) 
Seat 3: Dorex2007 ($1.98 in chips) 
Seat 4: tridmax ($2 in chips) 
Seat 5: rodion063 ($2.30 in chips) 
Seat 6: frosa9397 ($1.54 in chips) 
Seat 7: w3sby ($2 in chips) 
Seat 8: Maxis118711 ($2 in chips) 
Seat 9: MarkAvrelij ($2.26 in chips) 
w3sby: posts small blind $0.01
Maxis118711: posts big blind $0.02
*** HOLE CARDS ***
Dealt to Dorex2007 [6c 5h]
MarkAvrelij: folds 
ASSINATO: calls $0.02
felipim94: calls $0.02
Dorex2007: folds 
tridmax: folds 
rodion063: folds 
frosa9397: folds 
w3sby: folds 
Maxis118711: raises $0.04 to $0.06
ASSINATO: calls $0.04
felipim94: calls $0.04
*** FLOP *** [Qs Kh Th]
Maxis118711: checks 
ASSINATO: checks 
felipim94: bets $0.06
Maxis118711: calls $0.06
ASSINATO: folds 
*** TURN *** [Qs Kh Th] [6d]
Maxis118711: bets $0.10
felipim94: calls $0.10
*** RIVER *** [Qs Kh Th 6d] [Jh]
Maxis118711: bets $0.61
felipim94: calls $0.23 and is all-in
Uncalled bet ($0.38) returned to Maxis118711
*** SHOW DOWN ***
Maxis118711: shows [Ac Jc] (a straight, Ten to Ace)
felipim94: shows [Kc 3c] (a pair of Kings)
Maxis118711 collected $0.94 from pot
*** SUMMARY ***
Total pot $0.97 | Rake $0.03 
Board [Qs Kh Th 6d Jh]
Seat 1: ASSINATO folded on the Flop
Seat 2: felipim94 showed [Kc 3c] and lost with a pair of Kings
Seat 3: Dorex2007 folded before Flop (didn't bet)
Seat 4: tridmax folded before Flop (didn't bet)
Seat 5: rodion063 folded before Flop (didn't bet)
Seat 6: frosa9397 (button) folded before Flop (didn't bet)
Seat 7: w3sby (small blind) folded before Flop
Seat 8: Maxis118711 (big blind) showed [Ac Jc] and won ($0.94) with a straight, Ten to Ace
Seat 9: MarkAvrelij folded before Flop (didn't bet)



PokerStars Hand #227258518538:  Hold'em No Limit ($0.01/$0.02 USD) - 2021/06/01 20:20:35 PT [2021/06/01 23:20:35 ET]
Table 'Badenia III' 9-max Seat #7 is the button
Seat 1: ASSINATO ($1.86 in chips) 
Seat 3: Dorex2007 ($1.98 in chips) 
Seat 4: tridmax ($2 in chips) 
Seat 5: rodion063 ($2.30 in chips) 
Seat 6: frosa9397 ($1.54 in chips) 
Seat 7: w3sby ($2 in chips) 
Seat 8: Maxis118711 ($2.49 in chips) 
Seat 9: MarkAvrelij ($2.26 in chips) 
Maxis118711: posts small blind $0.01
MarkAvrelij: posts big blind $0.02
*** HOLE CARDS ***
Dealt to Dorex2007 [Qc 7h]
ASSINATO: raises $0.02 to $0.04
Dorex2007: folds 
tridmax: folds 
rodion063: folds 
frosa9397: calls $0.04
w3sby: folds 
Maxis118711: folds 
MarkAvrelij: calls $0.02
*** FLOP *** [8c Qh 4c]
MarkAvrelij: checks 
ASSINATO: bets $0.07
frosa9397: calls $0.07
MarkAvrelij: folds 
*** TURN *** [8c Qh 4c] [9c]
felipim94 leaves the table
ASSINATO: bets $0.08
frosa9397: raises $0.08 to $0.16
VMDT. joins the table at seat #2 
ASSINATO: folds 
Uncalled bet ($0.08) returned to frosa9397
frosa9397 collected $0.41 from pot
frosa9397: doesn't show hand 
*** SUMMARY ***
Total pot $0.43 | Rake $0.02 
Board [8c Qh 4c 9c]
Seat 1: ASSINATO folded on the Turn
Seat 3: Dorex2007 folded before Flop (didn't bet)
Seat 4: tridmax folded before Flop (didn't bet)
Seat 5: rodion063 folded before Flop (didn't bet)
Seat 6: frosa9397 collected ($0.41)
Seat 7: w3sby (button) folded before Flop (didn't bet)
Seat 8: Maxis118711 (small blind) folded before Flop
Seat 9: MarkAvrelij (big blind) folded on the Flop



PokerStars Hand #227258529105:  Hold'em No Limit ($0.01/$0.02 USD) - 2021/06/01 20:21:30 PT [2021/06/01 23:21:30 ET]
Table 'Badenia III' 9-max Seat #8 is the button
Seat 1: ASSINATO ($1.67 in chips) 
Seat 2: VMDT. ($2 in chips) 
Seat 3: Dorex2007 ($1.98 in chips) 
Seat 4: tridmax ($2 in chips) 
Seat 5: rodion063 ($2.30 in chips) 
Seat 6: frosa9397 ($1.76 in chips) 
Seat 7: w3sby ($2 in chips) 
Seat 8: Maxis118711 ($2.48 in chips) 
Seat 9: MarkAvrelij ($2.22 in chips) 
MarkAvrelij: posts small blind $0.01
ASSINATO: posts big blind $0.02
VMDT.: posts big blind $0.02
*** HOLE CARDS ***
Dealt to Dorex2007 [Qs Kh]
VMDT.: checks 
Dorex2007: raises $0.02 to $0.04
tridmax: folds 
rodion063: folds 
frosa9397: calls $0.04
w3sby: folds 
Maxis118711: calls $0.04
MarkAvrelij: folds 
ASSINATO: calls $0.02
VMDT.: folds 
*** FLOP *** [Ac 3h Qh]
ASSINATO: checks 
Dorex2007: checks 
frosa9397: checks 
Maxis118711: checks 
*** TURN *** [Ac 3h Qh] [9s]
ASSINATO: checks 
Dorex2007: bets $0.02
frosa9397: folds 
Maxis118711: folds 
ASSINATO: folds 
Uncalled bet ($0.02) returned to Dorex2007
Dorex2007 collected $0.18 from pot
Dorex2007: doesn't show hand 
*** SUMMARY ***
Total pot $0.19 | Rake $0.01 
Board [Ac 3h Qh 9s]
Seat 1: ASSINATO (big blind) folded on the Turn
Seat 2: VMDT. folded before Flop (didn't bet)
Seat 3: Dorex2007 collected ($0.18)
Seat 4: tridmax folded before Flop (didn't bet)
Seat 5: rodion063 folded before Flop (didn't bet)
Seat 6: frosa9397 folded on the Turn
Seat 7: w3sby folded before Flop (didn't bet)
Seat 8: Maxis118711 (button) folded on the Turn
Seat 9: MarkAvrelij (small blind) folded before Flop



PokerStars Hand #227258541915:  Hold'em No Limit ($0.01/$0.02 USD) - 2021/06/01 20:22:37 PT [2021/06/01 23:22:37 ET]
Table 'Badenia III' 9-max Seat #9 is the button
Seat 1: ASSINATO ($1.63 in chips) 
Seat 2: VMDT. ($1.98 in chips) 
Seat 3: Dorex2007 ($2.12 in chips) 
Seat 4: tridmax ($2 in chips) 
Seat 5: rodion063 ($2.30 in chips) 
Seat 6: frosa9397 ($1.72 in chips) 
Seat 7: w3sby ($2 in chips) 
Seat 8: Maxis118711 ($2.44 in chips) 
Seat 9: MarkAvrelij ($2.21 in chips) 
ASSINATO: posts small blind $0.01
VMDT.: posts big blind $0.02
*** HOLE CARDS ***
Dealt to Dorex2007 [3d Qd]
Dorex2007: folds 
tridmax: folds 
rodion063: folds 
frosa9397: folds 
w3sby: folds 
Maxis118711: folds 
MarkAvrelij: folds 
ASSINATO: raises $0.06 to $0.08
VMDT.: folds 
Uncalled bet ($0.06) returned to ASSINATO
ASSINATO collected $0.04 from pot
ASSINATO: doesn't show hand 
*** SUMMARY ***
Total pot $0.04 | Rake $0 
Seat 1: ASSINATO (small blind) collected ($0.04)
Seat 2: VMDT. (big blind) folded before Flop
Seat 3: Dorex2007 folded before Flop (didn't bet)
Seat 4: tridmax folded before Flop (didn't bet)
Seat 5: rodion063 folded before Flop (didn't bet)
Seat 6: frosa9397 folded before Flop (didn't bet)
Seat 7: w3sby folded before Flop (didn't bet)
Seat 8: Maxis118711 folded before Flop (didn't bet)
Seat 9: MarkAvrelij (button) folded before Flop (didn't bet)



PokerStars Hand #227258548358:  Hold'em No Limit ($0.01/$0.02 USD) - 2021/06/01 20:23:10 PT [2021/06/01 23:23:10 ET]
Table 'Badenia III' 9-max Seat #1 is the button
Seat 1: ASSINATO ($1.65 in chips) 
Seat 2: VMDT. ($1.96 in chips) 
Seat 3: Dorex2007 ($2.12 in chips) 
Seat 4: tridmax ($2 in chips) 
Seat 5: rodion063 ($2.30 in chips) 
Seat 6: frosa9397 ($1.72 in chips) 
Seat 7: w3sby ($2 in chips) 
Seat 8: Maxis118711 ($2.44 in chips) 
Seat 9: MarkAvrelij ($2.21 in chips) 
VMDT.: posts small blind $0.01
Dorex2007: posts big blind $0.02
*** HOLE CARDS ***
Dealt to Dorex2007 [Qh 9h]
tridmax: folds 
rodion063: folds 
frosa9397: calls $0.02
w3sby: folds 
Maxis118711: folds 
MarkAvrelij: folds 
ASSINATO: folds 
VMDT.: folds 
Dorex2007: checks 
*** FLOP *** [2h Kd Ah]
Dorex2007: checks 
frosa9397: checks 
*** TURN *** [2h Kd Ah] [Ad]
Dorex2007: bets $0.05
frosa9397: calls $0.05
*** RIVER *** [2h Kd Ah Ad] [5d]
Dorex2007: bets $0.14
frosa9397: folds 
Uncalled bet ($0.14) returned to Dorex2007
Dorex2007 collected $0.14 from pot
Dorex2007: doesn't show hand 
*** SUMMARY ***
Total pot $0.15 | Rake $0.01 
Board [2h Kd Ah Ad 5d]
Seat 1: ASSINATO (button) folded before Flop (didn't bet)
Seat 2: VMDT. (small blind) folded before Flop
Seat 3: Dorex2007 (big blind) collected ($0.14)
Seat 4: tridmax folded before Flop (didn't bet)
Seat 5: rodion063 folded before Flop (didn't bet)
Seat 6: frosa9397 folded on the River
Seat 7: w3sby folded before Flop (didn't bet)
Seat 8: Maxis118711 folded before Flop (didn't bet)
Seat 9: MarkAvrelij folded before Flop (didn't bet)



PokerStars Hand #227258556142:  Hold'em No Limit ($0.01/$0.02 USD) - 2021/06/01 20:23:50 PT [2021/06/01 23:23:50 ET]
Table 'Badenia III' 9-max Seat #2 is the button
Seat 1: ASSINATO ($1.65 in chips) 
Seat 2: VMDT. ($1.95 in chips) 
Seat 3: Dorex2007 ($2.19 in chips) 
Seat 4: tridmax ($2 in chips) 
Seat 5: rodion063 ($2.30 in chips) 
Seat 6: frosa9397 ($1.65 in chips) 
Seat 7: w3sby ($2 in chips) 
Seat 8: Maxis118711 ($2.44 in chips) 
Seat 9: MarkAvrelij ($2.21 in chips) 
Dorex2007: posts small blind $0.01
tridmax: posts big blind $0.02
*** HOLE CARDS ***
Dealt to Dorex2007 [Qd Jd]
rodion063: folds 
frosa9397: folds 
w3sby: folds 
Maxis118711 has timed out
Maxis118711: folds 
MarkAvrelij: folds 
ASSINATO: raises $0.04 to $0.06
VMDT.: folds 
Dorex2007: calls $0.05
tridmax: folds 
*** FLOP *** [5d 9d 7h]
Dorex2007: bets $0.14
ASSINATO: calls $0.14
*** TURN *** [5d 9d 7h] [Qs]
Dorex2007: bets $0.41
ASSINATO: folds 
Uncalled bet ($0.41) returned to Dorex2007
Dorex2007 collected $0.41 from pot
Dorex2007: doesn't show hand 
*** SUMMARY ***
Total pot $0.42 | Rake $0.01 
Board [5d 9d 7h Qs]
Seat 1: ASSINATO folded on the Turn
Seat 2: VMDT. (button) folded before Flop (didn't bet)
Seat 3: Dorex2007 (small blind) collected ($0.41)
Seat 4: tridmax (big blind) folded before Flop
Seat 5: rodion063 folded before Flop (didn't bet)
Seat 6: frosa9397 folded before Flop (didn't bet)
Seat 7: w3sby folded before Flop (didn't bet)
Seat 8: Maxis118711 folded before Flop (didn't bet)
Seat 9: MarkAvrelij folded before Flop (didn't bet)



PokerStars Hand #227258569418:  Hold'em No Limit ($0.01/$0.02 USD) - 2021/06/01 20:24:59 PT [2021/06/01 23:24:59 ET]
Table 'Badenia III' 9-max Seat #3 is the button
Seat 1: ASSINATO ($1.45 in chips) 
Seat 2: VMDT. ($1.95 in chips) 
Seat 3: Dorex2007 ($2.40 in chips) 
Seat 4: tridmax ($2 in chips) 
Seat 5: rodion063 ($2.30 in chips) 
Seat 6: frosa9397 ($1.65 in chips) 
Seat 7: w3sby ($2 in chips) 
Seat 8: Maxis118711 ($2.44 in chips) 
Seat 9: MarkAvrelij ($2.21 in chips) 
tridmax: posts small blind $0.01
rodion063: posts big blind $0.02
*** HOLE CARDS ***
Dealt to Dorex2007 [7c Th]
frosa9397: folds 
w3sby: folds 
Maxis118711: folds 
MarkAvrelij: folds 
ASSINATO: raises $0.06 to $0.08
VMDT.: folds 
Dorex2007: folds 
tridmax: folds 
rodion063: calls $0.06
*** FLOP *** [6s Jc 6c]
rodion063: checks 
ASSINATO: checks 
*** TURN *** [6s Jc 6c] [4h]
rodion063: bets $0.10
ASSINATO: folds 
Uncalled bet ($0.10) returned to rodion063
rodion063 collected $0.16 from pot
*** SUMMARY ***
Total pot $0.17 | Rake $0.01 
Board [6s Jc 6c 4h]
Seat 1: ASSINATO folded on the Turn
Seat 2: VMDT. folded before Flop (didn't bet)
Seat 3: Dorex2007 (button) folded before Flop (didn't bet)
Seat 4: tridmax (small blind) folded before Flop
Seat 5: rodion063 (big blind) collected ($0.16)
Seat 6: frosa9397 folded before Flop (didn't bet)
Seat 7: w3sby folded before Flop (didn't bet)
Seat 8: Maxis118711 folded before Flop (didn't bet)
Seat 9: MarkAvrelij folded before Flop (didn't bet)



PokerStars Hand #227258580355:  Hold'em No Limit ($0.01/$0.02 USD) - 2021/06/01 20:25:56 PT [2021/06/01 23:25:56 ET]
Table 'Badenia III' 9-max Seat #4 is the button
Seat 1: ASSINATO ($1.37 in chips) 
Seat 2: VMDT. ($1.95 in chips) 
Seat 3: Dorex2007 ($2.40 in chips) 
Seat 4: tridmax ($2 in chips) 
Seat 5: rodion063 ($2.38 in chips) 
Seat 6: frosa9397 ($1.65 in chips) 
Seat 7: w3sby ($2 in chips) 
Seat 8: Maxis118711 ($2.44 in chips) 
Seat 9: MarkAvrelij ($2.21 in chips) 
rodion063: posts small blind $0.01
frosa9397: posts big blind $0.02
*** HOLE CARDS ***
Dealt to Dorex2007 [Jd 3d]
w3sby: folds 
Maxis118711: folds 
MarkAvrelij: folds 
MarkAvrelij leaves the table
ASSINATO: folds 
VMDT.: folds 
Dorex2007: folds 
tridmax: folds 
rodion063: raises $0.04 to $0.06
frosa9397: folds 
Uncalled bet ($0.04) returned to rodion063
Xósem joins the table at seat #9 
rodion063 collected $0.04 from pot
*** SUMMARY ***
Total pot $0.04 | Rake $0 
Seat 1: ASSINATO folded before Flop (didn't bet)
Seat 2: VMDT. folded before Flop (didn't bet)
Seat 3: Dorex2007 folded before Flop (didn't bet)
Seat 4: tridmax (button) folded before Flop (didn't bet)
Seat 5: rodion063 (small blind) collected ($0.04)
Seat 6: frosa9397 (big blind) folded before Flop
Seat 7: w3sby folded before Flop (didn't bet)
Seat 8: Maxis118711 folded before Flop (didn't bet)
Seat 9: MarkAvrelij folded before Flop (didn't bet)



PokerStars Hand #227258585898:  Hold'em No Limit ($0.01/$0.02 USD) - 2021/06/01 20:26:25 PT [2021/06/01 23:26:25 ET]
Table 'Badenia III' 9-max Seat #5 is the button
Seat 1: ASSINATO ($1.37 in chips) 
Seat 2: VMDT. ($1.95 in chips) 
Seat 3: Dorex2007 ($2.40 in chips) 
Seat 4: tridmax ($2 in chips) 
Seat 5: rodion063 ($2.40 in chips) 
Seat 6: frosa9397 ($1.63 in chips) 
Seat 7: w3sby ($2 in chips) 
Seat 8: Maxis118711 ($2.44 in chips) 
frosa9397: posts small blind $0.01
w3sby: posts big blind $0.02
Xósem: sits out 
*** HOLE CARDS ***
Dealt to Dorex2007 [9s Ac]
Maxis118711 is disconnected 
Maxis118711 has timed out while being disconnected
Maxis118711: folds 
ASSINATO: raises $0.08 to $0.10
VMDT.: folds 
Dorex2007: folds 
tridmax: folds 
rodion063: folds 
frosa9397: folds 
w3sby: folds 
Uncalled bet ($0.08) returned to ASSINATO
ASSINATO collected $0.05 from pot
ASSINATO: doesn't show hand 
*** SUMMARY ***
Total pot $0.05 | Rake $0 
Seat 1: ASSINATO collected ($0.05)
Seat 2: VMDT. folded before Flop (didn't bet)
Seat 3: Dorex2007 folded before Flop (didn't bet)
Seat 4: tridmax folded before Flop (didn't bet)
Seat 5: rodion063 (button) folded before Flop (didn't bet)
Seat 6: frosa9397 (small blind) folded before Flop
Seat 7: w3sby (big blind) folded before Flop
Seat 8: Maxis118711 folded before Flop (didn't bet)



PokerStars Hand #227258593693:  Hold'em No Limit ($0.01/$0.02 USD) - 2021/06/01 20:27:06 PT [2021/06/01 23:27:06 ET]
Table 'Badenia III' 9-max Seat #6 is the button
Seat 1: ASSINATO ($1.40 in chips) 
Seat 2: VMDT. ($1.95 in chips) 
Seat 3: Dorex2007 ($2.40 in chips) 
Seat 4: tridmax ($2 in chips) 
Seat 5: rodion063 ($2.40 in chips) 
Seat 6: frosa9397 ($1.62 in chips) 
Seat 7: w3sby ($2 in chips) 
Seat 9: Xósem ($1 in chips) 
w3sby: posts small blind $0.01
Xósem: posts big blind $0.02
*** HOLE CARDS ***
Dealt to Dorex2007 [5s 6d]
ASSINATO: folds 
VMDT.: folds 
Dorex2007: folds 
tridmax: folds 
rodion063: raises $0.04 to $0.06
frosa9397: folds 
w3sby: folds 
Xósem: folds 
Uncalled bet ($0.04) returned to rodion063
rodion063 collected $0.05 from pot
*** SUMMARY ***
Total pot $0.05 | Rake $0 
Seat 1: ASSINATO folded before Flop (didn't bet)
Seat 2: VMDT. folded before Flop (didn't bet)
Seat 3: Dorex2007 folded before Flop (didn't bet)
Seat 4: tridmax folded before Flop (didn't bet)
Seat 5: rodion063 collected ($0.05)
Seat 6: frosa9397 (button) folded before Flop (didn't bet)
Seat 7: w3sby (small blind) folded before Flop
Seat 9: Xósem (big blind) folded before Flop



PokerStars Hand #227258597842:  Hold'em No Limit ($0.01/$0.02 USD) - 2021/06/01 20:27:27 PT [2021/06/01 23:27:27 ET]
Table 'Badenia III' 9-max Seat #7 is the button
Seat 1: ASSINATO ($1.40 in chips) 
Seat 2: VMDT. ($1.95 in chips) 
Seat 3: Dorex2007 ($2.40 in chips) 
Seat 4: tridmax ($2 in chips) 
Seat 5: rodion063 ($2.43 in chips) 
Seat 6: frosa9397 ($1.62 in chips) 
Seat 7: w3sby ($2 in chips) 
Seat 9: Xósem ($0.98 in chips) 
Xósem: posts small blind $0.01
ASSINATO: posts big blind $0.02
*** HOLE CARDS ***
Dealt to Dorex2007 [Qc 6h]
VMDT.: folds 
Dorex2007: folds 
tridmax: folds 
rodion063: folds 
frosa9397: folds 
w3sby: raises $0.04 to $0.06
Xósem: folds 
ASSINATO: folds 
Uncalled bet ($0.04) returned to w3sby
w3sby collected $0.05 from pot
w3sby: doesn't show hand 
*** SUMMARY ***
Total pot $0.05 | Rake $0 
Seat 1: ASSINATO (big blind) folded before Flop
Seat 2: VMDT. folded before Flop (didn't bet)
Seat 3: Dorex2007 folded before Flop (didn't bet)
Seat 4: tridmax folded before Flop (didn't bet)
Seat 5: rodion063 folded before Flop (didn't bet)
Seat 6: frosa9397 folded before Flop (didn't bet)
Seat 7: w3sby (button) collected ($0.05)
Seat 9: Xósem (small blind) folded before Flop



PokerStars Hand #227258603856:  Hold'em No Limit ($0.01/$0.02 USD) - 2021/06/01 20:27:59 PT [2021/06/01 23:27:59 ET]
Table 'Badenia III' 9-max Seat #9 is the button
Seat 1: ASSINATO ($1.38 in chips) 
Seat 2: VMDT. ($1.95 in chips) 
Seat 3: Dorex2007 ($2.40 in chips) 
Seat 4: tridmax ($2 in chips) 
Seat 5: rodion063 ($2.43 in chips) 
Seat 6: frosa9397 ($1.62 in chips) 
Seat 7: w3sby ($2.03 in chips) 
Seat 9: Xósem ($0.97 in chips) 
ASSINATO: posts small blind $0.01
VMDT.: posts big blind $0.02
*** HOLE CARDS ***
Dealt to Dorex2007 [2d 4s]
Dorex2007: folds 
tridmax: folds 
rodion063: folds 
frosa9397: folds 
w3sby: folds 
Xósem: folds 
ASSINATO: folds 
Uncalled bet ($0.01) returned to VMDT.
VMDT. collected $0.02 from pot
VMDT.: doesn't show hand 
*** SUMMARY ***
Total pot $0.02 | Rake $0 
Seat 1: ASSINATO (small blind) folded before Flop
Seat 2: VMDT. (big blind) collected ($0.02)
Seat 3: Dorex2007 folded before Flop (didn't bet)
Seat 4: tridmax folded before Flop (didn't bet)
Seat 5: rodion063 folded before Flop (didn't bet)
Seat 6: frosa9397 folded before Flop (didn't bet)
Seat 7: w3sby folded before Flop (didn't bet)
Seat 9: Xósem (button) folded before Flop (didn't bet)



PokerStars Hand #227258608524:  Hold'em No Limit ($0.01/$0.02 USD) - 2021/06/01 20:28:23 PT [2021/06/01 23:28:23 ET]
Table 'Badenia III' 9-max Seat #1 is the button
Seat 1: ASSINATO ($1.37 in chips) 
Seat 2: VMDT. ($1.96 in chips) 
Seat 3: Dorex2007 ($2.40 in chips) 
Seat 4: tridmax ($2 in chips) 
Seat 5: rodion063 ($2.43 in chips) 
Seat 6: frosa9397 ($1.62 in chips) 
Seat 7: w3sby ($2.03 in chips) 
Seat 9: Xósem ($0.97 in chips) 
VMDT.: posts small blind $0.01
Dorex2007: posts big blind $0.02
*** HOLE CARDS ***
Dealt to Dorex2007 [Jc 5d]
tridmax: folds 
rodion063: folds 
frosa9397: folds 
w3sby: folds 
Xósem: raises $0.04 to $0.06
ASSINATO: raises $0.15 to $0.21
VMDT.: calls $0.20
Dorex2007: folds 
Xósem: folds 
*** FLOP *** [7h 8h 2h]
VMDT.: checks 
ASSINATO: bets $0.48
VMDT.: folds 
Uncalled bet ($0.48) returned to ASSINATO
ASSINATO collected $0.48 from pot
ASSINATO: doesn't show hand 
*** SUMMARY ***
Total pot $0.50 | Rake $0.02 
Board [7h 8h 2h]
Seat 1: ASSINATO (button) collected ($0.48)
Seat 2: VMDT. (small blind) folded on the Flop
Seat 3: Dorex2007 (big blind) folded before Flop
Seat 4: tridmax folded before Flop (didn't bet)
Seat 5: rodion063 folded before Flop (didn't bet)
Seat 6: frosa9397 folded before Flop (didn't bet)
Seat 7: w3sby folded before Flop (didn't bet)
Seat 9: Xósem folded before Flop



PokerStars Hand #227258616422:  Hold'em No Limit ($0.01/$0.02 USD) - 2021/06/01 20:29:05 PT [2021/06/01 23:29:05 ET]
Table 'Badenia III' 9-max Seat #2 is the button
Seat 1: ASSINATO ($1.64 in chips) 
Seat 2: VMDT. ($1.75 in chips) 
Seat 3: Dorex2007 ($2.38 in chips) 
Seat 4: tridmax ($2 in chips) 
Seat 5: rodion063 ($2.43 in chips) 
Seat 6: frosa9397 ($1.62 in chips) 
Seat 7: w3sby ($2.03 in chips) 
Seat 9: Xósem ($0.91 in chips) 
Dorex2007: posts small blind $0.01
tridmax: posts big blind $0.02
*** HOLE CARDS ***
Dealt to Dorex2007 [Jd Qh]
rodion063: folds 
frosa9397: calls $0.02
w3sby: folds 
Xósem: folds 
ASSINATO: raises $0.02 to $0.04
VMDT.: folds 
Dorex2007: calls $0.03
tridmax: raises $0.16 to $0.20
frosa9397: folds 
ASSINATO: calls $0.16
Dorex2007: folds 
*** FLOP *** [Th 4s Jh]
tridmax: bets $0.22
ASSINATO: calls $0.22
*** TURN *** [Th 4s Jh] [2s]
tridmax: bets $0.65
ASSINATO: folds 
Uncalled bet ($0.65) returned to tridmax
tridmax collected $0.87 from pot
tridmax: doesn't show hand 
*** SUMMARY ***
Total pot $0.90 | Rake $0.03 
Board [Th 4s Jh 2s]
Seat 1: ASSINATO folded on the Turn
Seat 2: VMDT. (button) folded before Flop (didn't bet)
Seat 3: Dorex2007 (small blind) folded before Flop
Seat 4: tridmax (big blind) collected ($0.87)
Seat 5: rodion063 folded before Flop (didn't bet)
Seat 6: frosa9397 folded before Flop
Seat 7: w3sby folded before Flop (didn't bet)
Seat 9: Xósem folded before Flop (didn't bet)



PokerStars Hand #227258637788:  Hold'em No Limit ($0.01/$0.02 USD) - 2021/06/01 20:30:22 PT [2021/06/01 23:30:22 ET]
Table 'Badenia III' 9-max Seat #3 is the button
Seat 1: ASSINATO ($1.22 in chips) 
Seat 2: VMDT. ($1.75 in chips) 
Seat 3: Dorex2007 ($2.34 in chips) 
Seat 4: tridmax ($2.45 in chips) 
Seat 5: rodion063 ($2.43 in chips) 
Seat 6: frosa9397 ($1.60 in chips) 
Seat 7: w3sby ($2.03 in chips) 
Seat 9: Xósem ($0.91 in chips) 
tridmax: posts small blind $0.01
rodion063: posts big blind $0.02
*** HOLE CARDS ***
Dealt to Dorex2007 [9d 7h]
frosa9397: folds 
w3sby: folds 
Xósem: folds 
ASSINATO: calls $0.02
VMDT.: calls $0.02
Dorex2007: folds 
tridmax: folds 
rodion063: checks 
*** FLOP *** [5h As Jh]
rodion063: checks 
ASSINATO: checks 
VMDT.: checks 
*** TURN *** [5h As Jh] [4c]
rodion063: checks 
ASSINATO: bets $0.06
VMDT.: folds 
rodion063: folds 
Uncalled bet ($0.06) returned to ASSINATO
ASSINATO collected $0.07 from pot
ASSINATO: doesn't show hand 
*** SUMMARY ***
Total pot $0.07 | Rake $0 
Board [5h As Jh 4c]
Seat 1: ASSINATO collected ($0.07)
Seat 2: VMDT. folded on the Turn
Seat 3: Dorex2007 (button) folded before Flop (didn't bet)
Seat 4: tridmax (small blind) folded before Flop
Seat 5: rodion063 (big blind) folded on the Turn
Seat 6: frosa9397 folded before Flop (didn't bet)
Seat 7: w3sby folded before Flop (didn't bet)
Seat 9: Xósem folded before Flop (didn't bet)



PokerStars Hand #227258645283:  Hold'em No Limit ($0.01/$0.02 USD) - 2021/06/01 20:31:02 PT [2021/06/01 23:31:02 ET]
Table 'Badenia III' 9-max Seat #4 is the button
Seat 1: ASSINATO ($1.27 in chips) 
Seat 2: VMDT. ($1.73 in chips) 
Seat 3: Dorex2007 ($2.34 in chips) 
Seat 4: tridmax ($2.44 in chips) 
Seat 5: rodion063 ($2.41 in chips) 
Seat 6: frosa9397 ($1.60 in chips) 
Seat 7: w3sby ($2.03 in chips) 
Seat 8: Maxis118711 ($2.44 in chips) 
Seat 9: Xósem ($0.91 in chips) 
rodion063: posts small blind $0.01
frosa9397: posts big blind $0.02
Maxis118711: posts small & big blinds $0.03
*** HOLE CARDS ***
Dealt to Dorex2007 [3s 9d]
w3sby: folds 
Maxis118711: checks 
Xósem: calls $0.02
ASSINATO: calls $0.02
VMDT.: folds 
Dorex2007: folds 
tridmax: folds 
rodion063: calls $0.01
frosa9397: checks 
*** FLOP *** [Ad Qs Js]
rodion063: checks 
frosa9397: checks 
Maxis118711: checks 
Xósem: bets $0.06
ASSINATO: calls $0.06
rodion063: calls $0.06
frosa9397: folds 
Maxis118711: folds 
*** TURN *** [Ad Qs Js] [Qc]
rodion063: checks 
Xósem: bets $0.10
ASSINATO: calls $0.10
rodion063: folds 
*** RIVER *** [Ad Qs Js Qc] [5c]
Xósem: checks 
ASSINATO: bets $0.24
Xósem: calls $0.24
*** SHOW DOWN ***
ASSINATO: shows [7d Jd] (two pair, Queens and Jacks)
Xósem: shows [As 7s] (two pair, Aces and Queens)
Xósem collected $0.94 from pot
*** SUMMARY ***
Total pot $0.97 | Rake $0.03 
Board [Ad Qs Js Qc 5c]
Seat 1: ASSINATO showed [7d Jd] and lost with two pair, Queens and Jacks
Seat 2: VMDT. folded before Flop (didn't bet)
Seat 3: Dorex2007 folded before Flop (didn't bet)
Seat 4: tridmax (button) folded before Flop (didn't bet)
Seat 5: rodion063 (small blind) folded on the Turn
Seat 6: frosa9397 (big blind) folded on the Flop
Seat 7: w3sby folded before Flop (didn't bet)
Seat 8: Maxis118711 folded on the Flop (didn't bet)
Seat 9: Xósem showed [As 7s] and won ($0.94) with two pair, Aces and Queens



PokerStars Hand #227258667929:  Hold'em No Limit ($0.01/$0.02 USD) - 2021/06/01 20:33:03 PT [2021/06/01 23:33:03 ET]
Table 'Badenia III' 9-max Seat #5 is the button
Seat 1: ASSINATO ($0.85 in chips) 
Seat 2: VMDT. ($1.73 in chips) 
Seat 3: Dorex2007 ($2.34 in chips) 
Seat 4: tridmax ($2.44 in chips) 
Seat 5: rodion063 ($2.33 in chips) 
Seat 6: frosa9397 ($1.58 in chips) 
Seat 7: w3sby ($2.03 in chips) 
Seat 8: Maxis118711 ($2.41 in chips) 
Seat 9: Xósem ($1.43 in chips) 
frosa9397: posts small blind $0.01
w3sby: posts big blind $0.02
*** HOLE CARDS ***
Dealt to Dorex2007 [9s 2c]
Maxis118711: folds 
Xósem: folds 
ASSINATO: calls $0.02
VMDT.: calls $0.02
Dorex2007: folds 
tridmax: folds 
rodion063: folds 
frosa9397: calls $0.01
w3sby: checks 
*** FLOP *** [Td 2h Th]
frosa9397: checks 
w3sby: bets $0.06
ASSINATO: calls $0.06
VMDT.: calls $0.06
frosa9397: folds 
*** TURN *** [Td 2h Th] [Jh]
w3sby: checks 
ASSINATO: bets $0.08
VMDT.: calls $0.08
w3sby: calls $0.08
*** RIVER *** [Td 2h Th Jh] [Ac]
w3sby: checks 
ASSINATO: bets $0.24
VMDT.: folds 
w3sby: folds 
Uncalled bet ($0.24) returned to ASSINATO
ASSINATO collected $0.48 from pot
ASSINATO: doesn't show hand 
*** SUMMARY ***
Total pot $0.50 | Rake $0.02 
Board [Td 2h Th Jh Ac]
Seat 1: ASSINATO collected ($0.48)
Seat 2: VMDT. folded on the River
Seat 3: Dorex2007 folded before Flop (didn't bet)
Seat 4: tridmax folded before Flop (didn't bet)
Seat 5: rodion063 (button) folded before Flop (didn't bet)
Seat 6: frosa9397 (small blind) folded on the Flop
Seat 7: w3sby (big blind) folded on the River
Seat 8: Maxis118711 folded before Flop (didn't bet)
Seat 9: Xósem folded before Flop (didn't bet)



PokerStars Hand #227258681496:  Hold'em No Limit ($0.01/$0.02 USD) - 2021/06/01 20:34:17 PT [2021/06/01 23:34:17 ET]
Table 'Badenia III' 9-max Seat #6 is the button
Seat 1: ASSINATO ($1.17 in chips) 
Seat 2: VMDT. ($1.57 in chips) 
Seat 3: Dorex2007 ($2.34 in chips) 
Seat 4: tridmax ($2.44 in chips) 
Seat 5: rodion063 ($2.33 in chips) 
Seat 6: frosa9397 ($1.56 in chips) 
Seat 7: w3sby ($2 in chips) 
Seat 8: Maxis118711 ($2.41 in chips) 
Seat 9: Xósem ($1.43 in chips) 
w3sby: posts small blind $0.01
Maxis118711: posts big blind $0.02
*** HOLE CARDS ***
Dealt to Dorex2007 [7c 6c]
Xósem: folds 
ASSINATO: folds 
VMDT.: folds 
Dorex2007: folds 
tridmax: folds 
rodion063: raises $0.04 to $0.06
frosa9397: calls $0.06
w3sby: folds 
Maxis118711: folds 
*** FLOP *** [Jc Qc 9s]
rodion063: bets $0.07
VMDT. leaves the table
frosa9397: folds 
Uncalled bet ($0.07) returned to rodion063
rodion063 collected $0.14 from pot
*** SUMMARY ***
Total pot $0.15 | Rake $0.01 
Board [Jc Qc 9s]
Seat 1: ASSINATO folded before Flop (didn't bet)
Seat 2: VMDT. folded before Flop (didn't bet)
Seat 3: Dorex2007 folded before Flop (didn't bet)
Seat 4: tridmax folded before Flop (didn't bet)
Seat 5: rodion063 collected ($0.14)
Seat 6: frosa9397 (button) folded on the Flop
Seat 7: w3sby (small blind) folded before Flop
Seat 8: Maxis118711 (big blind) folded before Flop
Seat 9: Xósem folded before Flop (didn't bet)



PokerStars Hand #227258687927:  Hold'em No Limit ($0.01/$0.02 USD) - 2021/06/01 20:34:52 PT [2021/06/01 23:34:52 ET]
Table 'Badenia III' 9-max Seat #7 is the button
Seat 1: ASSINATO ($1.17 in chips) 
Seat 3: Dorex2007 ($2.34 in chips) 
Seat 4: tridmax ($2.44 in chips) 
Seat 5: rodion063 ($2.41 in chips) 
Seat 6: frosa9397 ($1.50 in chips) 
Seat 7: w3sby ($2 in chips) 
Seat 8: Maxis118711 ($2.39 in chips) 
Seat 9: Xósem ($1.43 in chips) 
Maxis118711: posts small blind $0.01
Xósem: posts big blind $0.02
*** HOLE CARDS ***
Dealt to Dorex2007 [Qs 3d]
ASSINATO: raises $0.05 to $0.07
Dorex2007: folds 
tridmax: folds 
rodion063: folds 
frosa9397: calls $0.07
w3sby: folds 
Maxis118711: folds 
DaiSakana joins the table at seat #2 
Xósem: calls $0.05
*** FLOP *** [2c 9s 2h]
Xósem: bets $0.04
ASSINATO: calls $0.04
frosa9397: calls $0.04
*** TURN *** [2c 9s 2h] [Ad]
Xósem: checks 
ASSINATO: checks 
frosa9397: checks 
*** RIVER *** [2c 9s 2h Ad] [2s]
Xósem: checks 
ASSINATO: bets $0.10
frosa9397: folds 
Xósem: calls $0.10
*** SHOW DOWN ***
ASSINATO: shows [Ks Ts] (three of a kind, Deuces)
Xósem: shows [Tc 9c] (a full house, Deuces full of Nines)
Xósem collected $0.52 from pot
*** SUMMARY ***
Total pot $0.54 | Rake $0.02 
Board [2c 9s 2h Ad 2s]
Seat 1: ASSINATO showed [Ks Ts] and lost with three of a kind, Deuces
Seat 3: Dorex2007 folded before Flop (didn't bet)
Seat 4: tridmax folded before Flop (didn't bet)
Seat 5: rodion063 folded before Flop (didn't bet)
Seat 6: frosa9397 folded on the River
Seat 7: w3sby (button) folded before Flop (didn't bet)
Seat 8: Maxis118711 (small blind) folded before Flop
Seat 9: Xósem (big blind) showed [Tc 9c] and won ($0.52) with a full house, Deuces full of Nines



PokerStars Hand #227258704894:  Hold'em No Limit ($0.01/$0.02 USD) - 2021/06/01 20:36:22 PT [2021/06/01 23:36:22 ET]
Table 'Badenia III' 9-max Seat #8 is the button
Seat 1: ASSINATO ($0.96 in chips) 
Seat 3: Dorex2007 ($2.34 in chips) 
Seat 4: tridmax ($2.44 in chips) 
Seat 5: rodion063 ($2.41 in chips) 
Seat 6: frosa9397 ($1.39 in chips) 
Seat 7: w3sby ($2 in chips) 
Seat 8: Maxis118711 ($2.38 in chips) 
Seat 9: Xósem ($1.74 in chips) 
Xósem: posts small blind $0.01
ASSINATO: posts big blind $0.02
DaiSakana: sits out 
*** HOLE CARDS ***
Dealt to Dorex2007 [Jc 8h]
Dorex2007: folds 
tridmax: folds 
rodion063: raises $0.04 to $0.06
frosa9397: folds 
w3sby: folds 
Maxis118711: folds 
Xósem: folds 
ASSINATO: calls $0.04
*** FLOP *** [2s 4c Ad]
ASSINATO: checks 
rodion063: checks 
*** TURN *** [2s 4c Ad] [8s]
ASSINATO: bets $0.02
rodion063: raises $0.09 to $0.11
ASSINATO: calls $0.09
*** RIVER *** [2s 4c Ad 8s] [9s]
ASSINATO: checks 
rodion063: bets $0.20
ASSINATO: folds 
Uncalled bet ($0.20) returned to rodion063
rodion063 collected $0.34 from pot
*** SUMMARY ***
Total pot $0.35 | Rake $0.01 
Board [2s 4c Ad 8s 9s]
Seat 1: ASSINATO (big blind) folded on the River
Seat 3: Dorex2007 folded before Flop (didn't bet)
Seat 4: tridmax folded before Flop (didn't bet)
Seat 5: rodion063 collected ($0.34)
Seat 6: frosa9397 folded before Flop (didn't bet)
Seat 7: w3sby folded before Flop (didn't bet)
Seat 8: Maxis118711 (button) folded before Flop (didn't bet)
Seat 9: Xósem (small blind) folded before Flop



PokerStars Hand #227258724811:  Hold'em No Limit ($0.01/$0.02 USD) - 2021/06/01 20:37:17 PT [2021/06/01 23:37:17 ET]
Table 'Badenia III' 9-max Seat #9 is the button
Seat 1: ASSINATO ($0.79 in chips) 
Seat 2: DaiSakana ($2 in chips) 
Seat 3: Dorex2007 ($2.34 in chips) 
Seat 4: tridmax ($2.44 in chips) 
Seat 5: rodion063 ($2.58 in chips) 
Seat 6: frosa9397 ($1.39 in chips) 
Seat 7: w3sby ($2 in chips) 
Seat 8: Maxis118711 ($2.38 in chips) 
Seat 9: Xósem ($1.73 in chips) 
ASSINATO: posts small blind $0.01
DaiSakana: posts big blind $0.02
*** HOLE CARDS ***
Dealt to Dorex2007 [9h As]
Dorex2007: folds 
tridmax: folds 
rodion063: folds 
frosa9397: folds 
w3sby: folds 
Maxis118711: folds 
Xósem: folds 
ASSINATO: calls $0.01
DaiSakana: checks 
*** FLOP *** [4c 2c 3d]
ASSINATO: bets $0.04
DaiSakana: folds 
Uncalled bet ($0.04) returned to ASSINATO
ASSINATO collected $0.04 from pot
ASSINATO: doesn't show hand 
*** SUMMARY ***
Total pot $0.04 | Rake $0 
Board [4c 2c 3d]
Seat 1: ASSINATO (small blind) collected ($0.04)
Seat 2: DaiSakana (big blind) folded on the Flop
Seat 3: Dorex2007 folded before Flop (didn't bet)
Seat 4: tridmax folded before Flop (didn't bet)
Seat 5: rodion063 folded before Flop (didn't bet)
Seat 6: frosa9397 folded before Flop (didn't bet)
Seat 7: w3sby folded before Flop (didn't bet)
Seat 8: Maxis118711 folded before Flop (didn't bet)
Seat 9: Xósem (button) folded before Flop (didn't bet)



PokerStars Hand #227258732268:  Hold'em No Limit ($0.01/$0.02 USD) - 2021/06/01 20:37:57 PT [2021/06/01 23:37:57 ET]
Table 'Badenia III' 9-max Seat #1 is the button
Seat 1: ASSINATO ($0.81 in chips) 
Seat 2: DaiSakana ($2 in chips) 
Seat 3: Dorex2007 ($2.34 in chips) 
Seat 4: tridmax ($2.44 in chips) 
Seat 5: rodion063 ($2.58 in chips) 
Seat 6: frosa9397 ($1.39 in chips) 
Seat 7: w3sby ($2 in chips) 
Seat 8: Maxis118711 ($2.38 in chips) 
Seat 9: Xósem ($1.73 in chips) 
DaiSakana: posts small blind $0.01
Dorex2007: posts big blind $0.02
*** HOLE CARDS ***
Dealt to Dorex2007 [2s Tc]
tridmax has timed out
tridmax: folds 
rodion063: folds 
frosa9397: raises $0.05 to $0.07
w3sby: folds 
Maxis118711: folds 
Xósem: folds 
ASSINATO: folds 
DaiSakana: folds 
Dorex2007: folds 
Uncalled bet ($0.05) returned to frosa9397
frosa9397 collected $0.05 from pot
frosa9397: doesn't show hand 
*** SUMMARY ***
Total pot $0.05 | Rake $0 
Seat 1: ASSINATO (button) folded before Flop (didn't bet)
Seat 2: DaiSakana (small blind) folded before Flop
Seat 3: Dorex2007 (big blind) folded before Flop
Seat 4: tridmax folded before Flop (didn't bet)
Seat 5: rodion063 folded before Flop (didn't bet)
Seat 6: frosa9397 collected ($0.05)
Seat 7: w3sby folded before Flop (didn't bet)
Seat 8: Maxis118711 folded before Flop (didn't bet)
Seat 9: Xósem folded before Flop (didn't bet)



PokerStars Hand #227258740293:  Hold'em No Limit ($0.01/$0.02 USD) - 2021/06/01 20:38:41 PT [2021/06/01 23:38:41 ET]
Table 'Badenia III' 9-max Seat #2 is the button
Seat 1: ASSINATO ($0.81 in chips) 
Seat 2: DaiSakana ($2 in chips) 
Seat 3: Dorex2007 ($2.32 in chips) 
Seat 5: rodion063 ($2.58 in chips) 
Seat 6: frosa9397 ($1.42 in chips) 
Seat 7: w3sby ($2 in chips) 
Seat 8: Maxis118711 ($2.38 in chips) 
Seat 9: Xósem ($1.73 in chips) 
Dorex2007: posts small blind $0.01
rodion063: posts big blind $0.02
*** HOLE CARDS ***
Dealt to Dorex2007 [9d 5c]
frosa9397: calls $0.02
w3sby: folds 
Maxis118711: folds 
Xósem: folds 
ASSINATO: folds 
DaiSakana: folds 
Dorex2007: folds 
rodion063: raises $0.06 to $0.08
frosa9397: calls $0.06
*** FLOP *** [4s 9h Th]
rodion063: bets $0.08
frosa9397: folds 
Uncalled bet ($0.08) returned to rodion063
rodion063 collected $0.16 from pot
*** SUMMARY ***
Total pot $0.17 | Rake $0.01 
Board [4s 9h Th]
Seat 1: ASSINATO folded before Flop (didn't bet)
Seat 2: DaiSakana (button) folded before Flop (didn't bet)
Seat 3: Dorex2007 (small blind) folded before Flop
Seat 5: rodion063 (big blind) collected ($0.16)
Seat 6: frosa9397 folded on the Flop
Seat 7: w3sby folded before Flop (didn't bet)
Seat 8: Maxis118711 folded before Flop (didn't bet)
Seat 9: Xósem folded before Flop (didn't bet)



PokerStars Hand #227258746293:  Hold'em No Limit ($0.01/$0.02 USD) - 2021/06/01 20:39:13 PT [2021/06/01 23:39:13 ET]
Table 'Badenia III' 9-max Seat #3 is the button
Seat 1: ASSINATO ($0.81 in chips) 
Seat 2: DaiSakana ($2 in chips) 
Seat 3: Dorex2007 ($2.31 in chips) 
Seat 5: rodion063 ($2.66 in chips) 
Seat 6: frosa9397 ($1.34 in chips) 
Seat 7: w3sby ($2 in chips) 
Seat 8: Maxis118711 ($2.38 in chips) 
Seat 9: Xósem ($1.73 in chips) 
rodion063: posts small blind $0.01
frosa9397: posts big blind $0.02
*** HOLE CARDS ***
Dealt to Dorex2007 [Jh 9d]
w3sby: folds 
Maxis118711: folds 
Xósem: calls $0.02
ASSINATO: raises $0.08 to $0.10
DaiSakana: folds 
Dorex2007: folds 
rodion063: folds 
frosa9397: folds 
Xósem: calls $0.08
*** FLOP *** [Ts 4s 6d]
Xósem: checks 
ASSINATO: bets $0.22
Xósem: folds 
Uncalled bet ($0.22) returned to ASSINATO
ASSINATO collected $0.22 from pot
ASSINATO: doesn't show hand 
*** SUMMARY ***
Total pot $0.23 | Rake $0.01 
Board [Ts 4s 6d]
Seat 1: ASSINATO collected ($0.22)
Seat 2: DaiSakana folded before Flop (didn't bet)
Seat 3: Dorex2007 (button) folded before Flop (didn't bet)
Seat 5: rodion063 (small blind) folded before Flop
Seat 6: frosa9397 (big blind) folded before Flop
Seat 7: w3sby folded before Flop (didn't bet)
Seat 8: Maxis118711 folded before Flop (didn't bet)
Seat 9: Xósem folded on the Flop



PokerStars Hand #227258753776:  Hold'em No Limit ($0.01/$0.02 USD) - 2021/06/01 20:39:54 PT [2021/06/01 23:39:54 ET]
Table 'Badenia III' 9-max Seat #5 is the button
Seat 1: ASSINATO ($0.93 in chips) 
Seat 2: DaiSakana ($2 in chips) 
Seat 3: Dorex2007 ($2.31 in chips) 
Seat 5: rodion063 ($2.65 in chips) 
Seat 6: frosa9397 ($1.32 in chips) 
Seat 7: w3sby ($2 in chips) 
Seat 8: Maxis118711 ($2.38 in chips) 
Seat 9: Xósem ($1.63 in chips) 
frosa9397: posts small blind $0.01
w3sby: posts big blind $0.02
tridmax: sits out 
*** HOLE CARDS ***
Dealt to Dorex2007 [3h 3s]
Maxis118711: folds 
Xósem: calls $0.02
ASSINATO: folds 
DaiSakana: folds 
Dorex2007: calls $0.02
rodion063: folds 
frosa9397: calls $0.01
w3sby: checks 
*** FLOP *** [2c Ad Qd]
frosa9397: checks 
w3sby: checks 
Xósem: checks 
Dorex2007: checks 
*** TURN *** [2c Ad Qd] [7s]
frosa9397: checks 
w3sby: checks 
Xósem: checks 
Dorex2007: checks 
*** RIVER *** [2c Ad Qd 7s] [9d]
frosa9397: checks 
w3sby: checks 
Xósem: checks 
Dorex2007: bets $0.08
frosa9397: folds 
w3sby: folds 
Xósem: folds 
Uncalled bet ($0.08) returned to Dorex2007
Dorex2007 collected $0.08 from pot
Dorex2007: doesn't show hand 
*** SUMMARY ***
Total pot $0.08 | Rake $0 
Board [2c Ad Qd 7s 9d]
Seat 1: ASSINATO folded before Flop (didn't bet)
Seat 2: DaiSakana folded before Flop (didn't bet)
Seat 3: Dorex2007 collected ($0.08)
Seat 5: rodion063 (button) folded before Flop (didn't bet)
Seat 6: frosa9397 (small blind) folded on the River
Seat 7: w3sby (big blind) folded on the River
Seat 8: Maxis118711 folded before Flop (didn't bet)
Seat 9: Xósem folded on the River



PokerStars Hand #227258772855:  Hold'em No Limit ($0.01/$0.02 USD) - 2021/06/01 20:41:38 PT [2021/06/01 23:41:38 ET]
Table 'Badenia III' 9-max Seat #6 is the button
Seat 1: ASSINATO ($0.93 in chips) 
Seat 2: DaiSakana ($2 in chips) 
Seat 3: Dorex2007 ($2.37 in chips) 
Seat 5: rodion063 ($2.65 in chips) 
Seat 6: frosa9397 ($1.30 in chips) 
Seat 7: w3sby ($2 in chips) 
Seat 8: Maxis118711 ($2.38 in chips) 
Seat 9: Xósem ($1.61 in chips) 
w3sby: posts small blind $0.01
Maxis118711: posts big blind $0.02
tridmax: sits out 
*** HOLE CARDS ***
Dealt to Dorex2007 [9h Kh]
Xósem: folds 
ASSINATO: folds 
DaiSakana: folds 
Dorex2007: raises $0.04 to $0.06
rodion063: calls $0.06
frosa9397: folds 
w3sby: folds 
Maxis118711: folds 
*** FLOP *** [7d Ad 7h]
Dorex2007: bets $0.07
rodion063: calls $0.07
*** TURN *** [7d Ad 7h] [Jc]
Dorex2007: checks 
rodion063: checks 
*** RIVER *** [7d Ad 7h Jc] [6c]
Dorex2007: bets $0.14
rodion063: folds 
Uncalled bet ($0.14) returned to Dorex2007
Dorex2007 collected $0.28 from pot
Dorex2007: doesn't show hand 
*** SUMMARY ***
Total pot $0.29 | Rake $0.01 
Board [7d Ad 7h Jc 6c]
Seat 1: ASSINATO folded before Flop (didn't bet)
Seat 2: DaiSakana folded before Flop (didn't bet)
Seat 3: Dorex2007 collected ($0.28)
Seat 5: rodion063 folded on the River
Seat 6: frosa9397 (button) folded before Flop (didn't bet)
Seat 7: w3sby (small blind) folded before Flop
Seat 8: Maxis118711 (big blind) folded before Flop
Seat 9: Xósem folded before Flop (didn't bet)



PokerStars Hand #227258781049:  Hold'em No Limit ($0.01/$0.02 USD) - 2021/06/01 20:42:25 PT [2021/06/01 23:42:25 ET]
Table 'Badenia III' 9-max Seat #7 is the button
Seat 1: ASSINATO ($0.93 in chips) 
Seat 2: DaiSakana ($2 in chips) 
Seat 3: Dorex2007 ($2.52 in chips) 
Seat 5: rodion063 ($2.52 in chips) 
Seat 6: frosa9397 ($1.30 in chips) 
Seat 7: w3sby ($2 in chips) 
Seat 8: Maxis118711 ($2.36 in chips) 
Seat 9: Xósem ($1.61 in chips) 
Maxis118711: posts small blind $0.01
Xósem: posts big blind $0.02
tridmax: sits out 
*** HOLE CARDS ***
Dealt to Dorex2007 [3d 4h]
ASSINATO: calls $0.02
DaiSakana: folds 
Dorex2007: folds 
rodion063: raises $0.08 to $0.10
frosa9397: folds 
w3sby: folds 
Maxis118711: folds 
Xósem: folds 
ASSINATO: calls $0.08
*** FLOP *** [Ts 9s Qd]
ASSINATO: checks 
rodion063: checks 
*** TURN *** [Ts 9s Qd] [6s]
ASSINATO: bets $0.22
rodion063: folds 
Uncalled bet ($0.22) returned to ASSINATO
ASSINATO collected $0.22 from pot
ASSINATO: doesn't show hand 
*** SUMMARY ***
Total pot $0.23 | Rake $0.01 
Board [Ts 9s Qd 6s]
Seat 1: ASSINATO collected ($0.22)
Seat 2: DaiSakana folded before Flop (didn't bet)
Seat 3: Dorex2007 folded before Flop (didn't bet)
Seat 5: rodion063 folded on the Turn
Seat 6: frosa9397 folded before Flop (didn't bet)
Seat 7: w3sby (button) folded before Flop (didn't bet)
Seat 8: Maxis118711 (small blind) folded before Flop
Seat 9: Xósem (big blind) folded before Flop



PokerStars Hand #227258790818:  Hold'em No Limit ($0.01/$0.02 USD) - 2021/06/01 20:43:18 PT [2021/06/01 23:43:18 ET]
Table 'Badenia III' 9-max Seat #8 is the button
Seat 1: ASSINATO ($1.05 in chips) 
Seat 2: DaiSakana ($2 in chips) 
Seat 3: Dorex2007 ($2.52 in chips) 
Seat 5: rodion063 ($2.42 in chips) 
Seat 6: frosa9397 ($1.30 in chips) 
Seat 7: w3sby ($2 in chips) 
Seat 8: Maxis118711 ($2.35 in chips) 
Seat 9: Xósem ($1.59 in chips) 
Xósem: posts small blind $0.01
ASSINATO: posts big blind $0.02
tridmax: sits out 
*** HOLE CARDS ***
Dealt to Dorex2007 [6d 2c]
DaiSakana: raises $0.03 to $0.05
Dorex2007: folds 
rodion063: calls $0.05
frosa9397: calls $0.05
w3sby: folds 
Maxis118711: folds 
Xósem: folds 
ASSINATO: calls $0.03
*** FLOP *** [Ah 9s Js]
ASSINATO: checks 
DaiSakana: checks 
rodion063: checks 
frosa9397: checks 
*** TURN *** [Ah 9s Js] [5d]
ASSINATO: checks 
DaiSakana: checks 
rodion063: bets $0.12
frosa9397: folds 
ASSINATO: calls $0.12
DaiSakana: folds 
*** RIVER *** [Ah 9s Js 5d] [Jd]
ASSINATO: checks 
rodion063: checks 
*** SHOW DOWN ***
ASSINATO: shows [Th Ks] (a pair of Jacks)
rodion063: shows [4c 4d] (two pair, Jacks and Fours)
rodion063 collected $0.43 from pot
*** SUMMARY ***
Total pot $0.45 | Rake $0.02 
Board [Ah 9s Js 5d Jd]
Seat 1: ASSINATO (big blind) showed [Th Ks] and lost with a pair of Jacks
Seat 2: DaiSakana folded on the Turn
Seat 3: Dorex2007 folded before Flop (didn't bet)
Seat 5: rodion063 showed [4c 4d] and won ($0.43) with two pair, Jacks and Fours
Seat 6: frosa9397 folded on the Turn
Seat 7: w3sby folded before Flop (didn't bet)
Seat 8: Maxis118711 (button) folded before Flop (didn't bet)
Seat 9: Xósem (small blind) folded before Flop



PokerStars Hand #227258805159:  Hold'em No Limit ($0.01/$0.02 USD) - 2021/06/01 20:44:32 PT [2021/06/01 23:44:32 ET]
Table 'Badenia III' 9-max Seat #9 is the button
Seat 1: ASSINATO ($0.88 in chips) 
Seat 2: DaiSakana ($2 in chips) 
Seat 3: Dorex2007 ($2.52 in chips) 
Seat 5: rodion063 ($2.68 in chips) 
Seat 6: frosa9397 ($1.25 in chips) 
Seat 7: w3sby ($2 in chips) 
Seat 8: Maxis118711 ($2.35 in chips) 
Seat 9: Xósem ($1.58 in chips) 
ASSINATO: posts small blind $0.01
DaiSakana: posts big blind $0.02
tridmax: sits out 
*** HOLE CARDS ***
Dealt to Dorex2007 [3d Jd]
Dorex2007: folds 
rodion063: folds 
frosa9397: folds 
w3sby: raises $0.04 to $0.06
Maxis118711: folds 
Xósem: folds 
ASSINATO: folds 
DaiSakana: folds 
Uncalled bet ($0.04) returned to w3sby
w3sby collected $0.05 from pot
w3sby: doesn't show hand 
*** SUMMARY ***
Total pot $0.05 | Rake $0 
Seat 1: ASSINATO (small blind) folded before Flop
Seat 2: DaiSakana (big blind) folded before Flop
Seat 3: Dorex2007 folded before Flop (didn't bet)
Seat 5: rodion063 folded before Flop (didn't bet)
Seat 6: frosa9397 folded before Flop (didn't bet)
Seat 7: w3sby collected ($0.05)
Seat 8: Maxis118711 folded before Flop (didn't bet)
Seat 9: Xósem (button) folded before Flop (didn't bet)



PokerStars Hand #227258808928:  Hold'em No Limit ($0.01/$0.02 USD) - 2021/06/01 20:44:53 PT [2021/06/01 23:44:53 ET]
Table 'Badenia III' 9-max Seat #1 is the button
Seat 1: ASSINATO ($0.87 in chips) 
Seat 2: DaiSakana ($2 in chips) 
Seat 3: Dorex2007 ($2.52 in chips) 
Seat 5: rodion063 ($2.68 in chips) 
Seat 6: frosa9397 ($1.25 in chips) 
Seat 7: w3sby ($2.03 in chips) 
Seat 8: Maxis118711 ($2.35 in chips) 
Seat 9: Xósem ($1.58 in chips) 
DaiSakana: posts small blind $0.01
Dorex2007: posts big blind $0.02
tridmax: sits out 
*** HOLE CARDS ***
Dealt to Dorex2007 [9c 8s]
rodion063: folds 
frosa9397: calls $0.02
w3sby: folds 
Maxis118711: folds 
Xósem: calls $0.02
ASSINATO: folds 
DaiSakana: folds 
Dorex2007: checks 
*** FLOP *** [5h 8h 9s]
Dorex2007: bets $0.07
frosa9397: folds 
Xósem: folds 
Uncalled bet ($0.07) returned to Dorex2007
Dorex2007 collected $0.07 from pot
Dorex2007: doesn't show hand 
*** SUMMARY ***
Total pot $0.07 | Rake $0 
Board [5h 8h 9s]
Seat 1: ASSINATO (button) folded before Flop (didn't bet)
Seat 2: DaiSakana (small blind) folded before Flop
Seat 3: Dorex2007 (big blind) collected ($0.07)
Seat 5: rodion063 folded before Flop (didn't bet)
Seat 6: frosa9397 folded on the Flop
Seat 7: w3sby folded before Flop (didn't bet)
Seat 8: Maxis118711 folded before Flop (didn't bet)
Seat 9: Xósem folded on the Flop



PokerStars Hand #227258813111:  Hold'em No Limit ($0.01/$0.02 USD) - 2021/06/01 20:45:16 PT [2021/06/01 23:45:16 ET]
Table 'Badenia III' 9-max Seat #2 is the button
Seat 1: ASSINATO ($0.87 in chips) 
Seat 2: DaiSakana ($2 in chips) 
Seat 3: Dorex2007 ($2.57 in chips) 
Seat 4: tridmax ($2.44 in chips) 
Seat 5: rodion063 ($2.68 in chips) 
Seat 6: frosa9397 ($1.23 in chips) 
Seat 7: w3sby ($2.03 in chips) 
Seat 8: Maxis118711 ($2.35 in chips) 
Seat 9: Xósem ($1.56 in chips) 
Dorex2007: posts small blind $0.01
tridmax: posts big blind $0.02
*** HOLE CARDS ***
Dealt to Dorex2007 [Jd Kh]
rodion063: folds 
frosa9397: folds 
w3sby: folds 
Maxis118711: folds 
Xósem: raises $0.04 to $0.06
ASSINATO: raises $0.15 to $0.21
DaiSakana: folds 
Dorex2007: folds 
tridmax: folds 
Xósem: folds 
Uncalled bet ($0.15) returned to ASSINATO
ASSINATO collected $0.15 from pot
ASSINATO: doesn't show hand 
*** SUMMARY ***
Total pot $0.15 | Rake $0 
Seat 1: ASSINATO collected ($0.15)
Seat 2: DaiSakana (button) folded before Flop (didn't bet)
Seat 3: Dorex2007 (small blind) folded before Flop
Seat 4: tridmax (big blind) folded before Flop
Seat 5: rodion063 folded before Flop (didn't bet)
Seat 6: frosa9397 folded before Flop (didn't bet)
Seat 7: w3sby folded before Flop (didn't bet)
Seat 8: Maxis118711 folded before Flop (didn't bet)
Seat 9: Xósem folded before Flop



PokerStars Hand #227258819434:  Hold'em No Limit ($0.01/$0.02 USD) - 2021/06/01 20:45:51 PT [2021/06/01 23:45:51 ET]
Table 'Badenia III' 9-max Seat #3 is the button
Seat 1: ASSINATO ($0.96 in chips) 
Seat 2: DaiSakana ($2 in chips) 
Seat 3: Dorex2007 ($2.56 in chips) 
Seat 4: tridmax ($2.42 in chips) 
Seat 5: rodion063 ($2.68 in chips) 
Seat 6: frosa9397 ($1.23 in chips) 
Seat 7: w3sby ($2.03 in chips) 
Seat 8: Maxis118711 ($2.35 in chips) 
Seat 9: Xósem ($1.50 in chips) 
tridmax: posts small blind $0.01
rodion063: posts big blind $0.02
*** HOLE CARDS ***
Dealt to Dorex2007 [Tc 9h]
frosa9397: folds 
w3sby: folds 
Maxis118711: folds 
Xósem: calls $0.02
ASSINATO: folds 
DaiSakana: folds 
Dorex2007: folds 
tridmax: folds 
rodion063: checks 
*** FLOP *** [5d Js Td]
rodion063: checks 
Xósem: checks 
*** TURN *** [5d Js Td] [7c]
rodion063: checks 
Xósem: bets $0.03
rodion063: calls $0.03
*** RIVER *** [5d Js Td 7c] [3s]
rodion063: checks 
Xósem: checks 
*** SHOW DOWN ***
rodion063: shows [4d 6h] (a straight, Three to Seven)
Xósem: mucks hand 
rodion063 collected $0.11 from pot
*** SUMMARY ***
Total pot $0.11 | Rake $0 
Board [5d Js Td 7c 3s]
Seat 1: ASSINATO folded before Flop (didn't bet)
Seat 2: DaiSakana folded before Flop (didn't bet)
Seat 3: Dorex2007 (button) folded before Flop (didn't bet)
Seat 4: tridmax (small blind) folded before Flop
Seat 5: rodion063 (big blind) showed [4d 6h] and won ($0.11) with a straight, Three to Seven
Seat 6: frosa9397 folded before Flop (didn't bet)
Seat 7: w3sby folded before Flop (didn't bet)
Seat 8: Maxis118711 folded before Flop (didn't bet)
Seat 9: Xósem mucked [4h Kh]



PokerStars Hand #227258837021:  Hold'em No Limit ($0.01/$0.02 USD) - 2021/06/01 20:46:50 PT [2021/06/01 23:46:50 ET]
Table 'Badenia III' 9-max Seat #4 is the button
Seat 1: ASSINATO ($0.96 in chips) 
Seat 2: DaiSakana ($2 in chips) 
Seat 3: Dorex2007 ($2.56 in chips) 
Seat 4: tridmax ($2.41 in chips) 
Seat 5: rodion063 ($2.74 in chips) 
Seat 6: frosa9397 ($1.23 in chips) 
Seat 7: w3sby ($2.03 in chips) 
Seat 8: Maxis118711 ($2.35 in chips) 
Seat 9: Xósem ($1.45 in chips) 
rodion063: posts small blind $0.01
frosa9397: posts big blind $0.02
*** HOLE CARDS ***
Dealt to Dorex2007 [8c 5d]
w3sby: folds 
Maxis118711 is disconnected 
Maxis118711 has timed out while being disconnected
Maxis118711: folds 
Xósem: folds 
ASSINATO: calls $0.02
DaiSakana: folds 
Dorex2007: folds 
tridmax: folds 
rodion063: folds 
frosa9397: checks 
*** FLOP *** [4c 5s 4s]
frosa9397: bets $0.03
ASSINATO: calls $0.03
*** TURN *** [4c 5s 4s] [Jh]
frosa9397: bets $0.06
ASSINATO: calls $0.06
*** RIVER *** [4c 5s 4s Jh] [9d]
frosa9397: bets $0.12
ASSINATO: folds 
Uncalled bet ($0.12) returned to frosa9397
frosa9397 collected $0.22 from pot
frosa9397: doesn't show hand 
*** SUMMARY ***
Total pot $0.23 | Rake $0.01 
Board [4c 5s 4s Jh 9d]
Seat 1: ASSINATO folded on the River
Seat 2: DaiSakana folded before Flop (didn't bet)
Seat 3: Dorex2007 folded before Flop (didn't bet)
Seat 4: tridmax (button) folded before Flop (didn't bet)
Seat 5: rodion063 (small blind) folded before Flop
Seat 6: frosa9397 (big blind) collected ($0.22)
Seat 7: w3sby folded before Flop (didn't bet)
Seat 8: Maxis118711 folded before Flop (didn't bet)
Seat 9: Xósem folded before Flop (didn't bet)



PokerStars Hand #227258848521:  Hold'em No Limit ($0.01/$0.02 USD) - 2021/06/01 20:47:54 PT [2021/06/01 23:47:54 ET]
Table 'Badenia III' 9-max Seat #5 is the button
Seat 1: ASSINATO ($0.85 in chips) 
Seat 2: DaiSakana ($2 in chips) 
Seat 3: Dorex2007 ($2.56 in chips) 
Seat 4: tridmax ($2.41 in chips) 
Seat 5: rodion063 ($2.73 in chips) 
Seat 6: frosa9397 ($1.34 in chips) 
Seat 7: w3sby ($2.03 in chips) 
Seat 8: Maxis118711 ($2.35 in chips) 
Seat 9: Xósem ($1.45 in chips) 
frosa9397: posts small blind $0.01
w3sby: posts big blind $0.02
*** HOLE CARDS ***
Dealt to Dorex2007 [9d Ks]
Maxis118711: folds 
Xósem: folds 
ASSINATO: folds 
DaiSakana: folds 
Dorex2007: folds 
tridmax: folds 
rodion063: raises $0.04 to $0.06
frosa9397: folds 
w3sby: calls $0.04
*** FLOP *** [6c Jh 2s]
w3sby: checks 
rodion063: bets $0.07
w3sby: calls $0.07
*** TURN *** [6c Jh 2s] [Ac]
w3sby: checks 
rodion063: bets $0.16
w3sby: folds 
Uncalled bet ($0.16) returned to rodion063
rodion063 collected $0.26 from pot
*** SUMMARY ***
Total pot $0.27 | Rake $0.01 
Board [6c Jh 2s Ac]
Seat 1: ASSINATO folded before Flop (didn't bet)
Seat 2: DaiSakana folded before Flop (didn't bet)
Seat 3: Dorex2007 folded before Flop (didn't bet)
Seat 4: tridmax folded before Flop (didn't bet)
Seat 5: rodion063 (button) collected ($0.26)
Seat 6: frosa9397 (small blind) folded before Flop
Seat 7: w3sby (big blind) folded on the Turn
Seat 8: Maxis118711 folded before Flop (didn't bet)
Seat 9: Xósem folded before Flop (didn't bet)



PokerStars Hand #227258858627:  Hold'em No Limit ($0.01/$0.02 USD) - 2021/06/01 20:48:50 PT [2021/06/01 23:48:50 ET]
Table 'Badenia III' 9-max Seat #6 is the button
Seat 1: ASSINATO ($0.85 in chips) 
Seat 2: DaiSakana ($2 in chips) 
Seat 3: Dorex2007 ($2.56 in chips) 
Seat 4: tridmax ($2.41 in chips) 
Seat 5: rodion063 ($2.86 in chips) 
Seat 6: frosa9397 ($1.33 in chips) 
Seat 7: w3sby ($2 in chips) 
Seat 8: Maxis118711 ($2.35 in chips) 
Seat 9: Xósem ($1.45 in chips) 
w3sby: posts small blind $0.01
Maxis118711: posts big blind $0.02
*** HOLE CARDS ***
Dealt to Dorex2007 [5d 2s]
Xósem: folds 
ASSINATO: raises $0.05 to $0.07
DaiSakana: folds 
Dorex2007: folds 
tridmax: raises $0.15 to $0.22
rodion063: folds 
frosa9397: folds 
w3sby: folds 
Maxis118711: folds 
ASSINATO: folds 
Uncalled bet ($0.15) returned to tridmax
tridmax collected $0.17 from pot
tridmax: doesn't show hand 
*** SUMMARY ***
Total pot $0.17 | Rake $0 
Seat 1: ASSINATO folded before Flop
Seat 2: DaiSakana folded before Flop (didn't bet)
Seat 3: Dorex2007 folded before Flop (didn't bet)
Seat 4: tridmax collected ($0.17)
Seat 5: rodion063 folded before Flop (didn't bet)
Seat 6: frosa9397 (button) folded before Flop (didn't bet)
Seat 7: w3sby (small blind) folded before Flop
Seat 8: Maxis118711 (big blind) folded before Flop
Seat 9: Xósem folded before Flop (didn't bet)



PokerStars Hand #227258863482:  Hold'em No Limit ($0.01/$0.02 USD) - 2021/06/01 20:49:17 PT [2021/06/01 23:49:17 ET]
Table 'Badenia III' 9-max Seat #7 is the button
Seat 1: ASSINATO ($0.78 in chips) 
Seat 2: DaiSakana ($2 in chips) 
Seat 3: Dorex2007 ($2.56 in chips) 
Seat 4: tridmax ($2.51 in chips) 
Seat 5: rodion063 ($2.86 in chips) 
Seat 6: frosa9397 ($1.33 in chips) 
Seat 7: w3sby ($2 in chips) 
Seat 8: Maxis118711 ($2.33 in chips) 
Seat 9: Xósem ($1.45 in chips) 
Maxis118711: posts small blind $0.01
Xósem: posts big blind $0.02
*** HOLE CARDS ***
Dealt to Dorex2007 [7c Tc]
ASSINATO: folds 
DaiSakana: folds 
Dorex2007: folds 
tridmax: folds 
rodion063: folds 
frosa9397: calls $0.02
w3sby: folds 
Maxis118711: calls $0.01
Xósem: checks 
*** FLOP *** [3s Th 5c]
Maxis118711: checks 
Xósem: checks 
frosa9397: checks 
*** TURN *** [3s Th 5c] [3d]
Maxis118711: checks 
Xósem: checks 
frosa9397: checks 
*** RIVER *** [3s Th 5c 3d] [4h]
Maxis118711: bets $0.08
Xósem: folds 
frosa9397: folds 
Uncalled bet ($0.08) returned to Maxis118711
Maxis118711 collected $0.06 from pot
Maxis118711: doesn't show hand 
*** SUMMARY ***
Total pot $0.06 | Rake $0 
Board [3s Th 5c 3d 4h]
Seat 1: ASSINATO folded before Flop (didn't bet)
Seat 2: DaiSakana folded before Flop (didn't bet)
Seat 3: Dorex2007 folded before Flop (didn't bet)
Seat 4: tridmax folded before Flop (didn't bet)
Seat 5: rodion063 folded before Flop (didn't bet)
Seat 6: frosa9397 folded on the River
Seat 7: w3sby (button) folded before Flop (didn't bet)
Seat 8: Maxis118711 (small blind) collected ($0.06)
Seat 9: Xósem (big blind) folded on the River



PokerStars Hand #227258873161:  Hold'em No Limit ($0.01/$0.02 USD) - 2021/06/01 20:50:12 PT [2021/06/01 23:50:12 ET]
Table 'Badenia III' 9-max Seat #8 is the button
Seat 1: ASSINATO ($0.78 in chips) 
Seat 2: DaiSakana ($2 in chips) 
Seat 3: Dorex2007 ($2.56 in chips) 
Seat 4: tridmax ($2.51 in chips) 
Seat 5: rodion063 ($2.86 in chips) 
Seat 6: frosa9397 ($1.31 in chips) 
Seat 7: w3sby ($2 in chips) 
Seat 8: Maxis118711 ($2.37 in chips) 
Seat 9: Xósem ($1.43 in chips) 
Xósem: posts small blind $0.01
ASSINATO: posts big blind $0.02
*** HOLE CARDS ***
Dealt to Dorex2007 [Ac 5h]
DaiSakana: folds 
Dorex2007: folds 
tridmax: folds 
rodion063: folds 
frosa9397: calls $0.02
w3sby: calls $0.02
Maxis118711: raises $0.02 to $0.04
Xósem: folds 
ASSINATO: calls $0.02
frosa9397: calls $0.02
w3sby: calls $0.02
*** FLOP *** [2c Td 2d]
ASSINATO: checks 
frosa9397: bets $0.08
w3sby: folds 
Maxis118711: folds 
ASSINATO: folds 
Uncalled bet ($0.08) returned to frosa9397
frosa9397 collected $0.16 from pot
frosa9397: doesn't show hand 
*** SUMMARY ***
Total pot $0.17 | Rake $0.01 
Board [2c Td 2d]
Seat 1: ASSINATO (big blind) folded on the Flop
Seat 2: DaiSakana folded before Flop (didn't bet)
Seat 3: Dorex2007 folded before Flop (didn't bet)
Seat 4: tridmax folded before Flop (didn't bet)
Seat 5: rodion063 folded before Flop (didn't bet)
Seat 6: frosa9397 collected ($0.16)
Seat 7: w3sby folded on the Flop
Seat 8: Maxis118711 (button) folded on the Flop
Seat 9: Xósem (small blind) folded before Flop



PokerStars Hand #227258883015:  Hold'em No Limit ($0.01/$0.02 USD) - 2021/06/01 20:51:08 PT [2021/06/01 23:51:08 ET]
Table 'Badenia III' 9-max Seat #9 is the button
Seat 1: ASSINATO ($0.74 in chips) 
Seat 2: DaiSakana ($2 in chips) 
Seat 3: Dorex2007 ($2.56 in chips) 
Seat 4: tridmax ($2.51 in chips) 
Seat 5: rodion063 ($2.86 in chips) 
Seat 6: frosa9397 ($1.43 in chips) 
Seat 7: w3sby ($2 in chips) 
Seat 8: Maxis118711 ($2.33 in chips) 
Seat 9: Xósem ($1.42 in chips) 
ASSINATO: posts small blind $0.01
DaiSakana: posts big blind $0.02
*** HOLE CARDS ***
Dealt to Dorex2007 [Jd 9h]
Dorex2007: folds 
tridmax: folds 
rodion063: folds 
frosa9397: calls $0.02
w3sby: folds 
Maxis118711: folds 
Xósem: calls $0.02
ASSINATO: folds 
DaiSakana: checks 
*** FLOP *** [Jh Kd 8d]
ASSINATO leaves the table
DaiSakana: checks 
frosa9397: bets $0.03
Xósem: folds 
DaiSakana: folds 
Uncalled bet ($0.03) returned to frosa9397
frosa9397 collected $0.07 from pot
*** SUMMARY ***
Total pot $0.07 | Rake $0 
Board [Jh Kd 8d]
Seat 1: ASSINATO (small blind) folded before Flop
Seat 2: DaiSakana (big blind) folded on the Flop
Seat 3: Dorex2007 folded before Flop (didn't bet)
Seat 4: tridmax folded before Flop (didn't bet)
Seat 5: rodion063 folded before Flop (didn't bet)
Seat 6: frosa9397 collected ($0.07)
Seat 7: w3sby folded before Flop (didn't bet)
Seat 8: Maxis118711 folded before Flop (didn't bet)
Seat 9: Xósem (button) folded on the Flop



PokerStars Hand #227258888962:  Hold'em No Limit ($0.01/$0.02 USD) - 2021/06/01 20:51:43 PT [2021/06/01 23:51:43 ET]
Table 'Badenia III' 9-max Seat #2 is the button
Seat 2: DaiSakana ($2 in chips) 
Seat 3: Dorex2007 ($2.56 in chips) 
Seat 4: tridmax ($2.51 in chips) 
Seat 5: rodion063 ($2.86 in chips) 
Seat 6: frosa9397 ($1.48 in chips) 
Seat 7: w3sby ($2 in chips) 
Seat 9: Xósem ($1.40 in chips) 
Dorex2007: posts small blind $0.01
tridmax: posts big blind $0.02
*** HOLE CARDS ***
Dealt to Dorex2007 [Ts 6d]
rodion063: raises $0.04 to $0.06
pike_14_22 joins the table at seat #1 
frosa9397: folds 
w3sby: folds 
Xósem: folds 
DaiSakana: folds 
Dorex2007: folds 
tridmax: folds 
Uncalled bet ($0.04) returned to rodion063
rodion063 collected $0.05 from pot
*** SUMMARY ***
Total pot $0.05 | Rake $0 
Seat 2: DaiSakana (button) folded before Flop (didn't bet)
Seat 3: Dorex2007 (small blind) folded before Flop
Seat 4: tridmax (big blind) folded before Flop
Seat 5: rodion063 collected ($0.05)
Seat 6: frosa9397 folded before Flop (didn't bet)
Seat 7: w3sby folded before Flop (didn't bet)
Seat 9: Xósem folded before Flop (didn't bet)



PokerStars Hand #227258895026:  Hold'em No Limit ($0.01/$0.02 USD) - 2021/06/01 20:52:18 PT [2021/06/01 23:52:18 ET]
Table 'Badenia III' 9-max Seat #3 is the button
Seat 2: DaiSakana ($2 in chips) 
Seat 3: Dorex2007 ($2.55 in chips) 
Seat 4: tridmax ($2.49 in chips) 
Seat 5: rodion063 ($2.89 in chips) 
Seat 6: frosa9397 ($1.48 in chips) 
Seat 7: w3sby ($2 in chips) 
Seat 9: Xósem ($1.40 in chips) 
tridmax: posts small blind $0.01
rodion063: posts big blind $0.02
pike_14_22: sits out 
*** HOLE CARDS ***
Dealt to Dorex2007 [Jh Jc]
frosa9397: folds 
w3sby: folds 
Xósem: folds 
DaiSakana: folds 
Dorex2007: raises $0.04 to $0.06
tridmax: folds 
rodion063: folds 
Uncalled bet ($0.04) returned to Dorex2007
Dorex2007 collected $0.05 from pot
Dorex2007: doesn't show hand 
*** SUMMARY ***
Total pot $0.05 | Rake $0 
Seat 2: DaiSakana folded before Flop (didn't bet)
Seat 3: Dorex2007 (button) collected ($0.05)
Seat 4: tridmax (small blind) folded before Flop
Seat 5: rodion063 (big blind) folded before Flop
Seat 6: frosa9397 folded before Flop (didn't bet)
Seat 7: w3sby folded before Flop (didn't bet)
Seat 9: Xósem folded before Flop (didn't bet)



PokerStars Hand #227258898124:  Hold'em No Limit ($0.01/$0.02 USD) - 2021/06/01 20:52:36 PT [2021/06/01 23:52:36 ET]
Table 'Badenia III' 9-max Seat #4 is the button
Seat 1: pike_14_22 ($0.80 in chips) 
Seat 2: DaiSakana ($2 in chips) 
Seat 3: Dorex2007 ($2.58 in chips) 
Seat 4: tridmax ($2.48 in chips) 
Seat 5: rodion063 ($2.87 in chips) 
Seat 6: frosa9397 ($1.48 in chips) 
Seat 7: w3sby ($2 in chips) 
Seat 9: Xósem ($1.40 in chips) 
rodion063: posts small blind $0.01
frosa9397: posts big blind $0.02
pike_14_22: posts big blind $0.02
*** HOLE CARDS ***
Dealt to Dorex2007 [9s Tc]
w3sby: folds 
Xósem: folds 
pike_14_22: checks 
DaiSakana: folds 
Dorex2007: folds 
tridmax has timed out
tridmax: folds 
rodion063: folds 
frosa9397: raises $0.05 to $0.07
pike_14_22: calls $0.05
*** FLOP *** [9c Kh 8c]
frosa9397: checks 
pike_14_22: bets $0.07
frosa9397: calls $0.07
*** TURN *** [9c Kh 8c] [Ah]
frosa9397: checks 
pike_14_22: checks 
*** RIVER *** [9c Kh 8c Ah] [8d]
frosa9397: checks 
pike_14_22: checks 
*** SHOW DOWN ***
frosa9397: shows [Qc Qd] (two pair, Queens and Eights)
pike_14_22: mucks hand 
frosa9397 collected $0.28 from pot
*** SUMMARY ***
Total pot $0.29 | Rake $0.01 
Board [9c Kh 8c Ah 8d]
Seat 1: pike_14_22 mucked [5s 2h]
Seat 2: DaiSakana folded before Flop (didn't bet)
Seat 3: Dorex2007 folded before Flop (didn't bet)
Seat 4: tridmax (button) folded before Flop (didn't bet)
Seat 5: rodion063 (small blind) folded before Flop
Seat 6: frosa9397 (big blind) showed [Qc Qd] and won ($0.28) with two pair, Queens and Eights
Seat 7: w3sby folded before Flop (didn't bet)
Seat 9: Xósem folded before Flop (didn't bet)



PokerStars Hand #227258907106:  Hold'em No Limit ($0.01/$0.02 USD) - 2021/06/01 20:53:28 PT [2021/06/01 23:53:28 ET]
Table 'Badenia III' 9-max Seat #5 is the button
Seat 1: pike_14_22 ($0.66 in chips) 
Seat 2: DaiSakana ($2 in chips) 
Seat 3: Dorex2007 ($2.58 in chips) 
Seat 4: tridmax ($2.48 in chips) 
Seat 5: rodion063 ($2.86 in chips) 
Seat 6: frosa9397 ($1.62 in chips) 
Seat 7: w3sby ($2 in chips) 
Seat 9: Xósem ($1.40 in chips) 
frosa9397: posts small blind $0.01
w3sby: posts big blind $0.02
*** HOLE CARDS ***
Dealt to Dorex2007 [Th Qs]
Xósem: folds 
pike_14_22: folds 
DaiSakana: folds 
Dorex2007: folds 
tridmax: folds 
rodion063: raises $0.04 to $0.06
frosa9397: calls $0.05
w3sby: folds 
*** FLOP *** [9d 7c 2d]
frosa9397: checks 
rodion063: bets $0.08
frosa9397: folds 
Uncalled bet ($0.08) returned to rodion063
rodion063 collected $0.14 from pot
*** SUMMARY ***
Total pot $0.14 | Rake $0 
Board [9d 7c 2d]
Seat 1: pike_14_22 folded before Flop (didn't bet)
Seat 2: DaiSakana folded before Flop (didn't bet)
Seat 3: Dorex2007 folded before Flop (didn't bet)
Seat 4: tridmax folded before Flop (didn't bet)
Seat 5: rodion063 (button) collected ($0.14)
Seat 6: frosa9397 (small blind) folded on the Flop
Seat 7: w3sby (big blind) folded before Flop
Seat 9: Xósem folded before Flop (didn't bet)



PokerStars Hand #227258913736:  Hold'em No Limit ($0.01/$0.02 USD) - 2021/06/01 20:54:07 PT [2021/06/01 23:54:07 ET]
Table 'Badenia III' 9-max Seat #6 is the button
Seat 1: pike_14_22 ($0.66 in chips) 
Seat 2: DaiSakana ($2 in chips) 
Seat 3: Dorex2007 ($2.58 in chips) 
Seat 4: tridmax ($2.48 in chips) 
Seat 5: rodion063 ($2.94 in chips) 
Seat 6: frosa9397 ($1.56 in chips) 
Seat 7: w3sby ($2 in chips) 
Seat 9: Xósem ($1.40 in chips) 
w3sby: posts small blind $0.01
Xósem: posts big blind $0.02
*** HOLE CARDS ***
Dealt to Dorex2007 [6s 7s]
pike_14_22: folds 
DaiSakana: folds 
Dorex2007: raises $0.02 to $0.04
tridmax: folds 
rodion063: raises $0.08 to $0.12
frosa9397: folds 
w3sby: folds 
Xósem: folds 
Dorex2007: folds 
Uncalled bet ($0.08) returned to rodion063
rodion063 collected $0.11 from pot
*** SUMMARY ***
Total pot $0.11 | Rake $0 
Seat 1: pike_14_22 folded before Flop (didn't bet)
Seat 2: DaiSakana folded before Flop (didn't bet)
Seat 3: Dorex2007 folded before Flop
Seat 4: tridmax folded before Flop (didn't bet)
Seat 5: rodion063 collected ($0.11)
Seat 6: frosa9397 (button) folded before Flop (didn't bet)
Seat 7: w3sby (small blind) folded before Flop
Seat 9: Xósem (big blind) folded before Flop



PokerStars Hand #227258916782:  Hold'em No Limit ($0.01/$0.02 USD) - 2021/06/01 20:54:25 PT [2021/06/01 23:54:25 ET]
Table 'Badenia III' 9-max Seat #7 is the button
Seat 1: pike_14_22 ($0.66 in chips) 
Seat 2: DaiSakana ($2 in chips) 
Seat 3: Dorex2007 ($2.54 in chips) 
Seat 4: tridmax ($2.48 in chips) 
Seat 5: rodion063 ($3.01 in chips) 
Seat 6: frosa9397 ($1.56 in chips) 
Seat 7: w3sby ($2 in chips) 
Seat 9: Xósem ($1.38 in chips) 
Xósem: posts small blind $0.01
pike_14_22: posts big blind $0.02
*** HOLE CARDS ***
Dealt to Dorex2007 [5s 8h]
DaiSakana: folds 
Dorex2007: folds 
tridmax: folds 
rodion063: folds 
frosa9397: folds 
w3sby: raises $0.04 to $0.06
Xósem: folds 
pike_14_22: calls $0.04
*** FLOP *** [8d 5c Th]
pike_14_22: checks 
w3sby: bets $0.09
pike_14_22: calls $0.09
*** TURN *** [8d 5c Th] [7c]
pike_14_22: checks 
w3sby: checks 
*** RIVER *** [8d 5c Th 7c] [3d]
pike_14_22: checks 
w3sby: checks 
*** SHOW DOWN ***
pike_14_22: shows [Qh Jh] (high card Queen)
w3sby: shows [7d Ad] (a pair of Sevens)
w3sby collected $0.30 from pot
*** SUMMARY ***
Total pot $0.31 | Rake $0.01 
Board [8d 5c Th 7c 3d]
Seat 1: pike_14_22 (big blind) showed [Qh Jh] and lost with high card Queen
Seat 2: DaiSakana folded before Flop (didn't bet)
Seat 3: Dorex2007 folded before Flop (didn't bet)
Seat 4: tridmax folded before Flop (didn't bet)
Seat 5: rodion063 folded before Flop (didn't bet)
Seat 6: frosa9397 folded before Flop (didn't bet)
Seat 7: w3sby (button) showed [7d Ad] and won ($0.30) with a pair of Sevens
Seat 9: Xósem (small blind) folded before Flop



PokerStars Hand #227258924837:  Hold'em No Limit ($0.01/$0.02 USD) - 2021/06/01 20:55:13 PT [2021/06/01 23:55:13 ET]
Table 'Badenia III' 9-max Seat #9 is the button
Seat 1: pike_14_22 ($0.51 in chips) 
Seat 2: DaiSakana ($2 in chips) 
Seat 3: Dorex2007 ($2.54 in chips) 
Seat 4: tridmax ($2.48 in chips) 
Seat 5: rodion063 ($3.01 in chips) 
Seat 6: frosa9397 ($1.56 in chips) 
Seat 7: w3sby ($2.15 in chips) 
Seat 9: Xósem ($1.37 in chips) 
pike_14_22: posts small blind $0.01
DaiSakana: posts big blind $0.02
*** HOLE CARDS ***
Dealt to Dorex2007 [8d 5h]
Dorex2007: folds 
tridmax: folds 
rodion063: folds 
frosa9397: folds 
w3sby: folds 
Xósem: raises $0.04 to $0.06
pike_14_22: folds 
DaiSakana: folds 
Uncalled bet ($0.04) returned to Xósem
Xósem collected $0.05 from pot
Xósem: doesn't show hand 
*** SUMMARY ***
Total pot $0.05 | Rake $0 
Seat 1: pike_14_22 (small blind) folded before Flop
Seat 2: DaiSakana (big blind) folded before Flop
Seat 3: Dorex2007 folded before Flop (didn't bet)
Seat 4: tridmax folded before Flop (didn't bet)
Seat 5: rodion063 folded before Flop (didn't bet)
Seat 6: frosa9397 folded before Flop (didn't bet)
Seat 7: w3sby folded before Flop (didn't bet)
Seat 9: Xósem (button) collected ($0.05)



PokerStars Hand #227258928928:  Hold'em No Limit ($0.01/$0.02 USD) - 2021/06/01 20:55:42 PT [2021/06/01 23:55:42 ET]
Table 'Badenia III' 9-max Seat #1 is the button
Seat 1: pike_14_22 ($0.50 in chips) 
Seat 2: DaiSakana ($2 in chips) 
Seat 3: Dorex2007 ($2.54 in chips) 
Seat 4: tridmax ($2.48 in chips) 
Seat 5: rodion063 ($3.01 in chips) 
Seat 6: frosa9397 ($1.56 in chips) 
Seat 7: w3sby ($2.15 in chips) 
Seat 8: Maxis118711 ($2.33 in chips) 
Seat 9: Xósem ($1.40 in chips) 
DaiSakana: posts small blind $0.01
Dorex2007: posts big blind $0.02
Maxis118711: posts small & big blinds $0.03
*** HOLE CARDS ***
Dealt to Dorex2007 [Jd 8d]
tridmax: folds 
rodion063: folds 
frosa9397: folds 
w3sby: folds 
Maxis118711: checks 
Xósem: folds 
pike_14_22: folds 
DaiSakana: folds 
Dorex2007: checks 
*** FLOP *** [8s 7c As]
Dorex2007: checks 
Maxis118711: checks 
*** TURN *** [8s 7c As] [3h]
Dorex2007: bets $0.04
Maxis118711: folds 
Uncalled bet ($0.04) returned to Dorex2007
Dorex2007 collected $0.06 from pot
Dorex2007: doesn't show hand 
*** SUMMARY ***
Total pot $0.06 | Rake $0 
Board [8s 7c As 3h]
Seat 1: pike_14_22 (button) folded before Flop (didn't bet)
Seat 2: DaiSakana (small blind) folded before Flop
Seat 3: Dorex2007 (big blind) collected ($0.06)
Seat 4: tridmax folded before Flop (didn't bet)
Seat 5: rodion063 folded before Flop (didn't bet)
Seat 6: frosa9397 folded before Flop (didn't bet)
Seat 7: w3sby folded before Flop (didn't bet)
Seat 8: Maxis118711 folded on the Turn (didn't bet)
Seat 9: Xósem folded before Flop (didn't bet)



PokerStars Hand #227258934517:  Hold'em No Limit ($0.01/$0.02 USD) - 2021/06/01 20:56:21 PT [2021/06/01 23:56:21 ET]
Table 'Badenia III' 9-max Seat #2 is the button
Seat 2: DaiSakana ($2 in chips) 
Seat 3: Dorex2007 ($2.58 in chips) 
Seat 4: tridmax ($2.48 in chips) 
Seat 5: rodion063 ($3.01 in chips) 
Seat 6: frosa9397 ($1.56 in chips) 
Seat 7: w3sby ($2.15 in chips) 
Seat 8: Maxis118711 ($2.30 in chips) 
Seat 9: Xósem ($1.40 in chips) 
Dorex2007: posts small blind $0.01
tridmax: posts big blind $0.02
*** HOLE CARDS ***
Dealt to Dorex2007 [Qs 5h]
rodion063: raises $0.04 to $0.06
frosa9397: folds 
w3sby: folds 
Maxis118711: folds 
Xósem: raises $0.04 to $0.10
DaiSakana: folds 
Dorex2007: folds 
tridmax: folds 
rodion063: calls $0.04
*** FLOP *** [6c Ks 4s]
rodion063: checks 
Xósem: bets $0.06
rodion063: calls $0.06
*** TURN *** [6c Ks 4s] [Qh]
rodion063: checks 
Xósem: checks 
*** RIVER *** [6c Ks 4s Qh] [4c]
rodion063: bets $0.24
Xósem: folds 
Uncalled bet ($0.24) returned to rodion063
rodion063 collected $0.34 from pot
*** SUMMARY ***
Total pot $0.35 | Rake $0.01 
Board [6c Ks 4s Qh 4c]
Seat 2: DaiSakana (button) folded before Flop (didn't bet)
Seat 3: Dorex2007 (small blind) folded before Flop
Seat 4: tridmax (big blind) folded before Flop
Seat 5: rodion063 collected ($0.34)
Seat 6: frosa9397 folded before Flop (didn't bet)
Seat 7: w3sby folded before Flop (didn't bet)
Seat 8: Maxis118711 folded before Flop (didn't bet)
Seat 9: Xósem folded on the River



PokerStars Hand #227258945433:  Hold'em No Limit ($0.01/$0.02 USD) - 2021/06/01 20:57:38 PT [2021/06/01 23:57:38 ET]
Table 'Badenia III' 9-max Seat #3 is the button
Seat 2: DaiSakana ($2 in chips) 
Seat 3: Dorex2007 ($2.57 in chips) 
Seat 4: tridmax ($2.46 in chips) 
Seat 5: rodion063 ($3.19 in chips) 
Seat 6: frosa9397 ($1.56 in chips) 
Seat 7: w3sby ($2.15 in chips) 
Seat 8: Maxis118711 ($2.30 in chips) 
Seat 9: Xósem ($1.24 in chips) 
tridmax: posts small blind $0.01
rodion063: posts big blind $0.02
*** HOLE CARDS ***
Dealt to Dorex2007 [9h Jd]
frosa9397: folds 
w3sby: folds 
Maxis118711: folds 
Xósem: calls $0.02
DaiSakana: folds 
Dorex2007: calls $0.02
tridmax: folds 
rodion063: checks 
*** FLOP *** [9s 2d 7d]
rodion063: checks 
Xósem: checks 
Dorex2007: checks 
*** TURN *** [9s 2d 7d] [Tc]
rodion063: checks 
Xósem: checks 
Dorex2007: bets $0.05
rodion063: folds 
Xósem: folds 
Uncalled bet ($0.05) returned to Dorex2007
Dorex2007 collected $0.07 from pot
Dorex2007: doesn't show hand 
*** SUMMARY ***
Total pot $0.07 | Rake $0 
Board [9s 2d 7d Tc]
Seat 2: DaiSakana folded before Flop (didn't bet)
Seat 3: Dorex2007 (button) collected ($0.07)
Seat 4: tridmax (small blind) folded before Flop
Seat 5: rodion063 (big blind) folded on the Turn
Seat 6: frosa9397 folded before Flop (didn't bet)
Seat 7: w3sby folded before Flop (didn't bet)
Seat 8: Maxis118711 folded before Flop (didn't bet)
Seat 9: Xósem folded on the Turn



PokerStars Hand #227258952411:  Hold'em No Limit ($0.01/$0.02 USD) - 2021/06/01 20:58:27 PT [2021/06/01 23:58:27 ET]
Table 'Badenia III' 9-max Seat #4 is the button
Seat 2: DaiSakana ($2 in chips) 
Seat 3: Dorex2007 ($2.62 in chips) 
Seat 4: tridmax ($2.45 in chips) 
Seat 5: rodion063 ($3.17 in chips) 
Seat 6: frosa9397 ($1.56 in chips) 
Seat 7: w3sby ($2.15 in chips) 
Seat 8: Maxis118711 ($2.30 in chips) 
Seat 9: Xósem ($1.22 in chips) 
rodion063: posts small blind $0.01
frosa9397: posts big blind $0.02
*** HOLE CARDS ***
Dealt to Dorex2007 [Jc Td]
w3sby: folds 
Maxis118711: folds 
Xósem: calls $0.02
DaiSakana: folds 
Dorex2007: calls $0.02
tridmax: calls $0.02
rodion063: folds 
frosa9397: checks 
*** FLOP *** [6d 7c 9c]
frosa9397: checks 
Xósem: checks 
Dorex2007: checks 
tridmax: bets $0.07
frosa9397: calls $0.07
Xósem: folds 
Dorex2007: folds 
*** TURN *** [6d 7c 9c] [8d]
frosa9397: checks 
tridmax: checks 
*** RIVER *** [6d 7c 9c 8d] [As]
frosa9397: checks 
tridmax: checks 
*** SHOW DOWN ***
frosa9397: shows [8s Ah] (two pair, Aces and Eights)
tridmax: mucks hand 
frosa9397 collected $0.22 from pot
*** SUMMARY ***
Total pot $0.23 | Rake $0.01 
Board [6d 7c 9c 8d As]
Seat 2: DaiSakana folded before Flop (didn't bet)
Seat 3: Dorex2007 folded on the Flop
Seat 4: tridmax (button) mucked [Kh 9h]
Seat 5: rodion063 (small blind) folded before Flop
Seat 6: frosa9397 (big blind) showed [8s Ah] and won ($0.22) with two pair, Aces and Eights
Seat 7: w3sby folded before Flop (didn't bet)
Seat 8: Maxis118711 folded before Flop (didn't bet)
Seat 9: Xósem folded on the Flop



PokerStars Hand #227258963860:  Hold'em No Limit ($0.01/$0.02 USD) - 2021/06/01 20:59:49 PT [2021/06/01 23:59:49 ET]
Table 'Badenia III' 9-max Seat #5 is the button
Seat 1: pike_14_22 ($0.50 in chips) 
Seat 2: DaiSakana ($2 in chips) 
Seat 3: Dorex2007 ($2.60 in chips) 
Seat 4: tridmax ($2.36 in chips) 
Seat 5: rodion063 ($3.16 in chips) 
Seat 6: frosa9397 ($1.69 in chips) 
Seat 7: w3sby ($2.15 in chips) 
Seat 8: Maxis118711 ($2.30 in chips) 
Seat 9: Xósem ($1.20 in chips) 
frosa9397: posts small blind $0.01
w3sby: posts big blind $0.02
*** HOLE CARDS ***
Dealt to Dorex2007 [Ad Ts]
Maxis118711: folds 
Xósem: folds 
pike_14_22: folds 
DaiSakana: folds 
Dorex2007: raises $0.02 to $0.04
tridmax: folds 
rodion063: folds 
frosa9397: folds 
w3sby: folds 
Uncalled bet ($0.02) returned to Dorex2007
Dorex2007 collected $0.05 from pot
Dorex2007: doesn't show hand 
*** SUMMARY ***
Total pot $0.05 | Rake $0 
Seat 1: pike_14_22 folded before Flop (didn't bet)
Seat 2: DaiSakana folded before Flop (didn't bet)
Seat 3: Dorex2007 collected ($0.05)
Seat 4: tridmax folded before Flop (didn't bet)
Seat 5: rodion063 (button) folded before Flop (didn't bet)
Seat 6: frosa9397 (small blind) folded before Flop
Seat 7: w3sby (big blind) folded before Flop
Seat 8: Maxis118711 folded before Flop (didn't bet)
Seat 9: Xósem folded before Flop (didn't bet)



