PokerStars Hand #225842811530:  Hold'em No Limit ($0.01/$0.02 USD) - 2021/04/14 14:55:02 PT [2021/04/14 17:55:02 ET]
Table 'Bali II' 9-max Seat #3 is the button
Seat 2: Dorex2007 ($1.50 in chips) 
Seat 3: kaspars191 ($4.92 in chips) 
Seat 4: NessaCakes ($1.95 in chips) 
Seat 5: leoparana ($2.14 in chips) 
Seat 6: Parker09SA ($2 in chips) 
Seat 7: hgpperez ($1.30 in chips) 
Seat 8: Snowman373 ($1.60 in chips) 
NessaCakes: posts small blind $0.01
leoparana: posts big blind $0.02
Dorex2007: posts big blind $0.02
*** HOLE CARDS ***
Dealt to Dorex2007 [7h 7c]
Parker09SA: folds 
margaritkin5 leaves the table
hgpperez: folds 
Snowman373: folds 
Dorex2007: checks 
kaspars191: folds 
NessaCakes: folds 
leoparana: checks 
*** FLOP *** [3h Tc 2d]
leoparana: checks 
Dorex2007: bets $0.05
leoparana: folds 
Uncalled bet ($0.05) returned to Dorex2007
Dorex2007 collected $0.05 from pot
Dorex2007: doesn't show hand 
*** SUMMARY ***
Total pot $0.05 | Rake $0 
Board [3h Tc 2d]
Seat 2: Dorex2007 collected ($0.05)
Seat 3: kaspars191 (button) folded before Flop (didn't bet)
Seat 4: NessaCakes (small blind) folded before Flop
Seat 5: leoparana (big blind) folded on the Flop
Seat 6: Parker09SA folded before Flop (didn't bet)
Seat 7: hgpperez folded before Flop (didn't bet)
Seat 8: Snowman373 folded before Flop (didn't bet)



PokerStars Hand #225842826157:  Hold'em No Limit ($0.01/$0.02 USD) - 2021/04/14 14:55:35 PT [2021/04/14 17:55:35 ET]
Table 'Bali II' 9-max Seat #4 is the button
Seat 2: Dorex2007 ($1.53 in chips) 
Seat 3: kaspars191 ($4.92 in chips) 
Seat 4: NessaCakes ($1.94 in chips) 
Seat 5: leoparana ($2.12 in chips) 
Seat 6: Parker09SA ($2 in chips) 
Seat 7: hgpperez ($1.30 in chips) 
Seat 8: Snowman373 ($1.60 in chips) 
leoparana: posts small blind $0.01
Parker09SA: posts big blind $0.02
*** HOLE CARDS ***
Dealt to Dorex2007 [6d 9c]
hgpperez: folds 
Snowman373: folds 
Dorex2007: folds 
kaspars191: raises $0.06 to $0.08
NessaCakes: folds 
leoparana: calls $0.07
Parker09SA: folds 
*** FLOP *** [Ah 2d 2s]
leoparana: checks 
kaspars191: checks 
*** TURN *** [Ah 2d 2s] [Qs]
leoparana: bets $0.06
kaspars191: folds 
Uncalled bet ($0.06) returned to leoparana
leoparana collected $0.17 from pot
leoparana: doesn't show hand 
*** SUMMARY ***
Total pot $0.18 | Rake $0.01 
Board [Ah 2d 2s Qs]
Seat 2: Dorex2007 folded before Flop (didn't bet)
Seat 3: kaspars191 folded on the Turn
Seat 4: NessaCakes (button) folded before Flop (didn't bet)
Seat 5: leoparana (small blind) collected ($0.17)
Seat 6: Parker09SA (big blind) folded before Flop
Seat 7: hgpperez folded before Flop (didn't bet)
Seat 8: Snowman373 folded before Flop (didn't bet)



PokerStars Hand #225842844748:  Hold'em No Limit ($0.01/$0.02 USD) - 2021/04/14 14:56:23 PT [2021/04/14 17:56:23 ET]
Table 'Bali II' 9-max Seat #5 is the button
Seat 2: Dorex2007 ($1.53 in chips) 
Seat 3: kaspars191 ($4.84 in chips) 
Seat 4: NessaCakes ($1.94 in chips) 
Seat 5: leoparana ($2.21 in chips) 
Seat 6: Parker09SA ($2 in chips) 
Seat 7: hgpperez ($1.30 in chips) 
Seat 8: Snowman373 ($1.60 in chips) 
Parker09SA: posts small blind $0.01
hgpperez: posts big blind $0.02
*** HOLE CARDS ***
Dealt to Dorex2007 [9s 9d]
Snowman373: folds 
Dorex2007: calls $0.02
kaspars191: folds 
NessaCakes: calls $0.02
leoparana: calls $0.02
Parker09SA: folds 
hgpperez: checks 
*** FLOP *** [Jh 7c 2h]
hgpperez: checks 
Dorex2007: checks 
NessaCakes: checks 
leoparana: checks 
*** TURN *** [Jh 7c 2h] [7d]
hgpperez: checks 
Dorex2007: checks 
NessaCakes: bets $0.10
leoparana: folds 
hgpperez: folds 
Dorex2007: folds 
Uncalled bet ($0.10) returned to NessaCakes
NessaCakes collected $0.09 from pot
NessaCakes: doesn't show hand 
*** SUMMARY ***
Total pot $0.09 | Rake $0 
Board [Jh 7c 2h 7d]
Seat 2: Dorex2007 folded on the Turn
Seat 3: kaspars191 folded before Flop (didn't bet)
Seat 4: NessaCakes collected ($0.09)
Seat 5: leoparana (button) folded on the Turn
Seat 6: Parker09SA (small blind) folded before Flop
Seat 7: hgpperez (big blind) folded on the Turn
Seat 8: Snowman373 folded before Flop (didn't bet)



PokerStars Hand #225842866251:  Hold'em No Limit ($0.01/$0.02 USD) - 2021/04/14 14:57:17 PT [2021/04/14 17:57:17 ET]
Table 'Bali II' 9-max Seat #6 is the button
Seat 2: Dorex2007 ($1.51 in chips) 
Seat 3: kaspars191 ($4.84 in chips) 
Seat 4: NessaCakes ($2.01 in chips) 
Seat 5: leoparana ($2.19 in chips) 
Seat 6: Parker09SA ($2 in chips) 
Seat 7: hgpperez ($1.28 in chips) 
Seat 8: Snowman373 ($1.60 in chips) 
hgpperez: posts small blind $0.01
Snowman373: posts big blind $0.02
*** HOLE CARDS ***
Dealt to Dorex2007 [Tc 3d]
Dorex2007: folds 
kaspars191: raises $0.06 to $0.08
NessaCakes: folds 
leoparana: folds 
Parker09SA: folds 
szekrena leaves the table
hgpperez: folds 
Snowman373: folds 
Uncalled bet ($0.06) returned to kaspars191
kaspars191 collected $0.05 from pot
kaspars191: doesn't show hand 
*** SUMMARY ***
Total pot $0.05 | Rake $0 
Seat 2: Dorex2007 folded before Flop (didn't bet)
Seat 3: kaspars191 collected ($0.05)
Seat 4: NessaCakes folded before Flop (didn't bet)
Seat 5: leoparana folded before Flop (didn't bet)
Seat 6: Parker09SA (button) folded before Flop (didn't bet)
Seat 7: hgpperez (small blind) folded before Flop
Seat 8: Snowman373 (big blind) folded before Flop



PokerStars Hand #225842882507:  Hold'em No Limit ($0.01/$0.02 USD) - 2021/04/14 14:57:42 PT [2021/04/14 17:57:42 ET]
Table 'Bali II' 9-max Seat #7 is the button
Seat 2: Dorex2007 ($1.51 in chips) 
Seat 3: kaspars191 ($4.87 in chips) 
Seat 4: NessaCakes ($2.01 in chips) 
Seat 5: leoparana ($2.19 in chips) 
Seat 6: Parker09SA ($2 in chips) 
Seat 7: hgpperez ($1.27 in chips) 
Seat 8: Snowman373 ($1.60 in chips) 
Snowman373: posts small blind $0.01
Dorex2007: posts big blind $0.02
*** HOLE CARDS ***
Dealt to Dorex2007 [3d 8h]
kaspars191: folds 
NessaCakes: folds 
leoparana: raises $0.04 to $0.06
Parker09SA: folds 
starik1965 joins the table at seat #9 
hgpperez: folds 
Snowman373: folds 
Dorex2007: folds 
Uncalled bet ($0.04) returned to leoparana
leoparana collected $0.05 from pot
leoparana: doesn't show hand 
*** SUMMARY ***
Total pot $0.05 | Rake $0 
Seat 2: Dorex2007 (big blind) folded before Flop
Seat 3: kaspars191 folded before Flop (didn't bet)
Seat 4: NessaCakes folded before Flop (didn't bet)
Seat 5: leoparana collected ($0.05)
Seat 6: Parker09SA folded before Flop (didn't bet)
Seat 7: hgpperez (button) folded before Flop (didn't bet)
Seat 8: Snowman373 (small blind) folded before Flop



PokerStars Hand #225842890378:  Hold'em No Limit ($0.01/$0.02 USD) - 2021/04/14 14:58:02 PT [2021/04/14 17:58:02 ET]
Table 'Bali II' 9-max Seat #8 is the button
Seat 2: Dorex2007 ($1.49 in chips) 
Seat 3: kaspars191 ($4.87 in chips) 
Seat 4: NessaCakes ($2.01 in chips) 
Seat 5: leoparana ($2.22 in chips) 
Seat 6: Parker09SA ($2 in chips) 
Seat 7: hgpperez ($1.27 in chips) 
Seat 8: Snowman373 ($1.60 in chips) 
Dorex2007: posts small blind $0.01
kaspars191: posts big blind $0.02
*** HOLE CARDS ***
Dealt to Dorex2007 [4s Js]
NessaCakes: folds 
leoparana: folds 
Parker09SA: folds 
hgpperez: folds 
Snowman373: folds 
Dorex2007: calls $0.01
kaspars191: checks 
*** FLOP *** [Ah 8s 4d]
Dorex2007: checks 
kaspars191: checks 
*** TURN *** [Ah 8s 4d] [Jh]
Dorex2007: bets $0.06
kaspars191: folds 
Uncalled bet ($0.06) returned to Dorex2007
Dorex2007 collected $0.04 from pot
Dorex2007: doesn't show hand 
*** SUMMARY ***
Total pot $0.04 | Rake $0 
Board [Ah 8s 4d Jh]
Seat 2: Dorex2007 (small blind) collected ($0.04)
Seat 3: kaspars191 (big blind) folded on the Turn
Seat 4: NessaCakes folded before Flop (didn't bet)
Seat 5: leoparana folded before Flop (didn't bet)
Seat 6: Parker09SA folded before Flop (didn't bet)
Seat 7: hgpperez folded before Flop (didn't bet)
Seat 8: Snowman373 (button) folded before Flop (didn't bet)



PokerStars Hand #225842907942:  Hold'em No Limit ($0.01/$0.02 USD) - 2021/04/14 14:58:38 PT [2021/04/14 17:58:38 ET]
Table 'Bali II' 9-max Seat #2 is the button
Seat 2: Dorex2007 ($1.51 in chips) 
Seat 3: kaspars191 ($4.85 in chips) 
Seat 4: NessaCakes ($2.01 in chips) 
Seat 5: leoparana ($2.22 in chips) 
Seat 6: Parker09SA ($2 in chips) 
Seat 7: hgpperez ($1.27 in chips) 
Seat 8: Snowman373 ($1.60 in chips) 
Seat 9: starik1965 ($0.72 in chips) 
kaspars191: posts small blind $0.01
NessaCakes: posts big blind $0.02
starik1965: posts big blind $0.02
*** HOLE CARDS ***
Dealt to Dorex2007 [3h 7s]
leoparana has timed out
leoparana: folds 
Parker09SA: raises $0.10 to $0.12
hgpperez: folds 
Snowman373: folds 
starik1965: folds 
Dorex2007: folds 
kaspars191: folds 
NessaCakes: folds 
Uncalled bet ($0.10) returned to Parker09SA
Parker09SA collected $0.07 from pot
Parker09SA: doesn't show hand 
*** SUMMARY ***
Total pot $0.07 | Rake $0 
Seat 2: Dorex2007 (button) folded before Flop (didn't bet)
Seat 3: kaspars191 (small blind) folded before Flop
Seat 4: NessaCakes (big blind) folded before Flop
Seat 5: leoparana folded before Flop (didn't bet)
Seat 6: Parker09SA collected ($0.07)
Seat 7: hgpperez folded before Flop (didn't bet)
Seat 8: Snowman373 folded before Flop (didn't bet)
Seat 9: starik1965 folded before Flop (didn't bet)



PokerStars Hand #225842918367:  Hold'em No Limit ($0.01/$0.02 USD) - 2021/04/14 14:59:04 PT [2021/04/14 17:59:04 ET]
Table 'Bali II' 9-max Seat #3 is the button
Seat 2: Dorex2007 ($1.51 in chips) 
Seat 3: kaspars191 ($4.84 in chips) 
Seat 4: NessaCakes ($1.99 in chips) 
Seat 6: Parker09SA ($2.05 in chips) 
Seat 7: hgpperez ($1.27 in chips) 
Seat 8: Snowman373 ($1.60 in chips) 
Seat 9: starik1965 ($0.70 in chips) 
NessaCakes: posts small blind $0.01
Parker09SA: posts big blind $0.02
*** HOLE CARDS ***
Dealt to Dorex2007 [Th Jd]
hgpperez: folds 
Snowman373: folds 
xtrmberlin joins the table at seat #1 
starik1965: calls $0.02
Dorex2007: calls $0.02
kaspars191: folds 
NessaCakes: folds 
Parker09SA: checks 
*** FLOP *** [9d Ah 4s]
Parker09SA: checks 
starik1965: bets $0.07
Dorex2007: folds 
Parker09SA: folds 
Uncalled bet ($0.07) returned to starik1965
starik1965 collected $0.07 from pot
*** SUMMARY ***
Total pot $0.07 | Rake $0 
Board [9d Ah 4s]
Seat 2: Dorex2007 folded on the Flop
Seat 3: kaspars191 (button) folded before Flop (didn't bet)
Seat 4: NessaCakes (small blind) folded before Flop
Seat 6: Parker09SA (big blind) folded on the Flop
Seat 7: hgpperez folded before Flop (didn't bet)
Seat 8: Snowman373 folded before Flop (didn't bet)
Seat 9: starik1965 collected ($0.07)



PokerStars Hand #225842929978:  Hold'em No Limit ($0.01/$0.02 USD) - 2021/04/14 14:59:33 PT [2021/04/14 17:59:33 ET]
Table 'Bali II' 9-max Seat #4 is the button
Seat 1: xtrmberlin ($1.60 in chips) 
Seat 2: Dorex2007 ($1.49 in chips) 
Seat 3: kaspars191 ($4.84 in chips) 
Seat 4: NessaCakes ($1.98 in chips) 
Seat 6: Parker09SA ($2.03 in chips) 
Seat 7: hgpperez ($1.27 in chips) 
Seat 8: Snowman373 ($1.60 in chips) 
Seat 9: starik1965 ($0.75 in chips) 
Parker09SA: posts small blind $0.01
hgpperez: posts big blind $0.02
xtrmberlin: posts big blind $0.02
*** HOLE CARDS ***
Dealt to Dorex2007 [Kc 3h]
Snowman373: folds 
starik1965: folds 
xtrmberlin: checks 
Dorex2007: folds 
kaspars191: calls $0.02
NessaCakes: raises $0.12 to $0.14
Parker09SA: folds 
hgpperez: folds 
xtrmberlin: folds 
kaspars191: folds 
Uncalled bet ($0.12) returned to NessaCakes
NessaCakes collected $0.09 from pot
NessaCakes: doesn't show hand 
*** SUMMARY ***
Total pot $0.09 | Rake $0 
Seat 1: xtrmberlin folded before Flop (didn't bet)
Seat 2: Dorex2007 folded before Flop (didn't bet)
Seat 3: kaspars191 folded before Flop
Seat 4: NessaCakes (button) collected ($0.09)
Seat 6: Parker09SA (small blind) folded before Flop
Seat 7: hgpperez (big blind) folded before Flop
Seat 8: Snowman373 folded before Flop (didn't bet)
Seat 9: starik1965 folded before Flop (didn't bet)



PokerStars Hand #225842938615:  Hold'em No Limit ($0.01/$0.02 USD) - 2021/04/14 14:59:55 PT [2021/04/14 17:59:55 ET]
Table 'Bali II' 9-max Seat #6 is the button
Seat 1: xtrmberlin ($1.58 in chips) 
Seat 2: Dorex2007 ($1.49 in chips) 
Seat 3: kaspars191 ($4.82 in chips) 
Seat 4: NessaCakes ($2.05 in chips) 
Seat 5: leoparana ($2.22 in chips) 
Seat 6: Parker09SA ($2.02 in chips) 
Seat 7: hgpperez ($1.25 in chips) 
Seat 8: Snowman373 ($1.60 in chips) 
Seat 9: starik1965 ($0.75 in chips) 
hgpperez: posts small blind $0.01
Snowman373: posts big blind $0.02
leoparana: posts small & big blinds $0.03
*** HOLE CARDS ***
Dealt to Dorex2007 [7h As]
starik1965: folds 
xtrmberlin: folds 
Dorex2007: folds 
kaspars191: folds 
NessaCakes: folds 
leoparana has timed out
leoparana: checks 
Parker09SA: folds 
hgpperez: calls $0.01
Snowman373: checks 
*** FLOP *** [Js Ts 7d]
hgpperez: checks 
Snowman373: checks 
leoparana: checks 
*** TURN *** [Js Ts 7d] [4s]
hgpperez: checks 
Snowman373: checks 
leoparana: checks 
*** RIVER *** [Js Ts 7d 4s] [4h]
hgpperez: checks 
Snowman373: checks 
leoparana: checks 
*** SHOW DOWN ***
hgpperez: shows [8c Ah] (a pair of Fours)
Snowman373: shows [7s Qc] (two pair, Sevens and Fours)
leoparana: mucks hand 
Snowman373 collected $0.07 from pot
*** SUMMARY ***
Total pot $0.07 | Rake $0 
Board [Js Ts 7d 4s 4h]
Seat 1: xtrmberlin folded before Flop (didn't bet)
Seat 2: Dorex2007 folded before Flop (didn't bet)
Seat 3: kaspars191 folded before Flop (didn't bet)
Seat 4: NessaCakes folded before Flop (didn't bet)
Seat 5: leoparana mucked [3s 6d]
Seat 6: Parker09SA (button) folded before Flop (didn't bet)
Seat 7: hgpperez (small blind) showed [8c Ah] and lost with a pair of Fours
Seat 8: Snowman373 (big blind) showed [7s Qc] and won ($0.07) with two pair, Sevens and Fours
Seat 9: starik1965 folded before Flop (didn't bet)



PokerStars Hand #225842987613:  Hold'em No Limit ($0.01/$0.02 USD) - 2021/04/14 15:01:44 PT [2021/04/14 18:01:44 ET]
Table 'Bali II' 9-max Seat #7 is the button
Seat 1: xtrmberlin ($1.58 in chips) 
Seat 2: Dorex2007 ($1.49 in chips) 
Seat 3: kaspars191 ($4.82 in chips) 
Seat 4: NessaCakes ($2.05 in chips) 
Seat 5: leoparana ($2.19 in chips) 
Seat 6: Parker09SA ($2.02 in chips) 
Seat 7: hgpperez ($1.23 in chips) 
Seat 8: Snowman373 ($1.65 in chips) 
Seat 9: starik1965 ($0.75 in chips) 
Snowman373: posts small blind $0.01
starik1965: posts big blind $0.02
*** HOLE CARDS ***
Dealt to Dorex2007 [Jh 8s]
xtrmberlin: folds 
Dorex2007: folds 
kaspars191: folds 
NessaCakes: folds 
leoparana: folds 
Parker09SA: raises $0.05 to $0.07
hgpperez: folds 
Snowman373: raises $0.13 to $0.20
starik1965: folds 
Parker09SA: calls $0.13
*** FLOP *** [Qd Kc 5s]
Snowman373: checks 
Parker09SA: checks 
*** TURN *** [Qd Kc 5s] [3h]
Snowman373: bets $0.27
Parker09SA: folds 
Uncalled bet ($0.27) returned to Snowman373
Snowman373 collected $0.41 from pot
Snowman373: doesn't show hand 
*** SUMMARY ***
Total pot $0.42 | Rake $0.01 
Board [Qd Kc 5s 3h]
Seat 1: xtrmberlin folded before Flop (didn't bet)
Seat 2: Dorex2007 folded before Flop (didn't bet)
Seat 3: kaspars191 folded before Flop (didn't bet)
Seat 4: NessaCakes folded before Flop (didn't bet)
Seat 5: leoparana folded before Flop (didn't bet)
Seat 6: Parker09SA folded on the Turn
Seat 7: hgpperez (button) folded before Flop (didn't bet)
Seat 8: Snowman373 (small blind) collected ($0.41)
Seat 9: starik1965 (big blind) folded before Flop



PokerStars Hand #225843012612:  Hold'em No Limit ($0.01/$0.02 USD) - 2021/04/14 15:02:33 PT [2021/04/14 18:02:33 ET]
Table 'Bali II' 9-max Seat #8 is the button
Seat 1: xtrmberlin ($1.58 in chips) 
Seat 2: Dorex2007 ($1.49 in chips) 
Seat 3: kaspars191 ($4.82 in chips) 
Seat 4: NessaCakes ($2.05 in chips) 
Seat 5: leoparana ($2.19 in chips) 
Seat 6: Parker09SA ($2 in chips) 
Seat 7: hgpperez ($1.23 in chips) 
Seat 8: Snowman373 ($1.86 in chips) 
Seat 9: starik1965 ($0.73 in chips) 
starik1965: posts small blind $0.01
xtrmberlin: posts big blind $0.02
*** HOLE CARDS ***
Dealt to Dorex2007 [5d Th]
Dorex2007: folds 
kaspars191: folds 
NessaCakes: folds 
leoparana: calls $0.02
Parker09SA: folds 
hgpperez: calls $0.02
Snowman373: calls $0.02
starik1965: calls $0.01
xtrmberlin: checks 
*** FLOP *** [2h Qh Js]
starik1965: checks 
xtrmberlin: checks 
leoparana: bets $0.04
hgpperez: raises $0.04 to $0.08
Snowman373: folds 
kaspars191 leaves the table
starik1965: folds 
xtrmberlin: folds 
leoparana: calls $0.04
*** TURN *** [2h Qh Js] [Ks]
leoparana: checks 
hgpperez: checks 
*** RIVER *** [2h Qh Js Ks] [7c]
leoparana: checks 
hgpperez: bets $0.13
leoparana: folds 
Uncalled bet ($0.13) returned to hgpperez
hgpperez collected $0.25 from pot
hgpperez: doesn't show hand 
*** SUMMARY ***
Total pot $0.26 | Rake $0.01 
Board [2h Qh Js Ks 7c]
Seat 1: xtrmberlin (big blind) folded on the Flop
Seat 2: Dorex2007 folded before Flop (didn't bet)
Seat 3: kaspars191 folded before Flop (didn't bet)
Seat 4: NessaCakes folded before Flop (didn't bet)
Seat 5: leoparana folded on the River
Seat 6: Parker09SA folded before Flop (didn't bet)
Seat 7: hgpperez collected ($0.25)
Seat 8: Snowman373 (button) folded on the Flop
Seat 9: starik1965 (small blind) folded on the Flop



PokerStars Hand #225843058869:  Hold'em No Limit ($0.01/$0.02 USD) - 2021/04/14 15:04:01 PT [2021/04/14 18:04:01 ET]
Table 'Bali II' 9-max Seat #9 is the button
Seat 1: xtrmberlin ($1.56 in chips) 
Seat 2: Dorex2007 ($1.49 in chips) 
Seat 4: NessaCakes ($2.05 in chips) 
Seat 5: leoparana ($2.09 in chips) 
Seat 6: Parker09SA ($2 in chips) 
Seat 7: hgpperez ($1.38 in chips) 
Seat 8: Snowman373 ($1.84 in chips) 
Seat 9: starik1965 ($0.71 in chips) 
xtrmberlin: posts small blind $0.01
Dorex2007: posts big blind $0.02
*** HOLE CARDS ***
Dealt to Dorex2007 [2c 3c]
NessaCakes: calls $0.02
leoparana: calls $0.02
Parker09SA: raises $0.09 to $0.11
hgpperez: folds 
Snowman373: folds 
starik1965: calls $0.11
xtrmberlin: folds 
Dorex2007: folds 
NessaCakes: folds 
leoparana: calls $0.09
*** FLOP *** [3d 4c Td]
leoparana: checks 
Parker09SA: checks 
starik1965: bets $0.60 and is all-in
leoparana: folds 
Parker09SA: folds 
Uncalled bet ($0.60) returned to starik1965
starik1965 collected $0.37 from pot
*** SUMMARY ***
Total pot $0.38 | Rake $0.01 
Board [3d 4c Td]
Seat 1: xtrmberlin (small blind) folded before Flop
Seat 2: Dorex2007 (big blind) folded before Flop
Seat 4: NessaCakes folded before Flop
Seat 5: leoparana folded on the Flop
Seat 6: Parker09SA folded on the Flop
Seat 7: hgpperez folded before Flop (didn't bet)
Seat 8: Snowman373 folded before Flop (didn't bet)
Seat 9: starik1965 (button) collected ($0.37)



PokerStars Hand #225843084955:  Hold'em No Limit ($0.01/$0.02 USD) - 2021/04/14 15:04:50 PT [2021/04/14 18:04:50 ET]
Table 'Bali II' 9-max Seat #1 is the button
Seat 1: xtrmberlin ($1.55 in chips) 
Seat 2: Dorex2007 ($1.47 in chips) 
Seat 4: NessaCakes ($2.03 in chips) 
Seat 5: leoparana ($1.98 in chips) 
Seat 6: Parker09SA ($2 in chips) 
Seat 7: hgpperez ($1.38 in chips) 
Seat 8: Snowman373 ($1.84 in chips) 
Seat 9: starik1965 ($0.97 in chips) 
Dorex2007: posts small blind $0.01
NessaCakes: posts big blind $0.02
*** HOLE CARDS ***
Dealt to Dorex2007 [Ts 3s]
leoparana: folds 
leoparana leaves the table
Parker09SA: folds 
hgpperez: calls $0.02
Snowman373: folds 
starik1965: calls $0.02
xtrmberlin: calls $0.02
Dorex2007: folds 
NessaCakes: checks 
*** FLOP *** [Qs 3c 2s]
NessaCakes: bets $0.02
hgpperez: calls $0.02
starik1965: folds 
xtrmberlin: folds 
*** TURN *** [Qs 3c 2s] [3h]
NessaCakes: bets $0.02
hgpperez: calls $0.02
*** RIVER *** [Qs 3c 2s 3h] [Qd]
NessaCakes: bets $0.16
hgpperez: folds 
Uncalled bet ($0.16) returned to NessaCakes
NessaCakes collected $0.16 from pot
NessaCakes: doesn't show hand 
*** SUMMARY ***
Total pot $0.17 | Rake $0.01 
Board [Qs 3c 2s 3h Qd]
Seat 1: xtrmberlin (button) folded on the Flop
Seat 2: Dorex2007 (small blind) folded before Flop
Seat 4: NessaCakes (big blind) collected ($0.16)
Seat 5: leoparana folded before Flop (didn't bet)
Seat 6: Parker09SA folded before Flop (didn't bet)
Seat 7: hgpperez folded on the River
Seat 8: Snowman373 folded before Flop (didn't bet)
Seat 9: starik1965 folded on the Flop



PokerStars Hand #225843108351:  Hold'em No Limit ($0.01/$0.02 USD) - 2021/04/14 15:05:35 PT [2021/04/14 18:05:35 ET]
Table 'Bali II' 9-max Seat #2 is the button
Seat 1: xtrmberlin ($1.53 in chips) 
Seat 2: Dorex2007 ($1.46 in chips) 
Seat 4: NessaCakes ($2.13 in chips) 
Seat 6: Parker09SA ($2 in chips) 
Seat 7: hgpperez ($1.32 in chips) 
Seat 8: Snowman373 ($1.84 in chips) 
Seat 9: starik1965 ($0.95 in chips) 
NessaCakes: posts small blind $0.01
Parker09SA: posts big blind $0.02
*** HOLE CARDS ***
Dealt to Dorex2007 [3c Kh]
hgpperez: calls $0.02
Snowman373: folds 
starik1965: calls $0.02
xtrmberlin: folds 
Dorex2007: folds 
NessaCakes: calls $0.01
Parker09SA: raises $0.16 to $0.18
hgpperez: raises $0.40 to $0.58
starik1965: folds 
NessaCakes: folds 
Parker09SA: folds 
Uncalled bet ($0.40) returned to hgpperez
hgpperez collected $0.40 from pot
hgpperez: doesn't show hand 
*** SUMMARY ***
Total pot $0.40 | Rake $0 
Seat 1: xtrmberlin folded before Flop (didn't bet)
Seat 2: Dorex2007 (button) folded before Flop (didn't bet)
Seat 4: NessaCakes (small blind) folded before Flop
Seat 6: Parker09SA (big blind) folded before Flop
Seat 7: hgpperez collected ($0.40)
Seat 8: Snowman373 folded before Flop (didn't bet)
Seat 9: starik1965 folded before Flop



PokerStars Hand #225843127706:  Hold'em No Limit ($0.01/$0.02 USD) - 2021/04/14 15:06:11 PT [2021/04/14 18:06:11 ET]
Table 'Bali II' 9-max Seat #4 is the button
Seat 1: xtrmberlin ($1.53 in chips) 
Seat 2: Dorex2007 ($1.46 in chips) 
Seat 4: NessaCakes ($2.11 in chips) 
Seat 6: Parker09SA ($2 in chips) 
Seat 7: hgpperez ($1.54 in chips) 
Seat 8: Snowman373 ($1.84 in chips) 
Seat 9: starik1965 ($0.93 in chips) 
Parker09SA: posts small blind $0.01
hgpperez: posts big blind $0.02
*** HOLE CARDS ***
Dealt to Dorex2007 [Td 8c]
Snowman373: folds 
starik1965: calls $0.02
xtrmberlin: calls $0.02
Dorex2007: folds 
NessaCakes: folds 
Parker09SA: folds 
hgpperez: checks 
*** FLOP *** [4c Kc 6s]
Black_d0g joins the table at seat #5 
hgpperez: checks 
starik1965: bets $0.02
xtrmberlin: folds 
hgpperez: calls $0.02
*** TURN *** [4c Kc 6s] [5s]
hgpperez: checks 
starik1965: checks 
*** RIVER *** [4c Kc 6s 5s] [2c]
hgpperez: checks 
starik1965: bets $0.11
hgpperez: calls $0.11
*** SHOW DOWN ***
starik1965: shows [Tc Qc] (a flush, King high)
hgpperez: mucks hand 
starik1965 collected $0.32 from pot
*** SUMMARY ***
Total pot $0.33 | Rake $0.01 
Board [4c Kc 6s 5s 2c]
Seat 1: xtrmberlin folded on the Flop
Seat 2: Dorex2007 folded before Flop (didn't bet)
Seat 4: NessaCakes (button) folded before Flop (didn't bet)
Seat 6: Parker09SA (small blind) folded before Flop
Seat 7: hgpperez (big blind) mucked [2d Ks]
Seat 8: Snowman373 folded before Flop (didn't bet)
Seat 9: starik1965 showed [Tc Qc] and won ($0.32) with a flush, King high



PokerStars Hand #225843148283:  Hold'em No Limit ($0.01/$0.02 USD) - 2021/04/14 15:06:50 PT [2021/04/14 18:06:50 ET]
Table 'Bali II' 9-max Seat #6 is the button
Seat 1: xtrmberlin ($1.51 in chips) 
Seat 2: Dorex2007 ($1.46 in chips) 
Seat 4: NessaCakes ($2.11 in chips) 
Seat 6: Parker09SA ($2 in chips) 
Seat 7: hgpperez ($1.39 in chips) 
Seat 8: Snowman373 ($1.84 in chips) 
Seat 9: starik1965 ($1.10 in chips) 
hgpperez: posts small blind $0.01
Snowman373: posts big blind $0.02
Black_d0g: sits out 
*** HOLE CARDS ***
Dealt to Dorex2007 [9d 9c]
starik1965: folds 
xtrmberlin: calls $0.02
Dorex2007: raises $0.04 to $0.06
abrilez joins the table at seat #3 
NessaCakes: folds 
Parker09SA: folds 
hgpperez: calls $0.05
Snowman373: folds 
xtrmberlin: calls $0.04
*** FLOP *** [Qh Th Jd]
hgpperez: checks 
xtrmberlin: checks 
Dorex2007: bets $0.10
hgpperez: folds 
xtrmberlin: calls $0.10
*** TURN *** [Qh Th Jd] [Ts]
xtrmberlin: checks 
Dorex2007: bets $0.20
xtrmberlin: calls $0.20
*** RIVER *** [Qh Th Jd Ts] [Ks]
xtrmberlin: checks 
Dorex2007: checks 
*** SHOW DOWN ***
xtrmberlin: shows [Ah Tc] (a straight, Ten to Ace)
Dorex2007: mucks hand 
xtrmberlin collected $0.77 from pot
*** SUMMARY ***
Total pot $0.80 | Rake $0.03 
Board [Qh Th Jd Ts Ks]
Seat 1: xtrmberlin showed [Ah Tc] and won ($0.77) with a straight, Ten to Ace
Seat 2: Dorex2007 mucked [9d 9c]
Seat 4: NessaCakes folded before Flop (didn't bet)
Seat 6: Parker09SA (button) folded before Flop (didn't bet)
Seat 7: hgpperez (small blind) folded on the Flop
Seat 8: Snowman373 (big blind) folded before Flop
Seat 9: starik1965 folded before Flop (didn't bet)



PokerStars Hand #225843189954:  Hold'em No Limit ($0.01/$0.02 USD) - 2021/04/14 15:08:10 PT [2021/04/14 18:08:10 ET]
Table 'Bali II' 9-max Seat #7 is the button
Seat 1: xtrmberlin ($1.92 in chips) 
Seat 2: Dorex2007 ($1.10 in chips) 
Seat 4: NessaCakes ($2.11 in chips) 
Seat 6: Parker09SA ($2 in chips) 
Seat 7: hgpperez ($1.33 in chips) 
Seat 8: Snowman373 ($1.82 in chips) 
Seat 9: starik1965 ($1.10 in chips) 
Snowman373: posts small blind $0.01
starik1965: posts big blind $0.02
abrilez: sits out 
Black_d0g: sits out 
*** HOLE CARDS ***
Dealt to Dorex2007 [4s Qh]
xtrmberlin: folds 
Dorex2007: folds 
NessaCakes: folds 
Parker09SA: folds 
hgpperez: folds 
Snowman373: raises $0.02 to $0.04
starik1965: calls $0.02
*** FLOP *** [7h 5d Ac]
Snowman373: bets $0.06
starik1965: calls $0.06
*** TURN *** [7h 5d Ac] [Jc]
Snowman373: bets $0.10
starik1965: folds 
Uncalled bet ($0.10) returned to Snowman373
Snowman373 collected $0.19 from pot
Snowman373: doesn't show hand 
*** SUMMARY ***
Total pot $0.20 | Rake $0.01 
Board [7h 5d Ac Jc]
Seat 1: xtrmberlin folded before Flop (didn't bet)
Seat 2: Dorex2007 folded before Flop (didn't bet)
Seat 4: NessaCakes folded before Flop (didn't bet)
Seat 6: Parker09SA folded before Flop (didn't bet)
Seat 7: hgpperez (button) folded before Flop (didn't bet)
Seat 8: Snowman373 (small blind) collected ($0.19)
Seat 9: starik1965 (big blind) folded on the Turn



PokerStars Hand #225843217139:  Hold'em No Limit ($0.01/$0.02 USD) - 2021/04/14 15:09:02 PT [2021/04/14 18:09:02 ET]
Table 'Bali II' 9-max Seat #8 is the button
Seat 1: xtrmberlin ($1.92 in chips) 
Seat 2: Dorex2007 ($1.90 in chips) 
Seat 4: NessaCakes ($2.11 in chips) 
Seat 6: Parker09SA ($2 in chips) 
Seat 7: hgpperez ($1.33 in chips) 
Seat 8: Snowman373 ($1.91 in chips) 
Seat 9: starik1965 ($1 in chips) 
starik1965: posts small blind $0.01
xtrmberlin: posts big blind $0.02
abrilez: sits out 
Black_d0g: sits out 
*** HOLE CARDS ***
Dealt to Dorex2007 [Qs 9c]
Dorex2007: folds 
NessaCakes: folds 
Parker09SA: raises $0.05 to $0.07
hgpperez: calls $0.07
Snowman373: folds 
starik1965: folds 
xtrmberlin: calls $0.05
*** FLOP *** [Jd 9h 5s]
xtrmberlin: checks 
Parker09SA: checks 
hgpperez: checks 
*** TURN *** [Jd 9h 5s] [Jh]
xtrmberlin: checks 
Parker09SA: checks 
hgpperez: bets $0.15
xtrmberlin: folds 
Parker09SA: folds 
Uncalled bet ($0.15) returned to hgpperez
hgpperez collected $0.21 from pot
hgpperez: doesn't show hand 
*** SUMMARY ***
Total pot $0.22 | Rake $0.01 
Board [Jd 9h 5s Jh]
Seat 1: xtrmberlin (big blind) folded on the Turn
Seat 2: Dorex2007 folded before Flop (didn't bet)
Seat 4: NessaCakes folded before Flop (didn't bet)
Seat 6: Parker09SA folded on the Turn
Seat 7: hgpperez collected ($0.21)
Seat 8: Snowman373 (button) folded before Flop (didn't bet)
Seat 9: starik1965 (small blind) folded before Flop



PokerStars Hand #225843244902:  Hold'em No Limit ($0.01/$0.02 USD) - 2021/04/14 15:09:55 PT [2021/04/14 18:09:55 ET]
Table 'Bali II' 9-max Seat #9 is the button
Seat 1: xtrmberlin ($1.85 in chips) 
Seat 2: Dorex2007 ($1.90 in chips) 
Seat 4: NessaCakes ($2.11 in chips) 
Seat 6: Parker09SA ($2 in chips) 
Seat 7: hgpperez ($1.47 in chips) 
Seat 8: Snowman373 ($1.91 in chips) 
Seat 9: starik1965 ($0.99 in chips) 
xtrmberlin: posts small blind $0.01
Dorex2007: posts big blind $0.02
abrilez: sits out 
Black_d0g: sits out 
*** HOLE CARDS ***
Dealt to Dorex2007 [9h 5h]
NessaCakes: folds 
Parker09SA: folds 
hgpperez: calls $0.02
Snowman373: folds 
starik1965: folds 
xtrmberlin: calls $0.01
Dorex2007: checks 
*** FLOP *** [8c Tc Th]
xtrmberlin: checks 
Dorex2007: checks 
hgpperez: checks 
*** TURN *** [8c Tc Th] [8d]
xtrmberlin: checks 
Dorex2007: checks 
hgpperez: checks 
*** RIVER *** [8c Tc Th 8d] [9s]
xtrmberlin: checks 
Dorex2007: bets $0.06
hgpperez: folds 
xtrmberlin: folds 
Uncalled bet ($0.06) returned to Dorex2007
Dorex2007 collected $0.06 from pot
Dorex2007: doesn't show hand 
*** SUMMARY ***
Total pot $0.06 | Rake $0 
Board [8c Tc Th 8d 9s]
Seat 1: xtrmberlin (small blind) folded on the River
Seat 2: Dorex2007 (big blind) collected ($0.06)
Seat 4: NessaCakes folded before Flop (didn't bet)
Seat 6: Parker09SA folded before Flop (didn't bet)
Seat 7: hgpperez folded on the River
Seat 8: Snowman373 folded before Flop (didn't bet)
Seat 9: starik1965 (button) folded before Flop (didn't bet)



PokerStars Hand #225843277484:  Hold'em No Limit ($0.01/$0.02 USD) - 2021/04/14 15:10:58 PT [2021/04/14 18:10:58 ET]
Table 'Bali II' 9-max Seat #1 is the button
Seat 1: xtrmberlin ($1.83 in chips) 
Seat 2: Dorex2007 ($1.94 in chips) 
Seat 3: abrilez ($2 in chips) 
Seat 4: NessaCakes ($2.11 in chips) 
Seat 6: Parker09SA ($2 in chips) 
Seat 7: hgpperez ($1.45 in chips) 
Seat 8: Snowman373 ($1.91 in chips) 
Seat 9: starik1965 ($0.99 in chips) 
Dorex2007: posts small blind $0.01
abrilez: posts big blind $0.02
Black_d0g: sits out 
*** HOLE CARDS ***
Dealt to Dorex2007 [3d Ad]
NessaCakes: calls $0.02
Parker09SA: folds 
hgpperez: folds 
Snowman373: folds 
starik1965: raises $0.08 to $0.10
xtrmberlin: folds 
Dorex2007: folds 
abrilez: folds 
NessaCakes: folds 
Uncalled bet ($0.08) returned to starik1965
starik1965 collected $0.07 from pot
*** SUMMARY ***
Total pot $0.07 | Rake $0 
Seat 1: xtrmberlin (button) folded before Flop (didn't bet)
Seat 2: Dorex2007 (small blind) folded before Flop
Seat 3: abrilez (big blind) folded before Flop
Seat 4: NessaCakes folded before Flop
Seat 6: Parker09SA folded before Flop (didn't bet)
Seat 7: hgpperez folded before Flop (didn't bet)
Seat 8: Snowman373 folded before Flop (didn't bet)
Seat 9: starik1965 collected ($0.07)



PokerStars Hand #225843293305:  Hold'em No Limit ($0.01/$0.02 USD) - 2021/04/14 15:11:28 PT [2021/04/14 18:11:28 ET]
Table 'Bali II' 9-max Seat #2 is the button
Seat 1: xtrmberlin ($1.83 in chips) 
Seat 2: Dorex2007 ($1.93 in chips) 
Seat 3: abrilez ($1.98 in chips) 
Seat 4: NessaCakes ($2.09 in chips) 
Seat 6: Parker09SA ($2 in chips) 
Seat 7: hgpperez ($1.45 in chips) 
Seat 8: Snowman373 ($1.91 in chips) 
Seat 9: starik1965 ($1.04 in chips) 
abrilez: posts small blind $0.01
NessaCakes: posts big blind $0.02
Black_d0g: sits out 
*** HOLE CARDS ***
Dealt to Dorex2007 [3h Ts]
Parker09SA: folds 
hgpperez: calls $0.02
Snowman373: raises $0.04 to $0.06
starik1965: calls $0.06
xtrmberlin: folds 
Dorex2007: folds 
abrilez: calls $0.05
NessaCakes: folds 
hgpperez: calls $0.04
*** FLOP *** [3d 5h 2c]
abrilez: checks 
hgpperez: checks 
Snowman373: checks 
starik1965: bets $0.98 and is all-in
abrilez: folds 
hgpperez: folds 
Snowman373: folds 
Uncalled bet ($0.98) returned to starik1965
starik1965 collected $0.25 from pot
*** SUMMARY ***
Total pot $0.26 | Rake $0.01 
Board [3d 5h 2c]
Seat 1: xtrmberlin folded before Flop (didn't bet)
Seat 2: Dorex2007 (button) folded before Flop (didn't bet)
Seat 3: abrilez (small blind) folded on the Flop
Seat 4: NessaCakes (big blind) folded before Flop
Seat 6: Parker09SA folded before Flop (didn't bet)
Seat 7: hgpperez folded on the Flop
Seat 8: Snowman373 folded on the Flop
Seat 9: starik1965 collected ($0.25)



PokerStars Hand #225843323951:  Hold'em No Limit ($0.01/$0.02 USD) - 2021/04/14 15:12:28 PT [2021/04/14 18:12:28 ET]
Table 'Bali II' 9-max Seat #3 is the button
Seat 1: xtrmberlin ($1.83 in chips) 
Seat 2: Dorex2007 ($1.93 in chips) 
Seat 3: abrilez ($1.92 in chips) 
Seat 4: NessaCakes ($2.07 in chips) 
Seat 5: Black_d0g ($2 in chips) 
Seat 6: Parker09SA ($2 in chips) 
Seat 7: hgpperez ($1.39 in chips) 
Seat 8: Snowman373 ($1.85 in chips) 
Seat 9: starik1965 ($1.23 in chips) 
NessaCakes: posts small blind $0.01
Black_d0g: posts big blind $0.02
*** HOLE CARDS ***
Dealt to Dorex2007 [6c 8s]
Parker09SA has timed out
Parker09SA: folds 
hgpperez: raises $0.04 to $0.06
Snowman373: calls $0.06
starik1965: calls $0.06
xtrmberlin: folds 
Dorex2007: folds 
abrilez: calls $0.06
NessaCakes: folds 
Black_d0g: folds 
*** FLOP *** [4s 3c 2d]
hgpperez: checks 
Snowman373: checks 
starik1965: checks 
abrilez: checks 
*** TURN *** [4s 3c 2d] [Tc]
hgpperez: bets $0.13
Snowman373: calls $0.13
starik1965: folds 
abrilez: folds 
*** RIVER *** [4s 3c 2d Tc] [Ts]
hgpperez: checks 
Snowman373: bets $0.34
hgpperez: calls $0.34
*** SHOW DOWN ***
Snowman373: shows [Ad Kd] (a pair of Tens)
hgpperez: shows [Qh Qs] (two pair, Queens and Tens)
hgpperez collected $1.17 from pot
*** SUMMARY ***
Total pot $1.21 | Rake $0.04 
Board [4s 3c 2d Tc Ts]
Seat 1: xtrmberlin folded before Flop (didn't bet)
Seat 2: Dorex2007 folded before Flop (didn't bet)
Seat 3: abrilez (button) folded on the Turn
Seat 4: NessaCakes (small blind) folded before Flop
Seat 5: Black_d0g (big blind) folded before Flop
Seat 6: Parker09SA folded before Flop (didn't bet)
Seat 7: hgpperez showed [Qh Qs] and won ($1.17) with two pair, Queens and Tens
Seat 8: Snowman373 showed [Ad Kd] and lost with a pair of Tens
Seat 9: starik1965 folded on the Turn



PokerStars Hand #225843374951:  Hold'em No Limit ($0.01/$0.02 USD) - 2021/04/14 15:13:44 PT [2021/04/14 18:13:44 ET]
Table 'Bali II' 9-max Seat #4 is the button
Seat 1: xtrmberlin ($1.83 in chips) 
Seat 2: Dorex2007 ($1.93 in chips) 
Seat 3: abrilez ($1.86 in chips) 
Seat 4: NessaCakes ($2.06 in chips) 
Seat 5: Black_d0g ($1.98 in chips) 
Seat 6: Parker09SA ($2 in chips) 
Seat 7: hgpperez ($2.03 in chips) 
Seat 8: Snowman373 ($1.60 in chips) 
Seat 9: starik1965 ($1.17 in chips) 
Black_d0g: posts small blind $0.01
Parker09SA: posts big blind $0.02
*** HOLE CARDS ***
Dealt to Dorex2007 [7c 4h]
hgpperez: folds 
Snowman373: folds 
starik1965: folds 
xtrmberlin: calls $0.02
Dorex2007: folds 
abrilez: calls $0.02
NessaCakes: folds 
Black_d0g: calls $0.01
Parker09SA: checks 
*** FLOP *** [2c Ac Ks]
Black_d0g: checks 
Parker09SA: checks 
xtrmberlin: checks 
abrilez: bets $0.08
Black_d0g: folds 
Parker09SA: folds 
xtrmberlin: folds 
Uncalled bet ($0.08) returned to abrilez
abrilez collected $0.08 from pot
abrilez: doesn't show hand 
*** SUMMARY ***
Total pot $0.08 | Rake $0 
Board [2c Ac Ks]
Seat 1: xtrmberlin folded on the Flop
Seat 2: Dorex2007 folded before Flop (didn't bet)
Seat 3: abrilez collected ($0.08)
Seat 4: NessaCakes (button) folded before Flop (didn't bet)
Seat 5: Black_d0g (small blind) folded on the Flop
Seat 6: Parker09SA (big blind) folded on the Flop
Seat 7: hgpperez folded before Flop (didn't bet)
Seat 8: Snowman373 folded before Flop (didn't bet)
Seat 9: starik1965 folded before Flop (didn't bet)



PokerStars Hand #225843407151:  Hold'em No Limit ($0.01/$0.02 USD) - 2021/04/14 15:14:47 PT [2021/04/14 18:14:47 ET]
Table 'Bali II' 9-max Seat #5 is the button
Seat 1: xtrmberlin ($1.81 in chips) 
Seat 2: Dorex2007 ($1.93 in chips) 
Seat 3: abrilez ($1.92 in chips) 
Seat 4: NessaCakes ($2.06 in chips) 
Seat 5: Black_d0g ($1.96 in chips) 
Seat 6: Parker09SA ($2 in chips) 
Seat 7: hgpperez ($2.03 in chips) 
Seat 8: Snowman373 ($1.60 in chips) 
Seat 9: starik1965 ($1.17 in chips) 
Parker09SA: posts small blind $0.01
hgpperez: posts big blind $0.02
*** HOLE CARDS ***
Dealt to Dorex2007 [8s 2c]
Snowman373: folds 
starik1965: raises $0.04 to $0.06
xtrmberlin: folds 
Dorex2007: folds 
abrilez: folds 
NessaCakes: calls $0.06
Black_d0g: folds 
Parker09SA: folds 
hgpperez: folds 
*** FLOP *** [3s 3h 8h]
starik1965: checks 
NessaCakes: checks 
*** TURN *** [3s 3h 8h] [2d]
starik1965: bets $0.06
NessaCakes: folds 
Uncalled bet ($0.06) returned to starik1965
starik1965 collected $0.14 from pot
*** SUMMARY ***
Total pot $0.15 | Rake $0.01 
Board [3s 3h 8h 2d]
Seat 1: xtrmberlin folded before Flop (didn't bet)
Seat 2: Dorex2007 folded before Flop (didn't bet)
Seat 3: abrilez folded before Flop (didn't bet)
Seat 4: NessaCakes folded on the Turn
Seat 5: Black_d0g (button) folded before Flop (didn't bet)
Seat 6: Parker09SA (small blind) folded before Flop
Seat 7: hgpperez (big blind) folded before Flop
Seat 8: Snowman373 folded before Flop (didn't bet)
Seat 9: starik1965 collected ($0.14)



PokerStars Hand #225843431015:  Hold'em No Limit ($0.01/$0.02 USD) - 2021/04/14 15:15:35 PT [2021/04/14 18:15:35 ET]
Table 'Bali II' 9-max Seat #6 is the button
Seat 1: xtrmberlin ($1.81 in chips) 
Seat 2: Dorex2007 ($1.93 in chips) 
Seat 3: abrilez ($1.92 in chips) 
Seat 4: NessaCakes ($2 in chips) 
Seat 5: Black_d0g ($1.96 in chips) 
Seat 6: Parker09SA ($2 in chips) 
Seat 7: hgpperez ($2.01 in chips) 
Seat 8: Snowman373 ($1.60 in chips) 
Seat 9: starik1965 ($1.25 in chips) 
hgpperez: posts small blind $0.01
Snowman373: posts big blind $0.02
*** HOLE CARDS ***
Dealt to Dorex2007 [7s Ks]
starik1965: folds 
xtrmberlin: calls $0.02
Dorex2007: folds 
abrilez: raises $0.04 to $0.06
NessaCakes: folds 
NessaCakes leaves the table
Black_d0g: folds 
Parker09SA: folds 
hgpperez: folds 
Snowman373: folds 
xtrmberlin: calls $0.04
*** FLOP *** [2h Qh Ad]
xtrmberlin: checks 
abrilez: bets $0.10
xtrmberlin: folds 
Uncalled bet ($0.10) returned to abrilez
abrilez collected $0.14 from pot
abrilez: doesn't show hand 
*** SUMMARY ***
Total pot $0.15 | Rake $0.01 
Board [2h Qh Ad]
Seat 1: xtrmberlin folded on the Flop
Seat 2: Dorex2007 folded before Flop (didn't bet)
Seat 3: abrilez collected ($0.14)
Seat 4: NessaCakes folded before Flop (didn't bet)
Seat 5: Black_d0g folded before Flop (didn't bet)
Seat 6: Parker09SA (button) folded before Flop (didn't bet)
Seat 7: hgpperez (small blind) folded before Flop
Seat 8: Snowman373 (big blind) folded before Flop
Seat 9: starik1965 folded before Flop (didn't bet)



PokerStars Hand #225843454225:  Hold'em No Limit ($0.01/$0.02 USD) - 2021/04/14 15:16:21 PT [2021/04/14 18:16:21 ET]
Table 'Bali II' 9-max Seat #7 is the button
Seat 1: xtrmberlin ($1.75 in chips) 
Seat 2: Dorex2007 ($1.93 in chips) 
Seat 3: abrilez ($2 in chips) 
Seat 5: Black_d0g ($1.96 in chips) 
Seat 6: Parker09SA ($2 in chips) 
Seat 7: hgpperez ($2 in chips) 
Seat 8: Snowman373 ($1.60 in chips) 
Snowman373: posts small blind $0.01
xtrmberlin: posts big blind $0.02
*** HOLE CARDS ***
Dealt to Dorex2007 [Js Jh]
Dorex2007: raises $0.04 to $0.06
ViolinistKate joins the table at seat #4 
abrilez: raises $0.04 to $0.10
Black_d0g: folds 
Parker09SA: calls $0.10
hgpperez: folds 
Snowman373: folds 
xtrmberlin: folds 
Dorex2007: calls $0.04
*** FLOP *** [Td 2h Ks]
Dorex2007: checks 
abrilez: bets $0.06
Parker09SA: calls $0.06
Dorex2007: calls $0.06
*** TURN *** [Td 2h Ks] [9d]
Dorex2007: checks 
abrilez: bets $0.49
Parker09SA: raises $1.35 to $1.84 and is all-in
Dorex2007: folds 
abrilez: calls $1.35 and is all-in
*** RIVER *** [Td 2h Ks 9d] [6c]
*** SHOW DOWN ***
abrilez: shows [Kh Ah] (a pair of Kings)
Parker09SA: shows [2s 2d] (three of a kind, Deuces)
Parker09SA collected $4.04 from pot
*** SUMMARY ***
Total pot $4.19 | Rake $0.15 
Board [Td 2h Ks 9d 6c]
Seat 1: xtrmberlin (big blind) folded before Flop
Seat 2: Dorex2007 folded on the Turn
Seat 3: abrilez showed [Kh Ah] and lost with a pair of Kings
Seat 5: Black_d0g folded before Flop (didn't bet)
Seat 6: Parker09SA showed [2s 2d] and won ($4.04) with three of a kind, Deuces
Seat 7: hgpperez (button) folded before Flop (didn't bet)
Seat 8: Snowman373 (small blind) folded before Flop



PokerStars Hand #225843485453:  Hold'em No Limit ($0.01/$0.02 USD) - 2021/04/14 15:17:24 PT [2021/04/14 18:17:24 ET]
Table 'Bali II' 9-max Seat #8 is the button
Seat 1: xtrmberlin ($1.73 in chips) 
Seat 2: Dorex2007 ($1.77 in chips) 
Seat 5: Black_d0g ($1.96 in chips) 
Seat 6: Parker09SA ($4.04 in chips) 
Seat 7: hgpperez ($2 in chips) 
Seat 8: Snowman373 ($1.60 in chips) 
xtrmberlin: posts small blind $0.01
Dorex2007: posts big blind $0.02
ViolinistKate: sits out 
*** HOLE CARDS ***
Dealt to Dorex2007 [9h Ad]
Black_d0g: folds 
abrilez leaves the table
Parker09SA: folds 
hgpperez: folds 
Snowman373: folds 
xtrmberlin: calls $0.01
Dorex2007: checks 
*** FLOP *** [8h Ks Td]
xtrmberlin: checks 
Dorex2007: checks 
*** TURN *** [8h Ks Td] [4h]
xtrmberlin: checks 
Dorex2007: checks 
*** RIVER *** [8h Ks Td 4h] [As]
xtrmberlin: checks 
Dorex2007: checks 
*** SHOW DOWN ***
xtrmberlin: shows [7d Js] (high card Ace)
Dorex2007: shows [9h Ad] (a pair of Aces)
Dorex2007 collected $0.04 from pot
*** SUMMARY ***
Total pot $0.04 | Rake $0 
Board [8h Ks Td 4h As]
Seat 1: xtrmberlin (small blind) showed [7d Js] and lost with high card Ace
Seat 2: Dorex2007 (big blind) showed [9h Ad] and won ($0.04) with a pair of Aces
Seat 5: Black_d0g folded before Flop (didn't bet)
Seat 6: Parker09SA folded before Flop (didn't bet)
Seat 7: hgpperez folded before Flop (didn't bet)
Seat 8: Snowman373 (button) folded before Flop (didn't bet)



PokerStars Hand #225843499865:  Hold'em No Limit ($0.01/$0.02 USD) - 2021/04/14 15:17:53 PT [2021/04/14 18:17:53 ET]
Table 'Bali II' 9-max Seat #1 is the button
Seat 1: xtrmberlin ($1.71 in chips) 
Seat 2: Dorex2007 ($1.79 in chips) 
Seat 4: ViolinistKate ($2 in chips) 
Seat 5: Black_d0g ($1.96 in chips) 
Seat 6: Parker09SA ($4.04 in chips) 
Seat 7: hgpperez ($2 in chips) 
Seat 8: Snowman373 ($1.60 in chips) 
Dorex2007: posts small blind $0.01
ViolinistKate: posts big blind $0.02
*** HOLE CARDS ***
Dealt to Dorex2007 [9c 6s]
Black_d0g: raises $0.06 to $0.08
Parker09SA: folds 
hgpperez: folds 
Snowman373: folds 
xtrmberlin: folds 
Dorex2007: folds 
ViolinistKate: folds 
Uncalled bet ($0.06) returned to Black_d0g
Black_d0g collected $0.05 from pot
*** SUMMARY ***
Total pot $0.05 | Rake $0 
Seat 1: xtrmberlin (button) folded before Flop (didn't bet)
Seat 2: Dorex2007 (small blind) folded before Flop
Seat 4: ViolinistKate (big blind) folded before Flop
Seat 5: Black_d0g collected ($0.05)
Seat 6: Parker09SA folded before Flop (didn't bet)
Seat 7: hgpperez folded before Flop (didn't bet)
Seat 8: Snowman373 folded before Flop (didn't bet)



PokerStars Hand #225843510643:  Hold'em No Limit ($0.01/$0.02 USD) - 2021/04/14 15:18:15 PT [2021/04/14 18:18:15 ET]
Table 'Bali II' 9-max Seat #2 is the button
Seat 1: xtrmberlin ($1.71 in chips) 
Seat 2: Dorex2007 ($1.78 in chips) 
Seat 4: ViolinistKate ($1.98 in chips) 
Seat 5: Black_d0g ($1.99 in chips) 
Seat 6: Parker09SA ($4.04 in chips) 
Seat 7: hgpperez ($2 in chips) 
Seat 8: Snowman373 ($1.60 in chips) 
ViolinistKate: posts small blind $0.01
djTALENT22 joins the table at seat #3 
Black_d0g: posts big blind $0.02
*** HOLE CARDS ***
Dealt to Dorex2007 [5c 9c]
Parker09SA: folds 
hgpperez: folds 
Snowman373: raises $0.04 to $0.06
xtrmberlin: folds 
Dorex2007: folds 
ViolinistKate: folds 
Black_d0g: folds 
Uncalled bet ($0.04) returned to Snowman373
Snowman373 collected $0.05 from pot
Snowman373: doesn't show hand 
*** SUMMARY ***
Total pot $0.05 | Rake $0 
Seat 1: xtrmberlin folded before Flop (didn't bet)
Seat 2: Dorex2007 (button) folded before Flop (didn't bet)
Seat 4: ViolinistKate (small blind) folded before Flop
Seat 5: Black_d0g (big blind) folded before Flop
Seat 6: Parker09SA folded before Flop (didn't bet)
Seat 7: hgpperez folded before Flop (didn't bet)
Seat 8: Snowman373 collected ($0.05)



PokerStars Hand #225843526116:  Hold'em No Limit ($0.01/$0.02 USD) - 2021/04/14 15:18:46 PT [2021/04/14 18:18:46 ET]
Table 'Bali II' 9-max Seat #4 is the button
Seat 1: xtrmberlin ($1.71 in chips) 
Seat 2: Dorex2007 ($1.78 in chips) 
Seat 3: djTALENT22 ($1.60 in chips) 
Seat 4: ViolinistKate ($1.97 in chips) 
Seat 5: Black_d0g ($1.97 in chips) 
Seat 6: Parker09SA ($4.04 in chips) 
Seat 7: hgpperez ($2 in chips) 
Seat 8: Snowman373 ($1.63 in chips) 
Black_d0g: posts small blind $0.01
Parker09SA: posts big blind $0.02
djTALENT22: posts big blind $0.02
*** HOLE CARDS ***
Dealt to Dorex2007 [7h Ah]
hgpperez: folds 
Snowman373: raises $0.04 to $0.06
xtrmberlin: folds 
Dorex2007: calls $0.06
djTALENT22: folds 
ViolinistKate: calls $0.06
Black_d0g: folds 
Parker09SA: folds 
*** FLOP *** [2c 6d 3d]
Snowman373: bets $0.15
Dorex2007: folds 
ViolinistKate: calls $0.15
*** TURN *** [2c 6d 3d] [5d]
Snowman373: bets $0.26
ViolinistKate: raises $0.26 to $0.52
Snowman373: folds 
Uncalled bet ($0.26) returned to ViolinistKate
ViolinistKate collected $1.01 from pot
ViolinistKate: doesn't show hand 
*** SUMMARY ***
Total pot $1.05 | Rake $0.04 
Board [2c 6d 3d 5d]
Seat 1: xtrmberlin folded before Flop (didn't bet)
Seat 2: Dorex2007 folded on the Flop
Seat 3: djTALENT22 folded before Flop (didn't bet)
Seat 4: ViolinistKate (button) collected ($1.01)
Seat 5: Black_d0g (small blind) folded before Flop
Seat 6: Parker09SA (big blind) folded before Flop
Seat 7: hgpperez folded before Flop (didn't bet)
Seat 8: Snowman373 folded on the Turn



PokerStars Hand #225843558817:  Hold'em No Limit ($0.01/$0.02 USD) - 2021/04/14 15:19:49 PT [2021/04/14 18:19:49 ET]
Table 'Bali II' 9-max Seat #5 is the button
Seat 1: xtrmberlin ($1.71 in chips) 
Seat 2: Dorex2007 ($1.72 in chips) 
Seat 3: djTALENT22 ($1.58 in chips) 
Seat 4: ViolinistKate ($2.51 in chips) 
Seat 5: Black_d0g ($1.96 in chips) 
Seat 6: Parker09SA ($4.02 in chips) 
Seat 7: hgpperez ($2 in chips) 
Seat 8: Snowman373 ($1.60 in chips) 
Parker09SA: posts small blind $0.01
hgpperez: posts big blind $0.02
*** HOLE CARDS ***
Dealt to Dorex2007 [As Th]
Snowman373: calls $0.02
xtrmberlin: folds 
Dorex2007: calls $0.02
djTALENT22: raises $0.04 to $0.06
ViolinistKate: folds 
Black_d0g: folds 
Parker09SA: folds 
hgpperez: calls $0.04
Snowman373: calls $0.04
Dorex2007: calls $0.04
*** FLOP *** [8h 2d 3h]
hgpperez: checks 
Snowman373: bets $0.16
Dorex2007: folds 
djTALENT22: folds 
hgpperez: folds 
Uncalled bet ($0.16) returned to Snowman373
Snowman373 collected $0.24 from pot
Snowman373: doesn't show hand 
*** SUMMARY ***
Total pot $0.25 | Rake $0.01 
Board [8h 2d 3h]
Seat 1: xtrmberlin folded before Flop (didn't bet)
Seat 2: Dorex2007 folded on the Flop
Seat 3: djTALENT22 folded on the Flop
Seat 4: ViolinistKate folded before Flop (didn't bet)
Seat 5: Black_d0g (button) folded before Flop (didn't bet)
Seat 6: Parker09SA (small blind) folded before Flop
Seat 7: hgpperez (big blind) folded on the Flop
Seat 8: Snowman373 collected ($0.24)



PokerStars Hand #225843582484:  Hold'em No Limit ($0.01/$0.02 USD) - 2021/04/14 15:20:37 PT [2021/04/14 18:20:37 ET]
Table 'Bali II' 9-max Seat #6 is the button
Seat 1: xtrmberlin ($1.71 in chips) 
Seat 2: Dorex2007 ($1.66 in chips) 
Seat 3: djTALENT22 ($1.52 in chips) 
Seat 4: ViolinistKate ($2.51 in chips) 
Seat 5: Black_d0g ($1.96 in chips) 
Seat 6: Parker09SA ($4.01 in chips) 
Seat 7: hgpperez ($1.94 in chips) 
Seat 8: Snowman373 ($1.78 in chips) 
hgpperez: posts small blind $0.01
Snowman373: posts big blind $0.02
*** HOLE CARDS ***
Dealt to Dorex2007 [7d 3h]
xtrmberlin: folds 
Dorex2007: folds 
djTALENT22: raises $1.50 to $1.52 and is all-in
ViolinistKate: folds 
Black_d0g: folds 
Parker09SA: folds 
hgpperez: folds 
Snowman373: folds 
Uncalled bet ($1.50) returned to djTALENT22
djTALENT22 collected $0.05 from pot
djTALENT22: doesn't show hand 
*** SUMMARY ***
Total pot $0.05 | Rake $0 
Seat 1: xtrmberlin folded before Flop (didn't bet)
Seat 2: Dorex2007 folded before Flop (didn't bet)
Seat 3: djTALENT22 collected ($0.05)
Seat 4: ViolinistKate folded before Flop (didn't bet)
Seat 5: Black_d0g folded before Flop (didn't bet)
Seat 6: Parker09SA (button) folded before Flop (didn't bet)
Seat 7: hgpperez (small blind) folded before Flop
Seat 8: Snowman373 (big blind) folded before Flop



PokerStars Hand #225843600195:  Hold'em No Limit ($0.01/$0.02 USD) - 2021/04/14 15:21:13 PT [2021/04/14 18:21:13 ET]
Table 'Bali II' 9-max Seat #7 is the button
Seat 1: xtrmberlin ($1.71 in chips) 
Seat 2: Dorex2007 ($2 in chips) 
Seat 3: djTALENT22 ($1.55 in chips) 
Seat 4: ViolinistKate ($2.51 in chips) 
Seat 5: Black_d0g ($1.96 in chips) 
Seat 6: Parker09SA ($4.01 in chips) 
Seat 7: hgpperez ($1.93 in chips) 
Seat 8: Snowman373 ($1.76 in chips) 
Snowman373: posts small blind $0.01
xtrmberlin: posts big blind $0.02
*** HOLE CARDS ***
Dealt to Dorex2007 [3c Qh]
Dorex2007: folds 
djTALENT22: folds 
djTALENT22 leaves the table
ViolinistKate: calls $0.02
beansinit joins the table at seat #3 
Black_d0g: folds 
Parker09SA: raises $0.07 to $0.09
hgpperez: folds 
Snowman373: folds 
xtrmberlin: folds 
ViolinistKate: calls $0.07
*** FLOP *** [Jc 8d Js]
ViolinistKate: bets $0.20
Parker09SA: folds 
Uncalled bet ($0.20) returned to ViolinistKate
ViolinistKate collected $0.20 from pot
ViolinistKate: doesn't show hand 
*** SUMMARY ***
Total pot $0.21 | Rake $0.01 
Board [Jc 8d Js]
Seat 1: xtrmberlin (big blind) folded before Flop
Seat 2: Dorex2007 folded before Flop (didn't bet)
Seat 3: djTALENT22 folded before Flop (didn't bet)
Seat 4: ViolinistKate collected ($0.20)
Seat 5: Black_d0g folded before Flop (didn't bet)
Seat 6: Parker09SA folded on the Flop
Seat 7: hgpperez (button) folded before Flop (didn't bet)
Seat 8: Snowman373 (small blind) folded before Flop



PokerStars Hand #225843620935:  Hold'em No Limit ($0.01/$0.02 USD) - 2021/04/14 15:21:55 PT [2021/04/14 18:21:55 ET]
Table 'Bali II' 9-max Seat #8 is the button
Seat 1: xtrmberlin ($1.69 in chips) 
Seat 2: Dorex2007 ($2 in chips) 
Seat 4: ViolinistKate ($2.62 in chips) 
Seat 5: Black_d0g ($1.96 in chips) 
Seat 6: Parker09SA ($3.92 in chips) 
Seat 7: hgpperez ($1.93 in chips) 
Seat 8: Snowman373 ($1.75 in chips) 
xtrmberlin: posts small blind $0.01
Dorex2007: posts big blind $0.02
beansinit: sits out 
*** HOLE CARDS ***
Dealt to Dorex2007 [Kd Kh]
ViolinistKate: folds 
Black_d0g: folds 
Parker09SA: folds 
hgpperez: raises $0.04 to $0.06
Snowman373: folds 
xtrmberlin: folds 
Dorex2007: raises $0.10 to $0.16
hgpperez: folds 
Uncalled bet ($0.10) returned to Dorex2007
Dorex2007 collected $0.13 from pot
Dorex2007: doesn't show hand 
*** SUMMARY ***
Total pot $0.13 | Rake $0 
Seat 1: xtrmberlin (small blind) folded before Flop
Seat 2: Dorex2007 (big blind) collected ($0.13)
Seat 4: ViolinistKate folded before Flop (didn't bet)
Seat 5: Black_d0g folded before Flop (didn't bet)
Seat 6: Parker09SA folded before Flop (didn't bet)
Seat 7: hgpperez folded before Flop
Seat 8: Snowman373 (button) folded before Flop (didn't bet)



PokerStars Hand #225843637391:  Hold'em No Limit ($0.01/$0.02 USD) - 2021/04/14 15:22:29 PT [2021/04/14 18:22:29 ET]
Table 'Bali II' 9-max Seat #1 is the button
Seat 1: xtrmberlin ($1.68 in chips) 
Seat 2: Dorex2007 ($2.07 in chips) 
Seat 3: beansinit ($1 in chips) 
Seat 4: ViolinistKate ($2.62 in chips) 
Seat 5: Black_d0g ($1.96 in chips) 
Seat 6: Parker09SA ($3.92 in chips) 
Seat 7: hgpperez ($1.87 in chips) 
Seat 8: Snowman373 ($1.75 in chips) 
Dorex2007: posts small blind $0.01
beansinit: posts big blind $0.02
*** HOLE CARDS ***
Dealt to Dorex2007 [5c 5h]
ViolinistKate has timed out
ViolinistKate: folds 
Black_d0g: folds 
Parker09SA: folds 
hgpperez: calls $0.02
Snowman373: folds 
xtrmberlin: folds 
Dorex2007: folds 
beansinit: checks 
*** FLOP *** [6h Ac 6c]
beansinit: checks 
hgpperez: checks 
*** TURN *** [6h Ac 6c] [7c]
beansinit: bets $0.02
hgpperez: folds 
Uncalled bet ($0.02) returned to beansinit
beansinit collected $0.05 from pot
beansinit: doesn't show hand 
*** SUMMARY ***
Total pot $0.05 | Rake $0 
Board [6h Ac 6c 7c]
Seat 1: xtrmberlin (button) folded before Flop (didn't bet)
Seat 2: Dorex2007 (small blind) folded before Flop
Seat 3: beansinit (big blind) collected ($0.05)
Seat 4: ViolinistKate folded before Flop (didn't bet)
Seat 5: Black_d0g folded before Flop (didn't bet)
Seat 6: Parker09SA folded before Flop (didn't bet)
Seat 7: hgpperez folded on the Turn
Seat 8: Snowman373 folded before Flop (didn't bet)



PokerStars Hand #225843665419:  Hold'em No Limit ($0.01/$0.02 USD) - 2021/04/14 15:23:27 PT [2021/04/14 18:23:27 ET]
Table 'Bali II' 9-max Seat #2 is the button
Seat 1: xtrmberlin ($1.68 in chips) 
Seat 2: Dorex2007 ($2.06 in chips) 
Seat 3: beansinit ($1.03 in chips) 
Seat 4: ViolinistKate ($2.62 in chips) 
Seat 5: Black_d0g ($1.96 in chips) 
Seat 6: Parker09SA ($3.92 in chips) 
Seat 7: hgpperez ($1.85 in chips) 
Seat 8: Snowman373 ($1.75 in chips) 
Seat 9: starik1965 ($1.25 in chips) 
beansinit: posts small blind $0.01
ViolinistKate: posts big blind $0.02
starik1965: posts small & big blinds $0.03
*** HOLE CARDS ***
Dealt to Dorex2007 [Qd 8d]
Black_d0g has timed out
Black_d0g: folds 
Parker09SA: folds 
hgpperez: calls $0.02
Snowman373: calls $0.02
starik1965: checks 
xtrmberlin: folds 
Dorex2007: calls $0.02
beansinit: folds 
ViolinistKate: checks 
*** FLOP *** [2h Qs 5s]
ViolinistKate: bets $0.17
hgpperez: folds 
Snowman373: folds 
starik1965: calls $0.17
Dorex2007: folds 
*** TURN *** [2h Qs 5s] [5d]
ViolinistKate: bets $2.43 and is all-in
starik1965: folds 
Uncalled bet ($2.43) returned to ViolinistKate
ViolinistKate collected $0.44 from pot
ViolinistKate: doesn't show hand 
*** SUMMARY ***
Total pot $0.46 | Rake $0.02 
Board [2h Qs 5s 5d]
Seat 1: xtrmberlin folded before Flop (didn't bet)
Seat 2: Dorex2007 (button) folded on the Flop
Seat 3: beansinit (small blind) folded before Flop
Seat 4: ViolinistKate (big blind) collected ($0.44)
Seat 5: Black_d0g folded before Flop (didn't bet)
Seat 6: Parker09SA folded before Flop (didn't bet)
Seat 7: hgpperez folded on the Flop
Seat 8: Snowman373 folded on the Flop
Seat 9: starik1965 folded on the Turn



PokerStars Hand #225843704097:  Hold'em No Limit ($0.01/$0.02 USD) - 2021/04/14 15:24:33 PT [2021/04/14 18:24:33 ET]
Table 'Bali II' 9-max Seat #3 is the button
Seat 1: xtrmberlin ($1.68 in chips) 
Seat 2: Dorex2007 ($2.04 in chips) 
Seat 3: beansinit ($1.02 in chips) 
Seat 4: ViolinistKate ($2.87 in chips) 
Seat 5: Black_d0g ($1.96 in chips) 
Seat 6: Parker09SA ($3.92 in chips) 
Seat 7: hgpperez ($1.83 in chips) 
Seat 8: Snowman373 ($1.73 in chips) 
Seat 9: starik1965 ($1.05 in chips) 
ViolinistKate: posts small blind $0.01
Black_d0g: posts big blind $0.02
*** HOLE CARDS ***
Dealt to Dorex2007 [4h Qd]
Parker09SA: raises $0.05 to $0.07
hgpperez: folds 
Snowman373: folds 
starik1965: folds 
xtrmberlin: calls $0.07
Dorex2007: folds 
beansinit: folds 
ViolinistKate: folds 
Black_d0g: folds 
*** FLOP *** [Ad Ah 7h]
Parker09SA: bets $0.08
xtrmberlin: folds 
Uncalled bet ($0.08) returned to Parker09SA
Parker09SA collected $0.16 from pot
Parker09SA: doesn't show hand 
*** SUMMARY ***
Total pot $0.17 | Rake $0.01 
Board [Ad Ah 7h]
Seat 1: xtrmberlin folded on the Flop
Seat 2: Dorex2007 folded before Flop (didn't bet)
Seat 3: beansinit (button) folded before Flop (didn't bet)
Seat 4: ViolinistKate (small blind) folded before Flop
Seat 5: Black_d0g (big blind) folded before Flop
Seat 6: Parker09SA collected ($0.16)
Seat 7: hgpperez folded before Flop (didn't bet)
Seat 8: Snowman373 folded before Flop (didn't bet)
Seat 9: starik1965 folded before Flop (didn't bet)



PokerStars Hand #225843721100:  Hold'em No Limit ($0.01/$0.02 USD) - 2021/04/14 15:25:08 PT [2021/04/14 18:25:08 ET]
Table 'Bali II' 9-max Seat #4 is the button
Seat 1: xtrmberlin ($1.61 in chips) 
Seat 2: Dorex2007 ($2.04 in chips) 
Seat 3: beansinit ($1.02 in chips) 
Seat 4: ViolinistKate ($2.86 in chips) 
Seat 5: Black_d0g ($1.94 in chips) 
Seat 6: Parker09SA ($4.01 in chips) 
Seat 7: hgpperez ($1.83 in chips) 
Seat 8: Snowman373 ($1.73 in chips) 
Seat 9: starik1965 ($1.05 in chips) 
Black_d0g: posts small blind $0.01
Parker09SA: posts big blind $0.02
*** HOLE CARDS ***
Dealt to Dorex2007 [8c 4c]
hgpperez: folds 
Snowman373: folds 
starik1965: folds 
xtrmberlin: folds 
Dorex2007: folds 
beansinit: raises $0.02 to $0.04
ViolinistKate: raises $0.02 to $0.06
Black_d0g: folds 
Parker09SA: calls $0.04
beansinit: raises $0.16 to $0.22
ViolinistKate: folds 
Parker09SA: folds 
Uncalled bet ($0.16) returned to beansinit
beansinit collected $0.19 from pot
beansinit: doesn't show hand 
*** SUMMARY ***
Total pot $0.19 | Rake $0 
Seat 1: xtrmberlin folded before Flop (didn't bet)
Seat 2: Dorex2007 folded before Flop (didn't bet)
Seat 3: beansinit collected ($0.19)
Seat 4: ViolinistKate (button) folded before Flop
Seat 5: Black_d0g (small blind) folded before Flop
Seat 6: Parker09SA (big blind) folded before Flop
Seat 7: hgpperez folded before Flop (didn't bet)
Seat 8: Snowman373 folded before Flop (didn't bet)
Seat 9: starik1965 folded before Flop (didn't bet)



PokerStars Hand #225843740872:  Hold'em No Limit ($0.01/$0.02 USD) - 2021/04/14 15:25:49 PT [2021/04/14 18:25:49 ET]
Table 'Bali II' 9-max Seat #5 is the button
Seat 1: xtrmberlin ($1.61 in chips) 
Seat 2: Dorex2007 ($2.04 in chips) 
Seat 3: beansinit ($1.15 in chips) 
Seat 4: ViolinistKate ($2.80 in chips) 
Seat 5: Black_d0g ($1.93 in chips) 
Seat 6: Parker09SA ($3.95 in chips) 
Seat 8: Snowman373 ($1.73 in chips) 
Seat 9: starik1965 ($1.05 in chips) 
Parker09SA: posts small blind $0.01
hgpperez: is sitting out 
Snowman373: posts big blind $0.02
*** HOLE CARDS ***
Dealt to Dorex2007 [7c Jh]
hgpperez leaves the table
starik1965: calls $0.02
xtrmberlin: folds 
Dorex2007: folds 
beansinit: folds 
ViolinistKate: calls $0.02
Black_d0g: folds 
Parker09SA: calls $0.01
Snowman373: checks 
*** FLOP *** [Kh Qh 8s]
Parker09SA: checks 
Snowman373: checks 
starik1965: checks 
ViolinistKate: checks 
*** TURN *** [Kh Qh 8s] [Ah]
Parker09SA: checks 
Snowman373: checks 
starik1965: checks 
ViolinistKate: checks 
*** RIVER *** [Kh Qh 8s Ah] [Ac]
pablomonzo joins the table at seat #7 
Parker09SA: checks 
Snowman373: checks 
starik1965: checks 
ViolinistKate: checks 
*** SHOW DOWN ***
Parker09SA: shows [5s 3d] (a pair of Aces)
Snowman373: shows [7s 4d] (a pair of Aces)
starik1965: shows [5c 5h] (two pair, Aces and Fives)
ViolinistKate: shows [9d 8d] (two pair, Aces and Eights)
ViolinistKate collected $0.08 from pot
*** SUMMARY ***
Total pot $0.08 | Rake $0 
Board [Kh Qh 8s Ah Ac]
Seat 1: xtrmberlin folded before Flop (didn't bet)
Seat 2: Dorex2007 folded before Flop (didn't bet)
Seat 3: beansinit folded before Flop (didn't bet)
Seat 4: ViolinistKate showed [9d 8d] and won ($0.08) with two pair, Aces and Eights
Seat 5: Black_d0g (button) folded before Flop (didn't bet)
Seat 6: Parker09SA (small blind) showed [5s 3d] and lost with a pair of Aces
Seat 8: Snowman373 (big blind) showed [7s 4d] and lost with a pair of Aces
Seat 9: starik1965 showed [5c 5h] and lost with two pair, Aces and Fives



PokerStars Hand #225843770030:  Hold'em No Limit ($0.01/$0.02 USD) - 2021/04/14 15:26:50 PT [2021/04/14 18:26:50 ET]
Table 'Bali II' 9-max Seat #6 is the button
Seat 1: xtrmberlin ($1.61 in chips) 
Seat 2: Dorex2007 ($2.04 in chips) 
Seat 3: beansinit ($1.15 in chips) 
Seat 4: ViolinistKate ($2.86 in chips) 
Seat 5: Black_d0g ($1.93 in chips) 
Seat 6: Parker09SA ($3.93 in chips) 
Seat 8: Snowman373 ($1.71 in chips) 
Seat 9: starik1965 ($1.03 in chips) 
Snowman373: posts small blind $0.01
starik1965: posts big blind $0.02
*** HOLE CARDS ***
Dealt to Dorex2007 [9h 8s]
xtrmberlin: folds 
Dorex2007: folds 
beansinit: folds 
ViolinistKate: folds 
Black_d0g: folds 
Parker09SA: folds 
Snowman373: folds 
Uncalled bet ($0.01) returned to starik1965
starik1965 collected $0.02 from pot
*** SUMMARY ***
Total pot $0.02 | Rake $0 
Seat 1: xtrmberlin folded before Flop (didn't bet)
Seat 2: Dorex2007 folded before Flop (didn't bet)
Seat 3: beansinit folded before Flop (didn't bet)
Seat 4: ViolinistKate folded before Flop (didn't bet)
Seat 5: Black_d0g folded before Flop (didn't bet)
Seat 6: Parker09SA (button) folded before Flop (didn't bet)
Seat 8: Snowman373 (small blind) folded before Flop
Seat 9: starik1965 (big blind) collected ($0.02)



PokerStars Hand #225843777535:  Hold'em No Limit ($0.01/$0.02 USD) - 2021/04/14 15:27:05 PT [2021/04/14 18:27:05 ET]
Table 'Bali II' 9-max Seat #8 is the button
Seat 1: xtrmberlin ($1.61 in chips) 
Seat 2: Dorex2007 ($2.04 in chips) 
Seat 3: beansinit ($1.15 in chips) 
Seat 4: ViolinistKate ($2.86 in chips) 
Seat 5: Black_d0g ($1.93 in chips) 
Seat 6: Parker09SA ($3.93 in chips) 
Seat 7: pablomonzo ($1.60 in chips) 
Seat 8: Snowman373 ($1.70 in chips) 
Seat 9: starik1965 ($1.04 in chips) 
starik1965: posts small blind $0.01
xtrmberlin: posts big blind $0.02
pablomonzo: posts big blind $0.02
*** HOLE CARDS ***
Dealt to Dorex2007 [7s 4s]
Dorex2007: folds 
beansinit: folds 
ViolinistKate: raises $0.04 to $0.06
Black_d0g: folds 
Parker09SA: raises $0.17 to $0.23
pablomonzo: folds 
Snowman373: folds 
starik1965: folds 
xtrmberlin: folds 
ViolinistKate: folds 
Uncalled bet ($0.17) returned to Parker09SA
Parker09SA collected $0.17 from pot
Parker09SA: doesn't show hand 
*** SUMMARY ***
Total pot $0.17 | Rake $0 
Seat 1: xtrmberlin (big blind) folded before Flop
Seat 2: Dorex2007 folded before Flop (didn't bet)
Seat 3: beansinit folded before Flop (didn't bet)
Seat 4: ViolinistKate folded before Flop
Seat 5: Black_d0g folded before Flop (didn't bet)
Seat 6: Parker09SA collected ($0.17)
Seat 7: pablomonzo folded before Flop (didn't bet)
Seat 8: Snowman373 (button) folded before Flop (didn't bet)
Seat 9: starik1965 (small blind) folded before Flop



PokerStars Hand #225843795100:  Hold'em No Limit ($0.01/$0.02 USD) - 2021/04/14 15:27:42 PT [2021/04/14 18:27:42 ET]
Table 'Bali II' 9-max Seat #9 is the button
Seat 1: xtrmberlin ($1.59 in chips) 
Seat 2: Dorex2007 ($2.04 in chips) 
Seat 3: beansinit ($1.15 in chips) 
Seat 4: ViolinistKate ($2.80 in chips) 
Seat 5: Black_d0g ($1.93 in chips) 
Seat 6: Parker09SA ($4.04 in chips) 
Seat 7: pablomonzo ($1.58 in chips) 
Seat 8: Snowman373 ($1.70 in chips) 
Seat 9: starik1965 ($1.03 in chips) 
xtrmberlin: posts small blind $0.01
Dorex2007: posts big blind $0.02
*** HOLE CARDS ***
Dealt to Dorex2007 [Qc 4d]
beansinit: folds 
ViolinistKate has timed out
ViolinistKate: folds 
Black_d0g: folds 
Parker09SA: folds 
pablomonzo: calls $0.02
Snowman373: folds 
starik1965: calls $0.02
xtrmberlin: calls $0.01
Dorex2007: checks 
*** FLOP *** [Js 7h 8s]
xtrmberlin: checks 
Dorex2007: checks 
pablomonzo: checks 
starik1965: bets $0.08
xtrmberlin: folds 
Dorex2007: folds 
pablomonzo: folds 
Uncalled bet ($0.08) returned to starik1965
starik1965 collected $0.08 from pot
*** SUMMARY ***
Total pot $0.08 | Rake $0 
Board [Js 7h 8s]
Seat 1: xtrmberlin (small blind) folded on the Flop
Seat 2: Dorex2007 (big blind) folded on the Flop
Seat 3: beansinit folded before Flop (didn't bet)
Seat 4: ViolinistKate folded before Flop (didn't bet)
Seat 5: Black_d0g folded before Flop (didn't bet)
Seat 6: Parker09SA folded before Flop (didn't bet)
Seat 7: pablomonzo folded on the Flop
Seat 8: Snowman373 folded before Flop (didn't bet)
Seat 9: starik1965 (button) collected ($0.08)



PokerStars Hand #225843818251:  Hold'em No Limit ($0.01/$0.02 USD) - 2021/04/14 15:28:30 PT [2021/04/14 18:28:30 ET]
Table 'Bali II' 9-max Seat #1 is the button
Seat 1: xtrmberlin ($1.57 in chips) 
Seat 2: Dorex2007 ($2.02 in chips) 
Seat 3: beansinit ($1.15 in chips) 
Seat 4: ViolinistKate ($2.80 in chips) 
Seat 5: Black_d0g ($1.93 in chips) 
Seat 6: Parker09SA ($4.04 in chips) 
Seat 7: pablomonzo ($1.56 in chips) 
Seat 8: Snowman373 ($1.70 in chips) 
Seat 9: starik1965 ($1.09 in chips) 
Dorex2007: posts small blind $0.01
beansinit: posts big blind $0.02
*** HOLE CARDS ***
Dealt to Dorex2007 [5h Td]
ViolinistKate: folds 
Black_d0g: folds 
Parker09SA: folds 
pablomonzo: calls $0.02
Snowman373: folds 
starik1965: folds 
xtrmberlin: folds 
Dorex2007: folds 
beansinit: raises $0.02 to $0.04
pablomonzo: calls $0.02
*** FLOP *** [Qd 3s 2d]
beansinit: checks 
pablomonzo: bets $0.14
beansinit: folds 
Uncalled bet ($0.14) returned to pablomonzo
pablomonzo collected $0.09 from pot
pablomonzo: doesn't show hand 
*** SUMMARY ***
Total pot $0.09 | Rake $0 
Board [Qd 3s 2d]
Seat 1: xtrmberlin (button) folded before Flop (didn't bet)
Seat 2: Dorex2007 (small blind) folded before Flop
Seat 3: beansinit (big blind) folded on the Flop
Seat 4: ViolinistKate folded before Flop (didn't bet)
Seat 5: Black_d0g folded before Flop (didn't bet)
Seat 6: Parker09SA folded before Flop (didn't bet)
Seat 7: pablomonzo collected ($0.09)
Seat 8: Snowman373 folded before Flop (didn't bet)
Seat 9: starik1965 folded before Flop (didn't bet)



PokerStars Hand #225843841563:  Hold'em No Limit ($0.01/$0.02 USD) - 2021/04/14 15:29:19 PT [2021/04/14 18:29:19 ET]
Table 'Bali II' 9-max Seat #2 is the button
Seat 1: xtrmberlin ($1.57 in chips) 
Seat 2: Dorex2007 ($2.01 in chips) 
Seat 3: beansinit ($1.11 in chips) 
Seat 4: ViolinistKate ($2.80 in chips) 
Seat 5: Black_d0g ($1.93 in chips) 
Seat 6: Parker09SA ($4.04 in chips) 
Seat 7: pablomonzo ($1.61 in chips) 
Seat 8: Snowman373 ($1.70 in chips) 
Seat 9: starik1965 ($1.09 in chips) 
beansinit: posts small blind $0.01
ViolinistKate: posts big blind $0.02
*** HOLE CARDS ***
Dealt to Dorex2007 [2h 3c]
Black_d0g: folds 
Parker09SA: folds 
pablomonzo: calls $0.02
Snowman373: folds 
starik1965: raises $0.06 to $0.08
xtrmberlin: calls $0.08
Dorex2007: folds 
beansinit: folds 
ViolinistKate: calls $0.06
pablomonzo: calls $0.06
*** FLOP *** [6h As Qs]
ViolinistKate: bets $0.32
pablomonzo: calls $0.32
starik1965: folds 
xtrmberlin: folds 
*** TURN *** [6h As Qs] [7s]
ViolinistKate: bets $0.94
pablomonzo: raises $0.27 to $1.21 and is all-in
ViolinistKate: calls $0.27
*** RIVER *** [6h As Qs 7s] [Js]
*** SHOW DOWN ***
ViolinistKate: shows [Qh Ad] (two pair, Aces and Queens)
pablomonzo: shows [6s 6c] (a flush, Ace high)
pablomonzo collected $3.27 from pot
ViolinistKate cashed out the hand for $0.30
*** SUMMARY ***
Total pot $3.39 | Rake $0.12 
Board [6h As Qs 7s Js]
Seat 1: xtrmberlin folded on the Flop
Seat 2: Dorex2007 (button) folded before Flop (didn't bet)
Seat 3: beansinit (small blind) folded before Flop
Seat 4: ViolinistKate (big blind) showed [Qh Ad] and lost with two pair, Aces and Queens (cashed out).
Seat 5: Black_d0g folded before Flop (didn't bet)
Seat 6: Parker09SA folded before Flop (didn't bet)
Seat 7: pablomonzo showed [6s 6c] and won ($3.27) with a flush, Ace high
Seat 8: Snowman373 folded before Flop (didn't bet)
Seat 9: starik1965 folded on the Flop



PokerStars Hand #225843872626:  Hold'em No Limit ($0.01/$0.02 USD) - 2021/04/14 15:30:12 PT [2021/04/14 18:30:12 ET]
Table 'Bali II' 9-max Seat #3 is the button
Seat 1: xtrmberlin ($1.49 in chips) 
Seat 2: Dorex2007 ($2.01 in chips) 
Seat 3: beansinit ($1.10 in chips) 
Seat 4: ViolinistKate ($1.49 in chips) 
Seat 5: Black_d0g ($1.93 in chips) 
Seat 6: Parker09SA ($4.04 in chips) 
Seat 7: pablomonzo ($3.27 in chips) 
Seat 8: Snowman373 ($1.70 in chips) 
Seat 9: starik1965 ($1.01 in chips) 
ViolinistKate: posts small blind $0.01
Black_d0g: posts big blind $0.02
*** HOLE CARDS ***
Dealt to Dorex2007 [Ts Jh]
Parker09SA: folds 
pablomonzo: calls $0.02
Snowman373: calls $0.02
starik1965: raises $0.06 to $0.08
xtrmberlin: folds 
Dorex2007: folds 
beansinit: folds 
ViolinistKate: folds 
Black_d0g: folds 
pablomonzo: folds 
Snowman373: raises $1.62 to $1.70 and is all-in
starik1965: calls $0.93 and is all-in
Uncalled bet ($0.69) returned to Snowman373
*** FLOP *** [Tc 9h Qs]
*** TURN *** [Tc 9h Qs] [8c]
*** RIVER *** [Tc 9h Qs 8c] [8s]
*** SHOW DOWN ***
Snowman373: shows [7c 7h] (two pair, Eights and Sevens)
starik1965: shows [As Js] (a straight, Eight to Queen)
starik1965 collected $2 from pot
*** SUMMARY ***
Total pot $2.07 | Rake $0.07 
Board [Tc 9h Qs 8c 8s]
Seat 1: xtrmberlin folded before Flop (didn't bet)
Seat 2: Dorex2007 folded before Flop (didn't bet)
Seat 3: beansinit (button) folded before Flop (didn't bet)
Seat 4: ViolinistKate (small blind) folded before Flop
Seat 5: Black_d0g (big blind) folded before Flop
Seat 6: Parker09SA folded before Flop (didn't bet)
Seat 7: pablomonzo folded before Flop
Seat 8: Snowman373 showed [7c 7h] and lost with two pair, Eights and Sevens
Seat 9: starik1965 showed [As Js] and won ($2) with a straight, Eight to Queen



PokerStars Hand #225843896169:  Hold'em No Limit ($0.01/$0.02 USD) - 2021/04/14 15:31:01 PT [2021/04/14 18:31:01 ET]
Table 'Bali II' 9-max Seat #4 is the button
Seat 1: xtrmberlin ($1.49 in chips) 
Seat 2: Dorex2007 ($2.01 in chips) 
Seat 3: beansinit ($1.10 in chips) 
Seat 4: ViolinistKate ($1.48 in chips) 
Seat 5: Black_d0g ($1.91 in chips) 
Seat 6: Parker09SA ($4.04 in chips) 
Seat 7: pablomonzo ($3.25 in chips) 
Seat 8: Snowman373 ($1.60 in chips) 
Seat 9: starik1965 ($2 in chips) 
Black_d0g: posts small blind $0.01
Parker09SA: posts big blind $0.02
*** HOLE CARDS ***
Dealt to Dorex2007 [Kc 6c]
pablomonzo: calls $0.02
Snowman373: folds 
starik1965: folds 
xtrmberlin: folds 
Dorex2007: folds 
beansinit: folds 
ViolinistKate: folds 
Black_d0g: folds 
Parker09SA: checks 
*** FLOP *** [5h 2h 2c]
Parker09SA: checks 
pablomonzo: checks 
*** TURN *** [5h 2h 2c] [Qs]
starik1965 leaves the table
Parker09SA: checks 
pablomonzo: checks 
*** RIVER *** [5h 2h 2c Qs] [7s]
Parker09SA: bets $0.05
pablomonzo: folds 
Uncalled bet ($0.05) returned to Parker09SA
Parker09SA collected $0.05 from pot
Parker09SA: doesn't show hand 
*** SUMMARY ***
Total pot $0.05 | Rake $0 
Board [5h 2h 2c Qs 7s]
Seat 1: xtrmberlin folded before Flop (didn't bet)
Seat 2: Dorex2007 folded before Flop (didn't bet)
Seat 3: beansinit folded before Flop (didn't bet)
Seat 4: ViolinistKate (button) folded before Flop (didn't bet)
Seat 5: Black_d0g (small blind) folded before Flop
Seat 6: Parker09SA (big blind) collected ($0.05)
Seat 7: pablomonzo folded on the River
Seat 8: Snowman373 folded before Flop (didn't bet)
Seat 9: starik1965 folded before Flop (didn't bet)



PokerStars Hand #225843910960:  Hold'em No Limit ($0.01/$0.02 USD) - 2021/04/14 15:31:32 PT [2021/04/14 18:31:32 ET]
Table 'Bali II' 9-max Seat #5 is the button
Seat 1: xtrmberlin ($1.49 in chips) 
Seat 2: Dorex2007 ($2.01 in chips) 
Seat 3: beansinit ($1.10 in chips) 
Seat 4: ViolinistKate ($1.48 in chips) 
Seat 5: Black_d0g ($1.90 in chips) 
Seat 6: Parker09SA ($4.07 in chips) 
Seat 7: pablomonzo ($3.23 in chips) 
Seat 8: Snowman373 ($1.60 in chips) 
Parker09SA: posts small blind $0.01
pablomonzo: posts big blind $0.02
*** HOLE CARDS ***
Dealt to Dorex2007 [Ac 5h]
Snowman373: raises $1.58 to $1.60 and is all-in
xtrmberlin: folds 
Dorex2007: folds 
beansinit: folds 
ViolinistKate: folds 
Black_d0g: folds 
Parker09SA: folds 
pablomonzo: folds 
Uncalled bet ($1.58) returned to Snowman373
Snowman373 collected $0.05 from pot
Snowman373: doesn't show hand 
*** SUMMARY ***
Total pot $0.05 | Rake $0 
Seat 1: xtrmberlin folded before Flop (didn't bet)
Seat 2: Dorex2007 folded before Flop (didn't bet)
Seat 3: beansinit folded before Flop (didn't bet)
Seat 4: ViolinistKate folded before Flop (didn't bet)
Seat 5: Black_d0g (button) folded before Flop (didn't bet)
Seat 6: Parker09SA (small blind) folded before Flop
Seat 7: pablomonzo (big blind) folded before Flop
Seat 8: Snowman373 collected ($0.05)



PokerStars Hand #225843921659:  Hold'em No Limit ($0.01/$0.02 USD) - 2021/04/14 15:31:54 PT [2021/04/14 18:31:54 ET]
Table 'Bali II' 9-max Seat #6 is the button
Seat 1: xtrmberlin ($1.49 in chips) 
Seat 2: Dorex2007 ($2.01 in chips) 
Seat 3: beansinit ($1.10 in chips) 
Seat 4: ViolinistKate ($1.48 in chips) 
Seat 5: Black_d0g ($1.90 in chips) 
Seat 6: Parker09SA ($4.06 in chips) 
Seat 7: pablomonzo ($3.21 in chips) 
pablomonzo: posts small blind $0.01
Snowman373: is sitting out 
xtrmberlin: posts big blind $0.02
*** HOLE CARDS ***
Dealt to Dorex2007 [9s 4c]
Dorex2007: folds 
Snowman373 leaves the table
beansinit: folds 
ViolinistKate: folds 
Black_d0g: folds 
Parker09SA: folds 
pablomonzo: calls $0.01
xtrmberlin: checks 
*** FLOP *** [Tc 7s Jc]
pablomonzo has timed out
pablomonzo: checks 
xtrmberlin: bets $0.04
pablomonzo has timed out
pablomonzo: folds 
Uncalled bet ($0.04) returned to xtrmberlin
xtrmberlin collected $0.04 from pot
xtrmberlin: doesn't show hand 
*** SUMMARY ***
Total pot $0.04 | Rake $0 
Board [Tc 7s Jc]
Seat 1: xtrmberlin (big blind) collected ($0.04)
Seat 2: Dorex2007 folded before Flop (didn't bet)
Seat 3: beansinit folded before Flop (didn't bet)
Seat 4: ViolinistKate folded before Flop (didn't bet)
Seat 5: Black_d0g folded before Flop (didn't bet)
Seat 6: Parker09SA (button) folded before Flop (didn't bet)
Seat 7: pablomonzo (small blind) folded on the Flop



PokerStars Hand #225843961025:  Hold'em No Limit ($0.01/$0.02 USD) - 2021/04/14 15:33:16 PT [2021/04/14 18:33:16 ET]
Table 'Bali II' 9-max Seat #7 is the button
Seat 1: xtrmberlin ($1.51 in chips) 
Seat 2: Dorex2007 ($2.01 in chips) 
Seat 3: beansinit ($1.10 in chips) 
Seat 4: ViolinistKate ($1.48 in chips) 
Seat 5: Black_d0g ($1.90 in chips) 
Seat 6: Parker09SA ($4.06 in chips) 
Seat 7: pablomonzo ($3.19 in chips) 
xtrmberlin: posts small blind $0.01
Dorex2007: posts big blind $0.02
*** HOLE CARDS ***
Dealt to Dorex2007 [7c 3c]
beansinit has timed out
beansinit: folds 
ViolinistKate: raises $0.04 to $0.06
Black_d0g: folds 
Parker09SA: folds 
pablomonzo: folds 
xtrmberlin: folds 
Dorex2007: folds 
Uncalled bet ($0.04) returned to ViolinistKate
ViolinistKate collected $0.05 from pot
ViolinistKate: doesn't show hand 
*** SUMMARY ***
Total pot $0.05 | Rake $0 
Seat 1: xtrmberlin (small blind) folded before Flop
Seat 2: Dorex2007 (big blind) folded before Flop
Seat 3: beansinit folded before Flop (didn't bet)
Seat 4: ViolinistKate collected ($0.05)
Seat 5: Black_d0g folded before Flop (didn't bet)
Seat 6: Parker09SA folded before Flop (didn't bet)
Seat 7: pablomonzo (button) folded before Flop (didn't bet)



PokerStars Hand #225843973580:  Hold'em No Limit ($0.01/$0.02 USD) - 2021/04/14 15:33:42 PT [2021/04/14 18:33:42 ET]
Table 'Bali II' 9-max Seat #1 is the button
Seat 1: xtrmberlin ($1.50 in chips) 
Seat 2: Dorex2007 ($1.99 in chips) 
Seat 3: beansinit ($1.10 in chips) 
Seat 4: ViolinistKate ($1.51 in chips) 
Seat 5: Black_d0g ($1.90 in chips) 
Seat 6: Parker09SA ($4.06 in chips) 
Seat 7: pablomonzo ($3.19 in chips) 
Dorex2007: posts small blind $0.01
beansinit: posts big blind $0.02
*** HOLE CARDS ***
Dealt to Dorex2007 [3h 9c]
ViolinistKate: calls $0.02
Black_d0g: folds 
Parker09SA: folds 
pablomonzo: calls $0.02
xtrmberlin: calls $0.02
Dorex2007: folds 
beansinit: checks 
*** FLOP *** [Js Kc Qs]
beansinit: bets $0.02
ViolinistKate: calls $0.02
pablomonzo: calls $0.02
xtrmberlin: folds 
*** TURN *** [Js Kc Qs] [9h]
beansinit: bets $0.07
ViolinistKate: raises $0.28 to $0.35
pablomonzo: folds 
Julian R.897 joins the table at seat #9 
beansinit: folds 
Uncalled bet ($0.28) returned to ViolinistKate
ViolinistKate collected $0.28 from pot
ViolinistKate: doesn't show hand 
*** SUMMARY ***
Total pot $0.29 | Rake $0.01 
Board [Js Kc Qs 9h]
Seat 1: xtrmberlin (button) folded on the Flop
Seat 2: Dorex2007 (small blind) folded before Flop
Seat 3: beansinit (big blind) folded on the Turn
Seat 4: ViolinistKate collected ($0.28)
Seat 5: Black_d0g folded before Flop (didn't bet)
Seat 6: Parker09SA folded before Flop (didn't bet)
Seat 7: pablomonzo folded on the Turn



PokerStars Hand #225844006484:  Hold'em No Limit ($0.01/$0.02 USD) - 2021/04/14 15:34:50 PT [2021/04/14 18:34:50 ET]
Table 'Bali II' 9-max Seat #2 is the button
Seat 1: xtrmberlin ($1.48 in chips) 
Seat 2: Dorex2007 ($1.98 in chips) 
Seat 3: beansinit ($0.99 in chips) 
Seat 4: ViolinistKate ($1.68 in chips) 
Seat 5: Black_d0g ($1.90 in chips) 
Seat 6: Parker09SA ($4.06 in chips) 
Seat 7: pablomonzo ($3.15 in chips) 
Seat 9: Julian R.897 ($0.96 in chips) 
beansinit: posts small blind $0.01
ViolinistKate: posts big blind $0.02
Julian R.897: posts big blind $0.02
*** HOLE CARDS ***
Dealt to Dorex2007 [9h 6h]
Black_d0g: folds 
Parker09SA: raises $0.07 to $0.09
pablomonzo has timed out
pablomonzo: folds 
Julian R.897: folds 
xtrmberlin: folds 
Dorex2007: folds 
beansinit: folds 
ViolinistKate: folds 
Uncalled bet ($0.07) returned to Parker09SA
Parker09SA collected $0.07 from pot
Parker09SA: doesn't show hand 
*** SUMMARY ***
Total pot $0.07 | Rake $0 
Seat 1: xtrmberlin folded before Flop (didn't bet)
Seat 2: Dorex2007 (button) folded before Flop (didn't bet)
Seat 3: beansinit (small blind) folded before Flop
Seat 4: ViolinistKate (big blind) folded before Flop
Seat 5: Black_d0g folded before Flop (didn't bet)
Seat 6: Parker09SA collected ($0.07)
Seat 7: pablomonzo folded before Flop (didn't bet)
Seat 9: Julian R.897 folded before Flop (didn't bet)



PokerStars Hand #225844019665:  Hold'em No Limit ($0.01/$0.02 USD) - 2021/04/14 15:35:18 PT [2021/04/14 18:35:18 ET]
Table 'Bali II' 9-max Seat #3 is the button
Seat 1: xtrmberlin ($1.48 in chips) 
Seat 2: Dorex2007 ($1.98 in chips) 
Seat 3: beansinit ($0.98 in chips) 
Seat 4: ViolinistKate ($1.66 in chips) 
Seat 5: Black_d0g ($1.90 in chips) 
Seat 6: Parker09SA ($4.11 in chips) 
Seat 9: Julian R.897 ($0.94 in chips) 
ViolinistKate: posts small blind $0.01
Black_d0g: posts big blind $0.02
*** HOLE CARDS ***
Dealt to Dorex2007 [3d Kc]
Parker09SA: folds 
Julian R.897: folds 
xtrmberlin: folds 
Dorex2007: folds 
beansinit: folds 
ViolinistKate: folds 
Uncalled bet ($0.01) returned to Black_d0g
Black_d0g collected $0.02 from pot
*** SUMMARY ***
Total pot $0.02 | Rake $0 
Seat 1: xtrmberlin folded before Flop (didn't bet)
Seat 2: Dorex2007 folded before Flop (didn't bet)
Seat 3: beansinit (button) folded before Flop (didn't bet)
Seat 4: ViolinistKate (small blind) folded before Flop
Seat 5: Black_d0g (big blind) collected ($0.02)
Seat 6: Parker09SA folded before Flop (didn't bet)
Seat 9: Julian R.897 folded before Flop (didn't bet)



PokerStars Hand #225844023598:  Hold'em No Limit ($0.01/$0.02 USD) - 2021/04/14 15:35:26 PT [2021/04/14 18:35:26 ET]
Table 'Bali II' 9-max Seat #4 is the button
Seat 1: xtrmberlin ($1.48 in chips) 
Seat 2: Dorex2007 ($1.98 in chips) 
Seat 3: beansinit ($0.98 in chips) 
Seat 4: ViolinistKate ($1.65 in chips) 
Seat 5: Black_d0g ($1.91 in chips) 
Seat 6: Parker09SA ($4.11 in chips) 
Seat 7: pablomonzo ($3.15 in chips) 
Seat 9: Julian R.897 ($0.94 in chips) 
Black_d0g: posts small blind $0.01
Parker09SA: posts big blind $0.02
*** HOLE CARDS ***
Dealt to Dorex2007 [2h 9c]
hot_cooki joins the table at seat #8 
pablomonzo: folds 
Julian R.897: raises $0.02 to $0.04
xtrmberlin: folds 
Dorex2007: folds 
beansinit has timed out
beansinit: folds 
ViolinistKate: raises $0.02 to $0.06
Black_d0g: calls $0.05
Parker09SA: calls $0.04
Julian R.897: calls $0.02
*** FLOP *** [8s Ah Kc]
Black_d0g: checks 
pablomonzo leaves the table
Parker09SA: bets $0.12
Julian R.897: folds 
ViolinistKate: calls $0.12
Black_d0g: folds 
*** TURN *** [8s Ah Kc] [7d]
dontminditsato joins the table at seat #7 
Parker09SA: checks 
ViolinistKate: checks 
*** RIVER *** [8s Ah Kc 7d] [6h]
Parker09SA: checks 
ViolinistKate: checks 
*** SHOW DOWN ***
Parker09SA: shows [Ac Ts] (a pair of Aces)
ViolinistKate: shows [As Tc] (a pair of Aces)
Parker09SA collected $0.23 from pot
ViolinistKate collected $0.23 from pot
*** SUMMARY ***
Total pot $0.48 | Rake $0.02 
Board [8s Ah Kc 7d 6h]
Seat 1: xtrmberlin folded before Flop (didn't bet)
Seat 2: Dorex2007 folded before Flop (didn't bet)
Seat 3: beansinit folded before Flop (didn't bet)
Seat 4: ViolinistKate (button) showed [As Tc] and won ($0.23) with a pair of Aces
Seat 5: Black_d0g (small blind) folded on the Flop
Seat 6: Parker09SA (big blind) showed [Ac Ts] and won ($0.23) with a pair of Aces
Seat 7: pablomonzo folded before Flop (didn't bet)
Seat 9: Julian R.897 folded on the Flop



PokerStars Hand #225844062585:  Hold'em No Limit ($0.01/$0.02 USD) - 2021/04/14 15:36:49 PT [2021/04/14 18:36:49 ET]
Table 'Bali II' 9-max Seat #5 is the button
Seat 1: xtrmberlin ($1.48 in chips) 
Seat 2: Dorex2007 ($1.98 in chips) 
Seat 3: beansinit ($0.98 in chips) 
Seat 4: ViolinistKate ($1.70 in chips) 
Seat 5: Black_d0g ($1.85 in chips) 
Seat 6: Parker09SA ($4.16 in chips) 
Seat 7: dontminditsato ($2 in chips) 
Seat 8: hot_cooki ($0.85 in chips) 
Seat 9: Julian R.897 ($0.88 in chips) 
Parker09SA: posts small blind $0.01
dontminditsato: posts big blind $0.02
hot_cooki: posts big blind $0.02
*** HOLE CARDS ***
Dealt to Dorex2007 [2s Ts]
hot_cooki: checks 
Julian R.897: folds 
Julian R.897 leaves the table
xtrmberlin: folds 
Dorex2007: folds 
beansinit: folds 
ViolinistKate: raises $0.04 to $0.06
Black_d0g: calls $0.06
NIX2013 joins the table at seat #9 
Parker09SA: folds 
dontminditsato: folds 
hot_cooki: calls $0.04
*** FLOP *** [2h Kh Tc]
hot_cooki: checks 
ViolinistKate: bets $0.20
Black_d0g: calls $0.20
hot_cooki: folds 
*** TURN *** [2h Kh Tc] [Qc]
ViolinistKate: bets $0.59
Black_d0g: folds 
Uncalled bet ($0.59) returned to ViolinistKate
ViolinistKate collected $0.59 from pot
ViolinistKate: doesn't show hand 
*** SUMMARY ***
Total pot $0.61 | Rake $0.02 
Board [2h Kh Tc Qc]
Seat 1: xtrmberlin folded before Flop (didn't bet)
Seat 2: Dorex2007 folded before Flop (didn't bet)
Seat 3: beansinit folded before Flop (didn't bet)
Seat 4: ViolinistKate collected ($0.59)
Seat 5: Black_d0g (button) folded on the Turn
Seat 6: Parker09SA (small blind) folded before Flop
Seat 7: dontminditsato (big blind) folded before Flop
Seat 8: hot_cooki folded on the Flop
Seat 9: Julian R.897 folded before Flop (didn't bet)



PokerStars Hand #225844090499:  Hold'em No Limit ($0.01/$0.02 USD) - 2021/04/14 15:37:48 PT [2021/04/14 18:37:48 ET]
Table 'Bali II' 9-max Seat #6 is the button
Seat 1: xtrmberlin ($1.48 in chips) 
Seat 2: Dorex2007 ($1.98 in chips) 
Seat 3: beansinit ($0.98 in chips) 
Seat 4: ViolinistKate ($2.03 in chips) 
Seat 5: Black_d0g ($1.59 in chips) 
Seat 6: Parker09SA ($4.15 in chips) 
Seat 7: dontminditsato ($1.98 in chips) 
Seat 8: hot_cooki ($0.79 in chips) 
dontminditsato: posts small blind $0.01
hot_cooki: posts big blind $0.02
NIX2013: sits out 
*** HOLE CARDS ***
Dealt to Dorex2007 [7s Qd]
xtrmberlin: folds 
Dorex2007: folds 
beansinit: folds 
ViolinistKate: folds 
Black_d0g: raises $0.04 to $0.06
Parker09SA: calls $0.06
dontminditsato: calls $0.05
hot_cooki: folds 
*** FLOP *** [3s 4s 5d]
dontminditsato: checks 
Black_d0g: checks 
Parker09SA: bets $0.10
dontminditsato: folds 
Black_d0g: folds 
Uncalled bet ($0.10) returned to Parker09SA
Parker09SA collected $0.19 from pot
Parker09SA: doesn't show hand 
*** SUMMARY ***
Total pot $0.20 | Rake $0.01 
Board [3s 4s 5d]
Seat 1: xtrmberlin folded before Flop (didn't bet)
Seat 2: Dorex2007 folded before Flop (didn't bet)
Seat 3: beansinit folded before Flop (didn't bet)
Seat 4: ViolinistKate folded before Flop (didn't bet)
Seat 5: Black_d0g folded on the Flop
Seat 6: Parker09SA (button) collected ($0.19)
Seat 7: dontminditsato (small blind) folded on the Flop
Seat 8: hot_cooki (big blind) folded before Flop



PokerStars Hand #225844110869:  Hold'em No Limit ($0.01/$0.02 USD) - 2021/04/14 15:38:32 PT [2021/04/14 18:38:32 ET]
Table 'Bali II' 9-max Seat #7 is the button
Seat 1: xtrmberlin ($1.48 in chips) 
Seat 2: Dorex2007 ($1.98 in chips) 
Seat 3: beansinit ($0.98 in chips) 
Seat 4: ViolinistKate ($2.03 in chips) 
Seat 5: Black_d0g ($1.94 in chips) 
Seat 6: Parker09SA ($4.28 in chips) 
Seat 7: dontminditsato ($1.92 in chips) 
Seat 8: hot_cooki ($0.77 in chips) 
Seat 9: NIX2013 ($1.60 in chips) 
hot_cooki: posts small blind $0.01
NIX2013: posts big blind $0.02
*** HOLE CARDS ***
Dealt to Dorex2007 [3c 4c]
xtrmberlin: folds 
Dorex2007: folds 
beansinit has timed out
beansinit: folds 
ViolinistKate: folds 
Black_d0g: raises $0.04 to $0.06
Parker09SA: calls $0.06
dontminditsato: folds 
hot_cooki: calls $0.05
NIX2013: folds 
*** FLOP *** [7c 5d 2h]
hot_cooki: checks 
Black_d0g: checks 
Parker09SA: bets $0.10
hot_cooki: folds 
Black_d0g: calls $0.10
*** TURN *** [7c 5d 2h] [Kh]
Black_d0g: checks 
Parker09SA: checks 
*** RIVER *** [7c 5d 2h Kh] [6c]
Black_d0g: checks 
Parker09SA: checks 
*** SHOW DOWN ***
Black_d0g: shows [As Qs] (high card Ace)
Parker09SA: shows [4d 6d] (a pair of Sixes)
Parker09SA collected $0.39 from pot
*** SUMMARY ***
Total pot $0.40 | Rake $0.01 
Board [7c 5d 2h Kh 6c]
Seat 1: xtrmberlin folded before Flop (didn't bet)
Seat 2: Dorex2007 folded before Flop (didn't bet)
Seat 3: beansinit folded before Flop (didn't bet)
Seat 4: ViolinistKate folded before Flop (didn't bet)
Seat 5: Black_d0g showed [As Qs] and lost with high card Ace
Seat 6: Parker09SA showed [4d 6d] and won ($0.39) with a pair of Sixes
Seat 7: dontminditsato (button) folded before Flop (didn't bet)
Seat 8: hot_cooki (small blind) folded on the Flop
Seat 9: NIX2013 (big blind) folded before Flop



PokerStars Hand #225844152121:  Hold'em No Limit ($0.01/$0.02 USD) - 2021/04/14 15:40:01 PT [2021/04/14 18:40:01 ET]
Table 'Bali II' 9-max Seat #8 is the button
Seat 1: xtrmberlin ($1.48 in chips) 
Seat 2: Dorex2007 ($1.98 in chips) 
Seat 3: beansinit ($0.98 in chips) 
Seat 4: ViolinistKate ($2.03 in chips) 
Seat 5: Black_d0g ($1.78 in chips) 
Seat 6: Parker09SA ($4.51 in chips) 
Seat 7: dontminditsato ($1.92 in chips) 
Seat 8: hot_cooki ($0.71 in chips) 
Seat 9: NIX2013 ($2 in chips) 
NIX2013: posts small blind $0.01
xtrmberlin: posts big blind $0.02
*** HOLE CARDS ***
Dealt to Dorex2007 [Js 4h]
Dorex2007: folds 
beansinit: folds 
ViolinistKate: calls $0.02
Black_d0g: raises $0.06 to $0.08
Parker09SA: folds 
dontminditsato: folds 
hot_cooki: folds 
NIX2013: raises $0.06 to $0.14
xtrmberlin: folds 
ViolinistKate: folds 
Black_d0g: calls $0.06
*** FLOP *** [Ah 8s 9c]
NIX2013: checks 
Black_d0g: checks 
*** TURN *** [Ah 8s 9c] [Jc]
NIX2013: bets $0.02
Black_d0g: raises $0.18 to $0.20
NIX2013: raises $0.71 to $0.91
Black_d0g: raises $0.73 to $1.64 and is all-in
NIX2013: calls $0.73
NIX2013 has timed out
*** RIVER *** [Ah 8s 9c Jc] [Ts]
*** SHOW DOWN ***
NIX2013: shows [As Ad] (three of a kind, Aces)
Black_d0g: shows [8h 8c] (three of a kind, Eights)
NIX2013 collected $3.47 from pot
*** SUMMARY ***
Total pot $3.60 | Rake $0.13 
Board [Ah 8s 9c Jc Ts]
Seat 1: xtrmberlin (big blind) folded before Flop
Seat 2: Dorex2007 folded before Flop (didn't bet)
Seat 3: beansinit folded before Flop (didn't bet)
Seat 4: ViolinistKate folded before Flop
Seat 5: Black_d0g showed [8h 8c] and lost with three of a kind, Eights
Seat 6: Parker09SA folded before Flop (didn't bet)
Seat 7: dontminditsato folded before Flop (didn't bet)
Seat 8: hot_cooki (button) folded before Flop (didn't bet)
Seat 9: NIX2013 (small blind) showed [As Ad] and won ($3.47) with three of a kind, Aces



PokerStars Hand #225844188188:  Hold'em No Limit ($0.01/$0.02 USD) - 2021/04/14 15:41:20 PT [2021/04/14 18:41:20 ET]
Table 'Bali II' 9-max Seat #9 is the button
Seat 1: xtrmberlin ($1.46 in chips) 
Seat 2: Dorex2007 ($1.98 in chips) 
Seat 3: beansinit ($0.98 in chips) 
Seat 4: ViolinistKate ($2.01 in chips) 
Seat 6: Parker09SA ($4.51 in chips) 
Seat 7: dontminditsato ($1.92 in chips) 
Seat 8: hot_cooki ($0.71 in chips) 
Seat 9: NIX2013 ($3.69 in chips) 
xtrmberlin: posts small blind $0.01
Dorex2007: posts big blind $0.02
*** HOLE CARDS ***
Dealt to Dorex2007 [2s 9c]
Black_d0g leaves the table
beansinit: calls $0.02
ViolinistKate: folds 
Parker09SA: folds 
dontminditsato: folds 
hot_cooki: folds 
Luisinhou joins the table at seat #5 
NIX2013: calls $0.02
xtrmberlin: calls $0.01
Dorex2007: checks 
*** FLOP *** [5c 9s 8c]
xtrmberlin: checks 
Dorex2007: bets $0.08
beansinit: raises $0.08 to $0.16
NIX2013: folds 
xtrmberlin: folds 
Dorex2007: calls $0.08
*** TURN *** [5c 9s 8c] [Qd]
Dorex2007: checks 
beansinit: checks 
*** RIVER *** [5c 9s 8c Qd] [7s]
Dorex2007: bets $0.39
beansinit: calls $0.39
*** SHOW DOWN ***
Dorex2007: shows [2s 9c] (a pair of Nines)
beansinit: shows [6c Ac] (a straight, Five to Nine)
beansinit collected $1.14 from pot
*** SUMMARY ***
Total pot $1.18 | Rake $0.04 
Board [5c 9s 8c Qd 7s]
Seat 1: xtrmberlin (small blind) folded on the Flop
Seat 2: Dorex2007 (big blind) showed [2s 9c] and lost with a pair of Nines
Seat 3: beansinit showed [6c Ac] and won ($1.14) with a straight, Five to Nine
Seat 4: ViolinistKate folded before Flop (didn't bet)
Seat 6: Parker09SA folded before Flop (didn't bet)
Seat 7: dontminditsato folded before Flop (didn't bet)
Seat 8: hot_cooki folded before Flop (didn't bet)
Seat 9: NIX2013 (button) folded on the Flop



PokerStars Hand #225844231182:  Hold'em No Limit ($0.01/$0.02 USD) - 2021/04/14 15:42:55 PT [2021/04/14 18:42:55 ET]
Table 'Bali II' 9-max Seat #1 is the button
Seat 1: xtrmberlin ($1.44 in chips) 
Seat 2: Dorex2007 ($1.41 in chips) 
Seat 3: beansinit ($1.55 in chips) 
Seat 4: ViolinistKate ($2.01 in chips) 
Seat 5: Luisinhou ($2 in chips) 
Seat 6: Parker09SA ($4.51 in chips) 
Seat 7: dontminditsato ($1.92 in chips) 
Seat 8: hot_cooki ($0.71 in chips) 
Seat 9: NIX2013 ($3.67 in chips) 
Dorex2007: posts small blind $0.01
beansinit: posts big blind $0.02
Luisinhou: posts big blind $0.02
*** HOLE CARDS ***
Dealt to Dorex2007 [5s 3s]
ViolinistKate: folds 
Luisinhou: raises $0.04 to $0.06
Parker09SA: folds 
dontminditsato: folds 
hot_cooki: folds 
NIX2013: folds 
xtrmberlin: folds 
Dorex2007: calls $0.05
beansinit: folds 
*** FLOP *** [Jh 4d Kh]
Dorex2007: checks 
Luisinhou: bets $0.02
Dorex2007: folds 
Uncalled bet ($0.02) returned to Luisinhou
Luisinhou collected $0.14 from pot
Luisinhou: doesn't show hand 
*** SUMMARY ***
Total pot $0.14 | Rake $0 
Board [Jh 4d Kh]
Seat 1: xtrmberlin (button) folded before Flop (didn't bet)
Seat 2: Dorex2007 (small blind) folded on the Flop
Seat 3: beansinit (big blind) folded before Flop
Seat 4: ViolinistKate folded before Flop (didn't bet)
Seat 5: Luisinhou collected ($0.14)
Seat 6: Parker09SA folded before Flop (didn't bet)
Seat 7: dontminditsato folded before Flop (didn't bet)
Seat 8: hot_cooki folded before Flop (didn't bet)
Seat 9: NIX2013 folded before Flop (didn't bet)



PokerStars Hand #225844249426:  Hold'em No Limit ($0.01/$0.02 USD) - 2021/04/14 15:43:36 PT [2021/04/14 18:43:36 ET]
Table 'Bali II' 9-max Seat #2 is the button
Seat 1: xtrmberlin ($1.44 in chips) 
Seat 2: Dorex2007 ($1.94 in chips) 
Seat 3: beansinit ($1.53 in chips) 
Seat 4: ViolinistKate ($2.01 in chips) 
Seat 5: Luisinhou ($2.08 in chips) 
Seat 6: Parker09SA ($4.51 in chips) 
Seat 7: dontminditsato ($1.92 in chips) 
Seat 8: hot_cooki ($0.71 in chips) 
Seat 9: NIX2013 ($3.67 in chips) 
beansinit: posts small blind $0.01
ViolinistKate: posts big blind $0.02
*** HOLE CARDS ***
Dealt to Dorex2007 [Kc 9h]
Luisinhou: folds 
Parker09SA: folds 
dontminditsato: calls $0.02
hot_cooki: calls $0.02
NIX2013: calls $0.02
xtrmberlin: folds 
Dorex2007: calls $0.02
beansinit: raises $0.12 to $0.14
ViolinistKate: folds 
dontminditsato: calls $0.12
hot_cooki: calls $0.12
NIX2013: calls $0.12
Dorex2007: folds 
*** FLOP *** [7h Td 2c]
beansinit: checks 
dontminditsato: checks 
hot_cooki: checks 
NIX2013: checks 
*** TURN *** [7h Td 2c] [Js]
beansinit: checks 
dontminditsato: checks 
hot_cooki: checks 
NIX2013: bets $0.06
beansinit: raises $0.12 to $0.18
dontminditsato: folds 
hot_cooki: folds 
NIX2013: calls $0.12
*** RIVER *** [7h Td 2c Js] [Jc]
beansinit: checks 
NIX2013: bets $0.10
beansinit: calls $0.10
*** SHOW DOWN ***
NIX2013: shows [4h Jh] (three of a kind, Jacks)
beansinit: mucks hand 
NIX2013 collected $1.12 from pot
*** SUMMARY ***
Total pot $1.16 | Rake $0.04 
Board [7h Td 2c Js Jc]
Seat 1: xtrmberlin folded before Flop (didn't bet)
Seat 2: Dorex2007 (button) folded before Flop
Seat 3: beansinit (small blind) mucked [As 7s]
Seat 4: ViolinistKate (big blind) folded before Flop
Seat 5: Luisinhou folded before Flop (didn't bet)
Seat 6: Parker09SA folded before Flop (didn't bet)
Seat 7: dontminditsato folded on the Turn
Seat 8: hot_cooki folded on the Turn
Seat 9: NIX2013 showed [4h Jh] and won ($1.12) with three of a kind, Jacks



PokerStars Hand #225844338246:  Hold'em No Limit ($0.01/$0.02 USD) - 2021/04/14 15:46:32 PT [2021/04/14 18:46:32 ET]
Table 'Bali II' 9-max Seat #3 is the button
Seat 1: xtrmberlin ($1.44 in chips) 
Seat 2: Dorex2007 ($1.98 in chips) 
Seat 3: beansinit ($1.11 in chips) 
Seat 4: ViolinistKate ($1.99 in chips) 
Seat 5: Luisinhou ($2.08 in chips) 
Seat 6: Parker09SA ($4.51 in chips) 
Seat 7: dontminditsato ($1.78 in chips) 
Seat 8: hot_cooki ($0.57 in chips) 
Seat 9: NIX2013 ($4.37 in chips) 
ViolinistKate: posts small blind $0.01
Luisinhou: posts big blind $0.02
*** HOLE CARDS ***
Dealt to Dorex2007 [8d 3c]
Parker09SA: folds 
dontminditsato: folds 
hot_cooki: folds 
NIX2013: folds 
xtrmberlin: folds 
Dorex2007: folds 
beansinit: folds 
ViolinistKate: raises $0.04 to $0.06
Luisinhou: calls $0.04
*** FLOP *** [Jh 6d 9d]
ViolinistKate: bets $0.12
Luisinhou: calls $0.12
*** TURN *** [Jh 6d 9d] [4d]
ViolinistKate: bets $0.35
Luisinhou: calls $0.35
*** RIVER *** [Jh 6d 9d 4d] [Th]
ViolinistKate: checks 
Luisinhou: checks 
*** SHOW DOWN ***
ViolinistKate: shows [Js 6s] (two pair, Jacks and Sixes)
Luisinhou: mucks hand 
ViolinistKate collected $1.02 from pot
*** SUMMARY ***
Total pot $1.06 | Rake $0.04 
Board [Jh 6d 9d 4d Th]
Seat 1: xtrmberlin folded before Flop (didn't bet)
Seat 2: Dorex2007 folded before Flop (didn't bet)
Seat 3: beansinit (button) folded before Flop (didn't bet)
Seat 4: ViolinistKate (small blind) showed [Js 6s] and won ($1.02) with two pair, Jacks and Sixes
Seat 5: Luisinhou (big blind) mucked [4s 7s]
Seat 6: Parker09SA folded before Flop (didn't bet)
Seat 7: dontminditsato folded before Flop (didn't bet)
Seat 8: hot_cooki folded before Flop (didn't bet)
Seat 9: NIX2013 folded before Flop (didn't bet)



PokerStars Hand #225844364165:  Hold'em No Limit ($0.01/$0.02 USD) - 2021/04/14 15:47:30 PT [2021/04/14 18:47:30 ET]
Table 'Bali II' 9-max Seat #4 is the button
Seat 1: xtrmberlin ($1.44 in chips) 
Seat 2: Dorex2007 ($1.98 in chips) 
Seat 3: beansinit ($1.11 in chips) 
Seat 4: ViolinistKate ($2.48 in chips) 
Seat 5: Luisinhou ($1.55 in chips) 
Seat 6: Parker09SA ($4.51 in chips) 
Seat 7: dontminditsato ($1.78 in chips) 
Seat 8: hot_cooki ($0.57 in chips) 
Seat 9: NIX2013 ($4.37 in chips) 
Luisinhou: posts small blind $0.01
Parker09SA: posts big blind $0.02
*** HOLE CARDS ***
Dealt to Dorex2007 [Ah Ks]
dontminditsato: calls $0.02
hot_cooki: raises $0.04 to $0.06
NIX2013: folds 
xtrmberlin: folds 
Dorex2007: raises $0.12 to $0.18
beansinit: folds 
ViolinistKate: folds 
Luisinhou: calls $0.17
Parker09SA: folds 
dontminditsato: calls $0.16
hot_cooki: raises $0.39 to $0.57 and is all-in
Dorex2007: raises $1.41 to $1.98 and is all-in
Luisinhou: folds 
dontminditsato: folds 
Uncalled bet ($1.41) returned to Dorex2007
*** FLOP *** [4c 5d Ts]
*** TURN *** [4c 5d Ts] [3h]
*** RIVER *** [4c 5d Ts 3h] [4h]
*** SHOW DOWN ***
hot_cooki: shows [Td Tc] (a full house, Tens full of Fours)
Dorex2007: shows [Ah Ks] (a pair of Fours)
hot_cooki collected $1.47 from pot
*** SUMMARY ***
Total pot $1.52 | Rake $0.05 
Board [4c 5d Ts 3h 4h]
Seat 1: xtrmberlin folded before Flop (didn't bet)
Seat 2: Dorex2007 showed [Ah Ks] and lost with a pair of Fours
Seat 3: beansinit folded before Flop (didn't bet)
Seat 4: ViolinistKate (button) folded before Flop (didn't bet)
Seat 5: Luisinhou (small blind) folded before Flop
Seat 6: Parker09SA (big blind) folded before Flop
Seat 7: dontminditsato folded before Flop
Seat 8: hot_cooki showed [Td Tc] and won ($1.47) with a full house, Tens full of Fours
Seat 9: NIX2013 folded before Flop (didn't bet)



PokerStars Hand #225844399778:  Hold'em No Limit ($0.01/$0.02 USD) - 2021/04/14 15:48:50 PT [2021/04/14 18:48:50 ET]
Table 'Bali II' 9-max Seat #5 is the button
Seat 1: xtrmberlin ($1.44 in chips) 
Seat 2: Dorex2007 ($1.41 in chips) 
Seat 3: beansinit ($1.11 in chips) 
Seat 4: ViolinistKate ($2.48 in chips) 
Seat 5: Luisinhou ($1.37 in chips) 
Seat 6: Parker09SA ($4.49 in chips) 
Seat 7: dontminditsato ($1.60 in chips) 
Seat 8: hot_cooki ($1.47 in chips) 
Seat 9: NIX2013 ($4.37 in chips) 
Parker09SA: posts small blind $0.01
dontminditsato: posts big blind $0.02
*** HOLE CARDS ***
Dealt to Dorex2007 [Td Tc]
hot_cooki has timed out
hot_cooki: folds 
NIX2013: folds 
xtrmberlin: folds 
hot_cooki leaves the table
Dorex2007: raises $0.04 to $0.06
beansinit: folds 
ViolinistKate: folds 
Luisinhou: raises $0.04 to $0.10
Parker09SA has timed out
Parker09SA: folds 
dontminditsato: folds 
Dorex2007: calls $0.04
*** FLOP *** [6s 8s 6c]
Dorex2007: bets $0.22
Luisinhou: calls $0.22
*** TURN *** [6s 8s 6c] [7c]
Dorex2007: checks 
dmitriydu joins the table at seat #8 
Luisinhou: bets $0.65
Dorex2007: raises $0.44 to $1.09 and is all-in
Luisinhou: calls $0.40 and is all-in
Uncalled bet ($0.04) returned to Dorex2007
*** RIVER *** [6s 8s 6c 7c] [3h]
*** SHOW DOWN ***
Dorex2007: shows [Td Tc] (two pair, Tens and Sixes)
Luisinhou: shows [9h As] (a pair of Sixes)
Dorex2007 collected $2.67 from pot
*** SUMMARY ***
Total pot $2.77 | Rake $0.10 
Board [6s 8s 6c 7c 3h]
Seat 1: xtrmberlin folded before Flop (didn't bet)
Seat 2: Dorex2007 showed [Td Tc] and won ($2.67) with two pair, Tens and Sixes
Seat 3: beansinit folded before Flop (didn't bet)
Seat 4: ViolinistKate folded before Flop (didn't bet)
Seat 5: Luisinhou (button) showed [9h As] and lost with a pair of Sixes
Seat 6: Parker09SA (small blind) folded before Flop
Seat 7: dontminditsato (big blind) folded before Flop
Seat 8: hot_cooki folded before Flop (didn't bet)
Seat 9: NIX2013 folded before Flop (didn't bet)



PokerStars Hand #225844467649:  Hold'em No Limit ($0.01/$0.02 USD) - 2021/04/14 15:51:12 PT [2021/04/14 18:51:12 ET]
Table 'Bali II' 9-max Seat #7 is the button
Seat 1: xtrmberlin ($1.44 in chips) 
Seat 2: Dorex2007 ($2.71 in chips) 
Seat 3: beansinit ($1.11 in chips) 
Seat 4: ViolinistKate ($2.48 in chips) 
Seat 7: dontminditsato ($1.58 in chips) 
Seat 9: NIX2013 ($4.37 in chips) 
NIX2013: posts small blind $0.01
xtrmberlin: posts big blind $0.02
*** HOLE CARDS ***
Dealt to Dorex2007 [6d 7s]
Dorex2007: folds 
beansinit: folds 
Luisinhou leaves the table
ViolinistKate has timed out
ViolinistKate: folds 
dontminditsato: folds 
NIX2013: calls $0.01
xtrmberlin: checks 
*** FLOP *** [9d 6c 8s]
NIX2013: checks 
xtrmberlin: checks 
*** TURN *** [9d 6c 8s] [Ac]
NIX2013: checks 
xtrmberlin: checks 
*** RIVER *** [9d 6c 8s Ac] [4s]
NIX2013: checks 
xtrmberlin: checks 
*** SHOW DOWN ***
NIX2013: shows [Ks 5c] (high card Ace)
xtrmberlin: mucks hand 
NIX2013 collected $0.04 from pot
*** SUMMARY ***
Total pot $0.04 | Rake $0 
Board [9d 6c 8s Ac 4s]
Seat 1: xtrmberlin (big blind) mucked [Jc 2c]
Seat 2: Dorex2007 folded before Flop (didn't bet)
Seat 3: beansinit folded before Flop (didn't bet)
Seat 4: ViolinistKate folded before Flop (didn't bet)
Seat 7: dontminditsato (button) folded before Flop (didn't bet)
Seat 9: NIX2013 (small blind) showed [Ks 5c] and won ($0.04) with high card Ace



PokerStars Hand #225844488481:  Hold'em No Limit ($0.01/$0.02 USD) - 2021/04/14 15:52:00 PT [2021/04/14 18:52:00 ET]
Table 'Bali II' 9-max Seat #9 is the button
Seat 1: xtrmberlin ($1.42 in chips) 
Seat 2: Dorex2007 ($2.71 in chips) 
Seat 3: beansinit ($1.11 in chips) 
Seat 4: ViolinistKate ($2.48 in chips) 
Seat 7: dontminditsato ($1.58 in chips) 
Seat 8: dmitriydu ($1.53 in chips) 
Seat 9: NIX2013 ($4.39 in chips) 
xtrmberlin: posts small blind $0.01
Dorex2007: posts big blind $0.02
dmitriydu: posts big blind $0.02
*** HOLE CARDS ***
Dealt to Dorex2007 [2h 3s]
beansinit: folds 
ViolinistKate: folds 
dontminditsato: raises $0.02 to $0.04
dmitriydu: calls $0.02
NIX2013: folds 
xtrmberlin: folds 
Dorex2007: folds 
*** FLOP *** [4c 4h 9h]
ViolinistKate leaves the table
dontminditsato: checks 
dmitriydu: bets $0.06
dontminditsato: folds 
Uncalled bet ($0.06) returned to dmitriydu
dmitriydu collected $0.11 from pot
dmitriydu: doesn't show hand 
*** SUMMARY ***
Total pot $0.11 | Rake $0 
Board [4c 4h 9h]
Seat 1: xtrmberlin (small blind) folded before Flop
Seat 2: Dorex2007 (big blind) folded before Flop
Seat 3: beansinit folded before Flop (didn't bet)
Seat 4: ViolinistKate folded before Flop (didn't bet)
Seat 7: dontminditsato folded on the Flop
Seat 8: dmitriydu collected ($0.11)
Seat 9: NIX2013 (button) folded before Flop (didn't bet)



PokerStars Hand #225844501585:  Hold'em No Limit ($0.01/$0.02 USD) - 2021/04/14 15:52:30 PT [2021/04/14 18:52:30 ET]
Table 'Bali II' 9-max Seat #1 is the button
Seat 1: xtrmberlin ($1.41 in chips) 
Seat 2: Dorex2007 ($2.69 in chips) 
Seat 3: beansinit ($1.11 in chips) 
Seat 7: dontminditsato ($1.54 in chips) 
Seat 8: dmitriydu ($1.60 in chips) 
Seat 9: NIX2013 ($4.39 in chips) 
Dorex2007: posts small blind $0.01
beansinit: posts big blind $0.02
*** HOLE CARDS ***
Dealt to Dorex2007 [8s 4d]
dontminditsato: folds 
dmitriydu: folds 
NIX2013: folds 
xtrmberlin: raises $0.04 to $0.06
Dorex2007: folds 
dmitriydu leaves the table
beansinit: folds 
Uncalled bet ($0.04) returned to xtrmberlin
xtrmberlin collected $0.05 from pot
xtrmberlin: doesn't show hand 
*** SUMMARY ***
Total pot $0.05 | Rake $0 
Seat 1: xtrmberlin (button) collected ($0.05)
Seat 2: Dorex2007 (small blind) folded before Flop
Seat 3: beansinit (big blind) folded before Flop
Seat 7: dontminditsato folded before Flop (didn't bet)
Seat 8: dmitriydu folded before Flop (didn't bet)
Seat 9: NIX2013 folded before Flop (didn't bet)



PokerStars Hand #225844510621:  Hold'em No Limit ($0.01/$0.02 USD) - 2021/04/14 15:52:51 PT [2021/04/14 18:52:51 ET]
Table 'Bali II' 9-max Seat #2 is the button
Seat 1: xtrmberlin ($1.44 in chips) 
Seat 2: Dorex2007 ($2.68 in chips) 
Seat 3: beansinit ($1.09 in chips) 
Seat 7: dontminditsato ($1.54 in chips) 
Seat 9: NIX2013 ($4.39 in chips) 
beansinit: posts small blind $0.01
dontminditsato: posts big blind $0.02
*** HOLE CARDS ***
Dealt to Dorex2007 [4s Kd]
NIX2013: folds 
xtrmberlin: folds 
Dorex2007: folds 
beansinit: calls $0.01
dontminditsato: checks 
*** FLOP *** [3d Js 9h]
beansinit: bets $0.04
dontminditsato: raises $0.08 to $0.12
beansinit: folds 
Uncalled bet ($0.08) returned to dontminditsato
dontminditsato collected $0.12 from pot
dontminditsato: doesn't show hand 
*** SUMMARY ***
Total pot $0.12 | Rake $0 
Board [3d Js 9h]
Seat 1: xtrmberlin folded before Flop (didn't bet)
Seat 2: Dorex2007 (button) folded before Flop (didn't bet)
Seat 3: beansinit (small blind) folded on the Flop
Seat 7: dontminditsato (big blind) collected ($0.12)
Seat 9: NIX2013 folded before Flop (didn't bet)



