PokerStars Hand #237796876436:  Hold'em No Limit ($0.02/$0.05 USD) - 2022/08/04 20:51:09 PT [2022/08/04 23:51:09 ET]
Table 'Kundry II' 9-max Seat #9 is the button
Seat 1: LittleDaniell ($4.90 in chips) 
Seat 2: HAEMHuk2009 ($5.05 in chips) 
Seat 3: simantiras ($4.94 in chips) 
Seat 4: geniuss ($5.08 in chips) 
Seat 5: pppinclipppe ($8.19 in chips) 
Seat 6: Raph629 ($7.88 in chips) 
Seat 7: Almanza63 ($9.46 in chips) 
Seat 8: Dorex2007 ($5 in chips) 
Seat 9: guidocaz32 ($5.27 in chips) 
LittleDaniell: posts small blind $0.02
HAEMHuk2009: posts big blind $0.05
Dorex2007: posts big blind $0.05
*** HOLE CARDS ***
Dealt to Dorex2007 [8s Ac]
simantiras: raises $0.10 to $0.15
geniuss: folds 
pppinclipppe: folds 
Raph629: folds 
Almanza63: folds 
Dorex2007: folds 
guidocaz32: folds 
LittleDaniell: folds 
HAEMHuk2009: folds 
Uncalled bet ($0.10) returned to simantiras
simantiras collected $0.17 from pot
simantiras: doesn't show hand 
*** SUMMARY ***
Total pot $0.17 | Rake $0 
Seat 1: LittleDaniell (small blind) folded before Flop
Seat 2: HAEMHuk2009 (big blind) folded before Flop
Seat 3: simantiras collected ($0.17)
Seat 4: geniuss folded before Flop (didn't bet)
Seat 5: pppinclipppe folded before Flop (didn't bet)
Seat 6: Raph629 folded before Flop (didn't bet)
Seat 7: Almanza63 folded before Flop (didn't bet)
Seat 8: Dorex2007 folded before Flop (didn't bet)
Seat 9: guidocaz32 (button) folded before Flop (didn't bet)



PokerStars Hand #237796890847:  Hold'em No Limit ($0.02/$0.05 USD) - 2022/08/04 20:52:00 PT [2022/08/04 23:52:00 ET]
Table 'Kundry II' 9-max Seat #1 is the button
Seat 1: LittleDaniell ($4.88 in chips) 
Seat 2: HAEMHuk2009 ($5 in chips) 
Seat 3: simantiras ($5.06 in chips) 
Seat 4: geniuss ($5.08 in chips) 
Seat 5: pppinclipppe ($8.19 in chips) 
Seat 6: Raph629 ($7.88 in chips) 
Seat 7: Almanza63 ($9.46 in chips) 
Seat 8: Dorex2007 ($5 in chips) 
Seat 9: guidocaz32 ($5.27 in chips) 
HAEMHuk2009: posts small blind $0.02
simantiras: posts big blind $0.05
*** HOLE CARDS ***
Dealt to Dorex2007 [Jd 4h]
geniuss: folds 
pppinclipppe: folds 
Raph629: raises $0.05 to $0.10
Almanza63: folds 
Dorex2007: folds 
guidocaz32: folds 
LittleDaniell: folds 
HAEMHuk2009: folds 
simantiras: folds 
Uncalled bet ($0.05) returned to Raph629
Raph629 collected $0.12 from pot
Raph629: doesn't show hand 
*** SUMMARY ***
Total pot $0.12 | Rake $0 
Seat 1: LittleDaniell (button) folded before Flop (didn't bet)
Seat 2: HAEMHuk2009 (small blind) folded before Flop
Seat 3: simantiras (big blind) folded before Flop
Seat 4: geniuss folded before Flop (didn't bet)
Seat 5: pppinclipppe folded before Flop (didn't bet)
Seat 6: Raph629 collected ($0.12)
Seat 7: Almanza63 folded before Flop (didn't bet)
Seat 8: Dorex2007 folded before Flop (didn't bet)
Seat 9: guidocaz32 folded before Flop (didn't bet)



PokerStars Hand #237796903239:  Hold'em No Limit ($0.02/$0.05 USD) - 2022/08/04 20:52:30 PT [2022/08/04 23:52:30 ET]
Table 'Kundry II' 9-max Seat #2 is the button
Seat 1: LittleDaniell ($4.88 in chips) 
Seat 2: HAEMHuk2009 ($5 in chips) 
Seat 3: simantiras ($5.01 in chips) 
Seat 4: geniuss ($5.08 in chips) 
Seat 5: pppinclipppe ($8.19 in chips) 
Seat 6: Raph629 ($7.95 in chips) 
Seat 7: Almanza63 ($9.46 in chips) 
Seat 8: Dorex2007 ($5 in chips) 
Seat 9: guidocaz32 ($5.27 in chips) 
simantiras: posts small blind $0.02
geniuss: posts big blind $0.05
*** HOLE CARDS ***
Dealt to Dorex2007 [8d Ac]
pppinclipppe: folds 
Raph629: folds 
Almanza63: folds 
Dorex2007: folds 
guidocaz32: calls $0.05
LittleDaniell: raises $0.15 to $0.20
HAEMHuk2009: folds 
simantiras: folds 
geniuss: folds 
guidocaz32: calls $0.15
*** FLOP *** [Kc 3h Ad]
guidocaz32: bets $0.22
LittleDaniell: folds 
Uncalled bet ($0.22) returned to guidocaz32
guidocaz32 collected $0.45 from pot
guidocaz32: doesn't show hand 
*** SUMMARY ***
Total pot $0.47 | Rake $0.02 
Board [Kc 3h Ad]
Seat 1: LittleDaniell folded on the Flop
Seat 2: HAEMHuk2009 (button) folded before Flop (didn't bet)
Seat 3: simantiras (small blind) folded before Flop
Seat 4: geniuss (big blind) folded before Flop
Seat 5: pppinclipppe folded before Flop (didn't bet)
Seat 6: Raph629 folded before Flop (didn't bet)
Seat 7: Almanza63 folded before Flop (didn't bet)
Seat 8: Dorex2007 folded before Flop (didn't bet)
Seat 9: guidocaz32 collected ($0.45)



PokerStars Hand #237796910466:  Hold'em No Limit ($0.02/$0.05 USD) - 2022/08/04 20:53:21 PT [2022/08/04 23:53:21 ET]
Table 'Kundry II' 9-max Seat #3 is the button
Seat 1: LittleDaniell ($4.68 in chips) 
Seat 2: HAEMHuk2009 ($5 in chips) 
Seat 3: simantiras ($4.99 in chips) 
Seat 4: geniuss ($5.03 in chips) 
Seat 5: pppinclipppe ($8.19 in chips) 
Seat 6: Raph629 ($7.95 in chips) 
Seat 7: Almanza63 ($9.46 in chips) 
Seat 8: Dorex2007 ($5 in chips) 
Seat 9: guidocaz32 ($5.52 in chips) 
geniuss: posts small blind $0.02
pppinclipppe: posts big blind $0.05
*** HOLE CARDS ***
Dealt to Dorex2007 [2s 8c]
Raph629: calls $0.05
Almanza63: folds 
Dorex2007: folds 
guidocaz32: calls $0.05
LittleDaniell: raises $0.20 to $0.25
HAEMHuk2009: folds 
simantiras: calls $0.25
geniuss: folds 
pppinclipppe: folds 
Raph629: folds 
guidocaz32: calls $0.20
*** FLOP *** [4c 2h 6d]
guidocaz32: bets $0.83
LittleDaniell: folds 
simantiras: folds 
Uncalled bet ($0.83) returned to guidocaz32
guidocaz32 collected $0.83 from pot
guidocaz32: doesn't show hand 
*** SUMMARY ***
Total pot $0.87 | Rake $0.04 
Board [4c 2h 6d]
Seat 1: LittleDaniell folded on the Flop
Seat 2: HAEMHuk2009 folded before Flop (didn't bet)
Seat 3: simantiras (button) folded on the Flop
Seat 4: geniuss (small blind) folded before Flop
Seat 5: pppinclipppe (big blind) folded before Flop
Seat 6: Raph629 folded before Flop
Seat 7: Almanza63 folded before Flop (didn't bet)
Seat 8: Dorex2007 folded before Flop (didn't bet)
Seat 9: guidocaz32 collected ($0.83)



PokerStars Hand #237796921405:  Hold'em No Limit ($0.02/$0.05 USD) - 2022/08/04 20:54:38 PT [2022/08/04 23:54:38 ET]
Table 'Kundry II' 9-max Seat #4 is the button
Seat 1: LittleDaniell ($4.43 in chips) 
Seat 2: HAEMHuk2009 ($5 in chips) 
Seat 3: simantiras ($4.74 in chips) 
Seat 4: geniuss ($5.01 in chips) 
Seat 5: pppinclipppe ($8.14 in chips) 
Seat 6: Raph629 ($7.90 in chips) 
Seat 7: Almanza63 ($9.46 in chips) 
Seat 8: Dorex2007 ($5 in chips) 
Seat 9: guidocaz32 ($6.10 in chips) 
pppinclipppe: posts small blind $0.02
Raph629: posts big blind $0.05
*** HOLE CARDS ***
Dealt to Dorex2007 [2h Ah]
Almanza63: folds 
Dorex2007: folds 
guidocaz32: calls $0.05
LittleDaniell: folds 
HAEMHuk2009: folds 
simantiras: folds 
geniuss: folds 
pppinclipppe: folds 
Raph629: raises $0.10 to $0.15
guidocaz32: calls $0.10
*** FLOP *** [3s 4s Qs]
Raph629: checks 
guidocaz32: bets $0.31
Raph629: calls $0.31
*** TURN *** [3s 4s Qs] [4h]
Raph629: bets $0.05
guidocaz32: calls $0.05
*** RIVER *** [3s 4s Qs 4h] [6c]
Raph629: checks 
guidocaz32: checks 
*** SHOW DOWN ***
Raph629: shows [Jd As] (a pair of Fours)
guidocaz32: mucks hand 
Raph629 collected $1 from pot
*** SUMMARY ***
Total pot $1.04 | Rake $0.04 
Board [3s 4s Qs 4h 6c]
Seat 1: LittleDaniell folded before Flop (didn't bet)
Seat 2: HAEMHuk2009 folded before Flop (didn't bet)
Seat 3: simantiras folded before Flop (didn't bet)
Seat 4: geniuss (button) folded before Flop (didn't bet)
Seat 5: pppinclipppe (small blind) folded before Flop
Seat 6: Raph629 (big blind) showed [Jd As] and won ($1) with a pair of Fours
Seat 7: Almanza63 folded before Flop (didn't bet)
Seat 8: Dorex2007 folded before Flop (didn't bet)
Seat 9: guidocaz32 mucked [8h Js]



PokerStars Hand #237796930351:  Hold'em No Limit ($0.02/$0.05 USD) - 2022/08/04 20:55:48 PT [2022/08/04 23:55:48 ET]
Table 'Kundry II' 9-max Seat #5 is the button
Seat 1: LittleDaniell ($4.43 in chips) 
Seat 2: HAEMHuk2009 ($5 in chips) 
Seat 3: simantiras ($4.74 in chips) 
Seat 4: geniuss ($5.01 in chips) 
Seat 5: pppinclipppe ($8.12 in chips) 
Seat 6: Raph629 ($8.39 in chips) 
Seat 7: Almanza63 ($9.46 in chips) 
Seat 8: Dorex2007 ($5 in chips) 
Seat 9: guidocaz32 ($5.59 in chips) 
Raph629: posts small blind $0.02
Almanza63: posts big blind $0.05
*** HOLE CARDS ***
Dealt to Dorex2007 [Kh Ah]
Dorex2007: raises $0.20 to $0.25
guidocaz32: folds 
LittleDaniell: folds 
HAEMHuk2009: folds 
simantiras: folds 
geniuss: folds 
pppinclipppe: folds 
Raph629: folds 
Almanza63: folds 
Uncalled bet ($0.20) returned to Dorex2007
Dorex2007 collected $0.12 from pot
Dorex2007: doesn't show hand 
*** SUMMARY ***
Total pot $0.12 | Rake $0 
Seat 1: LittleDaniell folded before Flop (didn't bet)
Seat 2: HAEMHuk2009 folded before Flop (didn't bet)
Seat 3: simantiras folded before Flop (didn't bet)
Seat 4: geniuss folded before Flop (didn't bet)
Seat 5: pppinclipppe (button) folded before Flop (didn't bet)
Seat 6: Raph629 (small blind) folded before Flop
Seat 7: Almanza63 (big blind) folded before Flop
Seat 8: Dorex2007 collected ($0.12)
Seat 9: guidocaz32 folded before Flop (didn't bet)



PokerStars Hand #237796933390:  Hold'em No Limit ($0.02/$0.05 USD) - 2022/08/04 20:56:14 PT [2022/08/04 23:56:14 ET]
Table 'Kundry II' 9-max Seat #6 is the button
Seat 1: LittleDaniell ($4.43 in chips) 
Seat 2: HAEMHuk2009 ($5 in chips) 
Seat 3: simantiras ($4.74 in chips) 
Seat 4: geniuss ($5.01 in chips) 
Seat 5: pppinclipppe ($8.12 in chips) 
Seat 6: Raph629 ($8.37 in chips) 
Seat 7: Almanza63 ($9.41 in chips) 
Seat 8: Dorex2007 ($5.07 in chips) 
Seat 9: guidocaz32 ($5.59 in chips) 
Almanza63: posts small blind $0.02
Dorex2007: posts big blind $0.05
*** HOLE CARDS ***
Dealt to Dorex2007 [5h 4d]
guidocaz32: folds 
LittleDaniell: folds 
HAEMHuk2009: folds 
simantiras: raises $0.10 to $0.15
geniuss: folds 
pppinclipppe: folds 
Raph629: folds 
Almanza63: folds 
Dorex2007: folds 
Uncalled bet ($0.10) returned to simantiras
simantiras collected $0.12 from pot
simantiras: doesn't show hand 
*** SUMMARY ***
Total pot $0.12 | Rake $0 
Seat 1: LittleDaniell folded before Flop (didn't bet)
Seat 2: HAEMHuk2009 folded before Flop (didn't bet)
Seat 3: simantiras collected ($0.12)
Seat 4: geniuss folded before Flop (didn't bet)
Seat 5: pppinclipppe folded before Flop (didn't bet)
Seat 6: Raph629 (button) folded before Flop (didn't bet)
Seat 7: Almanza63 (small blind) folded before Flop
Seat 8: Dorex2007 (big blind) folded before Flop
Seat 9: guidocaz32 folded before Flop (didn't bet)



PokerStars Hand #237796938912:  Hold'em No Limit ($0.02/$0.05 USD) - 2022/08/04 20:57:01 PT [2022/08/04 23:57:01 ET]
Table 'Kundry II' 9-max Seat #7 is the button
Seat 1: LittleDaniell ($4.43 in chips) 
Seat 2: HAEMHuk2009 ($5 in chips) 
Seat 3: simantiras ($4.81 in chips) 
Seat 4: geniuss ($5.01 in chips) 
Seat 5: pppinclipppe ($8.12 in chips) 
Seat 6: Raph629 ($8.37 in chips) 
Seat 7: Almanza63 ($9.39 in chips) 
Seat 8: Dorex2007 ($5.02 in chips) 
Seat 9: guidocaz32 ($5.59 in chips) 
Dorex2007: posts small blind $0.02
guidocaz32: posts big blind $0.05
*** HOLE CARDS ***
Dealt to Dorex2007 [5h 9d]
LittleDaniell: folds 
HAEMHuk2009: folds 
simantiras: folds 
geniuss: folds 
pppinclipppe: folds 
Raph629: calls $0.05
Almanza63: folds 
Dorex2007: folds 
guidocaz32: checks 
*** FLOP *** [6d 4s Kh]
guidocaz32: bets $0.05
Raph629: calls $0.05
*** TURN *** [6d 4s Kh] [7c]
guidocaz32: checks 
Raph629: checks 
*** RIVER *** [6d 4s Kh 7c] [Ts]
guidocaz32: bets $0.10
Raph629: folds 
Uncalled bet ($0.10) returned to guidocaz32
guidocaz32 collected $0.21 from pot
guidocaz32: doesn't show hand 
*** SUMMARY ***
Total pot $0.22 | Rake $0.01 
Board [6d 4s Kh 7c Ts]
Seat 1: LittleDaniell folded before Flop (didn't bet)
Seat 2: HAEMHuk2009 folded before Flop (didn't bet)
Seat 3: simantiras folded before Flop (didn't bet)
Seat 4: geniuss folded before Flop (didn't bet)
Seat 5: pppinclipppe folded before Flop (didn't bet)
Seat 6: Raph629 folded on the River
Seat 7: Almanza63 (button) folded before Flop (didn't bet)
Seat 8: Dorex2007 (small blind) folded before Flop
Seat 9: guidocaz32 (big blind) collected ($0.21)



PokerStars Hand #237796946507:  Hold'em No Limit ($0.02/$0.05 USD) - 2022/08/04 20:58:05 PT [2022/08/04 23:58:05 ET]
Table 'Kundry II' 9-max Seat #8 is the button
Seat 1: LittleDaniell ($4.43 in chips) 
Seat 2: HAEMHuk2009 ($5 in chips) 
Seat 3: simantiras ($4.81 in chips) 
Seat 4: geniuss ($5.01 in chips) 
Seat 5: pppinclipppe ($8.12 in chips) 
Seat 6: Raph629 ($8.27 in chips) 
Seat 7: Almanza63 ($9.39 in chips) 
Seat 8: Dorex2007 ($5 in chips) 
Seat 9: guidocaz32 ($5.70 in chips) 
guidocaz32: posts small blind $0.02
LittleDaniell: posts big blind $0.05
*** HOLE CARDS ***
Dealt to Dorex2007 [Th 8c]
HAEMHuk2009: folds 
simantiras: raises $0.05 to $0.10
geniuss: folds 
pppinclipppe: folds 
Raph629: raises $0.05 to $0.15
Almanza63: folds 
Dorex2007: folds 
guidocaz32: folds 
LittleDaniell: folds 
simantiras: calls $0.05
*** FLOP *** [2h Ah Kh]
simantiras: checks 
Raph629: bets $0.30
simantiras: folds 
Uncalled bet ($0.30) returned to Raph629
Raph629 collected $0.35 from pot
Raph629: doesn't show hand 
*** SUMMARY ***
Total pot $0.37 | Rake $0.02 
Board [2h Ah Kh]
Seat 1: LittleDaniell (big blind) folded before Flop
Seat 2: HAEMHuk2009 folded before Flop (didn't bet)
Seat 3: simantiras folded on the Flop
Seat 4: geniuss folded before Flop (didn't bet)
Seat 5: pppinclipppe folded before Flop (didn't bet)
Seat 6: Raph629 collected ($0.35)
Seat 7: Almanza63 folded before Flop (didn't bet)
Seat 8: Dorex2007 (button) folded before Flop (didn't bet)
Seat 9: guidocaz32 (small blind) folded before Flop



PokerStars Hand #237796951221:  Hold'em No Limit ($0.02/$0.05 USD) - 2022/08/04 20:58:46 PT [2022/08/04 23:58:46 ET]
Table 'Kundry II' 9-max Seat #9 is the button
Seat 1: LittleDaniell ($4.38 in chips) 
Seat 2: HAEMHuk2009 ($5 in chips) 
Seat 3: simantiras ($4.66 in chips) 
Seat 4: geniuss ($5.01 in chips) 
Seat 5: pppinclipppe ($8.12 in chips) 
Seat 6: Raph629 ($8.47 in chips) 
Seat 7: Almanza63 ($9.39 in chips) 
Seat 8: Dorex2007 ($5 in chips) 
Seat 9: guidocaz32 ($5.68 in chips) 
LittleDaniell: posts small blind $0.02
HAEMHuk2009: posts big blind $0.05
*** HOLE CARDS ***
Dealt to Dorex2007 [3d Ts]
simantiras: raises $0.05 to $0.10
geniuss: folds 
pppinclipppe: folds 
Raph629: calls $0.10
Almanza63: folds 
Dorex2007: folds 
guidocaz32: raises $0.37 to $0.47
LittleDaniell: folds 
HAEMHuk2009: folds 
simantiras: folds 
Raph629: folds 
Uncalled bet ($0.37) returned to guidocaz32
guidocaz32 collected $0.37 from pot
guidocaz32: doesn't show hand 
*** SUMMARY ***
Total pot $0.37 | Rake $0 
Seat 1: LittleDaniell (small blind) folded before Flop
Seat 2: HAEMHuk2009 (big blind) folded before Flop
Seat 3: simantiras folded before Flop
Seat 4: geniuss folded before Flop (didn't bet)
Seat 5: pppinclipppe folded before Flop (didn't bet)
Seat 6: Raph629 folded before Flop
Seat 7: Almanza63 folded before Flop (didn't bet)
Seat 8: Dorex2007 folded before Flop (didn't bet)
Seat 9: guidocaz32 (button) collected ($0.37)



PokerStars Hand #237796956097:  Hold'em No Limit ($0.02/$0.05 USD) - 2022/08/04 20:59:29 PT [2022/08/04 23:59:29 ET]
Table 'Kundry II' 9-max Seat #1 is the button
Seat 1: LittleDaniell ($4.36 in chips) 
Seat 2: HAEMHuk2009 ($5 in chips) 
Seat 3: simantiras ($5 in chips) 
Seat 4: geniuss ($5.01 in chips) 
Seat 5: pppinclipppe ($8.12 in chips) 
Seat 6: Raph629 ($8.37 in chips) 
Seat 7: Almanza63 ($9.39 in chips) 
Seat 8: Dorex2007 ($5 in chips) 
Seat 9: guidocaz32 ($5.95 in chips) 
HAEMHuk2009: posts small blind $0.02
simantiras: posts big blind $0.05
*** HOLE CARDS ***
Dealt to Dorex2007 [Qh 9s]
geniuss: folds 
pppinclipppe: folds 
Raph629: calls $0.05
Almanza63: raises $0.10 to $0.15
Dorex2007: folds 
guidocaz32: folds 
LittleDaniell: folds 
HAEMHuk2009: folds 
simantiras: folds 
Raph629: raises $0.10 to $0.25
Almanza63: calls $0.10
*** FLOP *** [7c Ts Kh]
Raph629: checks 
Almanza63: checks 
*** TURN *** [7c Ts Kh] [8h]
Raph629: checks 
Almanza63: bets $0.29
Raph629: calls $0.29
*** RIVER *** [7c Ts Kh 8h] [7s]
Raph629: checks 
Almanza63: checks 
*** SHOW DOWN ***
Raph629: shows [Jd Ad] (a pair of Sevens)
Almanza63: shows [8c 9c] (two pair, Eights and Sevens)
Almanza63 collected $1.10 from pot
*** SUMMARY ***
Total pot $1.15 | Rake $0.05 
Board [7c Ts Kh 8h 7s]
Seat 1: LittleDaniell (button) folded before Flop (didn't bet)
Seat 2: HAEMHuk2009 (small blind) folded before Flop
Seat 3: simantiras (big blind) folded before Flop
Seat 4: geniuss folded before Flop (didn't bet)
Seat 5: pppinclipppe folded before Flop (didn't bet)
Seat 6: Raph629 showed [Jd Ad] and lost with a pair of Sevens
Seat 7: Almanza63 showed [8c 9c] and won ($1.10) with two pair, Eights and Sevens
Seat 8: Dorex2007 folded before Flop (didn't bet)
Seat 9: guidocaz32 folded before Flop (didn't bet)



