PokerStars Hand #238052990603:  Hold'em No Limit ($0.02/$0.05 USD) - 2022/08/17 14:24:25 PT [2022/08/17 17:24:25 ET]
Table 'Hansa II' 9-max Seat #4 is the button
Seat 1: CheckBorris ($5 in chips) 
Seat 2: Jaguar78917 ($4.83 in chips) 
Seat 3: Dorex2007 ($5 in chips) 
Seat 4: godfatherblessu ($4.14 in chips) 
Seat 5: Ossenberg ($5.67 in chips) 
Seat 7: MOONSP3LL ($5 in chips) 
Seat 8: 0RB BR0 ($5.22 in chips) 
Seat 9: MrBorrink ($3.46 in chips) 
Ossenberg: posts small blind $0.02
MOONSP3LL: posts big blind $0.05
Dorex2007: posts big blind $0.05
*** HOLE CARDS ***
Dealt to Dorex2007 [9s Ah]
0RB BR0: calls $0.05
MrBorrink: raises $0.10 to $0.15
CheckBorris: folds 
Jaguar78917: folds 
Dorex2007: folds 
godfatherblessu: calls $0.15
Ossenberg: folds 
MOONSP3LL: calls $0.10
0RB BR0: calls $0.10
*** FLOP *** [Ad 6c Js]
MOONSP3LL: checks 
0RB BR0: checks 
MrBorrink: bets $0.20
godfatherblessu: folds 
MOONSP3LL: calls $0.20
0RB BR0: folds 
*** TURN *** [Ad 6c Js] [5c]
MOONSP3LL: checks 
MrBorrink: bets $0.51
lauraman joins the table at seat #6 
MOONSP3LL: raises $0.99 to $1.50
MrBorrink: calls $0.99
*** RIVER *** [Ad 6c Js 5c] [7h]
MOONSP3LL: bets $2.73
godfatherblessu is disconnected 
MrBorrink: folds 
Uncalled bet ($2.73) returned to MOONSP3LL
MOONSP3LL collected $3.86 from pot
MOONSP3LL: doesn't show hand 
*** SUMMARY ***
Total pot $4.07 | Rake $0.21 
Board [Ad 6c Js 5c 7h]
Seat 1: CheckBorris folded before Flop (didn't bet)
Seat 2: Jaguar78917 folded before Flop (didn't bet)
Seat 3: Dorex2007 folded before Flop (didn't bet)
Seat 4: godfatherblessu (button) folded on the Flop
Seat 5: Ossenberg (small blind) folded before Flop
Seat 7: MOONSP3LL (big blind) collected ($3.86)
Seat 8: 0RB BR0 folded on the Flop
Seat 9: MrBorrink folded on the River



PokerStars Hand #238053026909:  Hold'em No Limit ($0.02/$0.05 USD) - 2022/08/17 14:26:05 PT [2022/08/17 17:26:05 ET]
Table 'Hansa II' 9-max Seat #7 is the button
Seat 1: CheckBorris ($5 in chips) 
Seat 2: Jaguar78917 ($4.83 in chips) 
Seat 3: Dorex2007 ($5 in chips) 
Seat 4: godfatherblessu ($3.99 in chips) 
Seat 5: Ossenberg ($5.65 in chips) 
Seat 7: MOONSP3LL ($6.99 in chips) 
Seat 8: 0RB BR0 ($5.09 in chips) 
Seat 9: MrBorrink ($1.61 in chips) 
0RB BR0: posts small blind $0.02
MrBorrink: posts big blind $0.05
lauraman: sits out 
*** HOLE CARDS ***
Dealt to Dorex2007 [4c Tc]
CheckBorris: folds 
Jaguar78917: folds 
Dorex2007: folds 
godfatherblessu: folds 
Ossenberg: raises $0.07 to $0.12
MOONSP3LL: folds 
0RB BR0: folds 
MrBorrink: folds 
Uncalled bet ($0.07) returned to Ossenberg
Ossenberg collected $0.12 from pot
Ossenberg: doesn't show hand 
*** SUMMARY ***
Total pot $0.12 | Rake $0 
Seat 1: CheckBorris folded before Flop (didn't bet)
Seat 2: Jaguar78917 folded before Flop (didn't bet)
Seat 3: Dorex2007 folded before Flop (didn't bet)
Seat 4: godfatherblessu folded before Flop (didn't bet)
Seat 5: Ossenberg collected ($0.12)
Seat 7: MOONSP3LL (button) folded before Flop (didn't bet)
Seat 8: 0RB BR0 (small blind) folded before Flop
Seat 9: MrBorrink (big blind) folded before Flop



PokerStars Hand #238053039900:  Hold'em No Limit ($0.02/$0.05 USD) - 2022/08/17 14:26:35 PT [2022/08/17 17:26:35 ET]
Table 'Hansa II' 9-max Seat #8 is the button
Seat 1: CheckBorris ($5 in chips) 
Seat 2: Jaguar78917 ($4.83 in chips) 
Seat 3: Dorex2007 ($5 in chips) 
Seat 4: godfatherblessu ($3.99 in chips) 
Seat 5: Ossenberg ($5.72 in chips) 
Seat 7: MOONSP3LL ($6.99 in chips) 
Seat 8: 0RB BR0 ($5.07 in chips) 
Seat 9: MrBorrink ($1.56 in chips) 
MrBorrink: posts small blind $0.02
CheckBorris: posts big blind $0.05
lauraman: sits out 
*** HOLE CARDS ***
Dealt to Dorex2007 [Qd 7h]
Jaguar78917: folds 
Dorex2007: folds 
godfatherblessu: folds 
Ossenberg: folds 
MOONSP3LL: raises $0.07 to $0.12
0RB BR0: folds 
MrBorrink: folds 
CheckBorris: folds 
Uncalled bet ($0.07) returned to MOONSP3LL
MOONSP3LL collected $0.12 from pot
MOONSP3LL: doesn't show hand 
*** SUMMARY ***
Total pot $0.12 | Rake $0 
Seat 1: CheckBorris (big blind) folded before Flop
Seat 2: Jaguar78917 folded before Flop (didn't bet)
Seat 3: Dorex2007 folded before Flop (didn't bet)
Seat 4: godfatherblessu folded before Flop (didn't bet)
Seat 5: Ossenberg folded before Flop (didn't bet)
Seat 7: MOONSP3LL collected ($0.12)
Seat 8: 0RB BR0 (button) folded before Flop (didn't bet)
Seat 9: MrBorrink (small blind) folded before Flop



PokerStars Hand #238053045632:  Hold'em No Limit ($0.02/$0.05 USD) - 2022/08/17 14:26:51 PT [2022/08/17 17:26:51 ET]
Table 'Hansa II' 9-max Seat #9 is the button
Seat 1: CheckBorris ($5 in chips) 
Seat 2: Jaguar78917 ($4.83 in chips) 
Seat 3: Dorex2007 ($5 in chips) 
Seat 4: godfatherblessu ($3.99 in chips) 
Seat 5: Ossenberg ($5.72 in chips) 
Seat 7: MOONSP3LL ($7.06 in chips) 
Seat 8: 0RB BR0 ($5.07 in chips) 
Seat 9: MrBorrink ($1.54 in chips) 
CheckBorris: posts small blind $0.02
Jaguar78917: posts big blind $0.05
lauraman: sits out 
*** HOLE CARDS ***
Dealt to Dorex2007 [9c 2h]
Dorex2007: folds 
godfatherblessu: folds 
Ossenberg: folds 
MOONSP3LL: folds 
0RB BR0: folds 
MrBorrink: calls $0.05
CheckBorris: raises $0.20 to $0.25
Jaguar78917: folds 
MrBorrink: folds 
Uncalled bet ($0.20) returned to CheckBorris
CheckBorris collected $0.15 from pot
*** SUMMARY ***
Total pot $0.15 | Rake $0 
Seat 1: CheckBorris (small blind) collected ($0.15)
Seat 2: Jaguar78917 (big blind) folded before Flop
Seat 3: Dorex2007 folded before Flop (didn't bet)
Seat 4: godfatherblessu folded before Flop (didn't bet)
Seat 5: Ossenberg folded before Flop (didn't bet)
Seat 7: MOONSP3LL folded before Flop (didn't bet)
Seat 8: 0RB BR0 folded before Flop (didn't bet)
Seat 9: MrBorrink (button) folded before Flop



PokerStars Hand #238053057448:  Hold'em No Limit ($0.02/$0.05 USD) - 2022/08/17 14:27:24 PT [2022/08/17 17:27:24 ET]
Table 'Hansa II' 9-max Seat #1 is the button
Seat 1: CheckBorris ($5.10 in chips) 
Seat 2: Jaguar78917 ($4.78 in chips) 
Seat 3: Dorex2007 ($5 in chips) 
Seat 4: godfatherblessu ($3.99 in chips) 
Seat 5: Ossenberg ($5.72 in chips) 
Seat 7: MOONSP3LL ($7.06 in chips) 
Seat 8: 0RB BR0 ($5.07 in chips) 
Seat 9: MrBorrink ($1.49 in chips) 
Jaguar78917: posts small blind $0.02
Dorex2007: posts big blind $0.05
lauraman: sits out 
*** HOLE CARDS ***
Dealt to Dorex2007 [Th Td]
godfatherblessu: folds 
Ossenberg: raises $0.05 to $0.10
MOONSP3LL: folds 
0RB BR0: folds 
MrBorrink: raises $0.05 to $0.15
CheckBorris: folds 
Jaguar78917: folds 
Dorex2007: raises $4.85 to $5 and is all-in
Ossenberg: folds 
MrBorrink: calls $1.34 and is all-in
Uncalled bet ($3.51) returned to Dorex2007
*** FLOP *** [8h Qc Jh]
*** TURN *** [8h Qc Jh] [Jd]
*** RIVER *** [8h Qc Jh Jd] [4d]
*** SHOW DOWN ***
Dorex2007: shows [Th Td] (two pair, Jacks and Tens)
MrBorrink: shows [Qd Ad] (two pair, Queens and Jacks)
MrBorrink collected $2.97 from pot
Dorex2007 cashed out the hand for $1.60 | Cash Out Fee $0.02
*** SUMMARY ***
Total pot $3.10 | Rake $0.13 
Board [8h Qc Jh Jd 4d]
Seat 1: CheckBorris (button) folded before Flop (didn't bet)
Seat 2: Jaguar78917 (small blind) folded before Flop
Seat 3: Dorex2007 (big blind) showed [Th Td] and lost with two pair, Jacks and Tens (cashed out).
Seat 4: godfatherblessu folded before Flop (didn't bet)
Seat 5: Ossenberg folded before Flop
Seat 7: MOONSP3LL folded before Flop (didn't bet)
Seat 8: 0RB BR0 folded before Flop (didn't bet)
Seat 9: MrBorrink showed [Qd Ad] and won ($2.97) with two pair, Queens and Jacks



PokerStars Hand #238053076006:  Hold'em No Limit ($0.02/$0.05 USD) - 2022/08/17 14:28:16 PT [2022/08/17 17:28:16 ET]
Table 'Hansa II' 9-max Seat #2 is the button
Seat 1: CheckBorris ($5.10 in chips) 
Seat 2: Jaguar78917 ($4.76 in chips) 
Seat 3: Dorex2007 ($5.11 in chips) 
Seat 4: godfatherblessu ($3.99 in chips) 
Seat 5: Ossenberg ($5.62 in chips) 
Seat 7: MOONSP3LL ($7.06 in chips) 
Seat 8: 0RB BR0 ($5.07 in chips) 
Seat 9: MrBorrink ($2.97 in chips) 
Dorex2007: posts small blind $0.02
godfatherblessu: posts big blind $0.05
lauraman: sits out 
*** HOLE CARDS ***
Dealt to Dorex2007 [Jc 7c]
Ossenberg: calls $0.05
MOONSP3LL: folds 
0RB BR0: folds 
MrBorrink: folds 
CheckBorris: folds 
Jaguar78917: folds 
Dorex2007: folds 
godfatherblessu: checks 
*** FLOP *** [Ac 3s 4s]
godfatherblessu: checks 
Ossenberg: checks 
*** TURN *** [Ac 3s 4s] [Kh]
godfatherblessu: bets $0.12
Ossenberg: folds 
Uncalled bet ($0.12) returned to godfatherblessu
godfatherblessu collected $0.12 from pot
godfatherblessu: doesn't show hand 
*** SUMMARY ***
Total pot $0.12 | Rake $0 
Board [Ac 3s 4s Kh]
Seat 1: CheckBorris folded before Flop (didn't bet)
Seat 2: Jaguar78917 (button) folded before Flop (didn't bet)
Seat 3: Dorex2007 (small blind) folded before Flop
Seat 4: godfatherblessu (big blind) collected ($0.12)
Seat 5: Ossenberg folded on the Turn
Seat 7: MOONSP3LL folded before Flop (didn't bet)
Seat 8: 0RB BR0 folded before Flop (didn't bet)
Seat 9: MrBorrink folded before Flop (didn't bet)



PokerStars Hand #238053091747:  Hold'em No Limit ($0.02/$0.05 USD) - 2022/08/17 14:29:00 PT [2022/08/17 17:29:00 ET]
Table 'Hansa II' 9-max Seat #3 is the button
Seat 1: CheckBorris ($5.10 in chips) 
Seat 2: Jaguar78917 ($4.76 in chips) 
Seat 3: Dorex2007 ($5.09 in chips) 
Seat 4: godfatherblessu ($4.06 in chips) 
Seat 5: Ossenberg ($5.57 in chips) 
Seat 7: MOONSP3LL ($7.06 in chips) 
Seat 8: 0RB BR0 ($5.07 in chips) 
Seat 9: MrBorrink ($2.97 in chips) 
godfatherblessu: posts small blind $0.02
Ossenberg: posts big blind $0.05
lauraman: sits out 
*** HOLE CARDS ***
Dealt to Dorex2007 [7c 3d]
MOONSP3LL: folds 
0RB BR0: calls $0.05
MrBorrink: folds 
CheckBorris: folds 
Jaguar78917: folds 
Dorex2007: folds 
godfatherblessu: calls $0.03
Ossenberg: raises $0.05 to $0.10
0RB BR0: calls $0.05
godfatherblessu: calls $0.05
*** FLOP *** [Qs Jd 6d]
godfatherblessu: checks 
Ossenberg: bets $0.10
0RB BR0: calls $0.10
godfatherblessu: calls $0.10
*** TURN *** [Qs Jd 6d] [7s]
godfatherblessu: checks 
Ossenberg: bets $0.05
0RB BR0: calls $0.05
godfatherblessu: calls $0.05
*** RIVER *** [Qs Jd 6d 7s] [9c]
godfatherblessu: checks 
Ossenberg: checks 
0RB BR0: bets $4.82 and is all-in
godfatherblessu: folds 
Ossenberg: folds 
Uncalled bet ($4.82) returned to 0RB BR0
0RB BR0 collected $0.72 from pot
*** SUMMARY ***
Total pot $0.75 | Rake $0.03 
Board [Qs Jd 6d 7s 9c]
Seat 1: CheckBorris folded before Flop (didn't bet)
Seat 2: Jaguar78917 folded before Flop (didn't bet)
Seat 3: Dorex2007 (button) folded before Flop (didn't bet)
Seat 4: godfatherblessu (small blind) folded on the River
Seat 5: Ossenberg (big blind) folded on the River
Seat 7: MOONSP3LL folded before Flop (didn't bet)
Seat 8: 0RB BR0 collected ($0.72)
Seat 9: MrBorrink folded before Flop (didn't bet)



PokerStars Hand #238053121625:  Hold'em No Limit ($0.02/$0.05 USD) - 2022/08/17 14:30:11 PT [2022/08/17 17:30:11 ET]
Table 'Hansa II' 9-max Seat #4 is the button
Seat 1: CheckBorris ($5.10 in chips) 
Seat 2: Jaguar78917 ($4.76 in chips) 
Seat 3: Dorex2007 ($5.09 in chips) 
Seat 4: godfatherblessu ($3.81 in chips) 
Seat 5: Ossenberg ($5.32 in chips) 
Seat 6: lauraman ($5 in chips) 
Seat 7: MOONSP3LL ($7.06 in chips) 
Seat 8: 0RB BR0 ($5.54 in chips) 
Seat 9: MrBorrink ($2.97 in chips) 
Ossenberg: posts small blind $0.02
lauraman: posts big blind $0.05
*** HOLE CARDS ***
Dealt to Dorex2007 [8s 2d]
MOONSP3LL: folds 
0RB BR0: folds 
MrBorrink: folds 
CheckBorris: folds 
Jaguar78917: folds 
Dorex2007: folds 
godfatherblessu: folds 
Ossenberg: folds 
Uncalled bet ($0.03) returned to lauraman
lauraman collected $0.04 from pot
lauraman: doesn't show hand 
*** SUMMARY ***
Total pot $0.04 | Rake $0 
Seat 1: CheckBorris folded before Flop (didn't bet)
Seat 2: Jaguar78917 folded before Flop (didn't bet)
Seat 3: Dorex2007 folded before Flop (didn't bet)
Seat 4: godfatherblessu (button) folded before Flop (didn't bet)
Seat 5: Ossenberg (small blind) folded before Flop
Seat 6: lauraman (big blind) collected ($0.04)
Seat 7: MOONSP3LL folded before Flop (didn't bet)
Seat 8: 0RB BR0 folded before Flop (didn't bet)
Seat 9: MrBorrink folded before Flop (didn't bet)



PokerStars Hand #238053126368:  Hold'em No Limit ($0.02/$0.05 USD) - 2022/08/17 14:30:24 PT [2022/08/17 17:30:24 ET]
Table 'Hansa II' 9-max Seat #5 is the button
Seat 1: CheckBorris ($5.10 in chips) 
Seat 2: Jaguar78917 ($4.76 in chips) 
Seat 3: Dorex2007 ($5.09 in chips) 
Seat 4: godfatherblessu ($3.81 in chips) 
Seat 5: Ossenberg ($5.30 in chips) 
Seat 6: lauraman ($5.02 in chips) 
Seat 7: MOONSP3LL ($7.06 in chips) 
Seat 8: 0RB BR0 ($5.54 in chips) 
Seat 9: MrBorrink ($2.97 in chips) 
lauraman: posts small blind $0.02
MOONSP3LL: posts big blind $0.05
*** HOLE CARDS ***
Dealt to Dorex2007 [8s 7c]
0RB BR0: calls $0.05
MrBorrink: folds 
CheckBorris: folds 
Jaguar78917: folds 
Dorex2007: folds 
godfatherblessu: folds 
Ossenberg: folds 
lauraman: raises $0.15 to $0.20
MOONSP3LL: folds 
0RB BR0: folds 
Uncalled bet ($0.15) returned to lauraman
lauraman collected $0.15 from pot
lauraman: doesn't show hand 
*** SUMMARY ***
Total pot $0.15 | Rake $0 
Seat 1: CheckBorris folded before Flop (didn't bet)
Seat 2: Jaguar78917 folded before Flop (didn't bet)
Seat 3: Dorex2007 folded before Flop (didn't bet)
Seat 4: godfatherblessu folded before Flop (didn't bet)
Seat 5: Ossenberg (button) folded before Flop (didn't bet)
Seat 6: lauraman (small blind) collected ($0.15)
Seat 7: MOONSP3LL (big blind) folded before Flop
Seat 8: 0RB BR0 folded before Flop
Seat 9: MrBorrink folded before Flop (didn't bet)



PokerStars Hand #238053139711:  Hold'em No Limit ($0.02/$0.05 USD) - 2022/08/17 14:31:01 PT [2022/08/17 17:31:01 ET]
Table 'Hansa II' 9-max Seat #6 is the button
Seat 1: CheckBorris ($5.10 in chips) 
Seat 2: Jaguar78917 ($4.76 in chips) 
Seat 3: Dorex2007 ($5.09 in chips) 
Seat 4: godfatherblessu ($3.81 in chips) 
Seat 5: Ossenberg ($5.30 in chips) 
Seat 6: lauraman ($5.12 in chips) 
Seat 7: MOONSP3LL ($7.01 in chips) 
Seat 8: 0RB BR0 ($5.49 in chips) 
Seat 9: MrBorrink ($2.97 in chips) 
MOONSP3LL: posts small blind $0.02
0RB BR0: posts big blind $0.05
*** HOLE CARDS ***
Dealt to Dorex2007 [Js 3s]
MrBorrink: raises $0.10 to $0.15
CheckBorris: folds 
Jaguar78917: folds 
Dorex2007: folds 
godfatherblessu: folds 
Ossenberg: folds 
lauraman: folds 
MOONSP3LL: folds 
0RB BR0: folds 
Uncalled bet ($0.10) returned to MrBorrink
MrBorrink collected $0.12 from pot
*** SUMMARY ***
Total pot $0.12 | Rake $0 
Seat 1: CheckBorris folded before Flop (didn't bet)
Seat 2: Jaguar78917 folded before Flop (didn't bet)
Seat 3: Dorex2007 folded before Flop (didn't bet)
Seat 4: godfatherblessu folded before Flop (didn't bet)
Seat 5: Ossenberg folded before Flop (didn't bet)
Seat 6: lauraman (button) folded before Flop (didn't bet)
Seat 7: MOONSP3LL (small blind) folded before Flop
Seat 8: 0RB BR0 (big blind) folded before Flop
Seat 9: MrBorrink collected ($0.12)



PokerStars Hand #238053147616:  Hold'em No Limit ($0.02/$0.05 USD) - 2022/08/17 14:31:23 PT [2022/08/17 17:31:23 ET]
Table 'Hansa II' 9-max Seat #7 is the button
Seat 1: CheckBorris ($5.10 in chips) 
Seat 2: Jaguar78917 ($4.76 in chips) 
Seat 3: Dorex2007 ($5.09 in chips) 
Seat 4: godfatherblessu ($3.81 in chips) 
Seat 5: Ossenberg ($5.30 in chips) 
Seat 6: lauraman ($5.12 in chips) 
Seat 7: MOONSP3LL ($6.99 in chips) 
Seat 8: 0RB BR0 ($5.44 in chips) 
Seat 9: MrBorrink ($3.04 in chips) 
0RB BR0: posts small blind $0.02
MrBorrink: posts big blind $0.05
*** HOLE CARDS ***
Dealt to Dorex2007 [Kc 7h]
CheckBorris: folds 
Jaguar78917: raises $0.10 to $0.15
Dorex2007: folds 
godfatherblessu: folds 
Ossenberg: folds 
lauraman: folds 
MOONSP3LL: folds 
0RB BR0: calls $0.13
MrBorrink: folds 
*** FLOP *** [Qd 9c Ks]
0RB BR0: checks 
Jaguar78917: checks 
*** TURN *** [Qd 9c Ks] [2d]
0RB BR0: bets $0.05
Jaguar78917: calls $0.05
*** RIVER *** [Qd 9c Ks 2d] [Td]
0RB BR0: checks 
Jaguar78917: bets $0.21
0RB BR0: folds 
Uncalled bet ($0.21) returned to Jaguar78917
Jaguar78917 collected $0.43 from pot
Jaguar78917: doesn't show hand 
*** SUMMARY ***
Total pot $0.45 | Rake $0.02 
Board [Qd 9c Ks 2d Td]
Seat 1: CheckBorris folded before Flop (didn't bet)
Seat 2: Jaguar78917 collected ($0.43)
Seat 3: Dorex2007 folded before Flop (didn't bet)
Seat 4: godfatherblessu folded before Flop (didn't bet)
Seat 5: Ossenberg folded before Flop (didn't bet)
Seat 6: lauraman folded before Flop (didn't bet)
Seat 7: MOONSP3LL (button) folded before Flop (didn't bet)
Seat 8: 0RB BR0 (small blind) folded on the River
Seat 9: MrBorrink (big blind) folded before Flop



PokerStars Hand #238053174678:  Hold'em No Limit ($0.02/$0.05 USD) - 2022/08/17 14:32:39 PT [2022/08/17 17:32:39 ET]
Table 'Hansa II' 9-max Seat #8 is the button
Seat 1: CheckBorris ($5.10 in chips) 
Seat 2: Jaguar78917 ($4.99 in chips) 
Seat 3: Dorex2007 ($5.09 in chips) 
Seat 4: godfatherblessu ($3.81 in chips) 
Seat 5: Ossenberg ($5.30 in chips) 
Seat 6: lauraman ($5.12 in chips) 
Seat 7: MOONSP3LL ($6.99 in chips) 
Seat 8: 0RB BR0 ($5.24 in chips) 
Seat 9: MrBorrink ($2.99 in chips) 
MrBorrink: posts small blind $0.02
CheckBorris: posts big blind $0.05
*** HOLE CARDS ***
Dealt to Dorex2007 [Jc Ah]
Jaguar78917: folds 
Dorex2007: raises $0.10 to $0.15
godfatherblessu: folds 
Ossenberg: folds 
lauraman: folds 
MOONSP3LL: folds 
0RB BR0: folds 
MrBorrink: calls $0.13
CheckBorris: calls $0.10
*** FLOP *** [5d 3s 2c]
MrBorrink: checks 
CheckBorris: bets $0.32
Dorex2007: folds 
MrBorrink: folds 
Uncalled bet ($0.32) returned to CheckBorris
CheckBorris collected $0.43 from pot
*** SUMMARY ***
Total pot $0.45 | Rake $0.02 
Board [5d 3s 2c]
Seat 1: CheckBorris (big blind) collected ($0.43)
Seat 2: Jaguar78917 folded before Flop (didn't bet)
Seat 3: Dorex2007 folded on the Flop
Seat 4: godfatherblessu folded before Flop (didn't bet)
Seat 5: Ossenberg folded before Flop (didn't bet)
Seat 6: lauraman folded before Flop (didn't bet)
Seat 7: MOONSP3LL folded before Flop (didn't bet)
Seat 8: 0RB BR0 (button) folded before Flop (didn't bet)
Seat 9: MrBorrink (small blind) folded on the Flop



PokerStars Hand #238053188003:  Hold'em No Limit ($0.02/$0.05 USD) - 2022/08/17 14:33:16 PT [2022/08/17 17:33:16 ET]
Table 'Hansa II' 9-max Seat #9 is the button
Seat 1: CheckBorris ($5.38 in chips) 
Seat 2: Jaguar78917 ($4.99 in chips) 
Seat 3: Dorex2007 ($5 in chips) 
Seat 4: godfatherblessu ($3.81 in chips) 
Seat 5: Ossenberg ($5.30 in chips) 
Seat 6: lauraman ($5.12 in chips) 
Seat 7: MOONSP3LL ($6.99 in chips) 
Seat 8: 0RB BR0 ($5.24 in chips) 
Seat 9: MrBorrink ($2.84 in chips) 
CheckBorris: posts small blind $0.02
Jaguar78917: posts big blind $0.05
*** HOLE CARDS ***
Dealt to Dorex2007 [6h 6c]
Dorex2007: folds 
godfatherblessu: folds 
Ossenberg: folds 
lauraman: folds 
MOONSP3LL: raises $0.07 to $0.12
0RB BR0: folds 
MrBorrink: folds 
CheckBorris: folds 
Jaguar78917: raises $0.26 to $0.38
MOONSP3LL: calls $0.26
*** FLOP *** [5h 9c Qh]
Jaguar78917: checks 
MOONSP3LL: bets $0.25
Jaguar78917: calls $0.25
*** TURN *** [5h 9c Qh] [2c]
Jaguar78917: checks 
MOONSP3LL: bets $0.64
Jaguar78917: folds 
Uncalled bet ($0.64) returned to MOONSP3LL
MOONSP3LL collected $1.22 from pot
MOONSP3LL: doesn't show hand 
*** SUMMARY ***
Total pot $1.28 | Rake $0.06 
Board [5h 9c Qh 2c]
Seat 1: CheckBorris (small blind) folded before Flop
Seat 2: Jaguar78917 (big blind) folded on the Turn
Seat 3: Dorex2007 folded before Flop (didn't bet)
Seat 4: godfatherblessu folded before Flop (didn't bet)
Seat 5: Ossenberg folded before Flop (didn't bet)
Seat 6: lauraman folded before Flop (didn't bet)
Seat 7: MOONSP3LL collected ($1.22)
Seat 8: 0RB BR0 folded before Flop (didn't bet)
Seat 9: MrBorrink (button) folded before Flop (didn't bet)



PokerStars Hand #238053216983:  Hold'em No Limit ($0.02/$0.05 USD) - 2022/08/17 14:34:17 PT [2022/08/17 17:34:17 ET]
Table 'Hansa II' 9-max Seat #1 is the button
Seat 1: CheckBorris ($5.36 in chips) 
Seat 2: Jaguar78917 ($4.36 in chips) 
Seat 3: Dorex2007 ($5 in chips) 
Seat 4: godfatherblessu ($3.81 in chips) 
Seat 5: Ossenberg ($5.30 in chips) 
Seat 6: lauraman ($5.12 in chips) 
Seat 7: MOONSP3LL ($7.58 in chips) 
Seat 8: 0RB BR0 ($5.24 in chips) 
Seat 9: MrBorrink ($2.84 in chips) 
Jaguar78917: posts small blind $0.02
Dorex2007: posts big blind $0.05
*** HOLE CARDS ***
Dealt to Dorex2007 [4d 7s]
godfatherblessu: raises $0.05 to $0.10
Ossenberg: folds 
lauraman: folds 
MOONSP3LL: folds 
0RB BR0: folds 
MrBorrink: raises $0.20 to $0.30
CheckBorris: folds 
Jaguar78917: calls $0.28
Dorex2007: folds 
godfatherblessu: calls $0.20
*** FLOP *** [7h Jh 6s]
Jaguar78917: checks 
godfatherblessu: checks 
MrBorrink: bets $0.45
Jaguar78917: folds 
godfatherblessu: folds 
Uncalled bet ($0.45) returned to MrBorrink
MrBorrink collected $0.91 from pot
*** SUMMARY ***
Total pot $0.95 | Rake $0.04 
Board [7h Jh 6s]
Seat 1: CheckBorris (button) folded before Flop (didn't bet)
Seat 2: Jaguar78917 (small blind) folded on the Flop
Seat 3: Dorex2007 (big blind) folded before Flop
Seat 4: godfatherblessu folded on the Flop
Seat 5: Ossenberg folded before Flop (didn't bet)
Seat 6: lauraman folded before Flop (didn't bet)
Seat 7: MOONSP3LL folded before Flop (didn't bet)
Seat 8: 0RB BR0 folded before Flop (didn't bet)
Seat 9: MrBorrink collected ($0.91)



PokerStars Hand #238053241089:  Hold'em No Limit ($0.02/$0.05 USD) - 2022/08/17 14:35:24 PT [2022/08/17 17:35:24 ET]
Table 'Hansa II' 9-max Seat #2 is the button
Seat 1: CheckBorris ($5.36 in chips) 
Seat 2: Jaguar78917 ($4.06 in chips) 
Seat 3: Dorex2007 ($5 in chips) 
Seat 4: godfatherblessu ($3.51 in chips) 
Seat 5: Ossenberg ($5.30 in chips) 
Seat 6: lauraman ($5.12 in chips) 
Seat 7: MOONSP3LL ($7.58 in chips) 
Seat 8: 0RB BR0 ($5.24 in chips) 
Seat 9: MrBorrink ($3.45 in chips) 
Dorex2007: posts small blind $0.02
godfatherblessu: posts big blind $0.05
*** HOLE CARDS ***
Dealt to Dorex2007 [2c 7c]
Ossenberg: folds 
lauraman: folds 
MOONSP3LL: raises $0.07 to $0.12
0RB BR0: folds 
MrBorrink: folds 
CheckBorris: folds 
Jaguar78917: folds 
Dorex2007: folds 
godfatherblessu: folds 
Uncalled bet ($0.07) returned to MOONSP3LL
MOONSP3LL collected $0.12 from pot
MOONSP3LL: doesn't show hand 
*** SUMMARY ***
Total pot $0.12 | Rake $0 
Seat 1: CheckBorris folded before Flop (didn't bet)
Seat 2: Jaguar78917 (button) folded before Flop (didn't bet)
Seat 3: Dorex2007 (small blind) folded before Flop
Seat 4: godfatherblessu (big blind) folded before Flop
Seat 5: Ossenberg folded before Flop (didn't bet)
Seat 6: lauraman folded before Flop (didn't bet)
Seat 7: MOONSP3LL collected ($0.12)
Seat 8: 0RB BR0 folded before Flop (didn't bet)
Seat 9: MrBorrink folded before Flop (didn't bet)



PokerStars Hand #238053250582:  Hold'em No Limit ($0.02/$0.05 USD) - 2022/08/17 14:35:51 PT [2022/08/17 17:35:51 ET]
Table 'Hansa II' 9-max Seat #3 is the button
Seat 1: CheckBorris ($5.36 in chips) 
Seat 2: Jaguar78917 ($4.06 in chips) 
Seat 3: Dorex2007 ($5 in chips) 
Seat 4: godfatherblessu ($3.46 in chips) 
Seat 5: Ossenberg ($5.30 in chips) 
Seat 6: lauraman ($5.12 in chips) 
Seat 7: MOONSP3LL ($7.65 in chips) 
Seat 8: 0RB BR0 ($5.24 in chips) 
Seat 9: MrBorrink ($3.45 in chips) 
godfatherblessu: posts small blind $0.02
Ossenberg: posts big blind $0.05
*** HOLE CARDS ***
Dealt to Dorex2007 [Kc 5s]
lauraman: folds 
MOONSP3LL: raises $0.07 to $0.12
0RB BR0: folds 
MrBorrink: folds 
CheckBorris: folds 
Jaguar78917: folds 
Dorex2007: folds 
godfatherblessu: calls $0.10
Ossenberg: folds 
*** FLOP *** [Qh 2c Jc]
godfatherblessu: checks 
MOONSP3LL: bets $0.15
godfatherblessu: folds 
Uncalled bet ($0.15) returned to MOONSP3LL
MOONSP3LL collected $0.28 from pot
MOONSP3LL: doesn't show hand 
*** SUMMARY ***
Total pot $0.29 | Rake $0.01 
Board [Qh 2c Jc]
Seat 1: CheckBorris folded before Flop (didn't bet)
Seat 2: Jaguar78917 folded before Flop (didn't bet)
Seat 3: Dorex2007 (button) folded before Flop (didn't bet)
Seat 4: godfatherblessu (small blind) folded on the Flop
Seat 5: Ossenberg (big blind) folded before Flop
Seat 6: lauraman folded before Flop (didn't bet)
Seat 7: MOONSP3LL collected ($0.28)
Seat 8: 0RB BR0 folded before Flop (didn't bet)
Seat 9: MrBorrink folded before Flop (didn't bet)



PokerStars Hand #238053262312:  Hold'em No Limit ($0.02/$0.05 USD) - 2022/08/17 14:36:24 PT [2022/08/17 17:36:24 ET]
Table 'Hansa II' 9-max Seat #4 is the button
Seat 1: CheckBorris ($5.36 in chips) 
Seat 2: Jaguar78917 ($4.06 in chips) 
Seat 3: Dorex2007 ($5 in chips) 
Seat 4: godfatherblessu ($3.34 in chips) 
Seat 5: Ossenberg ($5.25 in chips) 
Seat 6: lauraman ($5.12 in chips) 
Seat 7: MOONSP3LL ($7.81 in chips) 
Seat 8: 0RB BR0 ($5.24 in chips) 
Seat 9: MrBorrink ($3.45 in chips) 
Ossenberg: posts small blind $0.02
lauraman: posts big blind $0.05
*** HOLE CARDS ***
Dealt to Dorex2007 [3d 8h]
MOONSP3LL: folds 
0RB BR0: calls $0.05
MrBorrink: raises $0.10 to $0.15
CheckBorris: folds 
Jaguar78917: folds 
MOONSP3LL leaves the table
Dorex2007: folds 
godfatherblessu: folds 
Ossenberg: folds 
lauraman: folds 
0RB BR0: calls $0.10
*** FLOP *** [Th 9d As]
draxx7141 joins the table at seat #7 
0RB BR0: bets $0.17
MrBorrink: calls $0.17
*** TURN *** [Th 9d As] [4d]
0RB BR0: bets $0.34
MrBorrink: calls $0.34
*** RIVER *** [Th 9d As 4d] [5c]
0RB BR0: bets $0.66
MrBorrink: calls $0.66
*** SHOW DOWN ***
0RB BR0: shows [Ad Kd] (a pair of Aces)
MrBorrink: shows [Tc Ah] (two pair, Aces and Tens)
MrBorrink collected $2.60 from pot
*** SUMMARY ***
Total pot $2.71 | Rake $0.11 
Board [Th 9d As 4d 5c]
Seat 1: CheckBorris folded before Flop (didn't bet)
Seat 2: Jaguar78917 folded before Flop (didn't bet)
Seat 3: Dorex2007 folded before Flop (didn't bet)
Seat 4: godfatherblessu (button) folded before Flop (didn't bet)
Seat 5: Ossenberg (small blind) folded before Flop
Seat 6: lauraman (big blind) folded before Flop
Seat 7: MOONSP3LL folded before Flop (didn't bet)
Seat 8: 0RB BR0 showed [Ad Kd] and lost with a pair of Aces
Seat 9: MrBorrink showed [Tc Ah] and won ($2.60) with two pair, Aces and Tens



PokerStars Hand #238053281818:  Hold'em No Limit ($0.02/$0.05 USD) - 2022/08/17 14:37:19 PT [2022/08/17 17:37:19 ET]
Table 'Hansa II' 9-max Seat #5 is the button
Seat 1: CheckBorris ($5.36 in chips) 
Seat 2: Jaguar78917 ($4.06 in chips) 
Seat 3: Dorex2007 ($5 in chips) 
Seat 4: godfatherblessu ($3.34 in chips) 
Seat 5: Ossenberg ($5.23 in chips) 
Seat 6: lauraman ($5.07 in chips) 
Seat 7: draxx7141 ($4.76 in chips) 
Seat 8: 0RB BR0 ($3.92 in chips) 
Seat 9: MrBorrink ($4.73 in chips) 
lauraman: posts small blind $0.02
draxx7141: posts big blind $0.05
*** HOLE CARDS ***
Dealt to Dorex2007 [7h 2d]
0RB BR0: folds 
MrBorrink: folds 
CheckBorris: folds 
Jaguar78917: folds 
Dorex2007: folds 
godfatherblessu: raises $0.05 to $0.10
Ossenberg: folds 
lauraman: folds 
draxx7141: calls $0.05
*** FLOP *** [Js Qc 3s]
draxx7141: checks 
godfatherblessu: checks 
*** TURN *** [Js Qc 3s] [9d]
draxx7141: checks 
godfatherblessu: checks 
*** RIVER *** [Js Qc 3s 9d] [7s]
draxx7141: checks 
godfatherblessu: checks 
*** SHOW DOWN ***
draxx7141: shows [5h 5d] (a pair of Fives)
godfatherblessu: shows [Jd Ah] (a pair of Jacks)
godfatherblessu collected $0.21 from pot
*** SUMMARY ***
Total pot $0.22 | Rake $0.01 
Board [Js Qc 3s 9d 7s]
Seat 1: CheckBorris folded before Flop (didn't bet)
Seat 2: Jaguar78917 folded before Flop (didn't bet)
Seat 3: Dorex2007 folded before Flop (didn't bet)
Seat 4: godfatherblessu showed [Jd Ah] and won ($0.21) with a pair of Jacks
Seat 5: Ossenberg (button) folded before Flop (didn't bet)
Seat 6: lauraman (small blind) folded before Flop
Seat 7: draxx7141 (big blind) showed [5h 5d] and lost with a pair of Fives
Seat 8: 0RB BR0 folded before Flop (didn't bet)
Seat 9: MrBorrink folded before Flop (didn't bet)



PokerStars Hand #238053294230:  Hold'em No Limit ($0.02/$0.05 USD) - 2022/08/17 14:37:53 PT [2022/08/17 17:37:53 ET]
Table 'Hansa II' 9-max Seat #6 is the button
Seat 1: CheckBorris ($5.36 in chips) 
Seat 2: Jaguar78917 ($4.06 in chips) 
Seat 3: Dorex2007 ($5 in chips) 
Seat 4: godfatherblessu ($3.45 in chips) 
Seat 5: Ossenberg ($5.23 in chips) 
Seat 6: lauraman ($5.05 in chips) 
Seat 7: draxx7141 ($4.66 in chips) 
Seat 8: 0RB BR0 ($3.92 in chips) 
Seat 9: MrBorrink ($4.73 in chips) 
draxx7141: posts small blind $0.02
0RB BR0: posts big blind $0.05
*** HOLE CARDS ***
Dealt to Dorex2007 [3s 7c]
MrBorrink: folds 
CheckBorris: folds 
Jaguar78917: raises $0.10 to $0.15
Dorex2007: folds 
godfatherblessu: folds 
Ossenberg: folds 
lauraman: folds 
draxx7141: folds 
0RB BR0: folds 
Uncalled bet ($0.10) returned to Jaguar78917
MrBorrink leaves the table
Jaguar78917 collected $0.12 from pot
Jaguar78917: doesn't show hand 
*** SUMMARY ***
Total pot $0.12 | Rake $0 
Seat 1: CheckBorris folded before Flop (didn't bet)
Seat 2: Jaguar78917 collected ($0.12)
Seat 3: Dorex2007 folded before Flop (didn't bet)
Seat 4: godfatherblessu folded before Flop (didn't bet)
Seat 5: Ossenberg folded before Flop (didn't bet)
Seat 6: lauraman (button) folded before Flop (didn't bet)
Seat 7: draxx7141 (small blind) folded before Flop
Seat 8: 0RB BR0 (big blind) folded before Flop
Seat 9: MrBorrink folded before Flop (didn't bet)



PokerStars Hand #238053302467:  Hold'em No Limit ($0.02/$0.05 USD) - 2022/08/17 14:38:16 PT [2022/08/17 17:38:16 ET]
Table 'Hansa II' 9-max Seat #7 is the button
Seat 1: CheckBorris ($5.36 in chips) 
Seat 2: Jaguar78917 ($4.13 in chips) 
Seat 3: Dorex2007 ($5 in chips) 
Seat 4: godfatherblessu ($3.45 in chips) 
Seat 5: Ossenberg ($5.23 in chips) 
Seat 6: lauraman ($5.05 in chips) 
Seat 7: draxx7141 ($4.64 in chips) 
Seat 8: 0RB BR0 ($3.87 in chips) 
0RB BR0: posts small blind $0.02
CheckBorris: posts big blind $0.05
*** HOLE CARDS ***
Dealt to Dorex2007 [Qd 5d]
eskaeliey joins the table at seat #9 
Jaguar78917 has timed out
Jaguar78917: folds 
Dorex2007: folds 
godfatherblessu: folds 
Ossenberg: calls $0.05
lauraman: folds 
draxx7141: folds 
0RB BR0: folds 
CheckBorris: checks 
*** FLOP *** [Ad Qh Tc]
CheckBorris: checks 
Ossenberg: bets $0.06
CheckBorris: folds 
Uncalled bet ($0.06) returned to Ossenberg
Ossenberg collected $0.12 from pot
Ossenberg: doesn't show hand 
*** SUMMARY ***
Total pot $0.12 | Rake $0 
Board [Ad Qh Tc]
Seat 1: CheckBorris (big blind) folded on the Flop
Seat 2: Jaguar78917 folded before Flop (didn't bet)
Seat 3: Dorex2007 folded before Flop (didn't bet)
Seat 4: godfatherblessu folded before Flop (didn't bet)
Seat 5: Ossenberg collected ($0.12)
Seat 6: lauraman folded before Flop (didn't bet)
Seat 7: draxx7141 (button) folded before Flop (didn't bet)
Seat 8: 0RB BR0 (small blind) folded before Flop



PokerStars Hand #238053315554:  Hold'em No Limit ($0.02/$0.05 USD) - 2022/08/17 14:38:53 PT [2022/08/17 17:38:53 ET]
Table 'Hansa II' 9-max Seat #8 is the button
Seat 1: CheckBorris ($5.31 in chips) 
Seat 2: Jaguar78917 ($4.13 in chips) 
Seat 3: Dorex2007 ($5 in chips) 
Seat 4: godfatherblessu ($3.45 in chips) 
Seat 5: Ossenberg ($5.30 in chips) 
Seat 6: lauraman ($5.05 in chips) 
Seat 7: draxx7141 ($4.64 in chips) 
Seat 8: 0RB BR0 ($3.85 in chips) 
CheckBorris: posts small blind $0.02
Jaguar78917: posts big blind $0.05
*** HOLE CARDS ***
Dealt to Dorex2007 [4c 3c]
Dorex2007: folds 
godfatherblessu: folds 
Ossenberg: raises $0.10 to $0.15
lauraman: calls $0.15
draxx7141: folds 
0RB BR0: folds 
CheckBorris: folds 
Jaguar78917: folds 
*** FLOP *** [8s 4d 8h]
Ossenberg: checks 
lauraman: checks 
*** TURN *** [8s 4d 8h] [2d]
Ossenberg: checks 
lauraman: bets $0.20
Ossenberg: folds 
Uncalled bet ($0.20) returned to lauraman
lauraman collected $0.35 from pot
lauraman: doesn't show hand 
*** SUMMARY ***
Total pot $0.37 | Rake $0.02 
Board [8s 4d 8h 2d]
Seat 1: CheckBorris (small blind) folded before Flop
Seat 2: Jaguar78917 (big blind) folded before Flop
Seat 3: Dorex2007 folded before Flop (didn't bet)
Seat 4: godfatherblessu folded before Flop (didn't bet)
Seat 5: Ossenberg folded on the Turn
Seat 6: lauraman collected ($0.35)
Seat 7: draxx7141 folded before Flop (didn't bet)
Seat 8: 0RB BR0 (button) folded before Flop (didn't bet)



PokerStars Hand #238053334537:  Hold'em No Limit ($0.02/$0.05 USD) - 2022/08/17 14:39:46 PT [2022/08/17 17:39:46 ET]
Table 'Hansa II' 9-max Seat #1 is the button
Seat 1: CheckBorris ($5.29 in chips) 
Seat 2: Jaguar78917 ($4.08 in chips) 
Seat 3: Dorex2007 ($5 in chips) 
Seat 4: godfatherblessu ($3.45 in chips) 
Seat 5: Ossenberg ($5.15 in chips) 
Seat 6: lauraman ($5.25 in chips) 
Seat 7: draxx7141 ($4.64 in chips) 
Seat 8: 0RB BR0 ($3.85 in chips) 
Jaguar78917: posts small blind $0.02
Dorex2007: posts big blind $0.05
eskaeliey: sits out 
*** HOLE CARDS ***
Dealt to Dorex2007 [8d 2h]
godfatherblessu: folds 
Ossenberg: folds 
lauraman: folds 
draxx7141: folds 
0RB BR0: folds 
CheckBorris: folds 
Jaguar78917: folds 
Uncalled bet ($0.03) returned to Dorex2007
Dorex2007 collected $0.04 from pot
Dorex2007: doesn't show hand 
*** SUMMARY ***
Total pot $0.04 | Rake $0 
Seat 1: CheckBorris (button) folded before Flop (didn't bet)
Seat 2: Jaguar78917 (small blind) folded before Flop
Seat 3: Dorex2007 (big blind) collected ($0.04)
Seat 4: godfatherblessu folded before Flop (didn't bet)
Seat 5: Ossenberg folded before Flop (didn't bet)
Seat 6: lauraman folded before Flop (didn't bet)
Seat 7: draxx7141 folded before Flop (didn't bet)
Seat 8: 0RB BR0 folded before Flop (didn't bet)



PokerStars Hand #238053341527:  Hold'em No Limit ($0.02/$0.05 USD) - 2022/08/17 14:40:05 PT [2022/08/17 17:40:05 ET]
Table 'Hansa II' 9-max Seat #2 is the button
Seat 1: CheckBorris ($5.29 in chips) 
Seat 2: Jaguar78917 ($4.06 in chips) 
Seat 3: Dorex2007 ($5.02 in chips) 
Seat 4: godfatherblessu ($3.45 in chips) 
Seat 5: Ossenberg ($5.15 in chips) 
Seat 6: lauraman ($5.25 in chips) 
Seat 7: draxx7141 ($4.64 in chips) 
Seat 8: 0RB BR0 ($3.85 in chips) 
Dorex2007: posts small blind $0.02
godfatherblessu: posts big blind $0.05
eskaeliey: sits out 
*** HOLE CARDS ***
Dealt to Dorex2007 [6s 3s]
Ossenberg: folds 
lauraman: folds 
draxx7141: folds 
0RB BR0: folds 
CheckBorris: raises $0.15 to $0.20
Jaguar78917: folds 
Dorex2007: folds 
godfatherblessu: folds 
Uncalled bet ($0.15) returned to CheckBorris
CheckBorris collected $0.12 from pot
*** SUMMARY ***
Total pot $0.12 | Rake $0 
Seat 1: CheckBorris collected ($0.12)
Seat 2: Jaguar78917 (button) folded before Flop (didn't bet)
Seat 3: Dorex2007 (small blind) folded before Flop
Seat 4: godfatherblessu (big blind) folded before Flop
Seat 5: Ossenberg folded before Flop (didn't bet)
Seat 6: lauraman folded before Flop (didn't bet)
Seat 7: draxx7141 folded before Flop (didn't bet)
Seat 8: 0RB BR0 folded before Flop (didn't bet)



PokerStars Hand #238053347986:  Hold'em No Limit ($0.02/$0.05 USD) - 2022/08/17 14:40:24 PT [2022/08/17 17:40:24 ET]
Table 'Hansa II' 9-max Seat #3 is the button
Seat 1: CheckBorris ($5.36 in chips) 
Seat 2: Jaguar78917 ($4.06 in chips) 
Seat 3: Dorex2007 ($5 in chips) 
Seat 4: godfatherblessu ($3.40 in chips) 
Seat 5: Ossenberg ($5.15 in chips) 
Seat 6: lauraman ($5.25 in chips) 
Seat 7: draxx7141 ($4.64 in chips) 
Seat 8: 0RB BR0 ($3.85 in chips) 
godfatherblessu: posts small blind $0.02
Ossenberg: posts big blind $0.05
eskaeliey: sits out 
*** HOLE CARDS ***
Dealt to Dorex2007 [Kh Kc]
lauraman: folds 
draxx7141: folds 
0RB BR0: folds 
CheckBorris: raises $0.15 to $0.20
Jaguar78917: folds 
Dorex2007: raises $0.35 to $0.55
godfatherblessu: folds 
Ossenberg: folds 
CheckBorris: folds 
Uncalled bet ($0.35) returned to Dorex2007
Dorex2007 collected $0.47 from pot
Dorex2007: doesn't show hand 
*** SUMMARY ***
Total pot $0.47 | Rake $0 
Seat 1: CheckBorris folded before Flop
Seat 2: Jaguar78917 folded before Flop (didn't bet)
Seat 3: Dorex2007 (button) collected ($0.47)
Seat 4: godfatherblessu (small blind) folded before Flop
Seat 5: Ossenberg (big blind) folded before Flop
Seat 6: lauraman folded before Flop (didn't bet)
Seat 7: draxx7141 folded before Flop (didn't bet)
Seat 8: 0RB BR0 folded before Flop (didn't bet)



PokerStars Hand #238053355783:  Hold'em No Limit ($0.02/$0.05 USD) - 2022/08/17 14:40:46 PT [2022/08/17 17:40:46 ET]
Table 'Hansa II' 9-max Seat #4 is the button
Seat 1: CheckBorris ($5.16 in chips) 
Seat 2: Jaguar78917 ($4.06 in chips) 
Seat 3: Dorex2007 ($5.27 in chips) 
Seat 4: godfatherblessu ($3.38 in chips) 
Seat 5: Ossenberg ($5.10 in chips) 
Seat 6: lauraman ($5.25 in chips) 
Seat 7: draxx7141 ($4.64 in chips) 
Seat 8: 0RB BR0 ($3.85 in chips) 
Ossenberg: posts small blind $0.02
lauraman: posts big blind $0.05
eskaeliey: sits out 
*** HOLE CARDS ***
Dealt to Dorex2007 [Kd 4s]
draxx7141: folds 
0RB BR0: calls $0.05
CheckBorris: raises $0.20 to $0.25
Jaguar78917: folds 
Dorex2007: folds 
godfatherblessu: calls $0.25
Ossenberg: folds 
lauraman: folds 
0RB BR0: folds 
*** FLOP *** [Qc 7d 8h]
CheckBorris: bets $0.35
godfatherblessu: raises $2.78 to $3.13 and is all-in
CheckBorris: folds 
Uncalled bet ($2.78) returned to godfatherblessu
godfatherblessu collected $1.27 from pot
godfatherblessu: doesn't show hand 
*** SUMMARY ***
Total pot $1.32 | Rake $0.05 
Board [Qc 7d 8h]
Seat 1: CheckBorris folded on the Flop
Seat 2: Jaguar78917 folded before Flop (didn't bet)
Seat 3: Dorex2007 folded before Flop (didn't bet)
Seat 4: godfatherblessu (button) collected ($1.27)
Seat 5: Ossenberg (small blind) folded before Flop
Seat 6: lauraman (big blind) folded before Flop
Seat 7: draxx7141 folded before Flop (didn't bet)
Seat 8: 0RB BR0 folded before Flop



PokerStars Hand #238053372957:  Hold'em No Limit ($0.02/$0.05 USD) - 2022/08/17 14:41:35 PT [2022/08/17 17:41:35 ET]
Table 'Hansa II' 9-max Seat #5 is the button
Seat 1: CheckBorris ($5 in chips) 
Seat 2: Jaguar78917 ($4.06 in chips) 
Seat 3: Dorex2007 ($5.27 in chips) 
Seat 4: godfatherblessu ($4.05 in chips) 
Seat 5: Ossenberg ($5.08 in chips) 
Seat 6: lauraman ($5.20 in chips) 
Seat 7: draxx7141 ($4.64 in chips) 
Seat 8: 0RB BR0 ($3.80 in chips) 
lauraman: posts small blind $0.02
draxx7141: posts big blind $0.05
eskaeliey: sits out 
*** HOLE CARDS ***
Dealt to Dorex2007 [9h Kh]
0RB BR0: calls $0.05
CheckBorris: folds 
Jaguar78917: folds 
Dorex2007: folds 
godfatherblessu: folds 
Ossenberg: folds 
lauraman: folds 
draxx7141: checks 
*** FLOP *** [7s 9c 5s]
draxx7141: checks 
0RB BR0: checks 
*** TURN *** [7s 9c 5s] [Ts]
draxx7141: checks 
0RB BR0: checks 
*** RIVER *** [7s 9c 5s Ts] [6c]
draxx7141: checks 
0RB BR0: checks 
*** SHOW DOWN ***
draxx7141: shows [7c 4s] (a pair of Sevens)
0RB BR0: mucks hand 
draxx7141 collected $0.12 from pot
*** SUMMARY ***
Total pot $0.12 | Rake $0 
Board [7s 9c 5s Ts 6c]
Seat 1: CheckBorris folded before Flop (didn't bet)
Seat 2: Jaguar78917 folded before Flop (didn't bet)
Seat 3: Dorex2007 folded before Flop (didn't bet)
Seat 4: godfatherblessu folded before Flop (didn't bet)
Seat 5: Ossenberg (button) folded before Flop (didn't bet)
Seat 6: lauraman (small blind) folded before Flop
Seat 7: draxx7141 (big blind) showed [7c 4s] and won ($0.12) with a pair of Sevens
Seat 8: 0RB BR0 mucked [Ad 2d]



PokerStars Hand #238053394966:  Hold'em No Limit ($0.02/$0.05 USD) - 2022/08/17 14:42:37 PT [2022/08/17 17:42:37 ET]
Table 'Hansa II' 9-max Seat #6 is the button
Seat 1: CheckBorris ($5 in chips) 
Seat 2: Jaguar78917 ($4.06 in chips) 
Seat 3: Dorex2007 ($5.27 in chips) 
Seat 4: godfatherblessu ($4.05 in chips) 
Seat 5: Ossenberg ($5.08 in chips) 
Seat 6: lauraman ($5.18 in chips) 
Seat 7: draxx7141 ($4.71 in chips) 
Seat 8: 0RB BR0 ($3.75 in chips) 
draxx7141: posts small blind $0.02
0RB BR0: posts big blind $0.05
eskaeliey: sits out 
*** HOLE CARDS ***
Dealt to Dorex2007 [Kc Jd]
CheckBorris: folds 
Jaguar78917: folds 
Dorex2007: folds 
godfatherblessu: raises $0.05 to $0.10
Ossenberg: folds 
lauraman: folds 
draxx7141: folds 
0RB BR0: calls $0.05
*** FLOP *** [9c 8c 6s]
0RB BR0: checks 
godfatherblessu: checks 
*** TURN *** [9c 8c 6s] [6c]
0RB BR0: bets $0.05
godfatherblessu: folds 
Uncalled bet ($0.05) returned to 0RB BR0
0RB BR0 collected $0.21 from pot
*** SUMMARY ***
Total pot $0.22 | Rake $0.01 
Board [9c 8c 6s 6c]
Seat 1: CheckBorris folded before Flop (didn't bet)
Seat 2: Jaguar78917 folded before Flop (didn't bet)
Seat 3: Dorex2007 folded before Flop (didn't bet)
Seat 4: godfatherblessu folded on the Turn
Seat 5: Ossenberg folded before Flop (didn't bet)
Seat 6: lauraman (button) folded before Flop (didn't bet)
Seat 7: draxx7141 (small blind) folded before Flop
Seat 8: 0RB BR0 (big blind) collected ($0.21)



PokerStars Hand #238053411381:  Hold'em No Limit ($0.02/$0.05 USD) - 2022/08/17 14:43:24 PT [2022/08/17 17:43:24 ET]
Table 'Hansa II' 9-max Seat #7 is the button
Seat 1: CheckBorris ($5 in chips) 
Seat 2: Jaguar78917 ($4.06 in chips) 
Seat 3: Dorex2007 ($5.27 in chips) 
Seat 4: godfatherblessu ($3.95 in chips) 
Seat 5: Ossenberg ($5.08 in chips) 
Seat 6: lauraman ($5.18 in chips) 
Seat 7: draxx7141 ($4.69 in chips) 
Seat 8: 0RB BR0 ($3.86 in chips) 
Seat 9: eskaeliey ($5 in chips) 
0RB BR0: posts small blind $0.02
eskaeliey: posts big blind $0.05
*** HOLE CARDS ***
Dealt to Dorex2007 [4h 6c]
CheckBorris: folds 
Jaguar78917: folds 
Dorex2007: folds 
godfatherblessu: folds 
Ossenberg: folds 
lauraman: folds 
draxx7141: folds 
0RB BR0: folds 
Uncalled bet ($0.03) returned to eskaeliey
eskaeliey collected $0.04 from pot
*** SUMMARY ***
Total pot $0.04 | Rake $0 
Seat 1: CheckBorris folded before Flop (didn't bet)
Seat 2: Jaguar78917 folded before Flop (didn't bet)
Seat 3: Dorex2007 folded before Flop (didn't bet)
Seat 4: godfatherblessu folded before Flop (didn't bet)
Seat 5: Ossenberg folded before Flop (didn't bet)
Seat 6: lauraman folded before Flop (didn't bet)
Seat 7: draxx7141 (button) folded before Flop (didn't bet)
Seat 8: 0RB BR0 (small blind) folded before Flop
Seat 9: eskaeliey (big blind) collected ($0.04)



PokerStars Hand #238053414975:  Hold'em No Limit ($0.02/$0.05 USD) - 2022/08/17 14:43:34 PT [2022/08/17 17:43:34 ET]
Table 'Hansa II' 9-max Seat #8 is the button
Seat 1: CheckBorris ($5 in chips) 
Seat 2: Jaguar78917 ($4.06 in chips) 
Seat 3: Dorex2007 ($5.27 in chips) 
Seat 4: godfatherblessu ($3.95 in chips) 
Seat 5: Ossenberg ($5.08 in chips) 
Seat 6: lauraman ($5.18 in chips) 
Seat 7: draxx7141 ($4.69 in chips) 
Seat 8: 0RB BR0 ($3.84 in chips) 
Seat 9: eskaeliey ($5.02 in chips) 
eskaeliey: posts small blind $0.02
CheckBorris: posts big blind $0.05
*** HOLE CARDS ***
Dealt to Dorex2007 [3h 4h]
Jaguar78917: folds 
Dorex2007: folds 
godfatherblessu: folds 
Ossenberg: folds 
lauraman: folds 
draxx7141: folds 
0RB BR0: folds 
eskaeliey: raises $0.10 to $0.15
CheckBorris: calls $0.10
*** FLOP *** [Qd 7h Ac]
eskaeliey: checks 
CheckBorris: checks 
*** TURN *** [Qd 7h Ac] [9c]
eskaeliey: checks 
CheckBorris: checks 
*** RIVER *** [Qd 7h Ac 9c] [5c]
eskaeliey: bets $0.35
CheckBorris: folds 
Uncalled bet ($0.35) returned to eskaeliey
eskaeliey collected $0.29 from pot
*** SUMMARY ***
Total pot $0.30 | Rake $0.01 
Board [Qd 7h Ac 9c 5c]
Seat 1: CheckBorris (big blind) folded on the River
Seat 2: Jaguar78917 folded before Flop (didn't bet)
Seat 3: Dorex2007 folded before Flop (didn't bet)
Seat 4: godfatherblessu folded before Flop (didn't bet)
Seat 5: Ossenberg folded before Flop (didn't bet)
Seat 6: lauraman folded before Flop (didn't bet)
Seat 7: draxx7141 folded before Flop (didn't bet)
Seat 8: 0RB BR0 (button) folded before Flop (didn't bet)
Seat 9: eskaeliey (small blind) collected ($0.29)



PokerStars Hand #238053435132:  Hold'em No Limit ($0.02/$0.05 USD) - 2022/08/17 14:44:20 PT [2022/08/17 17:44:20 ET]
Table 'Hansa II' 9-max Seat #9 is the button
Seat 1: CheckBorris ($5 in chips) 
Seat 2: Jaguar78917 ($4.06 in chips) 
Seat 3: Dorex2007 ($5.27 in chips) 
Seat 4: godfatherblessu ($3.95 in chips) 
Seat 5: Ossenberg ($5.08 in chips) 
Seat 6: lauraman ($5.18 in chips) 
Seat 7: draxx7141 ($4.69 in chips) 
Seat 8: 0RB BR0 ($3.84 in chips) 
Seat 9: eskaeliey ($5.16 in chips) 
CheckBorris: posts small blind $0.02
Jaguar78917: posts big blind $0.05
*** HOLE CARDS ***
Dealt to Dorex2007 [Jc 4h]
Dorex2007: folds 
godfatherblessu: raises $0.05 to $0.10
Ossenberg: folds 
lauraman: folds 
draxx7141: folds 
0RB BR0: folds 
eskaeliey: folds 
CheckBorris: folds 
Jaguar78917: calls $0.05
*** FLOP *** [5s 6s 8d]
Jaguar78917: checks 
godfatherblessu: checks 
*** TURN *** [5s 6s 8d] [3d]
Jaguar78917: bets $0.20
godfatherblessu: folds 
Uncalled bet ($0.20) returned to Jaguar78917
Jaguar78917 collected $0.21 from pot
Jaguar78917: doesn't show hand 
*** SUMMARY ***
Total pot $0.22 | Rake $0.01 
Board [5s 6s 8d 3d]
Seat 1: CheckBorris (small blind) folded before Flop
Seat 2: Jaguar78917 (big blind) collected ($0.21)
Seat 3: Dorex2007 folded before Flop (didn't bet)
Seat 4: godfatherblessu folded on the Turn
Seat 5: Ossenberg folded before Flop (didn't bet)
Seat 6: lauraman folded before Flop (didn't bet)
Seat 7: draxx7141 folded before Flop (didn't bet)
Seat 8: 0RB BR0 folded before Flop (didn't bet)
Seat 9: eskaeliey (button) folded before Flop (didn't bet)



PokerStars Hand #238053458447:  Hold'em No Limit ($0.02/$0.05 USD) - 2022/08/17 14:45:16 PT [2022/08/17 17:45:16 ET]
Table 'Hansa II' 9-max Seat #1 is the button
Seat 1: CheckBorris ($5 in chips) 
Seat 2: Jaguar78917 ($4.17 in chips) 
Seat 3: Dorex2007 ($5.27 in chips) 
Seat 4: godfatherblessu ($3.85 in chips) 
Seat 5: Ossenberg ($5.08 in chips) 
Seat 6: lauraman ($5.18 in chips) 
Seat 7: draxx7141 ($4.69 in chips) 
Seat 8: 0RB BR0 ($3.84 in chips) 
Seat 9: eskaeliey ($5.16 in chips) 
Jaguar78917: posts small blind $0.02
Dorex2007: posts big blind $0.05
*** HOLE CARDS ***
Dealt to Dorex2007 [4c 6h]
godfatherblessu: folds 
Ossenberg: calls $0.05
lauraman: folds 
draxx7141: folds 
0RB BR0: folds 
eskaeliey: folds 
CheckBorris: folds 
Jaguar78917: folds 
Dorex2007: checks 
*** FLOP *** [4d Kc 4h]
Dorex2007: checks 
Ossenberg: bets $0.05
Dorex2007: calls $0.05
*** TURN *** [4d Kc 4h] [Ad]
Dorex2007: checks 
Ossenberg: checks 
*** RIVER *** [4d Kc 4h Ad] [Jh]
Dorex2007: bets $0.10
Ossenberg: folds 
Uncalled bet ($0.10) returned to Dorex2007
Dorex2007 collected $0.21 from pot
Dorex2007: doesn't show hand 
*** SUMMARY ***
Total pot $0.22 | Rake $0.01 
Board [4d Kc 4h Ad Jh]
Seat 1: CheckBorris (button) folded before Flop (didn't bet)
Seat 2: Jaguar78917 (small blind) folded before Flop
Seat 3: Dorex2007 (big blind) collected ($0.21)
Seat 4: godfatherblessu folded before Flop (didn't bet)
Seat 5: Ossenberg folded on the River
Seat 6: lauraman folded before Flop (didn't bet)
Seat 7: draxx7141 folded before Flop (didn't bet)
Seat 8: 0RB BR0 folded before Flop (didn't bet)
Seat 9: eskaeliey folded before Flop (didn't bet)



PokerStars Hand #238053472135:  Hold'em No Limit ($0.02/$0.05 USD) - 2022/08/17 14:45:55 PT [2022/08/17 17:45:55 ET]
Table 'Hansa II' 9-max Seat #2 is the button
Seat 1: CheckBorris ($5 in chips) 
Seat 2: Jaguar78917 ($4.15 in chips) 
Seat 3: Dorex2007 ($5.38 in chips) 
Seat 4: godfatherblessu ($3.85 in chips) 
Seat 5: Ossenberg ($5 in chips) 
Seat 6: lauraman ($5.18 in chips) 
Seat 7: draxx7141 ($4.69 in chips) 
Seat 8: 0RB BR0 ($3.84 in chips) 
Seat 9: eskaeliey ($5.16 in chips) 
Dorex2007: posts small blind $0.02
godfatherblessu: posts big blind $0.05
*** HOLE CARDS ***
Dealt to Dorex2007 [3c Jc]
Ossenberg: folds 
lauraman: folds 
draxx7141: folds 
0RB BR0: folds 
eskaeliey: folds 
CheckBorris: folds 
Jaguar78917: raises $0.10 to $0.15
Dorex2007: folds 
godfatherblessu: folds 
Uncalled bet ($0.10) returned to Jaguar78917
Jaguar78917 collected $0.12 from pot
Jaguar78917: doesn't show hand 
*** SUMMARY ***
Total pot $0.12 | Rake $0 
Seat 1: CheckBorris folded before Flop (didn't bet)
Seat 2: Jaguar78917 (button) collected ($0.12)
Seat 3: Dorex2007 (small blind) folded before Flop
Seat 4: godfatherblessu (big blind) folded before Flop
Seat 5: Ossenberg folded before Flop (didn't bet)
Seat 6: lauraman folded before Flop (didn't bet)
Seat 7: draxx7141 folded before Flop (didn't bet)
Seat 8: 0RB BR0 folded before Flop (didn't bet)
Seat 9: eskaeliey folded before Flop (didn't bet)



PokerStars Hand #238053480571:  Hold'em No Limit ($0.02/$0.05 USD) - 2022/08/17 14:46:19 PT [2022/08/17 17:46:19 ET]
Table 'Hansa II' 9-max Seat #3 is the button
Seat 1: CheckBorris ($5 in chips) 
Seat 2: Jaguar78917 ($4.22 in chips) 
Seat 3: Dorex2007 ($5.36 in chips) 
Seat 4: godfatherblessu ($3.80 in chips) 
Seat 5: Ossenberg ($5 in chips) 
Seat 6: lauraman ($5.18 in chips) 
Seat 7: draxx7141 ($4.69 in chips) 
Seat 8: 0RB BR0 ($3.84 in chips) 
Seat 9: eskaeliey ($5.16 in chips) 
godfatherblessu: posts small blind $0.02
Ossenberg: posts big blind $0.05
*** HOLE CARDS ***
Dealt to Dorex2007 [8c 6c]
lauraman: folds 
draxx7141: folds 
0RB BR0: folds 
eskaeliey: folds 
CheckBorris: raises $0.15 to $0.20
Jaguar78917: calls $0.20
Dorex2007: folds 
godfatherblessu: calls $0.18
Ossenberg: folds 
*** FLOP *** [3h 2h 7h]
godfatherblessu: checks 
CheckBorris: bets $0.37
Jaguar78917: folds 
godfatherblessu: raises $3.23 to $3.60 and is all-in
CheckBorris: folds 
Uncalled bet ($3.23) returned to godfatherblessu
godfatherblessu collected $1.33 from pot
godfatherblessu: doesn't show hand 
*** SUMMARY ***
Total pot $1.39 | Rake $0.06 
Board [3h 2h 7h]
Seat 1: CheckBorris folded on the Flop
Seat 2: Jaguar78917 folded on the Flop
Seat 3: Dorex2007 (button) folded before Flop (didn't bet)
Seat 4: godfatherblessu (small blind) collected ($1.33)
Seat 5: Ossenberg (big blind) folded before Flop
Seat 6: lauraman folded before Flop (didn't bet)
Seat 7: draxx7141 folded before Flop (didn't bet)
Seat 8: 0RB BR0 folded before Flop (didn't bet)
Seat 9: eskaeliey folded before Flop (didn't bet)



PokerStars Hand #238053496449:  Hold'em No Limit ($0.02/$0.05 USD) - 2022/08/17 14:47:05 PT [2022/08/17 17:47:05 ET]
Table 'Hansa II' 9-max Seat #4 is the button
Seat 1: CheckBorris ($5 in chips) 
Seat 2: Jaguar78917 ($4.02 in chips) 
Seat 3: Dorex2007 ($5.36 in chips) 
Seat 4: godfatherblessu ($4.56 in chips) 
Seat 5: Ossenberg ($5 in chips) 
Seat 6: lauraman ($5.18 in chips) 
Seat 7: draxx7141 ($4.69 in chips) 
Seat 8: 0RB BR0 ($3.84 in chips) 
Seat 9: eskaeliey ($5.16 in chips) 
Ossenberg: posts small blind $0.02
lauraman: posts big blind $0.05
*** HOLE CARDS ***
Dealt to Dorex2007 [8d Qh]
draxx7141: folds 
0RB BR0: folds 
eskaeliey: calls $0.05
CheckBorris: raises $0.20 to $0.25
Jaguar78917: folds 
Dorex2007: folds 
godfatherblessu has timed out
godfatherblessu: folds 
Ossenberg: folds 
lauraman: folds 
eskaeliey: calls $0.20
*** FLOP *** [Jc 3d 8h]
eskaeliey: checks 
CheckBorris: checks 
*** TURN *** [Jc 3d 8h] [Jd]
eskaeliey: bets $0.21
CheckBorris: calls $0.21
*** RIVER *** [Jc 3d 8h Jd] [As]
eskaeliey: bets $1.05
CheckBorris: folds 
Uncalled bet ($1.05) returned to eskaeliey
eskaeliey collected $0.95 from pot
*** SUMMARY ***
Total pot $0.99 | Rake $0.04 
Board [Jc 3d 8h Jd As]
Seat 1: CheckBorris folded on the River
Seat 2: Jaguar78917 folded before Flop (didn't bet)
Seat 3: Dorex2007 folded before Flop (didn't bet)
Seat 4: godfatherblessu (button) folded before Flop (didn't bet)
Seat 5: Ossenberg (small blind) folded before Flop
Seat 6: lauraman (big blind) folded before Flop
Seat 7: draxx7141 folded before Flop (didn't bet)
Seat 8: 0RB BR0 folded before Flop (didn't bet)
Seat 9: eskaeliey collected ($0.95)



PokerStars Hand #238053521082:  Hold'em No Limit ($0.02/$0.05 USD) - 2022/08/17 14:48:16 PT [2022/08/17 17:48:16 ET]
Table 'Hansa II' 9-max Seat #5 is the button
Seat 1: CheckBorris ($5 in chips) 
Seat 2: Jaguar78917 ($4.02 in chips) 
Seat 3: Dorex2007 ($5.36 in chips) 
Seat 4: godfatherblessu ($4.56 in chips) 
Seat 5: Ossenberg ($5 in chips) 
Seat 6: lauraman ($5.13 in chips) 
Seat 7: draxx7141 ($4.69 in chips) 
Seat 8: 0RB BR0 ($3.84 in chips) 
Seat 9: eskaeliey ($5.65 in chips) 
lauraman: posts small blind $0.02
draxx7141: posts big blind $0.05
*** HOLE CARDS ***
Dealt to Dorex2007 [8d Jd]
0RB BR0: folds 
eskaeliey: folds 
CheckBorris: folds 
Jaguar78917: folds 
Dorex2007: folds 
godfatherblessu: folds 
Ossenberg: folds 
lauraman: raises $0.10 to $0.15
draxx7141: folds 
Uncalled bet ($0.10) returned to lauraman
lauraman collected $0.10 from pot
lauraman: doesn't show hand 
*** SUMMARY ***
Total pot $0.10 | Rake $0 
Seat 1: CheckBorris folded before Flop (didn't bet)
Seat 2: Jaguar78917 folded before Flop (didn't bet)
Seat 3: Dorex2007 folded before Flop (didn't bet)
Seat 4: godfatherblessu folded before Flop (didn't bet)
Seat 5: Ossenberg (button) folded before Flop (didn't bet)
Seat 6: lauraman (small blind) collected ($0.10)
Seat 7: draxx7141 (big blind) folded before Flop
Seat 8: 0RB BR0 folded before Flop (didn't bet)
Seat 9: eskaeliey folded before Flop (didn't bet)



PokerStars Hand #238053528076:  Hold'em No Limit ($0.02/$0.05 USD) - 2022/08/17 14:48:36 PT [2022/08/17 17:48:36 ET]
Table 'Hansa II' 9-max Seat #6 is the button
Seat 1: CheckBorris ($5 in chips) 
Seat 2: Jaguar78917 ($4.02 in chips) 
Seat 3: Dorex2007 ($5.36 in chips) 
Seat 4: godfatherblessu ($4.56 in chips) 
Seat 5: Ossenberg ($5 in chips) 
Seat 6: lauraman ($5.18 in chips) 
Seat 7: draxx7141 ($4.64 in chips) 
Seat 8: 0RB BR0 ($3.84 in chips) 
Seat 9: eskaeliey ($5.65 in chips) 
draxx7141: posts small blind $0.02
0RB BR0: posts big blind $0.05
*** HOLE CARDS ***
Dealt to Dorex2007 [5s Ts]
eskaeliey: folds 
CheckBorris: folds 
Jaguar78917: folds 
Dorex2007: folds 
godfatherblessu: folds 
Ossenberg: folds 
lauraman: folds 
draxx7141: folds 
Uncalled bet ($0.03) returned to 0RB BR0
0RB BR0 collected $0.04 from pot
*** SUMMARY ***
Total pot $0.04 | Rake $0 
Seat 1: CheckBorris folded before Flop (didn't bet)
Seat 2: Jaguar78917 folded before Flop (didn't bet)
Seat 3: Dorex2007 folded before Flop (didn't bet)
Seat 4: godfatherblessu folded before Flop (didn't bet)
Seat 5: Ossenberg folded before Flop (didn't bet)
Seat 6: lauraman (button) folded before Flop (didn't bet)
Seat 7: draxx7141 (small blind) folded before Flop
Seat 8: 0RB BR0 (big blind) collected ($0.04)
Seat 9: eskaeliey folded before Flop (didn't bet)



PokerStars Hand #238053532568:  Hold'em No Limit ($0.02/$0.05 USD) - 2022/08/17 14:48:49 PT [2022/08/17 17:48:49 ET]
Table 'Hansa II' 9-max Seat #7 is the button
Seat 1: CheckBorris ($5 in chips) 
Seat 2: Jaguar78917 ($4.02 in chips) 
Seat 3: Dorex2007 ($5.36 in chips) 
Seat 4: godfatherblessu ($4.56 in chips) 
Seat 5: Ossenberg ($5 in chips) 
Seat 6: lauraman ($5.18 in chips) 
Seat 7: draxx7141 ($4.62 in chips) 
Seat 8: 0RB BR0 ($3.86 in chips) 
Seat 9: eskaeliey ($5.65 in chips) 
0RB BR0: posts small blind $0.02
eskaeliey: posts big blind $0.05
*** HOLE CARDS ***
Dealt to Dorex2007 [4h 8h]
CheckBorris: folds 
Jaguar78917: folds 
Dorex2007: folds 
godfatherblessu: folds 
Ossenberg: folds 
lauraman: raises $0.10 to $0.15
draxx7141: folds 
0RB BR0: folds 
eskaeliey: folds 
Uncalled bet ($0.10) returned to lauraman
lauraman collected $0.12 from pot
lauraman: doesn't show hand 
*** SUMMARY ***
Total pot $0.12 | Rake $0 
Seat 1: CheckBorris folded before Flop (didn't bet)
Seat 2: Jaguar78917 folded before Flop (didn't bet)
Seat 3: Dorex2007 folded before Flop (didn't bet)
Seat 4: godfatherblessu folded before Flop (didn't bet)
Seat 5: Ossenberg folded before Flop (didn't bet)
Seat 6: lauraman collected ($0.12)
Seat 7: draxx7141 (button) folded before Flop (didn't bet)
Seat 8: 0RB BR0 (small blind) folded before Flop
Seat 9: eskaeliey (big blind) folded before Flop



PokerStars Hand #238053541279:  Hold'em No Limit ($0.02/$0.05 USD) - 2022/08/17 14:49:15 PT [2022/08/17 17:49:15 ET]
Table 'Hansa II' 9-max Seat #8 is the button
Seat 1: CheckBorris ($5 in chips) 
Seat 2: Jaguar78917 ($4.02 in chips) 
Seat 3: Dorex2007 ($5.36 in chips) 
Seat 4: godfatherblessu ($4.56 in chips) 
Seat 5: Ossenberg ($5 in chips) 
Seat 6: lauraman ($5.25 in chips) 
Seat 7: draxx7141 ($4.62 in chips) 
Seat 8: 0RB BR0 ($3.84 in chips) 
Seat 9: eskaeliey ($5.60 in chips) 
eskaeliey: posts small blind $0.02
CheckBorris: posts big blind $0.05
*** HOLE CARDS ***
Dealt to Dorex2007 [5d As]
Jaguar78917: folds 
Dorex2007: folds 
godfatherblessu: folds 
Ossenberg: folds 
lauraman: folds 
draxx7141: folds 
0RB BR0: folds 
eskaeliey: raises $0.10 to $0.15
CheckBorris: calls $0.10
*** FLOP *** [2d 2s 9s]
eskaeliey: bets $0.25
CheckBorris: folds 
Uncalled bet ($0.25) returned to eskaeliey
eskaeliey collected $0.29 from pot
*** SUMMARY ***
Total pot $0.30 | Rake $0.01 
Board [2d 2s 9s]
Seat 1: CheckBorris (big blind) folded on the Flop
Seat 2: Jaguar78917 folded before Flop (didn't bet)
Seat 3: Dorex2007 folded before Flop (didn't bet)
Seat 4: godfatherblessu folded before Flop (didn't bet)
Seat 5: Ossenberg folded before Flop (didn't bet)
Seat 6: lauraman folded before Flop (didn't bet)
Seat 7: draxx7141 folded before Flop (didn't bet)
Seat 8: 0RB BR0 (button) folded before Flop (didn't bet)
Seat 9: eskaeliey (small blind) collected ($0.29)



PokerStars Hand #238053556695:  Hold'em No Limit ($0.02/$0.05 USD) - 2022/08/17 14:50:00 PT [2022/08/17 17:50:00 ET]
Table 'Hansa II' 9-max Seat #9 is the button
Seat 1: CheckBorris ($5 in chips) 
Seat 2: Jaguar78917 ($4.02 in chips) 
Seat 3: Dorex2007 ($5.36 in chips) 
Seat 4: godfatherblessu ($4.56 in chips) 
Seat 5: Ossenberg ($5 in chips) 
Seat 6: lauraman ($5.25 in chips) 
Seat 7: draxx7141 ($4.62 in chips) 
Seat 8: 0RB BR0 ($3.84 in chips) 
Seat 9: eskaeliey ($5.74 in chips) 
CheckBorris: posts small blind $0.02
Jaguar78917: posts big blind $0.05
*** HOLE CARDS ***
Dealt to Dorex2007 [Ah 9h]
Dorex2007: calls $0.05
godfatherblessu: folds 
Ossenberg: folds 
lauraman: folds 
draxx7141: folds 
0RB BR0: folds 
eskaeliey: folds 
CheckBorris: folds 
Jaguar78917: checks 
*** FLOP *** [3h 7d Qd]
Jaguar78917: checks 
Dorex2007: checks 
*** TURN *** [3h 7d Qd] [Ks]
Jaguar78917: checks 
Dorex2007: checks 
*** RIVER *** [3h 7d Qd Ks] [Td]
Jaguar78917: checks 
Dorex2007: bets $0.12
Jaguar78917: folds 
Uncalled bet ($0.12) returned to Dorex2007
Dorex2007 collected $0.12 from pot
Dorex2007: doesn't show hand 
*** SUMMARY ***
Total pot $0.12 | Rake $0 
Board [3h 7d Qd Ks Td]
Seat 1: CheckBorris (small blind) folded before Flop
Seat 2: Jaguar78917 (big blind) folded on the River
Seat 3: Dorex2007 collected ($0.12)
Seat 4: godfatherblessu folded before Flop (didn't bet)
Seat 5: Ossenberg folded before Flop (didn't bet)
Seat 6: lauraman folded before Flop (didn't bet)
Seat 7: draxx7141 folded before Flop (didn't bet)
Seat 8: 0RB BR0 folded before Flop (didn't bet)
Seat 9: eskaeliey (button) folded before Flop (didn't bet)



PokerStars Hand #238053576584:  Hold'em No Limit ($0.02/$0.05 USD) - 2022/08/17 14:50:59 PT [2022/08/17 17:50:59 ET]
Table 'Hansa II' 9-max Seat #1 is the button
Seat 1: CheckBorris ($5 in chips) 
Seat 2: Jaguar78917 ($3.97 in chips) 
Seat 3: Dorex2007 ($5.43 in chips) 
Seat 4: godfatherblessu ($4.56 in chips) 
Seat 5: Ossenberg ($5 in chips) 
Seat 6: lauraman ($5.25 in chips) 
Seat 7: draxx7141 ($4.62 in chips) 
Seat 8: 0RB BR0 ($3.84 in chips) 
Seat 9: eskaeliey ($5.74 in chips) 
Jaguar78917: posts small blind $0.02
Dorex2007: posts big blind $0.05
*** HOLE CARDS ***
Dealt to Dorex2007 [Kh 5c]
godfatherblessu: folds 
Ossenberg has timed out
Ossenberg: folds 
lauraman: folds 
draxx7141: folds 
0RB BR0: folds 
eskaeliey: folds 
CheckBorris: folds 
Jaguar78917: folds 
Uncalled bet ($0.03) returned to Dorex2007
Dorex2007 collected $0.04 from pot
Dorex2007: doesn't show hand 
*** SUMMARY ***
Total pot $0.04 | Rake $0 
Seat 1: CheckBorris (button) folded before Flop (didn't bet)
Seat 2: Jaguar78917 (small blind) folded before Flop
Seat 3: Dorex2007 (big blind) collected ($0.04)
Seat 4: godfatherblessu folded before Flop (didn't bet)
Seat 5: Ossenberg folded before Flop (didn't bet)
Seat 6: lauraman folded before Flop (didn't bet)
Seat 7: draxx7141 folded before Flop (didn't bet)
Seat 8: 0RB BR0 folded before Flop (didn't bet)
Seat 9: eskaeliey folded before Flop (didn't bet)



PokerStars Hand #238053587936:  Hold'em No Limit ($0.02/$0.05 USD) - 2022/08/17 14:51:32 PT [2022/08/17 17:51:32 ET]
Table 'Hansa II' 9-max Seat #2 is the button
Seat 1: CheckBorris ($5 in chips) 
Seat 2: Jaguar78917 ($3.95 in chips) 
Seat 3: Dorex2007 ($5.45 in chips) 
Seat 4: godfatherblessu ($4.56 in chips) 
Seat 6: lauraman ($5.25 in chips) 
Seat 7: draxx7141 ($4.62 in chips) 
Seat 8: 0RB BR0 ($3.84 in chips) 
Seat 9: eskaeliey ($5.74 in chips) 
Dorex2007: posts small blind $0.02
godfatherblessu: posts big blind $0.05
*** HOLE CARDS ***
Dealt to Dorex2007 [5s Th]
lauraman: folds 
draxx7141: calls $0.05
0RB BR0: folds 
eskaeliey: folds 
CheckBorris: folds 
Jaguar78917: folds 
Dorex2007: folds 
godfatherblessu: checks 
*** FLOP *** [Jc Qd Qh]
godfatherblessu: checks 
draxx7141: bets $0.06
godfatherblessu: calls $0.06
*** TURN *** [Jc Qd Qh] [8h]
godfatherblessu: checks 
draxx7141: checks 
*** RIVER *** [Jc Qd Qh 8h] [2h]
godfatherblessu: checks 
draxx7141: checks 
*** SHOW DOWN ***
godfatherblessu: shows [Js 7d] (two pair, Queens and Jacks)
draxx7141: mucks hand 
godfatherblessu collected $0.23 from pot
*** SUMMARY ***
Total pot $0.24 | Rake $0.01 
Board [Jc Qd Qh 8h 2h]
Seat 1: CheckBorris folded before Flop (didn't bet)
Seat 2: Jaguar78917 (button) folded before Flop (didn't bet)
Seat 3: Dorex2007 (small blind) folded before Flop
Seat 4: godfatherblessu (big blind) showed [Js 7d] and won ($0.23) with two pair, Queens and Jacks
Seat 6: lauraman folded before Flop (didn't bet)
Seat 7: draxx7141 mucked [4s 4c]
Seat 8: 0RB BR0 folded before Flop (didn't bet)
Seat 9: eskaeliey folded before Flop (didn't bet)



PokerStars Hand #238053597865:  Hold'em No Limit ($0.02/$0.05 USD) - 2022/08/17 14:52:02 PT [2022/08/17 17:52:02 ET]
Table 'Hansa II' 9-max Seat #3 is the button
Seat 1: CheckBorris ($5 in chips) 
Seat 2: Jaguar78917 ($3.95 in chips) 
Seat 3: Dorex2007 ($5.43 in chips) 
Seat 4: godfatherblessu ($4.68 in chips) 
Seat 6: lauraman ($5.25 in chips) 
Seat 7: draxx7141 ($4.51 in chips) 
Seat 8: 0RB BR0 ($3.84 in chips) 
Seat 9: eskaeliey ($5.74 in chips) 
godfatherblessu: posts small blind $0.02
lauraman: posts big blind $0.05
*** HOLE CARDS ***
Dealt to Dorex2007 [3d As]
draxx7141: calls $0.05
0RB BR0: calls $0.05
eskaeliey: folds 
CheckBorris: folds 
Jaguar78917: calls $0.05
Dorex2007: folds 
godfatherblessu: calls $0.03
lauraman: checks 
*** FLOP *** [Qc Kh 7c]
godfatherblessu: checks 
lauraman: checks 
draxx7141: checks 
0RB BR0: bets $0.12
Jaguar78917: folds 
godfatherblessu: folds 
lauraman: folds 
draxx7141: folds 
Uncalled bet ($0.12) returned to 0RB BR0
0RB BR0 collected $0.24 from pot
*** SUMMARY ***
Total pot $0.25 | Rake $0.01 
Board [Qc Kh 7c]
Seat 1: CheckBorris folded before Flop (didn't bet)
Seat 2: Jaguar78917 folded on the Flop
Seat 3: Dorex2007 (button) folded before Flop (didn't bet)
Seat 4: godfatherblessu (small blind) folded on the Flop
Seat 6: lauraman (big blind) folded on the Flop
Seat 7: draxx7141 folded on the Flop
Seat 8: 0RB BR0 collected ($0.24)
Seat 9: eskaeliey folded before Flop (didn't bet)



PokerStars Hand #238053612458:  Hold'em No Limit ($0.02/$0.05 USD) - 2022/08/17 14:52:44 PT [2022/08/17 17:52:44 ET]
Table 'Hansa II' 9-max Seat #4 is the button
Seat 1: CheckBorris ($5 in chips) 
Seat 2: Jaguar78917 ($3.90 in chips) 
Seat 3: Dorex2007 ($5.43 in chips) 
Seat 4: godfatherblessu ($4.63 in chips) 
Seat 6: lauraman ($5.20 in chips) 
Seat 7: draxx7141 ($4.46 in chips) 
Seat 8: 0RB BR0 ($4.03 in chips) 
Seat 9: eskaeliey ($5.74 in chips) 
lauraman: posts small blind $0.02
draxx7141: posts big blind $0.05
*** HOLE CARDS ***
Dealt to Dorex2007 [9c 2c]
0RB BR0: calls $0.05
eskaeliey: folds 
CheckBorris: folds 
Jaguar78917: folds 
Dorex2007: folds 
godfatherblessu: calls $0.05
lauraman: folds 
draxx7141: checks 
*** FLOP *** [Ah As Ts]
draxx7141: checks 
0RB BR0: checks 
godfatherblessu: checks 
*** TURN *** [Ah As Ts] [Ac]
draxx7141: checks 
0RB BR0: checks 
godfatherblessu: checks 
*** RIVER *** [Ah As Ts Ac] [Td]
draxx7141: checks 
0RB BR0: bets $0.26
godfatherblessu: folds 
draxx7141: folds 
Uncalled bet ($0.26) returned to 0RB BR0
0RB BR0 collected $0.16 from pot
*** SUMMARY ***
Total pot $0.17 | Rake $0.01 
Board [Ah As Ts Ac Td]
Seat 1: CheckBorris folded before Flop (didn't bet)
Seat 2: Jaguar78917 folded before Flop (didn't bet)
Seat 3: Dorex2007 folded before Flop (didn't bet)
Seat 4: godfatherblessu (button) folded on the River
Seat 6: lauraman (small blind) folded before Flop
Seat 7: draxx7141 (big blind) folded on the River
Seat 8: 0RB BR0 collected ($0.16)
Seat 9: eskaeliey folded before Flop (didn't bet)



PokerStars Hand #238053631294:  Hold'em No Limit ($0.02/$0.05 USD) - 2022/08/17 14:53:40 PT [2022/08/17 17:53:40 ET]
Table 'Hansa II' 9-max Seat #6 is the button
Seat 1: CheckBorris ($5 in chips) 
Seat 2: Jaguar78917 ($3.90 in chips) 
Seat 3: Dorex2007 ($5.43 in chips) 
Seat 4: godfatherblessu ($4.58 in chips) 
Seat 6: lauraman ($5.18 in chips) 
Seat 7: draxx7141 ($4.41 in chips) 
Seat 8: 0RB BR0 ($4.14 in chips) 
Seat 9: eskaeliey ($5.74 in chips) 
draxx7141: posts small blind $0.02
0RB BR0: posts big blind $0.05
Ossenberg: sits out 
*** HOLE CARDS ***
Dealt to Dorex2007 [7s Ts]
eskaeliey: folds 
CheckBorris: folds 
Jaguar78917: folds 
Dorex2007: folds 
godfatherblessu: folds 
lauraman: raises $0.10 to $0.15
Jaguar78917 leaves the table
draxx7141: calls $0.13
0RB BR0: folds 
*** FLOP *** [Ac Kh Jc]
draxx7141: checks 
lauraman: bets $0.17
draxx7141: folds 
Uncalled bet ($0.17) returned to lauraman
lauraman collected $0.34 from pot
lauraman: doesn't show hand 
*** SUMMARY ***
Total pot $0.35 | Rake $0.01 
Board [Ac Kh Jc]
Seat 1: CheckBorris folded before Flop (didn't bet)
Seat 2: Jaguar78917 folded before Flop (didn't bet)
Seat 3: Dorex2007 folded before Flop (didn't bet)
Seat 4: godfatherblessu folded before Flop (didn't bet)
Seat 6: lauraman (button) collected ($0.34)
Seat 7: draxx7141 (small blind) folded on the Flop
Seat 8: 0RB BR0 (big blind) folded before Flop
Seat 9: eskaeliey folded before Flop (didn't bet)



PokerStars Hand #238053644917:  Hold'em No Limit ($0.02/$0.05 USD) - 2022/08/17 14:54:21 PT [2022/08/17 17:54:21 ET]
Table 'Hansa II' 9-max Seat #7 is the button
Seat 1: CheckBorris ($5 in chips) 
Seat 3: Dorex2007 ($5.43 in chips) 
Seat 4: godfatherblessu ($4.58 in chips) 
Seat 6: lauraman ($5.37 in chips) 
Seat 7: draxx7141 ($4.26 in chips) 
Seat 8: 0RB BR0 ($4.09 in chips) 
Seat 9: eskaeliey ($5.74 in chips) 
0RB BR0: posts small blind $0.02
eskaeliey: posts big blind $0.05
Ossenberg: sits out 
*** HOLE CARDS ***
Dealt to Dorex2007 [Td Kc]
CheckBorris: folds 
Dorex2007: folds 
godfatherblessu: folds 
lauraman: folds 
draxx7141 has timed out
draxx7141: folds 
0RB BR0: calls $0.03
ziva79 joins the table at seat #2 
eskaeliey: checks 
*** FLOP *** [4h 8c 6d]
0RB BR0: bets $0.05
eskaeliey: raises $0.05 to $0.10
0RB BR0: calls $0.05
*** TURN *** [4h 8c 6d] [Ts]
0RB BR0: bets $0.05
eskaeliey: raises $0.10 to $0.15
0RB BR0: calls $0.10
*** RIVER *** [4h 8c 6d Ts] [6s]
0RB BR0: checks 
eskaeliey: bets $0.34
0RB BR0: folds 
Uncalled bet ($0.34) returned to eskaeliey
eskaeliey collected $0.58 from pot
*** SUMMARY ***
Total pot $0.60 | Rake $0.02 
Board [4h 8c 6d Ts 6s]
Seat 1: CheckBorris folded before Flop (didn't bet)
Seat 3: Dorex2007 folded before Flop (didn't bet)
Seat 4: godfatherblessu folded before Flop (didn't bet)
Seat 6: lauraman folded before Flop (didn't bet)
Seat 7: draxx7141 (button) folded before Flop (didn't bet)
Seat 8: 0RB BR0 (small blind) folded on the River
Seat 9: eskaeliey (big blind) collected ($0.58)



PokerStars Hand #238053665462:  Hold'em No Limit ($0.02/$0.05 USD) - 2022/08/17 14:55:28 PT [2022/08/17 17:55:28 ET]
Table 'Hansa II' 9-max Seat #8 is the button
Seat 1: CheckBorris ($5 in chips) 
Seat 2: ziva79 ($5 in chips) 
Seat 3: Dorex2007 ($5.43 in chips) 
Seat 4: godfatherblessu ($4.58 in chips) 
Seat 6: lauraman ($5.37 in chips) 
Seat 7: draxx7141 ($4.26 in chips) 
Seat 8: 0RB BR0 ($3.79 in chips) 
Seat 9: eskaeliey ($6.02 in chips) 
eskaeliey: posts small blind $0.02
CheckBorris: posts big blind $0.05
ziva79: posts big blind $0.05
Ossenberg: sits out 
*** HOLE CARDS ***
Dealt to Dorex2007 [7c 5h]
ziva79: checks 
Dorex2007: folds 
godfatherblessu: raises $0.17 to $0.22
lauraman: calls $0.22
draxx7141: calls $0.22
0RB BR0: folds 
eskaeliey: folds 
CheckBorris: folds 
ziva79: folds 
*** FLOP *** [Jc Th Js]
godfatherblessu is disconnected 
godfatherblessu has timed out while disconnected
godfatherblessu: checks 
lauraman: checks 
draxx7141: checks 
*** TURN *** [Jc Th Js] [2d]
godfatherblessu has timed out while disconnected
godfatherblessu: checks 
lauraman: bets $0.37
draxx7141: calls $0.37
godfatherblessu has timed out while disconnected
godfatherblessu: folds 
*** RIVER *** [Jc Th Js 2d] [3s]
lauraman: checks 
draxx7141: bets $3.67 and is all-in
lauraman: folds 
Uncalled bet ($3.67) returned to draxx7141
draxx7141 collected $1.46 from pot
draxx7141: doesn't show hand 
*** SUMMARY ***
Total pot $1.52 | Rake $0.06 
Board [Jc Th Js 2d 3s]
Seat 1: CheckBorris (big blind) folded before Flop
Seat 2: ziva79 folded before Flop (didn't bet)
Seat 3: Dorex2007 folded before Flop (didn't bet)
Seat 4: godfatherblessu folded on the Turn
Seat 6: lauraman folded on the River
Seat 7: draxx7141 collected ($1.46)
Seat 8: 0RB BR0 (button) folded before Flop (didn't bet)
Seat 9: eskaeliey (small blind) folded before Flop



PokerStars Hand #238053741999:  Hold'em No Limit ($0.02/$0.05 USD) - 2022/08/17 14:59:55 PT [2022/08/17 17:59:55 ET]
Table 'Hansa II' 9-max Seat #9 is the button
Seat 1: CheckBorris ($5 in chips) 
Seat 2: ziva79 ($4.95 in chips) 
Seat 3: Dorex2007 ($5.43 in chips) 
Seat 6: lauraman ($4.78 in chips) 
Seat 7: draxx7141 ($5.13 in chips) 
Seat 8: 0RB BR0 ($3.79 in chips) 
Seat 9: eskaeliey ($6 in chips) 
CheckBorris: posts small blind $0.02
ziva79: posts big blind $0.05
Ossenberg: sits out 
*** HOLE CARDS ***
Dealt to Dorex2007 [As Kh]
Dorex2007: raises $0.10 to $0.15
lauraman: folds 
draxx7141: calls $0.15
0RB BR0: folds 
eskaeliey: folds 
CheckBorris: folds 
ziva79: folds 
*** FLOP *** [2s Ad 9c]
Dorex2007: checks 
draxx7141: checks 
*** TURN *** [2s Ad 9c] [2c]
Dorex2007: bets $0.17
draxx7141: calls $0.17
*** RIVER *** [2s Ad 9c 2c] [4d]
Dorex2007: bets $0.34
draxx7141: calls $0.34
*** SHOW DOWN ***
Dorex2007: shows [As Kh] (two pair, Aces and Deuces)
draxx7141: mucks hand 
Dorex2007 collected $1.33 from pot
*** SUMMARY ***
Total pot $1.39 | Rake $0.06 
Board [2s Ad 9c 2c 4d]
Seat 1: CheckBorris (small blind) folded before Flop
Seat 2: ziva79 (big blind) folded before Flop
Seat 3: Dorex2007 showed [As Kh] and won ($1.33) with two pair, Aces and Deuces
Seat 6: lauraman folded before Flop (didn't bet)
Seat 7: draxx7141 mucked [Th Tc]
Seat 8: 0RB BR0 folded before Flop (didn't bet)
Seat 9: eskaeliey (button) folded before Flop (didn't bet)



PokerStars Hand #238053756894:  Hold'em No Limit ($0.02/$0.05 USD) - 2022/08/17 15:00:48 PT [2022/08/17 18:00:48 ET]
Table 'Hansa II' 9-max Seat #1 is the button
Seat 1: CheckBorris ($5 in chips) 
Seat 2: ziva79 ($4.90 in chips) 
Seat 3: Dorex2007 ($6.10 in chips) 
Seat 6: lauraman ($4.78 in chips) 
Seat 7: draxx7141 ($4.47 in chips) 
Seat 8: 0RB BR0 ($3.79 in chips) 
Seat 9: eskaeliey ($6 in chips) 
ziva79: posts small blind $0.02
Dorex2007: posts big blind $0.05
Ossenberg: sits out 
*** HOLE CARDS ***
Dealt to Dorex2007 [Qh Ac]
lauraman: folds 
draxx7141: folds 
0RB BR0: folds 
eskaeliey: folds 
CheckBorris: folds 
ziva79: folds 
Uncalled bet ($0.03) returned to Dorex2007
Dorex2007 collected $0.04 from pot
Dorex2007: doesn't show hand 
*** SUMMARY ***
Total pot $0.04 | Rake $0 
Seat 1: CheckBorris (button) folded before Flop (didn't bet)
Seat 2: ziva79 (small blind) folded before Flop
Seat 3: Dorex2007 (big blind) collected ($0.04)
Seat 6: lauraman folded before Flop (didn't bet)
Seat 7: draxx7141 folded before Flop (didn't bet)
Seat 8: 0RB BR0 folded before Flop (didn't bet)
Seat 9: eskaeliey folded before Flop (didn't bet)



PokerStars Hand #238053760154:  Hold'em No Limit ($0.02/$0.05 USD) - 2022/08/17 15:00:58 PT [2022/08/17 18:00:58 ET]
Table 'Hansa II' 9-max Seat #2 is the button
Seat 1: CheckBorris ($5 in chips) 
Seat 2: ziva79 ($4.88 in chips) 
Seat 3: Dorex2007 ($6.12 in chips) 
Seat 5: Ossenberg ($5 in chips) 
Seat 6: lauraman ($4.78 in chips) 
Seat 7: draxx7141 ($4.47 in chips) 
Seat 8: 0RB BR0 ($3.79 in chips) 
Seat 9: eskaeliey ($6 in chips) 
Dorex2007: posts small blind $0.02
Ossenberg: posts big blind $0.05
*** HOLE CARDS ***
Dealt to Dorex2007 [Ks 9s]
lauraman: folds 
draxx7141: folds 
0RB BR0: folds 
eskaeliey: folds 
CheckBorris: folds 
ziva79: calls $0.05
Dorex2007: calls $0.03
Ossenberg: checks 
*** FLOP *** [2s 5d 9c]
Dorex2007: checks 
Ossenberg: bets $0.05
ziva79: calls $0.05
Dorex2007: calls $0.05
*** TURN *** [2s 5d 9c] [Ac]
Dorex2007: checks 
Ossenberg: bets $0.15
ziva79: folds 
Dorex2007: folds 
Uncalled bet ($0.15) returned to Ossenberg
Ossenberg collected $0.29 from pot
Ossenberg: doesn't show hand 
*** SUMMARY ***
Total pot $0.30 | Rake $0.01 
Board [2s 5d 9c Ac]
Seat 1: CheckBorris folded before Flop (didn't bet)
Seat 2: ziva79 (button) folded on the Turn
Seat 3: Dorex2007 (small blind) folded on the Turn
Seat 5: Ossenberg (big blind) collected ($0.29)
Seat 6: lauraman folded before Flop (didn't bet)
Seat 7: draxx7141 folded before Flop (didn't bet)
Seat 8: 0RB BR0 folded before Flop (didn't bet)
Seat 9: eskaeliey folded before Flop (didn't bet)



PokerStars Hand #238053773152:  Hold'em No Limit ($0.02/$0.05 USD) - 2022/08/17 15:01:40 PT [2022/08/17 18:01:40 ET]
Table 'Hansa II' 9-max Seat #3 is the button
Seat 1: CheckBorris ($5 in chips) 
Seat 2: ziva79 ($4.78 in chips) 
Seat 3: Dorex2007 ($6.02 in chips) 
Seat 5: Ossenberg ($5.19 in chips) 
Seat 6: lauraman ($4.78 in chips) 
Seat 7: draxx7141 ($4.47 in chips) 
Seat 8: 0RB BR0 ($3.79 in chips) 
Seat 9: eskaeliey ($6 in chips) 
Ossenberg: posts small blind $0.02
lauraman: posts big blind $0.05
*** HOLE CARDS ***
Dealt to Dorex2007 [7c 4h]
draxx7141: folds 
0RB BR0: raises $0.05 to $0.10
eskaeliey: folds 
CheckBorris: folds 
ziva79: folds 
Dorex2007: folds 
Ossenberg: folds 
lauraman: calls $0.05
*** FLOP *** [Qc 7s 5h]
lauraman: checks 
0RB BR0: checks 
*** TURN *** [Qc 7s 5h] [Qd]
lauraman: bets $0.10
0RB BR0: calls $0.10
*** RIVER *** [Qc 7s 5h Qd] [Tc]
lauraman: bets $0.20
0RB BR0: folds 
Uncalled bet ($0.20) returned to lauraman
lauraman collected $0.40 from pot
lauraman: doesn't show hand 
*** SUMMARY ***
Total pot $0.42 | Rake $0.02 
Board [Qc 7s 5h Qd Tc]
Seat 1: CheckBorris folded before Flop (didn't bet)
Seat 2: ziva79 folded before Flop (didn't bet)
Seat 3: Dorex2007 (button) folded before Flop (didn't bet)
Seat 5: Ossenberg (small blind) folded before Flop
Seat 6: lauraman (big blind) collected ($0.40)
Seat 7: draxx7141 folded before Flop (didn't bet)
Seat 8: 0RB BR0 folded on the River
Seat 9: eskaeliey folded before Flop (didn't bet)



PokerStars Hand #238053788605:  Hold'em No Limit ($0.02/$0.05 USD) - 2022/08/17 15:02:26 PT [2022/08/17 18:02:26 ET]
Table 'Hansa II' 9-max Seat #5 is the button
Seat 1: CheckBorris ($5 in chips) 
Seat 2: ziva79 ($4.78 in chips) 
Seat 3: Dorex2007 ($6.02 in chips) 
Seat 5: Ossenberg ($5.17 in chips) 
Seat 6: lauraman ($4.98 in chips) 
Seat 7: draxx7141 ($4.47 in chips) 
Seat 8: 0RB BR0 ($3.59 in chips) 
Seat 9: eskaeliey ($6 in chips) 
lauraman: posts small blind $0.02
draxx7141: posts big blind $0.05
*** HOLE CARDS ***
Dealt to Dorex2007 [4c Kh]
0RB BR0: folds 
eskaeliey: folds 
CheckBorris: folds 
ziva79: folds 
Dorex2007: folds 
Ossenberg: folds 
lauraman: raises $0.10 to $0.15
draxx7141: folds 
Uncalled bet ($0.10) returned to lauraman
lauraman collected $0.10 from pot
lauraman: doesn't show hand 
*** SUMMARY ***
Total pot $0.10 | Rake $0 
Seat 1: CheckBorris folded before Flop (didn't bet)
Seat 2: ziva79 folded before Flop (didn't bet)
Seat 3: Dorex2007 folded before Flop (didn't bet)
Seat 5: Ossenberg (button) folded before Flop (didn't bet)
Seat 6: lauraman (small blind) collected ($0.10)
Seat 7: draxx7141 (big blind) folded before Flop
Seat 8: 0RB BR0 folded before Flop (didn't bet)
Seat 9: eskaeliey folded before Flop (didn't bet)



PokerStars Hand #238053793724:  Hold'em No Limit ($0.02/$0.05 USD) - 2022/08/17 15:02:42 PT [2022/08/17 18:02:42 ET]
Table 'Hansa II' 9-max Seat #6 is the button
Seat 1: CheckBorris ($5 in chips) 
Seat 2: ziva79 ($4.78 in chips) 
Seat 3: Dorex2007 ($6.02 in chips) 
Seat 5: Ossenberg ($5.17 in chips) 
Seat 6: lauraman ($5.03 in chips) 
Seat 7: draxx7141 ($4.42 in chips) 
Seat 8: 0RB BR0 ($3.59 in chips) 
Seat 9: eskaeliey ($6 in chips) 
draxx7141: posts small blind $0.02
0RB BR0: posts big blind $0.05
*** HOLE CARDS ***
Dealt to Dorex2007 [Th 4h]
eskaeliey: calls $0.05
CheckBorris: raises $0.20 to $0.25
ziva79: calls $0.25
Dorex2007: folds 
Ossenberg: folds 
lauraman: folds 
draxx7141: folds 
0RB BR0: folds 
eskaeliey: calls $0.20
*** FLOP *** [7s Jc Js]
eskaeliey: checks 
CheckBorris: bets $0.47
ziva79: calls $0.47
eskaeliey: folds 
*** TURN *** [7s Jc Js] [9c]
CheckBorris: checks 
ziva79: checks 
*** RIVER *** [7s Jc Js 9c] [2s]
CheckBorris: checks 
ziva79: bets $0.84
CheckBorris: folds 
Uncalled bet ($0.84) returned to ziva79
ziva79 collected $1.69 from pot
*** SUMMARY ***
Total pot $1.76 | Rake $0.07 
Board [7s Jc Js 9c 2s]
Seat 1: CheckBorris folded on the River
Seat 2: ziva79 collected ($1.69)
Seat 3: Dorex2007 folded before Flop (didn't bet)
Seat 5: Ossenberg folded before Flop (didn't bet)
Seat 6: lauraman (button) folded before Flop (didn't bet)
Seat 7: draxx7141 (small blind) folded before Flop
Seat 8: 0RB BR0 (big blind) folded before Flop
Seat 9: eskaeliey folded on the Flop



PokerStars Hand #238053814197:  Hold'em No Limit ($0.02/$0.05 USD) - 2022/08/17 15:03:42 PT [2022/08/17 18:03:42 ET]
Table 'Hansa II' 9-max Seat #7 is the button
Seat 1: CheckBorris ($5 in chips) 
Seat 2: ziva79 ($5.75 in chips) 
Seat 3: Dorex2007 ($6.02 in chips) 
Seat 5: Ossenberg ($5.17 in chips) 
Seat 6: lauraman ($5.03 in chips) 
Seat 7: draxx7141 ($4.40 in chips) 
Seat 8: 0RB BR0 ($3.54 in chips) 
0RB BR0: posts small blind $0.02
eskaeliey: is sitting out 
CheckBorris: posts big blind $0.05
*** HOLE CARDS ***
Dealt to Dorex2007 [9h Kc]
ziva79: folds 
Dorex2007: folds 
eskaeliey leaves the table
Ossenberg: folds 
lauraman: raises $0.10 to $0.15
draxx7141: folds 
0RB BR0: folds 
CheckBorris: folds 
Uncalled bet ($0.10) returned to lauraman
lauraman collected $0.12 from pot
lauraman: doesn't show hand 
*** SUMMARY ***
Total pot $0.12 | Rake $0 
Seat 1: CheckBorris (big blind) folded before Flop
Seat 2: ziva79 folded before Flop (didn't bet)
Seat 3: Dorex2007 folded before Flop (didn't bet)
Seat 5: Ossenberg folded before Flop (didn't bet)
Seat 6: lauraman collected ($0.12)
Seat 7: draxx7141 (button) folded before Flop (didn't bet)
Seat 8: 0RB BR0 (small blind) folded before Flop



PokerStars Hand #238053820200:  Hold'em No Limit ($0.02/$0.05 USD) - 2022/08/17 15:04:00 PT [2022/08/17 18:04:00 ET]
Table 'Hansa II' 9-max Seat #8 is the button
Seat 1: CheckBorris ($5 in chips) 
Seat 2: ziva79 ($5.75 in chips) 
Seat 3: Dorex2007 ($6.02 in chips) 
Seat 5: Ossenberg ($5.17 in chips) 
Seat 6: lauraman ($5.10 in chips) 
Seat 7: draxx7141 ($4.40 in chips) 
Seat 8: 0RB BR0 ($3.52 in chips) 
CheckBorris: posts small blind $0.02
ziva79: posts big blind $0.05
*** HOLE CARDS ***
Dealt to Dorex2007 [7c 7d]
Dorex2007: calls $0.05
Ossenberg: folds 
lauraman: folds 
draxx7141: folds 
0RB BR0: calls $0.05
CheckBorris: folds 
ziva79: checks 
*** FLOP *** [Qh 8h 7h]
gilsonfn joins the table at seat #9 
ziva79: checks 
Dorex2007: bets $0.16
0RB BR0: folds 
ziva79: calls $0.16
*** TURN *** [Qh 8h 7h] [As]
ziva79: checks 
Dorex2007: checks 
*** RIVER *** [Qh 8h 7h As] [3h]
ziva79: checks 
Dorex2007: bets $0.23
ziva79: calls $0.23
*** SHOW DOWN ***
Dorex2007: shows [7c 7d] (three of a kind, Sevens)
ziva79: shows [Th 6d] (a flush, Queen high)
ziva79 collected $0.91 from pot
*** SUMMARY ***
Total pot $0.95 | Rake $0.04 
Board [Qh 8h 7h As 3h]
Seat 1: CheckBorris (small blind) folded before Flop
Seat 2: ziva79 (big blind) showed [Th 6d] and won ($0.91) with a flush, Queen high
Seat 3: Dorex2007 showed [7c 7d] and lost with three of a kind, Sevens
Seat 5: Ossenberg folded before Flop (didn't bet)
Seat 6: lauraman folded before Flop (didn't bet)
Seat 7: draxx7141 folded before Flop (didn't bet)
Seat 8: 0RB BR0 (button) folded on the Flop



PokerStars Hand #238053833663:  Hold'em No Limit ($0.02/$0.05 USD) - 2022/08/17 15:04:39 PT [2022/08/17 18:04:39 ET]
Table 'Hansa II' 9-max Seat #1 is the button
Seat 1: CheckBorris ($5 in chips) 
Seat 2: ziva79 ($6.22 in chips) 
Seat 3: Dorex2007 ($5.58 in chips) 
Seat 5: Ossenberg ($5.17 in chips) 
Seat 6: lauraman ($5.10 in chips) 
Seat 7: draxx7141 ($4.40 in chips) 
Seat 8: 0RB BR0 ($3.47 in chips) 
Seat 9: gilsonfn ($5 in chips) 
ziva79: posts small blind $0.02
Dorex2007: posts big blind $0.05
gilsonfn: posts big blind $0.05
*** HOLE CARDS ***
Dealt to Dorex2007 [7s 3s]
Ossenberg: folds 
lauraman: folds 
draxx7141: folds 
0RB BR0: raises $0.05 to $0.10
gilsonfn: calls $0.05
CheckBorris: folds 
ziva79: calls $0.08
Dorex2007: folds 
*** FLOP *** [Td 5d 4d]
ziva79: checks 
0RB BR0: checks 
gilsonfn: checks 
*** TURN *** [Td 5d 4d] [3c]
ziva79: checks 
0RB BR0: checks 
gilsonfn: checks 
*** RIVER *** [Td 5d 4d 3c] [5c]
ziva79: checks 
0RB BR0: checks 
gilsonfn: checks 
*** SHOW DOWN ***
ziva79: shows [9d Ah] (a pair of Fives)
0RB BR0: mucks hand 
gilsonfn: shows [Tc Qc] (two pair, Tens and Fives)
gilsonfn collected $0.34 from pot
*** SUMMARY ***
Total pot $0.35 | Rake $0.01 
Board [Td 5d 4d 3c 5c]
Seat 1: CheckBorris (button) folded before Flop (didn't bet)
Seat 2: ziva79 (small blind) showed [9d Ah] and lost with a pair of Fives
Seat 3: Dorex2007 (big blind) folded before Flop
Seat 5: Ossenberg folded before Flop (didn't bet)
Seat 6: lauraman folded before Flop (didn't bet)
Seat 7: draxx7141 folded before Flop (didn't bet)
Seat 8: 0RB BR0 mucked [Jd Ks]
Seat 9: gilsonfn showed [Tc Qc] and won ($0.34) with two pair, Tens and Fives



PokerStars Hand #238053848160:  Hold'em No Limit ($0.02/$0.05 USD) - 2022/08/17 15:05:22 PT [2022/08/17 18:05:22 ET]
Table 'Hansa II' 9-max Seat #2 is the button
Seat 1: CheckBorris ($5 in chips) 
Seat 2: ziva79 ($6.12 in chips) 
Seat 3: Dorex2007 ($5.53 in chips) 
Seat 5: Ossenberg ($5.17 in chips) 
Seat 6: lauraman ($5.10 in chips) 
Seat 7: draxx7141 ($4.40 in chips) 
Seat 8: 0RB BR0 ($3.37 in chips) 
Seat 9: gilsonfn ($5.24 in chips) 
Dorex2007: posts small blind $0.02
Ossenberg: posts big blind $0.05
*** HOLE CARDS ***
Dealt to Dorex2007 [6d 6c]
lauraman: folds 
draxx7141: folds 
0RB BR0: folds 
gilsonfn: folds 
CheckBorris: raises $0.15 to $0.20
ziva79: folds 
Dorex2007: folds 
Ossenberg: folds 
Uncalled bet ($0.15) returned to CheckBorris
CheckBorris collected $0.12 from pot
*** SUMMARY ***
Total pot $0.12 | Rake $0 
Seat 1: CheckBorris collected ($0.12)
Seat 2: ziva79 (button) folded before Flop (didn't bet)
Seat 3: Dorex2007 (small blind) folded before Flop
Seat 5: Ossenberg (big blind) folded before Flop
Seat 6: lauraman folded before Flop (didn't bet)
Seat 7: draxx7141 folded before Flop (didn't bet)
Seat 8: 0RB BR0 folded before Flop (didn't bet)
Seat 9: gilsonfn folded before Flop (didn't bet)



PokerStars Hand #238053854960:  Hold'em No Limit ($0.02/$0.05 USD) - 2022/08/17 15:05:43 PT [2022/08/17 18:05:43 ET]
Table 'Hansa II' 9-max Seat #3 is the button
Seat 1: CheckBorris ($5.07 in chips) 
Seat 2: ziva79 ($6.12 in chips) 
Seat 3: Dorex2007 ($5.51 in chips) 
Seat 5: Ossenberg ($5.12 in chips) 
Seat 6: lauraman ($5.10 in chips) 
Seat 7: draxx7141 ($4.40 in chips) 
Seat 8: 0RB BR0 ($3.37 in chips) 
Seat 9: gilsonfn ($5.24 in chips) 
Ossenberg: posts small blind $0.02
lauraman: posts big blind $0.05
*** HOLE CARDS ***
Dealt to Dorex2007 [Ts Kc]
draxx7141: folds 
0RB BR0: folds 
gilsonfn: folds 
CheckBorris: folds 
ziva79: calls $0.05
Dorex2007: calls $0.05
Ossenberg: folds 
lauraman: checks 
*** FLOP *** [3d 8d 5s]
lauraman: checks 
ziva79: checks 
Dorex2007: checks 
*** TURN *** [3d 8d 5s] [5c]
lauraman: checks 
ziva79: checks 
Dorex2007: checks 
*** RIVER *** [3d 8d 5s 5c] [6s]
lauraman: checks 
ziva79: checks 
Dorex2007: checks 
*** SHOW DOWN ***
lauraman: shows [4d As] (a pair of Fives)
ziva79: mucks hand 
Dorex2007: mucks hand 
lauraman collected $0.16 from pot
*** SUMMARY ***
Total pot $0.17 | Rake $0.01 
Board [3d 8d 5s 5c 6s]
Seat 1: CheckBorris folded before Flop (didn't bet)
Seat 2: ziva79 mucked [Tc Jd]
Seat 3: Dorex2007 (button) mucked [Ts Kc]
Seat 5: Ossenberg (small blind) folded before Flop
Seat 6: lauraman (big blind) showed [4d As] and won ($0.16) with a pair of Fives
Seat 7: draxx7141 folded before Flop (didn't bet)
Seat 8: 0RB BR0 folded before Flop (didn't bet)
Seat 9: gilsonfn folded before Flop (didn't bet)



PokerStars Hand #238053872282:  Hold'em No Limit ($0.02/$0.05 USD) - 2022/08/17 15:06:34 PT [2022/08/17 18:06:34 ET]
Table 'Hansa II' 9-max Seat #5 is the button
Seat 1: CheckBorris ($5.07 in chips) 
Seat 2: ziva79 ($6.07 in chips) 
Seat 3: Dorex2007 ($5.46 in chips) 
Seat 5: Ossenberg ($5.10 in chips) 
Seat 6: lauraman ($5.21 in chips) 
Seat 7: draxx7141 ($4.40 in chips) 
Seat 8: 0RB BR0 ($3.37 in chips) 
Seat 9: gilsonfn ($5.24 in chips) 
lauraman: posts small blind $0.02
draxx7141: posts big blind $0.05
*** HOLE CARDS ***
Dealt to Dorex2007 [3d 3s]
0RB BR0: folds 
gilsonfn: folds 
CheckBorris: folds 
ziva79: folds 
Dorex2007: folds 
Ossenberg: folds 
lauraman: folds 
Uncalled bet ($0.03) returned to draxx7141
draxx7141 collected $0.04 from pot
draxx7141: doesn't show hand 
*** SUMMARY ***
Total pot $0.04 | Rake $0 
Seat 1: CheckBorris folded before Flop (didn't bet)
Seat 2: ziva79 folded before Flop (didn't bet)
Seat 3: Dorex2007 folded before Flop (didn't bet)
Seat 5: Ossenberg (button) folded before Flop (didn't bet)
Seat 6: lauraman (small blind) folded before Flop
Seat 7: draxx7141 (big blind) collected ($0.04)
Seat 8: 0RB BR0 folded before Flop (didn't bet)
Seat 9: gilsonfn folded before Flop (didn't bet)



PokerStars Hand #238053878903:  Hold'em No Limit ($0.02/$0.05 USD) - 2022/08/17 15:06:54 PT [2022/08/17 18:06:54 ET]
Table 'Hansa II' 9-max Seat #6 is the button
Seat 1: CheckBorris ($5.07 in chips) 
Seat 2: ziva79 ($6.07 in chips) 
Seat 3: Dorex2007 ($5.46 in chips) 
Seat 5: Ossenberg ($5.10 in chips) 
Seat 6: lauraman ($5.19 in chips) 
Seat 7: draxx7141 ($4.42 in chips) 
Seat 8: 0RB BR0 ($3.37 in chips) 
Seat 9: gilsonfn ($5.24 in chips) 
draxx7141: posts small blind $0.02
0RB BR0: posts big blind $0.05
*** HOLE CARDS ***
Dealt to Dorex2007 [Qc 2h]
gilsonfn: folds 
CheckBorris: folds 
ziva79: raises $0.10 to $0.15
Dorex2007: folds 
Ossenberg: folds 
lauraman: calls $0.15
draxx7141: folds 
0RB BR0: folds 
*** FLOP *** [8h 5h Ah]
ziva79: checks 
lauraman: checks 
*** TURN *** [8h 5h Ah] [Kc]
ziva79: checks 
lauraman: bets $0.17
ziva79: calls $0.17
*** RIVER *** [8h 5h Ah Kc] [6h]
ziva79: checks 
lauraman: checks 
*** SHOW DOWN ***
ziva79: shows [8c 8d] (three of a kind, Eights)
lauraman: mucks hand 
ziva79 collected $0.68 from pot
*** SUMMARY ***
Total pot $0.71 | Rake $0.03 
Board [8h 5h Ah Kc 6h]
Seat 1: CheckBorris folded before Flop (didn't bet)
Seat 2: ziva79 showed [8c 8d] and won ($0.68) with three of a kind, Eights
Seat 3: Dorex2007 folded before Flop (didn't bet)
Seat 5: Ossenberg folded before Flop (didn't bet)
Seat 6: lauraman (button) mucked [Jc Ac]
Seat 7: draxx7141 (small blind) folded before Flop
Seat 8: 0RB BR0 (big blind) folded before Flop
Seat 9: gilsonfn folded before Flop (didn't bet)



PokerStars Hand #238053897090:  Hold'em No Limit ($0.02/$0.05 USD) - 2022/08/17 15:07:48 PT [2022/08/17 18:07:48 ET]
Table 'Hansa II' 9-max Seat #7 is the button
Seat 1: CheckBorris ($5.07 in chips) 
Seat 2: ziva79 ($6.43 in chips) 
Seat 3: Dorex2007 ($5.46 in chips) 
Seat 4: godfatherblessu ($4.36 in chips) 
Seat 5: Ossenberg ($5.10 in chips) 
Seat 6: lauraman ($4.87 in chips) 
Seat 7: draxx7141 ($4.40 in chips) 
Seat 8: 0RB BR0 ($3.32 in chips) 
Seat 9: gilsonfn ($5.24 in chips) 
0RB BR0: posts small blind $0.02
gilsonfn: posts big blind $0.05
godfatherblessu: posts small & big blinds $0.07
*** HOLE CARDS ***
Dealt to Dorex2007 [4d 9s]
CheckBorris: folds 
CheckBorris leaves the table
ziva79: folds 
Dorex2007: folds 
godfatherblessu: raises $0.14 to $0.19
Ossenberg: folds 
lauraman: folds 
draxx7141: folds 
0RB BR0: folds 
gilsonfn: folds 
Uncalled bet ($0.14) returned to godfatherblessu
godfatherblessu collected $0.14 from pot
godfatherblessu: doesn't show hand 
*** SUMMARY ***
Total pot $0.14 | Rake $0 
Seat 1: CheckBorris folded before Flop (didn't bet)
Seat 2: ziva79 folded before Flop (didn't bet)
Seat 3: Dorex2007 folded before Flop (didn't bet)
Seat 4: godfatherblessu collected ($0.14)
Seat 5: Ossenberg folded before Flop (didn't bet)
Seat 6: lauraman folded before Flop (didn't bet)
Seat 7: draxx7141 (button) folded before Flop (didn't bet)
Seat 8: 0RB BR0 (small blind) folded before Flop
Seat 9: gilsonfn (big blind) folded before Flop



PokerStars Hand #238053908951:  Hold'em No Limit ($0.02/$0.05 USD) - 2022/08/17 15:08:24 PT [2022/08/17 18:08:24 ET]
Table 'Hansa II' 9-max Seat #8 is the button
Seat 2: ziva79 ($6.43 in chips) 
Seat 3: Dorex2007 ($5.46 in chips) 
Seat 4: godfatherblessu ($4.43 in chips) 
Seat 5: Ossenberg ($5.10 in chips) 
Seat 6: lauraman ($5 in chips) 
Seat 7: draxx7141 ($4.40 in chips) 
Seat 8: 0RB BR0 ($3.30 in chips) 
Seat 9: gilsonfn ($5.19 in chips) 
gilsonfn: posts small blind $0.02
ziva79: posts big blind $0.05
*** HOLE CARDS ***
Dealt to Dorex2007 [Qd 9s]
Dorex2007: folds 
godfatherblessu: folds 
Ossenberg: calls $0.05
lauraman: folds 
draxx7141: folds 
0RB BR0: calls $0.05
gilsonfn: calls $0.03
ziva79: checks 
*** FLOP *** [6d 2c 9h]
gilsonfn: checks 
ziva79: checks 
Ossenberg: checks 
0RB BR0: checks 
*** TURN *** [6d 2c 9h] [5h]
gilsonfn: bets $0.19
Maria'sDad77 joins the table at seat #1 
ziva79: calls $0.19
Ossenberg: folds 
0RB BR0: folds 
*** RIVER *** [6d 2c 9h 5h] [2h]
gilsonfn: checks 
ziva79: bets $0.38
gilsonfn: calls $0.38
*** SHOW DOWN ***
ziva79: shows [As 3s] (a pair of Deuces)
gilsonfn: shows [9c 8h] (two pair, Nines and Deuces)
gilsonfn collected $1.28 from pot
*** SUMMARY ***
Total pot $1.34 | Rake $0.06 
Board [6d 2c 9h 5h 2h]
Seat 2: ziva79 (big blind) showed [As 3s] and lost with a pair of Deuces
Seat 3: Dorex2007 folded before Flop (didn't bet)
Seat 4: godfatherblessu folded before Flop (didn't bet)
Seat 5: Ossenberg folded on the Turn
Seat 6: lauraman folded before Flop (didn't bet)
Seat 7: draxx7141 folded before Flop (didn't bet)
Seat 8: 0RB BR0 (button) folded on the Turn
Seat 9: gilsonfn (small blind) showed [9c 8h] and won ($1.28) with two pair, Nines and Deuces



PokerStars Hand #238053930541:  Hold'em No Limit ($0.02/$0.05 USD) - 2022/08/17 15:09:26 PT [2022/08/17 18:09:26 ET]
Table 'Hansa II' 9-max Seat #9 is the button
Seat 2: ziva79 ($5.81 in chips) 
Seat 3: Dorex2007 ($5.46 in chips) 
Seat 4: godfatherblessu ($4.43 in chips) 
Seat 5: Ossenberg ($5.05 in chips) 
Seat 6: lauraman ($5 in chips) 
Seat 7: draxx7141 ($4.40 in chips) 
Seat 8: 0RB BR0 ($3.25 in chips) 
Seat 9: gilsonfn ($5.85 in chips) 
ziva79: posts small blind $0.02
Dorex2007: posts big blind $0.05
*** HOLE CARDS ***
Dealt to Dorex2007 [7c 8d]
godfatherblessu: folds 
Ossenberg: folds 
lauraman: folds 
draxx7141: folds 
0RB BR0: folds 
gilsonfn: folds 
ziva79: calls $0.03
Dorex2007: checks 
*** FLOP *** [Kc 2s 2d]
ziva79: checks 
Dorex2007: checks 
*** TURN *** [Kc 2s 2d] [7d]
ziva79: checks 
Dorex2007: bets $0.07
ziva79: calls $0.07
*** RIVER *** [Kc 2s 2d 7d] [Ah]
ziva79: checks 
Dorex2007: checks 
*** SHOW DOWN ***
ziva79: shows [7s Qs] (two pair, Sevens and Deuces)
Dorex2007: shows [7c 8d] (two pair, Sevens and Deuces)
ziva79 collected $0.12 from pot
Dorex2007 collected $0.11 from pot
*** SUMMARY ***
Total pot $0.24 | Rake $0.01 
Board [Kc 2s 2d 7d Ah]
Seat 2: ziva79 (small blind) showed [7s Qs] and won ($0.12) with two pair, Sevens and Deuces
Seat 3: Dorex2007 (big blind) showed [7c 8d] and won ($0.11) with two pair, Sevens and Deuces
Seat 4: godfatherblessu folded before Flop (didn't bet)
Seat 5: Ossenberg folded before Flop (didn't bet)
Seat 6: lauraman folded before Flop (didn't bet)
Seat 7: draxx7141 folded before Flop (didn't bet)
Seat 8: 0RB BR0 folded before Flop (didn't bet)
Seat 9: gilsonfn (button) folded before Flop (didn't bet)



PokerStars Hand #238053943794:  Hold'em No Limit ($0.02/$0.05 USD) - 2022/08/17 15:10:05 PT [2022/08/17 18:10:05 ET]
Table 'Hansa II' 9-max Seat #2 is the button
Seat 2: ziva79 ($5.81 in chips) 
Seat 3: Dorex2007 ($5.45 in chips) 
Seat 4: godfatherblessu ($4.43 in chips) 
Seat 5: Ossenberg ($5.05 in chips) 
Seat 6: lauraman ($5 in chips) 
Seat 7: draxx7141 ($4.40 in chips) 
Seat 8: 0RB BR0 ($3.25 in chips) 
Seat 9: gilsonfn ($5.85 in chips) 
Dorex2007: posts small blind $0.02
godfatherblessu: posts big blind $0.05
Maria'sDad77: sits out 
*** HOLE CARDS ***
Dealt to Dorex2007 [Jc 9h]
Ossenberg: folds 
lauraman: folds 
draxx7141: folds 
0RB BR0: folds 
gilsonfn: folds 
ziva79: folds 
Dorex2007: folds 
Uncalled bet ($0.03) returned to godfatherblessu
godfatherblessu collected $0.04 from pot
godfatherblessu: doesn't show hand 
*** SUMMARY ***
Total pot $0.04 | Rake $0 
Seat 2: ziva79 (button) folded before Flop (didn't bet)
Seat 3: Dorex2007 (small blind) folded before Flop
Seat 4: godfatherblessu (big blind) collected ($0.04)
Seat 5: Ossenberg folded before Flop (didn't bet)
Seat 6: lauraman folded before Flop (didn't bet)
Seat 7: draxx7141 folded before Flop (didn't bet)
Seat 8: 0RB BR0 folded before Flop (didn't bet)
Seat 9: gilsonfn folded before Flop (didn't bet)



PokerStars Hand #238053947613:  Hold'em No Limit ($0.02/$0.05 USD) - 2022/08/17 15:10:17 PT [2022/08/17 18:10:17 ET]
Table 'Hansa II' 9-max Seat #3 is the button
Seat 2: ziva79 ($5.81 in chips) 
Seat 3: Dorex2007 ($5.43 in chips) 
Seat 4: godfatherblessu ($4.45 in chips) 
Seat 6: lauraman ($5 in chips) 
Seat 7: draxx7141 ($4.40 in chips) 
Seat 8: 0RB BR0 ($3.25 in chips) 
Seat 9: gilsonfn ($5.85 in chips) 
godfatherblessu: posts small blind $0.02
Ossenberg: is sitting out 
lauraman: posts big blind $0.05
Ossenberg leaves the table
Maria'sDad77: sits out 
*** HOLE CARDS ***
Dealt to Dorex2007 [Ac Kh]
draxx7141: folds 
0RB BR0: folds 
gilsonfn: folds 
ziva79: folds 
Dorex2007: raises $0.20 to $0.25
godfatherblessu: folds 
lauraman: folds 
Uncalled bet ($0.20) returned to Dorex2007
Dorex2007 collected $0.12 from pot
Dorex2007: doesn't show hand 
*** SUMMARY ***
Total pot $0.12 | Rake $0 
Seat 2: ziva79 folded before Flop (didn't bet)
Seat 3: Dorex2007 (button) collected ($0.12)
Seat 4: godfatherblessu (small blind) folded before Flop
Seat 6: lauraman (big blind) folded before Flop
Seat 7: draxx7141 folded before Flop (didn't bet)
Seat 8: 0RB BR0 folded before Flop (didn't bet)
Seat 9: gilsonfn folded before Flop (didn't bet)



PokerStars Hand #238053960333:  Hold'em No Limit ($0.02/$0.05 USD) - 2022/08/17 15:10:43 PT [2022/08/17 18:10:43 ET]
Table 'Hansa II' 9-max Seat #4 is the button
Seat 2: ziva79 ($5.81 in chips) 
Seat 3: Dorex2007 ($5.50 in chips) 
Seat 4: godfatherblessu ($4.43 in chips) 
Seat 6: lauraman ($4.95 in chips) 
Seat 7: draxx7141 ($4.40 in chips) 
Seat 8: 0RB BR0 ($3.25 in chips) 
Seat 9: gilsonfn ($5.85 in chips) 
lauraman: posts small blind $0.02
draxx7141: posts big blind $0.05
Maria'sDad77: sits out 
*** HOLE CARDS ***
Dealt to Dorex2007 [8s Th]
0RB BR0: folds 
gilsonfn: calls $0.05
ziva79: folds 
Dorex2007: folds 
godfatherblessu: folds 
lauraman: folds 
draxx7141: checks 
*** FLOP *** [6d Js 4h]
draxx7141: checks 
gilsonfn: checks 
*** TURN *** [6d Js 4h] [7c]
draxx7141: checks 
gilsonfn: checks 
*** RIVER *** [6d Js 4h 7c] [Ah]
draxx7141: checks 
gilsonfn: bets $0.12
draxx7141: folds 
Uncalled bet ($0.12) returned to gilsonfn
gilsonfn collected $0.12 from pot
gilsonfn: doesn't show hand 
*** SUMMARY ***
Total pot $0.12 | Rake $0 
Board [6d Js 4h 7c Ah]
Seat 2: ziva79 folded before Flop (didn't bet)
Seat 3: Dorex2007 folded before Flop (didn't bet)
Seat 4: godfatherblessu (button) folded before Flop (didn't bet)
Seat 6: lauraman (small blind) folded before Flop
Seat 7: draxx7141 (big blind) folded on the River
Seat 8: 0RB BR0 folded before Flop (didn't bet)
Seat 9: gilsonfn collected ($0.12)



PokerStars Hand #238053976677:  Hold'em No Limit ($0.02/$0.05 USD) - 2022/08/17 15:11:33 PT [2022/08/17 18:11:33 ET]
Table 'Hansa II' 9-max Seat #6 is the button
Seat 2: ziva79 ($5.81 in chips) 
Seat 3: Dorex2007 ($5.50 in chips) 
Seat 4: godfatherblessu ($4.43 in chips) 
Seat 6: lauraman ($4.93 in chips) 
Seat 7: draxx7141 ($4.35 in chips) 
Seat 8: 0RB BR0 ($3.25 in chips) 
Seat 9: gilsonfn ($5.92 in chips) 
draxx7141: posts small blind $0.02
0RB BR0: posts big blind $0.05
Maria'sDad77: sits out 
*** HOLE CARDS ***
Dealt to Dorex2007 [Tc 2s]
gilsonfn: folds 
ziva79: folds 
Dorex2007: folds 
godfatherblessu: folds 
lauraman: folds 
draxx7141: raises $0.10 to $0.15
0RB BR0: folds 
Uncalled bet ($0.10) returned to draxx7141
draxx7141 collected $0.10 from pot
draxx7141: doesn't show hand 
*** SUMMARY ***
Total pot $0.10 | Rake $0 
Seat 2: ziva79 folded before Flop (didn't bet)
Seat 3: Dorex2007 folded before Flop (didn't bet)
Seat 4: godfatherblessu folded before Flop (didn't bet)
Seat 6: lauraman (button) folded before Flop (didn't bet)
Seat 7: draxx7141 (small blind) collected ($0.10)
Seat 8: 0RB BR0 (big blind) folded before Flop
Seat 9: gilsonfn folded before Flop (didn't bet)



PokerStars Hand #238053986400:  Hold'em No Limit ($0.02/$0.05 USD) - 2022/08/17 15:12:02 PT [2022/08/17 18:12:02 ET]
Table 'Hansa II' 9-max Seat #7 is the button
Seat 2: ziva79 ($5.81 in chips) 
Seat 3: Dorex2007 ($5.50 in chips) 
Seat 4: godfatherblessu ($4.43 in chips) 
Seat 6: lauraman ($4.93 in chips) 
Seat 7: draxx7141 ($4.40 in chips) 
Seat 8: 0RB BR0 ($3.20 in chips) 
Seat 9: gilsonfn ($5.92 in chips) 
cretuuuu27 joins the table at seat #5 
0RB BR0: posts small blind $0.02
gilsonfn: posts big blind $0.05
Maria'sDad77: sits out 
*** HOLE CARDS ***
Dealt to Dorex2007 [Ts 3s]
ziva79: folds 
Dorex2007: folds 
godfatherblessu: folds 
lauraman: raises $0.10 to $0.15
draxx7141: folds 
0RB BR0: folds 
gilsonfn: folds 
Uncalled bet ($0.10) returned to lauraman
lauraman collected $0.12 from pot
lauraman: doesn't show hand 
*** SUMMARY ***
Total pot $0.12 | Rake $0 
Seat 2: ziva79 folded before Flop (didn't bet)
Seat 3: Dorex2007 folded before Flop (didn't bet)
Seat 4: godfatherblessu folded before Flop (didn't bet)
Seat 6: lauraman collected ($0.12)
Seat 7: draxx7141 (button) folded before Flop (didn't bet)
Seat 8: 0RB BR0 (small blind) folded before Flop
Seat 9: gilsonfn (big blind) folded before Flop



PokerStars Hand #238053992196:  Hold'em No Limit ($0.02/$0.05 USD) - 2022/08/17 15:12:20 PT [2022/08/17 18:12:20 ET]
Table 'Hansa II' 9-max Seat #8 is the button
Seat 1: Maria'sDad77 ($4 in chips) 
Seat 2: ziva79 ($5.81 in chips) 
Seat 3: Dorex2007 ($5.50 in chips) 
Seat 4: godfatherblessu ($4.43 in chips) 
Seat 6: lauraman ($5 in chips) 
Seat 7: draxx7141 ($4.40 in chips) 
Seat 8: 0RB BR0 ($3.18 in chips) 
Seat 9: gilsonfn ($5.87 in chips) 
gilsonfn: posts small blind $0.02
Maria'sDad77: posts big blind $0.05
cretuuuu27: sits out 
*** HOLE CARDS ***
Dealt to Dorex2007 [Th 3c]
ziva79: folds 
Dorex2007: folds 
godfatherblessu: folds 
lauraman: raises $0.10 to $0.15
draxx7141: folds 
0RB BR0: folds 
gilsonfn: folds 
Maria'sDad77: folds 
Uncalled bet ($0.10) returned to lauraman
lauraman collected $0.12 from pot
lauraman: doesn't show hand 
*** SUMMARY ***
Total pot $0.12 | Rake $0 
Seat 1: Maria'sDad77 (big blind) folded before Flop
Seat 2: ziva79 folded before Flop (didn't bet)
Seat 3: Dorex2007 folded before Flop (didn't bet)
Seat 4: godfatherblessu folded before Flop (didn't bet)
Seat 6: lauraman collected ($0.12)
Seat 7: draxx7141 folded before Flop (didn't bet)
Seat 8: 0RB BR0 (button) folded before Flop (didn't bet)
Seat 9: gilsonfn (small blind) folded before Flop



PokerStars Hand #238053997298:  Hold'em No Limit ($0.02/$0.05 USD) - 2022/08/17 15:12:35 PT [2022/08/17 18:12:35 ET]
Table 'Hansa II' 9-max Seat #9 is the button
Seat 1: Maria'sDad77 ($4 in chips) 
Seat 2: ziva79 ($5.81 in chips) 
Seat 3: Dorex2007 ($5.50 in chips) 
Seat 4: godfatherblessu ($4.43 in chips) 
Seat 6: lauraman ($5.07 in chips) 
Seat 7: draxx7141 ($4.40 in chips) 
Seat 8: 0RB BR0 ($3.18 in chips) 
Seat 9: gilsonfn ($5.85 in chips) 
Maria'sDad77: posts small blind $0.02
ziva79: posts big blind $0.05
cretuuuu27: sits out 
*** HOLE CARDS ***
Dealt to Dorex2007 [2h 2c]
Dorex2007: folds 
godfatherblessu: folds 
lauraman: folds 
draxx7141: calls $0.05
0RB BR0: folds 
gilsonfn: folds 
Maria'sDad77: folds 
ziva79: checks 
*** FLOP *** [Qh 8s Jd]
ziva79: checks 
draxx7141: checks 
*** TURN *** [Qh 8s Jd] [7d]
ziva79: checks 
draxx7141: bets $0.06
ziva79: calls $0.06
*** RIVER *** [Qh 8s Jd 7d] [7s]
ziva79: checks 
draxx7141: bets $0.23
ziva79: folds 
Uncalled bet ($0.23) returned to draxx7141
draxx7141 collected $0.23 from pot
draxx7141: doesn't show hand 
*** SUMMARY ***
Total pot $0.24 | Rake $0.01 
Board [Qh 8s Jd 7d 7s]
Seat 1: Maria'sDad77 (small blind) folded before Flop
Seat 2: ziva79 (big blind) folded on the River
Seat 3: Dorex2007 folded before Flop (didn't bet)
Seat 4: godfatherblessu folded before Flop (didn't bet)
Seat 6: lauraman folded before Flop (didn't bet)
Seat 7: draxx7141 collected ($0.23)
Seat 8: 0RB BR0 folded before Flop (didn't bet)
Seat 9: gilsonfn (button) folded before Flop (didn't bet)



PokerStars Hand #238054015042:  Hold'em No Limit ($0.02/$0.05 USD) - 2022/08/17 15:13:29 PT [2022/08/17 18:13:29 ET]
Table 'Hansa II' 9-max Seat #1 is the button
Seat 1: Maria'sDad77 ($4 in chips) 
Seat 2: ziva79 ($5.70 in chips) 
Seat 3: Dorex2007 ($5.50 in chips) 
Seat 4: godfatherblessu ($4.43 in chips) 
Seat 6: lauraman ($5.07 in chips) 
Seat 7: draxx7141 ($4.52 in chips) 
Seat 8: 0RB BR0 ($3.18 in chips) 
Seat 9: gilsonfn ($5.85 in chips) 
ziva79: posts small blind $0.02
Dorex2007: posts big blind $0.05
cretuuuu27: sits out 
*** HOLE CARDS ***
Dealt to Dorex2007 [Jd Jh]
godfatherblessu: folds 
lauraman: raises $0.10 to $0.15
draxx7141: folds 
0RB BR0: folds 
gilsonfn: folds 
Maria'sDad77: folds 
ziva79: folds 
Dorex2007: calls $0.10
*** FLOP *** [3d 9h 3c]
Dorex2007: bets $0.31
lauraman: calls $0.31
*** TURN *** [3d 9h 3c] [Ks]
Dorex2007: checks 
lauraman: checks 
*** RIVER *** [3d 9h 3c Ks] [3s]
Dorex2007: bets $0.15
lauraman: calls $0.15
*** SHOW DOWN ***
Dorex2007: shows [Jd Jh] (a full house, Threes full of Jacks)
lauraman: mucks hand 
Dorex2007 collected $1.19 from pot
*** SUMMARY ***
Total pot $1.24 | Rake $0.05 
Board [3d 9h 3c Ks 3s]
Seat 1: Maria'sDad77 (button) folded before Flop (didn't bet)
Seat 2: ziva79 (small blind) folded before Flop
Seat 3: Dorex2007 (big blind) showed [Jd Jh] and won ($1.19) with a full house, Threes full of Jacks
Seat 4: godfatherblessu folded before Flop (didn't bet)
Seat 6: lauraman mucked [7h 7s]
Seat 7: draxx7141 folded before Flop (didn't bet)
Seat 8: 0RB BR0 folded before Flop (didn't bet)
Seat 9: gilsonfn folded before Flop (didn't bet)



PokerStars Hand #238054032645:  Hold'em No Limit ($0.02/$0.05 USD) - 2022/08/17 15:14:23 PT [2022/08/17 18:14:23 ET]
Table 'Hansa II' 9-max Seat #2 is the button
Seat 1: Maria'sDad77 ($4 in chips) 
Seat 2: ziva79 ($5.68 in chips) 
Seat 3: Dorex2007 ($6.08 in chips) 
Seat 4: godfatherblessu ($4.43 in chips) 
Seat 5: cretuuuu27 ($4.94 in chips) 
Seat 6: lauraman ($4.46 in chips) 
Seat 7: draxx7141 ($4.52 in chips) 
Seat 8: 0RB BR0 ($3.18 in chips) 
Seat 9: gilsonfn ($5.85 in chips) 
Dorex2007: posts small blind $0.02
godfatherblessu: posts big blind $0.05
cretuuuu27: posts big blind $0.05
*** HOLE CARDS ***
Dealt to Dorex2007 [8c 7s]
cretuuuu27: checks 
lauraman: folds 
draxx7141: folds 
0RB BR0: folds 
gilsonfn: folds 
Maria'sDad77: folds 
ziva79: folds 
Dorex2007: folds 
godfatherblessu: checks 
*** FLOP *** [3h Qd Kh]
godfatherblessu: checks 
cretuuuu27: checks 
*** TURN *** [3h Qd Kh] [3d]
godfatherblessu: checks 
cretuuuu27: checks 
*** RIVER *** [3h Qd Kh 3d] [Qs]
godfatherblessu: checks 
cretuuuu27: checks 
*** SHOW DOWN ***
godfatherblessu: shows [2d Jc] (two pair, Queens and Threes)
cretuuuu27: shows [9s 5d] (two pair, Queens and Threes)
godfatherblessu collected $0.06 from pot
cretuuuu27 collected $0.06 from pot
*** SUMMARY ***
Total pot $0.12 | Rake $0 
Board [3h Qd Kh 3d Qs]
Seat 1: Maria'sDad77 folded before Flop (didn't bet)
Seat 2: ziva79 (button) folded before Flop (didn't bet)
Seat 3: Dorex2007 (small blind) folded before Flop
Seat 4: godfatherblessu (big blind) showed [2d Jc] and won ($0.06) with two pair, Queens and Threes
Seat 5: cretuuuu27 showed [9s 5d] and won ($0.06) with two pair, Queens and Threes
Seat 6: lauraman folded before Flop (didn't bet)
Seat 7: draxx7141 folded before Flop (didn't bet)
Seat 8: 0RB BR0 folded before Flop (didn't bet)
Seat 9: gilsonfn folded before Flop (didn't bet)



PokerStars Hand #238054055220:  Hold'em No Limit ($0.02/$0.05 USD) - 2022/08/17 15:15:15 PT [2022/08/17 18:15:15 ET]
Table 'Hansa II' 9-max Seat #3 is the button
Seat 1: Maria'sDad77 ($4 in chips) 
Seat 2: ziva79 ($5.68 in chips) 
Seat 3: Dorex2007 ($6.06 in chips) 
Seat 4: godfatherblessu ($4.44 in chips) 
Seat 5: cretuuuu27 ($4.95 in chips) 
Seat 6: lauraman ($5 in chips) 
Seat 7: draxx7141 ($4.52 in chips) 
Seat 8: 0RB BR0 ($3.18 in chips) 
Seat 9: gilsonfn ($5.85 in chips) 
godfatherblessu: posts small blind $0.02
cretuuuu27: posts big blind $0.05
*** HOLE CARDS ***
Dealt to Dorex2007 [Ks 9h]
lauraman: raises $0.10 to $0.15
draxx7141: calls $0.15
0RB BR0: folds 
gilsonfn: folds 
Maria'sDad77: folds 
ziva79: calls $0.15
Dorex2007: folds 
godfatherblessu: folds 
cretuuuu27: folds 
*** FLOP *** [2h 3h 4d]
lauraman: checks 
draxx7141: checks 
ziva79: checks 
*** TURN *** [2h 3h 4d] [Jd]
lauraman: bets $0.25
draxx7141: calls $0.25
ziva79: folds 
*** RIVER *** [2h 3h 4d Jd] [2d]
lauraman: bets $0.50
draxx7141: folds 
Uncalled bet ($0.50) returned to lauraman
lauraman collected $0.98 from pot
lauraman: doesn't show hand 
*** SUMMARY ***
Total pot $1.02 | Rake $0.04 
Board [2h 3h 4d Jd 2d]
Seat 1: Maria'sDad77 folded before Flop (didn't bet)
Seat 2: ziva79 folded on the Turn
Seat 3: Dorex2007 (button) folded before Flop (didn't bet)
Seat 4: godfatherblessu (small blind) folded before Flop
Seat 5: cretuuuu27 (big blind) folded before Flop
Seat 6: lauraman collected ($0.98)
Seat 7: draxx7141 folded on the River
Seat 8: 0RB BR0 folded before Flop (didn't bet)
Seat 9: gilsonfn folded before Flop (didn't bet)



PokerStars Hand #238054076056:  Hold'em No Limit ($0.02/$0.05 USD) - 2022/08/17 15:16:18 PT [2022/08/17 18:16:18 ET]
Table 'Hansa II' 9-max Seat #4 is the button
Seat 1: Maria'sDad77 ($4 in chips) 
Seat 2: ziva79 ($5.53 in chips) 
Seat 3: Dorex2007 ($6.06 in chips) 
Seat 4: godfatherblessu ($4.42 in chips) 
Seat 5: cretuuuu27 ($4.90 in chips) 
Seat 6: lauraman ($5.58 in chips) 
Seat 7: draxx7141 ($4.12 in chips) 
Seat 8: 0RB BR0 ($3.18 in chips) 
Seat 9: gilsonfn ($5.85 in chips) 
cretuuuu27: posts small blind $0.02
lauraman: posts big blind $0.05
*** HOLE CARDS ***
Dealt to Dorex2007 [Kh Kc]
draxx7141: folds 
0RB BR0: calls $0.05
gilsonfn: folds 
Maria'sDad77: folds 
ziva79: folds 
Dorex2007: raises $0.10 to $0.15
godfatherblessu: calls $0.15
cretuuuu27: folds 
lauraman: folds 
0RB BR0: calls $0.10
*** FLOP *** [7s 9d Js]
0RB BR0: bets $0.15
Dorex2007: raises $0.80 to $0.95
godfatherblessu: raises $3.32 to $4.27 and is all-in
0RB BR0: calls $2.88 and is all-in
Dorex2007: calls $3.32
godfatherblessu has timed out
*** TURN *** [7s 9d Js] [As]
*** RIVER *** [7s 9d Js As] [5c]
*** SHOW DOWN ***
Dorex2007: shows [Kh Kc] (a pair of Kings)
godfatherblessu: shows [Ts Ks] (a flush, Ace high)
godfatherblessu collected $2.38 from side pot
0RB BR0: shows [Jd Jh] (three of a kind, Jacks)
godfatherblessu collected $9.21 from main pot
Dorex2007 cashed out the hand for $1.36 | Cash Out Fee $0.01
*** SUMMARY ***
Total pot $12.09 Main pot $9.21. Side pot $2.38. | Rake $0.50 
Board [7s 9d Js As 5c]
Seat 1: Maria'sDad77 folded before Flop (didn't bet)
Seat 2: ziva79 folded before Flop (didn't bet)
Seat 3: Dorex2007 showed [Kh Kc] and lost with a pair of Kings (cashed out).
Seat 4: godfatherblessu (button) showed [Ts Ks] and won ($11.59) with a flush, Ace high
Seat 5: cretuuuu27 (small blind) folded before Flop
Seat 6: lauraman (big blind) folded before Flop
Seat 7: draxx7141 folded before Flop (didn't bet)
Seat 8: 0RB BR0 showed [Jd Jh] and lost with three of a kind, Jacks
Seat 9: gilsonfn folded before Flop (didn't bet)



PokerStars Hand #238054105698:  Hold'em No Limit ($0.02/$0.05 USD) - 2022/08/17 15:17:49 PT [2022/08/17 18:17:49 ET]
Table 'Hansa II' 9-max Seat #5 is the button
Seat 1: Maria'sDad77 ($4 in chips) 
Seat 2: ziva79 ($5.53 in chips) 
Seat 3: Dorex2007 ($5 in chips) 
Seat 4: godfatherblessu ($11.59 in chips) 
Seat 5: cretuuuu27 ($4.88 in chips) 
Seat 6: lauraman ($5.53 in chips) 
Seat 7: draxx7141 ($4.12 in chips) 
Seat 9: gilsonfn ($5.85 in chips) 
lauraman: posts small blind $0.02
draxx7141: posts big blind $0.05
*** HOLE CARDS ***
Dealt to Dorex2007 [Qd 3h]
gilsonfn: folds 
Maria'sDad77: folds 
ziva79: folds 
Dorex2007: folds 
godfatherblessu: folds 
cretuuuu27: folds 
lauraman: folds 
Uncalled bet ($0.03) returned to draxx7141
draxx7141 collected $0.04 from pot
draxx7141: doesn't show hand 
*** SUMMARY ***
Total pot $0.04 | Rake $0 
Seat 1: Maria'sDad77 folded before Flop (didn't bet)
Seat 2: ziva79 folded before Flop (didn't bet)
Seat 3: Dorex2007 folded before Flop (didn't bet)
Seat 4: godfatherblessu folded before Flop (didn't bet)
Seat 5: cretuuuu27 (button) folded before Flop (didn't bet)
Seat 6: lauraman (small blind) folded before Flop
Seat 7: draxx7141 (big blind) collected ($0.04)
Seat 9: gilsonfn folded before Flop (didn't bet)



PokerStars Hand #238054111347:  Hold'em No Limit ($0.02/$0.05 USD) - 2022/08/17 15:18:06 PT [2022/08/17 18:18:06 ET]
Table 'Hansa II' 9-max Seat #6 is the button
Seat 1: Maria'sDad77 ($4 in chips) 
Seat 2: ziva79 ($5.53 in chips) 
Seat 3: Dorex2007 ($5 in chips) 
Seat 4: godfatherblessu ($11.59 in chips) 
Seat 5: cretuuuu27 ($4.88 in chips) 
Seat 6: lauraman ($5.51 in chips) 
Seat 7: draxx7141 ($4.14 in chips) 
Seat 8: 0RB BR0 ($5 in chips) 
Seat 9: gilsonfn ($5.85 in chips) 
draxx7141: posts small blind $0.02
0RB BR0: posts big blind $0.05
*** HOLE CARDS ***
Dealt to Dorex2007 [As 8s]
gilsonfn: folds 
Maria'sDad77: folds 
ziva79: folds 
Dorex2007: raises $0.10 to $0.15
godfatherblessu: calls $0.15
cretuuuu27: raises $4.73 to $4.88 and is all-in
lauraman: folds 
ziva79 leaves the table
draxx7141: folds 
0RB BR0: folds 
Dorex2007: folds 
godfatherblessu: folds 
Uncalled bet ($4.73) returned to cretuuuu27
cretuuuu27 collected $0.52 from pot
*** SUMMARY ***
Total pot $0.52 | Rake $0 
Seat 1: Maria'sDad77 folded before Flop (didn't bet)
Seat 2: ziva79 folded before Flop (didn't bet)
Seat 3: Dorex2007 folded before Flop
Seat 4: godfatherblessu folded before Flop
Seat 5: cretuuuu27 collected ($0.52)
Seat 6: lauraman (button) folded before Flop (didn't bet)
Seat 7: draxx7141 (small blind) folded before Flop
Seat 8: 0RB BR0 (big blind) folded before Flop
Seat 9: gilsonfn folded before Flop (didn't bet)



PokerStars Hand #238054122759:  Hold'em No Limit ($0.02/$0.05 USD) - 2022/08/17 15:18:42 PT [2022/08/17 18:18:42 ET]
Table 'Hansa II' 9-max Seat #7 is the button
Seat 1: Maria'sDad77 ($4 in chips) 
Seat 3: Dorex2007 ($5 in chips) 
Seat 4: godfatherblessu ($11.44 in chips) 
Seat 5: cretuuuu27 ($5.25 in chips) 
Seat 6: lauraman ($5.51 in chips) 
Seat 7: draxx7141 ($4.12 in chips) 
Seat 8: 0RB BR0 ($4.95 in chips) 
Seat 9: gilsonfn ($5.85 in chips) 
0RB BR0: posts small blind $0.02
gilsonfn: posts big blind $0.05
*** HOLE CARDS ***
Dealt to Dorex2007 [Td 5s]
Maria'sDad77: folds 
Dorex2007: folds 
godfatherblessu: folds 
cretuuuu27: folds 
lauraman: folds 
draxx7141: folds 
draxx7141 leaves the table
0RB BR0: folds 
Uncalled bet ($0.03) returned to gilsonfn
gilsonfn collected $0.04 from pot
gilsonfn: doesn't show hand 
*** SUMMARY ***
Total pot $0.04 | Rake $0 
Seat 1: Maria'sDad77 folded before Flop (didn't bet)
Seat 3: Dorex2007 folded before Flop (didn't bet)
Seat 4: godfatherblessu folded before Flop (didn't bet)
Seat 5: cretuuuu27 folded before Flop (didn't bet)
Seat 6: lauraman folded before Flop (didn't bet)
Seat 7: draxx7141 (button) folded before Flop (didn't bet)
Seat 8: 0RB BR0 (small blind) folded before Flop
Seat 9: gilsonfn (big blind) collected ($0.04)



PokerStars Hand #238054132174:  Hold'em No Limit ($0.02/$0.05 USD) - 2022/08/17 15:19:03 PT [2022/08/17 18:19:03 ET]
Table 'Hansa II' 9-max Seat #8 is the button
Seat 1: Maria'sDad77 ($4 in chips) 
Seat 3: Dorex2007 ($5 in chips) 
Seat 4: godfatherblessu ($11.44 in chips) 
Seat 5: cretuuuu27 ($5.25 in chips) 
Seat 6: lauraman ($5.51 in chips) 
Seat 8: 0RB BR0 ($4.93 in chips) 
Seat 9: gilsonfn ($5.87 in chips) 
gilsonfn: posts small blind $0.02
Maria'sDad77: posts big blind $0.05
*** HOLE CARDS ***
Dealt to Dorex2007 [Td 5s]
Dorex2007: folds 
godfatherblessu: folds 
cretuuuu27: raises $0.15 to $0.20
lauraman: folds 
0RB BR0: folds 
gilsonfn: folds 
Maria'sDad77: folds 
Uncalled bet ($0.15) returned to cretuuuu27
cretuuuu27 collected $0.12 from pot
*** SUMMARY ***
Total pot $0.12 | Rake $0 
Seat 1: Maria'sDad77 (big blind) folded before Flop
Seat 3: Dorex2007 folded before Flop (didn't bet)
Seat 4: godfatherblessu folded before Flop (didn't bet)
Seat 5: cretuuuu27 collected ($0.12)
Seat 6: lauraman folded before Flop (didn't bet)
Seat 8: 0RB BR0 (button) folded before Flop (didn't bet)
Seat 9: gilsonfn (small blind) folded before Flop



PokerStars Hand #238054138185:  Hold'em No Limit ($0.02/$0.05 USD) - 2022/08/17 15:19:22 PT [2022/08/17 18:19:22 ET]
Table 'Hansa II' 9-max Seat #9 is the button
Seat 1: Maria'sDad77 ($4 in chips) 
Seat 3: Dorex2007 ($5 in chips) 
Seat 4: godfatherblessu ($11.44 in chips) 
Seat 5: cretuuuu27 ($5.32 in chips) 
Seat 6: lauraman ($5.51 in chips) 
Seat 8: 0RB BR0 ($4.93 in chips) 
Seat 9: gilsonfn ($5.85 in chips) 
Maria'sDad77: posts small blind $0.02
Dorex2007: posts big blind $0.05
*** HOLE CARDS ***
Dealt to Dorex2007 [Jc Tc]
godfatherblessu: folds 
cretuuuu27: raises $0.10 to $0.15
lauraman: folds 
0RB BR0: folds 
gilsonfn: folds 
Maria'sDad77: calls $0.13
Dorex2007: calls $0.10
*** FLOP *** [7s 2s 5d]
Maria'sDad77: checks 
Dorex2007: checks 
cretuuuu27: checks 
*** TURN *** [7s 2s 5d] [Qc]
Maria'sDad77: bets $0.31
Dorex2007: folds 
cretuuuu27: folds 
Uncalled bet ($0.31) returned to Maria'sDad77
Maria'sDad77 collected $0.43 from pot
*** SUMMARY ***
Total pot $0.45 | Rake $0.02 
Board [7s 2s 5d Qc]
Seat 1: Maria'sDad77 (small blind) collected ($0.43)
Seat 3: Dorex2007 (big blind) folded on the Turn
Seat 4: godfatherblessu folded before Flop (didn't bet)
Seat 5: cretuuuu27 folded on the Turn
Seat 6: lauraman folded before Flop (didn't bet)
Seat 8: 0RB BR0 folded before Flop (didn't bet)
Seat 9: gilsonfn (button) folded before Flop (didn't bet)



PokerStars Hand #238054152897:  Hold'em No Limit ($0.02/$0.05 USD) - 2022/08/17 15:20:08 PT [2022/08/17 18:20:08 ET]
Table 'Hansa II' 9-max Seat #1 is the button
Seat 1: Maria'sDad77 ($4.28 in chips) 
Seat 3: Dorex2007 ($5 in chips) 
Seat 4: godfatherblessu ($11.44 in chips) 
Seat 5: cretuuuu27 ($5.17 in chips) 
Seat 6: lauraman ($5.51 in chips) 
Seat 8: 0RB BR0 ($4.93 in chips) 
Seat 9: gilsonfn ($5.85 in chips) 
Dorex2007: posts small blind $0.02
godfatherblessu: posts big blind $0.05
*** HOLE CARDS ***
Dealt to Dorex2007 [4d Kc]
cretuuuu27: raises $0.10 to $0.15
lauraman: folds 
0RB BR0: calls $0.15
gilsonfn: folds 
Maria'sDad77: folds 
Dorex2007: folds 
godfatherblessu: calls $0.10
*** FLOP *** [9c 5d 7h]
godfatherblessu: checks 
cretuuuu27: checks 
0RB BR0: bets $0.22
godfatherblessu: calls $0.22
cretuuuu27: folds 
*** TURN *** [9c 5d 7h] [Ah]
godfatherblessu: checks 
0RB BR0: checks 
*** RIVER *** [9c 5d 7h Ah] [8h]
godfatherblessu: checks 
0RB BR0: checks 
*** SHOW DOWN ***
godfatherblessu: shows [6c 8s] (a straight, Five to Nine)
0RB BR0: mucks hand 
godfatherblessu collected $0.87 from pot
*** SUMMARY ***
Total pot $0.91 | Rake $0.04 
Board [9c 5d 7h Ah 8h]
Seat 1: Maria'sDad77 (button) folded before Flop (didn't bet)
Seat 3: Dorex2007 (small blind) folded before Flop
Seat 4: godfatherblessu (big blind) showed [6c 8s] and won ($0.87) with a straight, Five to Nine
Seat 5: cretuuuu27 folded on the Flop
Seat 6: lauraman folded before Flop (didn't bet)
Seat 8: 0RB BR0 mucked [Jd Jc]
Seat 9: gilsonfn folded before Flop (didn't bet)



PokerStars Hand #238054165109:  Hold'em No Limit ($0.02/$0.05 USD) - 2022/08/17 15:20:46 PT [2022/08/17 18:20:46 ET]
Table 'Hansa II' 9-max Seat #3 is the button
Seat 1: Maria'sDad77 ($4.28 in chips) 
Seat 3: Dorex2007 ($5 in chips) 
Seat 4: godfatherblessu ($11.94 in chips) 
Seat 5: cretuuuu27 ($5.02 in chips) 
Seat 6: lauraman ($5.51 in chips) 
Seat 8: 0RB BR0 ($4.56 in chips) 
Seat 9: gilsonfn ($5.85 in chips) 
godfatherblessu: posts small blind $0.02
cretuuuu27: posts big blind $0.05
*** HOLE CARDS ***
Dealt to Dorex2007 [2c Qh]
lauraman: folds 
0RB BR0: folds 
gilsonfn: calls $0.05
Maria'sDad77 has timed out
Maria'sDad77: folds 
Dorex2007: folds 
godfatherblessu: calls $0.03
cretuuuu27: checks 
*** FLOP *** [8d 8c 2h]
godfatherblessu: checks 
cretuuuu27: checks 
gilsonfn: checks 
*** TURN *** [8d 8c 2h] [Th]
godfatherblessu: checks 
cretuuuu27: checks 
gilsonfn: checks 
*** RIVER *** [8d 8c 2h Th] [7d]
godfatherblessu: checks 
cretuuuu27: checks 
gilsonfn: checks 
*** SHOW DOWN ***
godfatherblessu: shows [2d 3d] (two pair, Eights and Deuces)
cretuuuu27: shows [6c 7h] (two pair, Eights and Sevens)
gilsonfn: mucks hand 
cretuuuu27 collected $0.14 from pot
*** SUMMARY ***
Total pot $0.15 | Rake $0.01 
Board [8d 8c 2h Th 7d]
Seat 1: Maria'sDad77 folded before Flop (didn't bet)
Seat 3: Dorex2007 (button) folded before Flop (didn't bet)
Seat 4: godfatherblessu (small blind) showed [2d 3d] and lost with two pair, Eights and Deuces
Seat 5: cretuuuu27 (big blind) showed [6c 7h] and won ($0.14) with two pair, Eights and Sevens
Seat 6: lauraman folded before Flop (didn't bet)
Seat 8: 0RB BR0 folded before Flop (didn't bet)
Seat 9: gilsonfn mucked [As 6s]



PokerStars Hand #238054180715:  Hold'em No Limit ($0.02/$0.05 USD) - 2022/08/17 15:21:35 PT [2022/08/17 18:21:35 ET]
Table 'Hansa II' 9-max Seat #4 is the button
Seat 1: Maria'sDad77 ($4.28 in chips) 
Seat 3: Dorex2007 ($5 in chips) 
Seat 4: godfatherblessu ($11.89 in chips) 
Seat 5: cretuuuu27 ($5.11 in chips) 
Seat 6: lauraman ($5.51 in chips) 
Seat 8: 0RB BR0 ($4.56 in chips) 
Seat 9: gilsonfn ($5.80 in chips) 
cretuuuu27: posts small blind $0.02
lauraman: posts big blind $0.05
*** HOLE CARDS ***
Dealt to Dorex2007 [2h Ac]
0RB BR0: calls $0.05
gilsonfn: folds 
Maria'sDad77: folds 
Dorex2007: folds 
godfatherblessu: folds 
cretuuuu27: raises $0.10 to $0.15
lauraman: folds 
0RB BR0: calls $0.10
*** FLOP *** [Kc Js Ts]
cretuuuu27: checks 
0RB BR0: bets $0.17
cretuuuu27: raises $0.27 to $0.44
0RB BR0: calls $0.27
*** TURN *** [Kc Js Ts] [Td]
cretuuuu27: bets $4.52 and is all-in
0RB BR0: folds 
Uncalled bet ($4.52) returned to cretuuuu27
cretuuuu27 collected $1.18 from pot
*** SUMMARY ***
Total pot $1.23 | Rake $0.05 
Board [Kc Js Ts Td]
Seat 1: Maria'sDad77 folded before Flop (didn't bet)
Seat 3: Dorex2007 folded before Flop (didn't bet)
Seat 4: godfatherblessu (button) folded before Flop (didn't bet)
Seat 5: cretuuuu27 (small blind) collected ($1.18)
Seat 6: lauraman (big blind) folded before Flop
Seat 8: 0RB BR0 folded on the Turn
Seat 9: gilsonfn folded before Flop (didn't bet)



PokerStars Hand #238054191911:  Hold'em No Limit ($0.02/$0.05 USD) - 2022/08/17 15:22:09 PT [2022/08/17 18:22:09 ET]
Table 'Hansa II' 9-max Seat #5 is the button
Seat 1: Maria'sDad77 ($4.28 in chips) 
Seat 3: Dorex2007 ($5 in chips) 
Seat 4: godfatherblessu ($11.89 in chips) 
Seat 5: cretuuuu27 ($5.70 in chips) 
Seat 6: lauraman ($5.46 in chips) 
Seat 8: 0RB BR0 ($3.97 in chips) 
Seat 9: gilsonfn ($5.80 in chips) 
lauraman: posts small blind $0.02
0RB BR0: posts big blind $0.05
*** HOLE CARDS ***
Dealt to Dorex2007 [Qd 8h]
gilsonfn: folds 
Maria'sDad77: folds 
Dorex2007: folds 
godfatherblessu: raises $0.10 to $0.15
cretuuuu27: raises $0.10 to $0.25
lauraman: folds 
0RB BR0: folds 
godfatherblessu: calls $0.10
*** FLOP *** [9h 7h Qc]
godfatherblessu: checks 
cretuuuu27: checks 
*** TURN *** [9h 7h Qc] [5d]
godfatherblessu: checks 
cretuuuu27: bets $0.25
godfatherblessu: folds 
Uncalled bet ($0.25) returned to cretuuuu27
cretuuuu27 collected $0.55 from pot
*** SUMMARY ***
Total pot $0.57 | Rake $0.02 
Board [9h 7h Qc 5d]
Seat 1: Maria'sDad77 folded before Flop (didn't bet)
Seat 3: Dorex2007 folded before Flop (didn't bet)
Seat 4: godfatherblessu folded on the Turn
Seat 5: cretuuuu27 (button) collected ($0.55)
Seat 6: lauraman (small blind) folded before Flop
Seat 8: 0RB BR0 (big blind) folded before Flop
Seat 9: gilsonfn folded before Flop (didn't bet)



PokerStars Hand #238054207334:  Hold'em No Limit ($0.02/$0.05 USD) - 2022/08/17 15:22:43 PT [2022/08/17 18:22:43 ET]
Table 'Hansa II' 9-max Seat #6 is the button
Seat 1: Maria'sDad77 ($4.28 in chips) 
Seat 3: Dorex2007 ($5 in chips) 
Seat 4: godfatherblessu ($11.64 in chips) 
Seat 5: cretuuuu27 ($6 in chips) 
Seat 6: lauraman ($5.44 in chips) 
Seat 8: 0RB BR0 ($3.92 in chips) 
Seat 9: gilsonfn ($5.80 in chips) 
0RB BR0: posts small blind $0.02
gilsonfn: posts big blind $0.05
*** HOLE CARDS ***
Dealt to Dorex2007 [Qh 8c]
Maria'sDad77: folds 
Dorex2007: folds 
godfatherblessu: folds 
cretuuuu27: folds 
cretuuuu27 leaves the table
lauraman: raises $0.10 to $0.15
0RB BR0: folds 
gilsonfn: folds 
Uncalled bet ($0.10) returned to lauraman
lauraman collected $0.12 from pot
lauraman: doesn't show hand 
*** SUMMARY ***
Total pot $0.12 | Rake $0 
Seat 1: Maria'sDad77 folded before Flop (didn't bet)
Seat 3: Dorex2007 folded before Flop (didn't bet)
Seat 4: godfatherblessu folded before Flop (didn't bet)
Seat 5: cretuuuu27 folded before Flop (didn't bet)
Seat 6: lauraman (button) collected ($0.12)
Seat 8: 0RB BR0 (small blind) folded before Flop
Seat 9: gilsonfn (big blind) folded before Flop



PokerStars Hand #238054214336:  Hold'em No Limit ($0.02/$0.05 USD) - 2022/08/17 15:23:04 PT [2022/08/17 18:23:04 ET]
Table 'Hansa II' 9-max Seat #8 is the button
Seat 1: Maria'sDad77 ($4.28 in chips) 
Seat 3: Dorex2007 ($5 in chips) 
Seat 4: godfatherblessu ($11.64 in chips) 
Seat 6: lauraman ($5.51 in chips) 
Seat 8: 0RB BR0 ($4.98 in chips) 
Seat 9: gilsonfn ($5.75 in chips) 
gilsonfn: posts small blind $0.02
Maria'sDad77: posts big blind $0.05
*** HOLE CARDS ***
Dealt to Dorex2007 [6s 3h]
Dorex2007: folds 
godfatherblessu: raises $0.05 to $0.10
lauraman: folds 
0RB BR0: folds 
gilsonfn: folds 
Maria'sDad77: folds 
Uncalled bet ($0.05) returned to godfatherblessu
godfatherblessu collected $0.12 from pot
godfatherblessu: doesn't show hand 
*** SUMMARY ***
Total pot $0.12 | Rake $0 
Seat 1: Maria'sDad77 (big blind) folded before Flop
Seat 3: Dorex2007 folded before Flop (didn't bet)
Seat 4: godfatherblessu collected ($0.12)
Seat 6: lauraman folded before Flop (didn't bet)
Seat 8: 0RB BR0 (button) folded before Flop (didn't bet)
Seat 9: gilsonfn (small blind) folded before Flop



PokerStars Hand #238054217912:  Hold'em No Limit ($0.02/$0.05 USD) - 2022/08/17 15:23:15 PT [2022/08/17 18:23:15 ET]
Table 'Hansa II' 9-max Seat #9 is the button
Seat 1: Maria'sDad77 ($4.23 in chips) 
Seat 3: Dorex2007 ($5 in chips) 
Seat 4: godfatherblessu ($11.71 in chips) 
Seat 6: lauraman ($5.51 in chips) 
Seat 8: 0RB BR0 ($4.98 in chips) 
Seat 9: gilsonfn ($5.73 in chips) 
Maria'sDad77: posts small blind $0.02
Dorex2007: posts big blind $0.05
*** HOLE CARDS ***
Dealt to Dorex2007 [2h 8s]
godfatherblessu: folds 
godfatherblessu leaves the table
lauraman: folds 
0RB BR0: folds 
gilsonfn: folds 
Maria'sDad77: folds 
Uncalled bet ($0.03) returned to Dorex2007
Dorex2007 collected $0.04 from pot
Dorex2007: doesn't show hand 
*** SUMMARY ***
Total pot $0.04 | Rake $0 
Seat 1: Maria'sDad77 (small blind) folded before Flop
Seat 3: Dorex2007 (big blind) collected ($0.04)
Seat 4: godfatherblessu folded before Flop (didn't bet)
Seat 6: lauraman folded before Flop (didn't bet)
Seat 8: 0RB BR0 folded before Flop (didn't bet)
Seat 9: gilsonfn (button) folded before Flop (didn't bet)



PokerStars Hand #238054224300:  Hold'em No Limit ($0.02/$0.05 USD) - 2022/08/17 15:23:35 PT [2022/08/17 18:23:35 ET]
Table 'Hansa II' 9-max Seat #1 is the button
Seat 1: Maria'sDad77 ($4.21 in chips) 
Seat 3: Dorex2007 ($5.02 in chips) 
Seat 6: lauraman ($5.51 in chips) 
Seat 8: 0RB BR0 ($4.98 in chips) 
Seat 9: gilsonfn ($5.73 in chips) 
Dorex2007: posts small blind $0.02
lauraman: posts big blind $0.05
*** HOLE CARDS ***
Dealt to Dorex2007 [5h 7s]
0RB BR0: raises $0.10 to $0.15
gilsonfn: folds 
Maria'sDad77: folds 
Dorex2007: folds 
lauraman: folds 
Uncalled bet ($0.10) returned to 0RB BR0
mandeelee124 joins the table at seat #2 
0RB BR0 collected $0.12 from pot
*** SUMMARY ***
Total pot $0.12 | Rake $0 
Seat 1: Maria'sDad77 (button) folded before Flop (didn't bet)
Seat 3: Dorex2007 (small blind) folded before Flop
Seat 6: lauraman (big blind) folded before Flop
Seat 8: 0RB BR0 collected ($0.12)
Seat 9: gilsonfn folded before Flop (didn't bet)



