PokerStars Hand #237631565477:  Hold'em No Limit ($0.02/$0.05 USD) - 2022/07/27 18:47:28 PT [2022/07/27 21:47:28 ET]
Table 'Mette' 9-max Seat #8 is the button
Seat 1: Dorex2007 ($5 in chips) 
Seat 2: Kallem28 ($4.61 in chips) 
Seat 3: Pablota1986 ($5.97 in chips) 
Seat 4: CasinoReal46 ($2.58 in chips) 
Seat 5: shakadevirgo90 ($0.57 in chips) 
Seat 6: Woodie YUL ($8.06 in chips) 
Seat 7: vlasyk2017 ($5.80 in chips) 
Seat 8: gmitoi ($5.15 in chips) 
Seat 9: jvcadore197 ($6.50 in chips) 
jvcadore197: posts small blind $0.02
Dorex2007: posts big blind $0.05
*** HOLE CARDS ***
Dealt to Dorex2007 [3s 6d]
Kallem28: raises $0.15 to $0.20
Pablota1986: folds 
CasinoReal46: folds 
shakadevirgo90: folds 
Woodie YUL: folds 
vlasyk2017: folds 
gmitoi: folds 
jvcadore197: folds 
Dorex2007: folds 
Uncalled bet ($0.15) returned to Kallem28
Kallem28 collected $0.12 from pot
Kallem28: doesn't show hand 
*** SUMMARY ***
Total pot $0.12 | Rake $0 
Seat 1: Dorex2007 (big blind) folded before Flop
Seat 2: Kallem28 collected ($0.12)
Seat 3: Pablota1986 folded before Flop (didn't bet)
Seat 4: CasinoReal46 folded before Flop (didn't bet)
Seat 5: shakadevirgo90 folded before Flop (didn't bet)
Seat 6: Woodie YUL folded before Flop (didn't bet)
Seat 7: vlasyk2017 folded before Flop (didn't bet)
Seat 8: gmitoi (button) folded before Flop (didn't bet)
Seat 9: jvcadore197 (small blind) folded before Flop



PokerStars Hand #237631573751:  Hold'em No Limit ($0.02/$0.05 USD) - 2022/07/27 18:48:09 PT [2022/07/27 21:48:09 ET]
Table 'Mette' 9-max Seat #9 is the button
Seat 1: Dorex2007 ($5 in chips) 
Seat 2: Kallem28 ($4.68 in chips) 
Seat 3: Pablota1986 ($5.97 in chips) 
Seat 4: CasinoReal46 ($2.58 in chips) 
Seat 5: shakadevirgo90 ($0.57 in chips) 
Seat 6: Woodie YUL ($8.06 in chips) 
Seat 7: vlasyk2017 ($5.80 in chips) 
Seat 8: gmitoi ($5.15 in chips) 
Seat 9: jvcadore197 ($6.48 in chips) 
Dorex2007: posts small blind $0.02
Kallem28: posts big blind $0.05
*** HOLE CARDS ***
Dealt to Dorex2007 [5d 4h]
Pablota1986: folds 
CasinoReal46: folds 
shakadevirgo90 has timed out
shakadevirgo90: folds 
Woodie YUL: folds 
vlasyk2017: folds 
gmitoi: folds 
jvcadore197: raises $0.05 to $0.10
Dorex2007: folds 
Kallem28: raises $0.20 to $0.30
jvcadore197: calls $0.20
*** FLOP *** [Kh 5h 9h]
Kallem28: checks 
jvcadore197: bets $0.15
Kallem28: folds 
Uncalled bet ($0.15) returned to jvcadore197
jvcadore197 collected $0.59 from pot
jvcadore197: doesn't show hand 
*** SUMMARY ***
Total pot $0.62 | Rake $0.03 
Board [Kh 5h 9h]
Seat 1: Dorex2007 (small blind) folded before Flop
Seat 2: Kallem28 (big blind) folded on the Flop
Seat 3: Pablota1986 folded before Flop (didn't bet)
Seat 4: CasinoReal46 folded before Flop (didn't bet)
Seat 5: shakadevirgo90 folded before Flop (didn't bet)
Seat 6: Woodie YUL folded before Flop (didn't bet)
Seat 7: vlasyk2017 folded before Flop (didn't bet)
Seat 8: gmitoi folded before Flop (didn't bet)
Seat 9: jvcadore197 (button) collected ($0.59)



PokerStars Hand #237631580682:  Hold'em No Limit ($0.02/$0.05 USD) - 2022/07/27 18:48:43 PT [2022/07/27 21:48:43 ET]
Table 'Mette' 9-max Seat #1 is the button
Seat 1: Dorex2007 ($5 in chips) 
Seat 2: Kallem28 ($4.38 in chips) 
Seat 3: Pablota1986 ($5.97 in chips) 
Seat 4: CasinoReal46 ($2.58 in chips) 
Seat 6: Woodie YUL ($8.06 in chips) 
Seat 7: vlasyk2017 ($5.80 in chips) 
Seat 8: gmitoi ($5.15 in chips) 
Seat 9: jvcadore197 ($6.77 in chips) 
Kallem28: posts small blind $0.02
Pablota1986: posts big blind $0.05
*** HOLE CARDS ***
Dealt to Dorex2007 [8h 5d]
CasinoReal46: folds 
Woodie YUL: folds 
vlasyk2017: folds 
gmitoi: folds 
jvcadore197: folds 
Dorex2007: folds 
Kallem28: raises $0.15 to $0.20
Pablota1986: calls $0.15
*** FLOP *** [4c Td Ah]
Kallem28: bets $0.13
Pablota1986: calls $0.13
*** TURN *** [4c Td Ah] [Qc]
Kallem28: bets $0.21
Pablota1986: raises $0.58 to $0.79
Kallem28: calls $0.58
*** RIVER *** [4c Td Ah Qc] [5h]
Kallem28: checks 
Pablota1986: bets $1.88
Kallem28: calls $1.88
*** SHOW DOWN ***
Pablota1986: shows [Qs Ad] (two pair, Aces and Queens)
Kallem28: mucks hand 
Pablota1986 collected $5.75 from pot
*** SUMMARY ***
Total pot $6 | Rake $0.25 
Board [4c Td Ah Qc 5h]
Seat 1: Dorex2007 (button) folded before Flop (didn't bet)
Seat 2: Kallem28 (small blind) mucked [Ks Kc]
Seat 3: Pablota1986 (big blind) showed [Qs Ad] and won ($5.75) with two pair, Aces and Queens
Seat 4: CasinoReal46 folded before Flop (didn't bet)
Seat 6: Woodie YUL folded before Flop (didn't bet)
Seat 7: vlasyk2017 folded before Flop (didn't bet)
Seat 8: gmitoi folded before Flop (didn't bet)
Seat 9: jvcadore197 folded before Flop (didn't bet)



PokerStars Hand #237631591514:  Hold'em No Limit ($0.02/$0.05 USD) - 2022/07/27 18:49:37 PT [2022/07/27 21:49:37 ET]
Table 'Mette' 9-max Seat #2 is the button
Seat 1: Dorex2007 ($5 in chips) 
Seat 2: Kallem28 ($1.38 in chips) 
Seat 3: Pablota1986 ($8.72 in chips) 
Seat 4: CasinoReal46 ($2.58 in chips) 
Seat 5: shakadevirgo90 ($0.57 in chips) 
Seat 6: Woodie YUL ($8.06 in chips) 
Seat 7: vlasyk2017 ($5.80 in chips) 
Seat 8: gmitoi ($5.15 in chips) 
Seat 9: jvcadore197 ($6.77 in chips) 
Pablota1986: posts small blind $0.02
CasinoReal46: posts big blind $0.05
*** HOLE CARDS ***
Dealt to Dorex2007 [7h 2d]
shakadevirgo90 has timed out
shakadevirgo90: folds 
Woodie YUL: folds 
vlasyk2017: folds 
gmitoi: raises $0.10 to $0.15
jvcadore197: raises $0.10 to $0.25
Dorex2007: folds 
Kallem28: raises $1.13 to $1.38 and is all-in
Pablota1986: folds 
CasinoReal46: folds 
gmitoi: folds 
jvcadore197: calls $1.13
*** FLOP *** [5d Tc Qs]
*** TURN *** [5d Tc Qs] [8c]
*** RIVER *** [5d Tc Qs 8c] [Js]
*** SHOW DOWN ***
jvcadore197: shows [As Jc] (a pair of Jacks)
Kallem28: shows [Qc Ac] (a pair of Queens)
Kallem28 cashed out the hand for $2.11 | Cash Out Fee $0.02
*** SUMMARY ***
Total pot $2.98 | Rake $0.12 
Board [5d Tc Qs 8c Js]
Seat 1: Dorex2007 folded before Flop (didn't bet)
Seat 2: Kallem28 (button) showed [Qc Ac] and won ($2.86) with a pair of Queens (pot not awarded as player cashed out)
Seat 3: Pablota1986 (small blind) folded before Flop
Seat 4: CasinoReal46 (big blind) folded before Flop
Seat 5: shakadevirgo90 folded before Flop (didn't bet)
Seat 6: Woodie YUL folded before Flop (didn't bet)
Seat 7: vlasyk2017 folded before Flop (didn't bet)
Seat 8: gmitoi folded before Flop
Seat 9: jvcadore197 showed [As Jc] and lost with a pair of Jacks



PokerStars Hand #237631600865:  Hold'em No Limit ($0.02/$0.05 USD) - 2022/07/27 18:50:23 PT [2022/07/27 21:50:23 ET]
Table 'Mette' 9-max Seat #3 is the button
Seat 1: Dorex2007 ($5 in chips) 
Seat 2: Kallem28 ($2.11 in chips) 
Seat 3: Pablota1986 ($8.70 in chips) 
Seat 4: CasinoReal46 ($2.53 in chips) 
Seat 6: Woodie YUL ($8.06 in chips) 
Seat 7: vlasyk2017 ($5.80 in chips) 
Seat 8: gmitoi ($5 in chips) 
Seat 9: jvcadore197 ($5.39 in chips) 
CasinoReal46: posts small blind $0.02
Woodie YUL: posts big blind $0.05
*** HOLE CARDS ***
Dealt to Dorex2007 [7h Jh]
vlasyk2017: folds 
gmitoi: folds 
jvcadore197: raises $0.20 to $0.25
Dorex2007: folds 
Kallem28: folds 
Pablota1986: folds 
CasinoReal46: folds 
Woodie YUL: folds 
Uncalled bet ($0.20) returned to jvcadore197
jvcadore197 collected $0.12 from pot
jvcadore197: doesn't show hand 
*** SUMMARY ***
Total pot $0.12 | Rake $0 
Seat 1: Dorex2007 folded before Flop (didn't bet)
Seat 2: Kallem28 folded before Flop (didn't bet)
Seat 3: Pablota1986 (button) folded before Flop (didn't bet)
Seat 4: CasinoReal46 (small blind) folded before Flop
Seat 6: Woodie YUL (big blind) folded before Flop
Seat 7: vlasyk2017 folded before Flop (didn't bet)
Seat 8: gmitoi folded before Flop (didn't bet)
Seat 9: jvcadore197 collected ($0.12)



PokerStars Hand #237631611755:  Hold'em No Limit ($0.02/$0.05 USD) - 2022/07/27 18:50:39 PT [2022/07/27 21:50:39 ET]
Table 'Mette' 9-max Seat #4 is the button
Seat 1: Dorex2007 ($5 in chips) 
Seat 2: Kallem28 ($4.66 in chips) 
Seat 3: Pablota1986 ($8.70 in chips) 
Seat 4: CasinoReal46 ($2.51 in chips) 
Seat 6: Woodie YUL ($8.01 in chips) 
Seat 7: vlasyk2017 ($5.80 in chips) 
Seat 8: gmitoi ($5 in chips) 
Seat 9: jvcadore197 ($5.46 in chips) 
Woodie YUL: posts small blind $0.02
vlasyk2017: posts big blind $0.05
*** HOLE CARDS ***
Dealt to Dorex2007 [4d Jd]
gmitoi: folds 
jvcadore197: calls $0.05
Dorex2007: folds 
Kallem28: raises $0.10 to $0.15
Pablota1986: folds 
CasinoReal46: folds 
Woodie YUL: folds 
vlasyk2017: folds 
jvcadore197: calls $0.10
*** FLOP *** [Qs 7c Kd]
jvcadore197: checks 
Kallem28: bets $0.12
jvcadore197: folds 
Uncalled bet ($0.12) returned to Kallem28
Kallem28 collected $0.35 from pot
Kallem28: doesn't show hand 
*** SUMMARY ***
Total pot $0.37 | Rake $0.02 
Board [Qs 7c Kd]
Seat 1: Dorex2007 folded before Flop (didn't bet)
Seat 2: Kallem28 collected ($0.35)
Seat 3: Pablota1986 folded before Flop (didn't bet)
Seat 4: CasinoReal46 (button) folded before Flop (didn't bet)
Seat 6: Woodie YUL (small blind) folded before Flop
Seat 7: vlasyk2017 (big blind) folded before Flop
Seat 8: gmitoi folded before Flop (didn't bet)
Seat 9: jvcadore197 folded on the Flop



PokerStars Hand #237631619040:  Hold'em No Limit ($0.02/$0.05 USD) - 2022/07/27 18:51:15 PT [2022/07/27 21:51:15 ET]
Table 'Mette' 9-max Seat #6 is the button
Seat 1: Dorex2007 ($5 in chips) 
Seat 2: Kallem28 ($4.86 in chips) 
Seat 3: Pablota1986 ($8.70 in chips) 
Seat 4: CasinoReal46 ($2.51 in chips) 
Seat 5: shakadevirgo90 ($0.57 in chips) 
Seat 6: Woodie YUL ($7.99 in chips) 
Seat 7: vlasyk2017 ($5.75 in chips) 
Seat 8: gmitoi ($5 in chips) 
Seat 9: jvcadore197 ($5.31 in chips) 
vlasyk2017: posts small blind $0.02
gmitoi: posts big blind $0.05
shakadevirgo90: posts small & big blinds $0.07
*** HOLE CARDS ***
Dealt to Dorex2007 [Qs Th]
jvcadore197: raises $0.05 to $0.10
Dorex2007: folds 
Kallem28: folds 
Pablota1986: folds 
CasinoReal46: folds 
shakadevirgo90: raises $0.45 to $0.55 and is all-in
Woodie YUL: folds 
vlasyk2017: folds 
gmitoi: folds 
jvcadore197: calls $0.45
*** FLOP *** [9s 5h Ah]
*** TURN *** [9s 5h Ah] [5d]
*** RIVER *** [9s 5h Ah 5d] [6s]
*** SHOW DOWN ***
jvcadore197: shows [3h 3d] (two pair, Fives and Threes)
shakadevirgo90: shows [Ac Kh] (two pair, Aces and Fives)
shakadevirgo90 collected $1.14 from pot
*** SUMMARY ***
Total pot $1.19 | Rake $0.05 
Board [9s 5h Ah 5d 6s]
Seat 1: Dorex2007 folded before Flop (didn't bet)
Seat 2: Kallem28 folded before Flop (didn't bet)
Seat 3: Pablota1986 folded before Flop (didn't bet)
Seat 4: CasinoReal46 folded before Flop (didn't bet)
Seat 5: shakadevirgo90 showed [Ac Kh] and won ($1.14) with two pair, Aces and Fives
Seat 6: Woodie YUL (button) folded before Flop (didn't bet)
Seat 7: vlasyk2017 (small blind) folded before Flop
Seat 8: gmitoi (big blind) folded before Flop
Seat 9: jvcadore197 showed [3h 3d] and lost with two pair, Fives and Threes



PokerStars Hand #237631627204:  Hold'em No Limit ($0.02/$0.05 USD) - 2022/07/27 18:51:56 PT [2022/07/27 21:51:56 ET]
Table 'Mette' 9-max Seat #7 is the button
Seat 1: Dorex2007 ($5 in chips) 
Seat 2: Kallem28 ($4.86 in chips) 
Seat 3: Pablota1986 ($8.70 in chips) 
Seat 4: CasinoReal46 ($2.51 in chips) 
Seat 5: shakadevirgo90 ($1.14 in chips) 
Seat 6: Woodie YUL ($7.99 in chips) 
Seat 7: vlasyk2017 ($5.73 in chips) 
Seat 8: gmitoi ($5 in chips) 
Seat 9: jvcadore197 ($4.76 in chips) 
gmitoi: posts small blind $0.02
jvcadore197: posts big blind $0.05
*** HOLE CARDS ***
Dealt to Dorex2007 [3h Td]
Dorex2007: folds 
Kallem28: folds 
Pablota1986: raises $0.07 to $0.12
CasinoReal46: folds 
shakadevirgo90 has timed out
shakadevirgo90: folds 
Woodie YUL: folds 
vlasyk2017: folds 
gmitoi: folds 
jvcadore197: calls $0.07
*** FLOP *** [9c Qc 4c]
jvcadore197: checks 
Pablota1986: bets $0.12
jvcadore197: raises $0.13 to $0.25
Pablota1986: folds 
Uncalled bet ($0.13) returned to jvcadore197
jvcadore197 collected $0.48 from pot
jvcadore197: doesn't show hand 
*** SUMMARY ***
Total pot $0.50 | Rake $0.02 
Board [9c Qc 4c]
Seat 1: Dorex2007 folded before Flop (didn't bet)
Seat 2: Kallem28 folded before Flop (didn't bet)
Seat 3: Pablota1986 folded on the Flop
Seat 4: CasinoReal46 folded before Flop (didn't bet)
Seat 5: shakadevirgo90 folded before Flop (didn't bet)
Seat 6: Woodie YUL folded before Flop (didn't bet)
Seat 7: vlasyk2017 (button) folded before Flop (didn't bet)
Seat 8: gmitoi (small blind) folded before Flop
Seat 9: jvcadore197 (big blind) collected ($0.48)



PokerStars Hand #237631639761:  Hold'em No Limit ($0.02/$0.05 USD) - 2022/07/27 18:52:57 PT [2022/07/27 21:52:57 ET]
Table 'Mette' 9-max Seat #8 is the button
Seat 1: Dorex2007 ($5 in chips) 
Seat 2: Kallem28 ($4.86 in chips) 
Seat 3: Pablota1986 ($8.46 in chips) 
Seat 4: CasinoReal46 ($2.51 in chips) 
Seat 6: Woodie YUL ($7.99 in chips) 
Seat 7: vlasyk2017 ($5.73 in chips) 
Seat 8: gmitoi ($5 in chips) 
Seat 9: jvcadore197 ($5 in chips) 
jvcadore197: posts small blind $0.02
Dorex2007: posts big blind $0.05
*** HOLE CARDS ***
Dealt to Dorex2007 [3s As]
Kallem28: folds 
Pablota1986: folds 
CasinoReal46: folds 
Woodie YUL: folds 
vlasyk2017: folds 
gmitoi: folds 
jvcadore197: raises $0.10 to $0.15
Dorex2007: folds 
Uncalled bet ($0.10) returned to jvcadore197
jvcadore197 collected $0.10 from pot
jvcadore197: doesn't show hand 
*** SUMMARY ***
Total pot $0.10 | Rake $0 
Seat 1: Dorex2007 (big blind) folded before Flop
Seat 2: Kallem28 folded before Flop (didn't bet)
Seat 3: Pablota1986 folded before Flop (didn't bet)
Seat 4: CasinoReal46 folded before Flop (didn't bet)
Seat 6: Woodie YUL folded before Flop (didn't bet)
Seat 7: vlasyk2017 folded before Flop (didn't bet)
Seat 8: gmitoi (button) folded before Flop (didn't bet)
Seat 9: jvcadore197 (small blind) collected ($0.10)



PokerStars Hand #237631643737:  Hold'em No Limit ($0.02/$0.05 USD) - 2022/07/27 18:53:18 PT [2022/07/27 21:53:18 ET]
Table 'Mette' 9-max Seat #9 is the button
Seat 1: Dorex2007 ($5 in chips) 
Seat 2: Kallem28 ($4.86 in chips) 
Seat 3: Pablota1986 ($8.46 in chips) 
Seat 4: CasinoReal46 ($2.51 in chips) 
Seat 6: Woodie YUL ($7.99 in chips) 
Seat 7: vlasyk2017 ($5.73 in chips) 
Seat 8: gmitoi ($5 in chips) 
Seat 9: jvcadore197 ($5.05 in chips) 
Dorex2007: posts small blind $0.02
Kallem28: posts big blind $0.05
*** HOLE CARDS ***
Dealt to Dorex2007 [7d 6h]
Pablota1986: folds 
CasinoReal46: folds 
Woodie YUL: folds 
vlasyk2017: folds 
gmitoi: raises $0.10 to $0.15
jvcadore197: folds 
Dorex2007: folds 
Kallem28: folds 
Uncalled bet ($0.10) returned to gmitoi
gmitoi collected $0.12 from pot
gmitoi: doesn't show hand 
*** SUMMARY ***
Total pot $0.12 | Rake $0 
Seat 1: Dorex2007 (small blind) folded before Flop
Seat 2: Kallem28 (big blind) folded before Flop
Seat 3: Pablota1986 folded before Flop (didn't bet)
Seat 4: CasinoReal46 folded before Flop (didn't bet)
Seat 6: Woodie YUL folded before Flop (didn't bet)
Seat 7: vlasyk2017 folded before Flop (didn't bet)
Seat 8: gmitoi collected ($0.12)
Seat 9: jvcadore197 (button) folded before Flop (didn't bet)



PokerStars Hand #237631646125:  Hold'em No Limit ($0.02/$0.05 USD) - 2022/07/27 18:53:29 PT [2022/07/27 21:53:29 ET]
Table 'Mette' 9-max Seat #1 is the button
Seat 1: Dorex2007 ($5 in chips) 
Seat 2: Kallem28 ($4.81 in chips) 
Seat 3: Pablota1986 ($8.46 in chips) 
Seat 4: CasinoReal46 ($2.51 in chips) 
Seat 5: shakadevirgo90 ($1.14 in chips) 
Seat 6: Woodie YUL ($7.99 in chips) 
Seat 7: vlasyk2017 ($5.73 in chips) 
Seat 8: gmitoi ($5.07 in chips) 
Seat 9: jvcadore197 ($5.05 in chips) 
Kallem28: posts small blind $0.02
Pablota1986: posts big blind $0.05
*** HOLE CARDS ***
Dealt to Dorex2007 [5c Jh]
CasinoReal46: folds 
shakadevirgo90 has timed out
shakadevirgo90: folds 
Woodie YUL: folds 
vlasyk2017: folds 
gmitoi: folds 
jvcadore197: calls $0.05
Dorex2007: folds 
Kallem28: calls $0.03
Pablota1986: checks 
*** FLOP *** [6s Js 4d]
Kallem28: checks 
Pablota1986: checks 
jvcadore197: bets $0.15
Kallem28: folds 
Pablota1986: folds 
Uncalled bet ($0.15) returned to jvcadore197
jvcadore197 collected $0.14 from pot
jvcadore197: doesn't show hand 
*** SUMMARY ***
Total pot $0.15 | Rake $0.01 
Board [6s Js 4d]
Seat 1: Dorex2007 (button) folded before Flop (didn't bet)
Seat 2: Kallem28 (small blind) folded on the Flop
Seat 3: Pablota1986 (big blind) folded on the Flop
Seat 4: CasinoReal46 folded before Flop (didn't bet)
Seat 5: shakadevirgo90 folded before Flop (didn't bet)
Seat 6: Woodie YUL folded before Flop (didn't bet)
Seat 7: vlasyk2017 folded before Flop (didn't bet)
Seat 8: gmitoi folded before Flop (didn't bet)
Seat 9: jvcadore197 collected ($0.14)



PokerStars Hand #237631654317:  Hold'em No Limit ($0.02/$0.05 USD) - 2022/07/27 18:54:10 PT [2022/07/27 21:54:10 ET]
Table 'Mette' 9-max Seat #2 is the button
Seat 1: Dorex2007 ($5 in chips) 
Seat 2: Kallem28 ($4.76 in chips) 
Seat 3: Pablota1986 ($8.41 in chips) 
Seat 6: Woodie YUL ($7.99 in chips) 
Seat 7: vlasyk2017 ($5.73 in chips) 
Seat 8: gmitoi ($5.07 in chips) 
Seat 9: jvcadore197 ($5.14 in chips) 
Pablota1986: posts small blind $0.02
CasinoReal46 has timed out
CasinoReal46: is sitting out 
Woodie YUL: posts big blind $0.05
*** HOLE CARDS ***
Dealt to Dorex2007 [4c 8h]
vlasyk2017: folds 
gmitoi: folds 
jvcadore197: calls $0.05
Dorex2007: folds 
Kallem28: folds 
Pablota1986: folds 
Woodie YUL: raises $0.25 to $0.30
jvcadore197: calls $0.25
*** FLOP *** [8c 3h 2h]
Woodie YUL: bets $0.44
jvcadore197: calls $0.44
*** TURN *** [8c 3h 2h] [8s]
Woodie YUL: bets $1.08
jvcadore197: calls $1.08
*** RIVER *** [8c 3h 2h 8s] [6s]
Woodie YUL: bets $2.63
jvcadore197: folds 
Uncalled bet ($2.63) returned to Woodie YUL
Woodie YUL collected $3.51 from pot
*** SUMMARY ***
Total pot $3.66 | Rake $0.15 
Board [8c 3h 2h 8s 6s]
Seat 1: Dorex2007 folded before Flop (didn't bet)
Seat 2: Kallem28 (button) folded before Flop (didn't bet)
Seat 3: Pablota1986 (small blind) folded before Flop
Seat 6: Woodie YUL (big blind) collected ($3.51)
Seat 7: vlasyk2017 folded before Flop (didn't bet)
Seat 8: gmitoi folded before Flop (didn't bet)
Seat 9: jvcadore197 folded on the River



PokerStars Hand #237631666133:  Hold'em No Limit ($0.02/$0.05 USD) - 2022/07/27 18:55:10 PT [2022/07/27 21:55:10 ET]
Table 'Mette' 9-max Seat #3 is the button
Seat 1: Dorex2007 ($5 in chips) 
Seat 2: Kallem28 ($4.76 in chips) 
Seat 3: Pablota1986 ($8.39 in chips) 
Seat 6: Woodie YUL ($9.68 in chips) 
Seat 7: vlasyk2017 ($5.73 in chips) 
Seat 8: gmitoi ($5.07 in chips) 
Seat 9: jvcadore197 ($3.32 in chips) 
Woodie YUL: posts small blind $0.02
vlasyk2017: posts big blind $0.05
*** HOLE CARDS ***
Dealt to Dorex2007 [Qd 7h]
gmitoi: raises $0.10 to $0.15
jvcadore197: raises $0.10 to $0.25
Dorex2007: folds 
Kallem28: folds 
Pablota1986: folds 
Woodie YUL: folds 
vlasyk2017: calls $0.20
gmitoi: calls $0.10
*** FLOP *** [Ks 4h 8d]
vlasyk2017: checks 
gmitoi: checks 
jvcadore197: checks 
*** TURN *** [Ks 4h 8d] [8c]
vlasyk2017: checks 
gmitoi: checks 
jvcadore197: bets $0.15
vlasyk2017: folds 
gmitoi: calls $0.15
*** RIVER *** [Ks 4h 8d 8c] [Kd]
gmitoi: checks 
jvcadore197: checks 
*** SHOW DOWN ***
gmitoi: shows [Ad Jc] (two pair, Kings and Eights)
jvcadore197: shows [As Jd] (two pair, Kings and Eights)
gmitoi collected $0.52 from pot
jvcadore197 collected $0.51 from pot
*** SUMMARY ***
Total pot $1.07 | Rake $0.04 
Board [Ks 4h 8d 8c Kd]
Seat 1: Dorex2007 folded before Flop (didn't bet)
Seat 2: Kallem28 folded before Flop (didn't bet)
Seat 3: Pablota1986 (button) folded before Flop (didn't bet)
Seat 6: Woodie YUL (small blind) folded before Flop
Seat 7: vlasyk2017 (big blind) folded on the Turn
Seat 8: gmitoi showed [Ad Jc] and won ($0.52) with two pair, Kings and Eights
Seat 9: jvcadore197 showed [As Jd] and won ($0.51) with two pair, Kings and Eights



PokerStars Hand #237631672990:  Hold'em No Limit ($0.02/$0.05 USD) - 2022/07/27 18:55:52 PT [2022/07/27 21:55:52 ET]
Table 'Mette' 9-max Seat #6 is the button
Seat 1: Dorex2007 ($5 in chips) 
Seat 2: Kallem28 ($4.76 in chips) 
Seat 3: Pablota1986 ($8.39 in chips) 
Seat 5: shakadevirgo90 ($1.14 in chips) 
Seat 6: Woodie YUL ($9.66 in chips) 
Seat 7: vlasyk2017 ($5.48 in chips) 
Seat 8: gmitoi ($5.19 in chips) 
Seat 9: jvcadore197 ($3.43 in chips) 
vlasyk2017: posts small blind $0.02
gmitoi: posts big blind $0.05
CasinoReal46: sits out 
shakadevirgo90: posts small & big blinds $0.07
*** HOLE CARDS ***
Dealt to Dorex2007 [2h Qs]
jvcadore197: raises $3.38 to $3.43 and is all-in
Dorex2007: folds 
Kallem28: folds 
Pablota1986: folds 
shakadevirgo90: folds 
Woodie YUL: folds 
vlasyk2017: folds 
gmitoi: folds 
Uncalled bet ($3.38) returned to jvcadore197
jvcadore197 collected $0.19 from pot
jvcadore197: doesn't show hand 
*** SUMMARY ***
Total pot $0.19 | Rake $0 
Seat 1: Dorex2007 folded before Flop (didn't bet)
Seat 2: Kallem28 folded before Flop (didn't bet)
Seat 3: Pablota1986 folded before Flop (didn't bet)
Seat 5: shakadevirgo90 folded before Flop (didn't bet)
Seat 6: Woodie YUL (button) folded before Flop (didn't bet)
Seat 7: vlasyk2017 (small blind) folded before Flop
Seat 8: gmitoi (big blind) folded before Flop
Seat 9: jvcadore197 collected ($0.19)



PokerStars Hand #237631677602:  Hold'em No Limit ($0.02/$0.05 USD) - 2022/07/27 18:56:21 PT [2022/07/27 21:56:21 ET]
Table 'Mette' 9-max Seat #7 is the button
Seat 1: Dorex2007 ($5 in chips) 
Seat 2: Kallem28 ($4.76 in chips) 
Seat 3: Pablota1986 ($8.39 in chips) 
Seat 5: shakadevirgo90 ($1.07 in chips) 
Seat 6: Woodie YUL ($9.66 in chips) 
Seat 7: vlasyk2017 ($5.46 in chips) 
Seat 8: gmitoi ($5.14 in chips) 
Seat 9: jvcadore197 ($3.57 in chips) 
gmitoi: posts small blind $0.02
jvcadore197: posts big blind $0.05
CasinoReal46: sits out 
*** HOLE CARDS ***
Dealt to Dorex2007 [Kd 8s]
Dorex2007: folds 
Kallem28: folds 
Pablota1986: raises $0.07 to $0.12
shakadevirgo90 has timed out
shakadevirgo90: folds 
Woodie YUL: folds 
vlasyk2017: folds 
gmitoi: raises $0.29 to $0.41
jvcadore197: folds 
Pablota1986: folds 
Uncalled bet ($0.29) returned to gmitoi
gmitoi collected $0.29 from pot
gmitoi: doesn't show hand 
*** SUMMARY ***
Total pot $0.29 | Rake $0 
Seat 1: Dorex2007 folded before Flop (didn't bet)
Seat 2: Kallem28 folded before Flop (didn't bet)
Seat 3: Pablota1986 folded before Flop
Seat 5: shakadevirgo90 folded before Flop (didn't bet)
Seat 6: Woodie YUL folded before Flop (didn't bet)
Seat 7: vlasyk2017 (button) folded before Flop (didn't bet)
Seat 8: gmitoi (small blind) collected ($0.29)
Seat 9: jvcadore197 (big blind) folded before Flop



PokerStars Hand #237631694151:  Hold'em No Limit ($0.02/$0.05 USD) - 2022/07/27 18:57:06 PT [2022/07/27 21:57:06 ET]
Table 'Mette' 9-max Seat #8 is the button
Seat 1: Dorex2007 ($5 in chips) 
Seat 2: Kallem28 ($4.76 in chips) 
Seat 3: Pablota1986 ($8.27 in chips) 
Seat 5: shakadevirgo90 ($1.07 in chips) 
Seat 6: Woodie YUL ($9.66 in chips) 
Seat 7: vlasyk2017 ($5.46 in chips) 
Seat 8: gmitoi ($5.31 in chips) 
Seat 9: jvcadore197 ($3.52 in chips) 
jvcadore197: posts small blind $0.02
Dorex2007: posts big blind $0.05
CasinoReal46: sits out 
*** HOLE CARDS ***
Dealt to Dorex2007 [3d 2s]
Kallem28: folds 
Pablota1986: folds 
shakadevirgo90 has timed out
shakadevirgo90: folds 
Woodie YUL: folds 
vlasyk2017: folds 
gmitoi: raises $0.10 to $0.15
jvcadore197: calls $0.13
Dorex2007: folds 
*** FLOP *** [Ts 5h 4h]
jvcadore197: checks 
gmitoi: bets $0.17
jvcadore197: calls $0.17
*** TURN *** [Ts 5h 4h] [7d]
jvcadore197: checks 
gmitoi: checks 
*** RIVER *** [Ts 5h 4h 7d] [As]
jvcadore197: checks 
gmitoi: checks 
*** SHOW DOWN ***
jvcadore197: shows [9d 8c] (high card Ace)
gmitoi: shows [7h 9h] (a pair of Sevens)
gmitoi collected $0.66 from pot
*** SUMMARY ***
Total pot $0.69 | Rake $0.03 
Board [Ts 5h 4h 7d As]
Seat 1: Dorex2007 (big blind) folded before Flop
Seat 2: Kallem28 folded before Flop (didn't bet)
Seat 3: Pablota1986 folded before Flop (didn't bet)
Seat 5: shakadevirgo90 folded before Flop (didn't bet)
Seat 6: Woodie YUL folded before Flop (didn't bet)
Seat 7: vlasyk2017 folded before Flop (didn't bet)
Seat 8: gmitoi (button) showed [7h 9h] and won ($0.66) with a pair of Sevens
Seat 9: jvcadore197 (small blind) showed [9d 8c] and lost with high card Ace



PokerStars Hand #237631701971:  Hold'em No Limit ($0.02/$0.05 USD) - 2022/07/27 18:57:54 PT [2022/07/27 21:57:54 ET]
Table 'Mette' 9-max Seat #9 is the button
Seat 1: Dorex2007 ($5 in chips) 
Seat 2: Kallem28 ($4.76 in chips) 
Seat 3: Pablota1986 ($8.27 in chips) 
Seat 5: shakadevirgo90 ($1.07 in chips) 
Seat 6: Woodie YUL ($9.66 in chips) 
Seat 7: vlasyk2017 ($5.46 in chips) 
Seat 8: gmitoi ($5.65 in chips) 
Seat 9: jvcadore197 ($3.20 in chips) 
Dorex2007: posts small blind $0.02
Kallem28: posts big blind $0.05
CasinoReal46: sits out 
*** HOLE CARDS ***
Dealt to Dorex2007 [Ad Qd]
Pablota1986: folds 
shakadevirgo90: folds 
Woodie YUL: folds 
vlasyk2017: folds 
gmitoi: folds 
jvcadore197: calls $0.05
Dorex2007: raises $0.15 to $0.20
Kallem28: folds 
jvcadore197: calls $0.15
*** FLOP *** [6c 3c 4c]
Dorex2007: bets $0.21
jvcadore197: raises $0.21 to $0.42
Dorex2007: folds 
Uncalled bet ($0.21) returned to jvcadore197
jvcadore197 collected $0.83 from pot
jvcadore197: doesn't show hand 
*** SUMMARY ***
Total pot $0.87 | Rake $0.04 
Board [6c 3c 4c]
Seat 1: Dorex2007 (small blind) folded on the Flop
Seat 2: Kallem28 (big blind) folded before Flop
Seat 3: Pablota1986 folded before Flop (didn't bet)
Seat 5: shakadevirgo90 folded before Flop (didn't bet)
Seat 6: Woodie YUL folded before Flop (didn't bet)
Seat 7: vlasyk2017 folded before Flop (didn't bet)
Seat 8: gmitoi folded before Flop (didn't bet)
Seat 9: jvcadore197 (button) collected ($0.83)



PokerStars Hand #237631707939:  Hold'em No Limit ($0.02/$0.05 USD) - 2022/07/27 18:58:31 PT [2022/07/27 21:58:31 ET]
Table 'Mette' 9-max Seat #1 is the button
Seat 1: Dorex2007 ($5 in chips) 
Seat 2: Kallem28 ($4.71 in chips) 
Seat 3: Pablota1986 ($8.27 in chips) 
Seat 5: shakadevirgo90 ($1.07 in chips) 
Seat 6: Woodie YUL ($9.66 in chips) 
Seat 7: vlasyk2017 ($5.46 in chips) 
Seat 8: gmitoi ($5.65 in chips) 
Seat 9: jvcadore197 ($3.62 in chips) 
Kallem28: posts small blind $0.02
Pablota1986: posts big blind $0.05
CasinoReal46: sits out 
*** HOLE CARDS ***
Dealt to Dorex2007 [4s Ac]
shakadevirgo90: folds 
Woodie YUL: folds 
vlasyk2017: folds 
gmitoi: raises $0.10 to $0.15
jvcadore197: calls $0.15
Dorex2007: folds 
Kallem28: raises $0.30 to $0.45
Pablota1986: folds 
gmitoi: calls $0.30
jvcadore197: calls $0.30
*** FLOP *** [3h 5c 4h]
Kallem28: bets $0.44
gmitoi: calls $0.44
jvcadore197: raises $2.73 to $3.17 and is all-in
Kallem28: folds 
gmitoi: folds 
Uncalled bet ($2.73) returned to jvcadore197
jvcadore197 collected $2.61 from pot
jvcadore197: doesn't show hand 
*** SUMMARY ***
Total pot $2.72 | Rake $0.11 
Board [3h 5c 4h]
Seat 1: Dorex2007 (button) folded before Flop (didn't bet)
Seat 2: Kallem28 (small blind) folded on the Flop
Seat 3: Pablota1986 (big blind) folded before Flop
Seat 5: shakadevirgo90 folded before Flop (didn't bet)
Seat 6: Woodie YUL folded before Flop (didn't bet)
Seat 7: vlasyk2017 folded before Flop (didn't bet)
Seat 8: gmitoi folded on the Flop
Seat 9: jvcadore197 collected ($2.61)



PokerStars Hand #237631719623:  Hold'em No Limit ($0.02/$0.05 USD) - 2022/07/27 18:59:43 PT [2022/07/27 21:59:43 ET]
Table 'Mette' 9-max Seat #2 is the button
Seat 1: Dorex2007 ($5 in chips) 
Seat 2: Kallem28 ($3.82 in chips) 
Seat 3: Pablota1986 ($8.22 in chips) 
Seat 4: CasinoReal46 ($2.51 in chips) 
Seat 5: shakadevirgo90 ($1.07 in chips) 
Seat 6: Woodie YUL ($9.66 in chips) 
Seat 7: vlasyk2017 ($5.46 in chips) 
Seat 8: gmitoi ($5 in chips) 
Seat 9: jvcadore197 ($5.34 in chips) 
Pablota1986: posts small blind $0.02
CasinoReal46: posts big blind $0.05
*** HOLE CARDS ***
Dealt to Dorex2007 [Th 3s]
shakadevirgo90 has timed out
shakadevirgo90: folds 
Woodie YUL: folds 
vlasyk2017: folds 
gmitoi: folds 
jvcadore197: folds 
Dorex2007: folds 
Kallem28: raises $0.15 to $0.20
Pablota1986: folds 
CasinoReal46: calls $0.15
*** FLOP *** [4c Ks 9d]
CasinoReal46: checks 
Kallem28: bets $0.50
CasinoReal46: calls $0.50
*** TURN *** [4c Ks 9d] [2d]
CasinoReal46: checks 
Kallem28: bets $2.20
CasinoReal46: folds 
Uncalled bet ($2.20) returned to Kallem28
Kallem28 collected $1.36 from pot
Kallem28: doesn't show hand 
*** SUMMARY ***
Total pot $1.42 | Rake $0.06 
Board [4c Ks 9d 2d]
Seat 1: Dorex2007 folded before Flop (didn't bet)
Seat 2: Kallem28 (button) collected ($1.36)
Seat 3: Pablota1986 (small blind) folded before Flop
Seat 4: CasinoReal46 (big blind) folded on the Turn
Seat 5: shakadevirgo90 folded before Flop (didn't bet)
Seat 6: Woodie YUL folded before Flop (didn't bet)
Seat 7: vlasyk2017 folded before Flop (didn't bet)
Seat 8: gmitoi folded before Flop (didn't bet)
Seat 9: jvcadore197 folded before Flop (didn't bet)



PokerStars Hand #237631726220:  Hold'em No Limit ($0.02/$0.05 USD) - 2022/07/27 19:00:23 PT [2022/07/27 22:00:23 ET]
Table 'Mette' 9-max Seat #3 is the button
Seat 1: Dorex2007 ($5 in chips) 
Seat 2: Kallem28 ($4.48 in chips) 
Seat 3: Pablota1986 ($8.20 in chips) 
Seat 4: CasinoReal46 ($1.81 in chips) 
Seat 5: shakadevirgo90 ($1.07 in chips) 
Seat 6: Woodie YUL ($9.66 in chips) 
Seat 7: vlasyk2017 ($5.46 in chips) 
Seat 8: gmitoi ($5 in chips) 
Seat 9: jvcadore197 ($5.34 in chips) 
CasinoReal46: posts small blind $0.02
shakadevirgo90: posts big blind $0.05
*** HOLE CARDS ***
Dealt to Dorex2007 [5h Kc]
Woodie YUL: calls $0.05
vlasyk2017: folds 
gmitoi: calls $0.05
jvcadore197: raises $0.20 to $0.25
Dorex2007: folds 
Kallem28: calls $0.25
Pablota1986: folds 
CasinoReal46: folds 
shakadevirgo90: folds 
Woodie YUL: calls $0.20
gmitoi: calls $0.20
*** FLOP *** [Ks 4d 9d]
Woodie YUL: checks 
gmitoi: checks 
CasinoReal46 is disconnected 
jvcadore197: bets $0.35
Kallem28: folds 
Woodie YUL: calls $0.35
gmitoi: folds 
*** TURN *** [Ks 4d 9d] [4s]
Woodie YUL: checks 
CasinoReal46 leaves the table
jvcadore197: bets $0.50
Woodie YUL: calls $0.50
*** RIVER *** [Ks 4d 9d 4s] [Ah]
Woodie YUL: checks 
jvcadore197: bets $1.25
Woodie YUL: calls $1.25
*** SHOW DOWN ***
jvcadore197: shows [Js Jd] (two pair, Jacks and Fours)
Woodie YUL: shows [8d Ad] (two pair, Aces and Fours)
Woodie YUL collected $5.05 from pot
*** SUMMARY ***
Total pot $5.27 | Rake $0.22 
Board [Ks 4d 9d 4s Ah]
Seat 1: Dorex2007 folded before Flop (didn't bet)
Seat 2: Kallem28 folded on the Flop
Seat 3: Pablota1986 (button) folded before Flop (didn't bet)
Seat 4: CasinoReal46 (small blind) folded before Flop
Seat 5: shakadevirgo90 (big blind) folded before Flop
Seat 6: Woodie YUL showed [8d Ad] and won ($5.05) with two pair, Aces and Fours
Seat 7: vlasyk2017 folded before Flop (didn't bet)
Seat 8: gmitoi folded on the Flop
Seat 9: jvcadore197 showed [Js Jd] and lost with two pair, Jacks and Fours



PokerStars Hand #237631740282:  Hold'em No Limit ($0.02/$0.05 USD) - 2022/07/27 19:01:39 PT [2022/07/27 22:01:39 ET]
Table 'Mette' 9-max Seat #5 is the button
Seat 1: Dorex2007 ($5 in chips) 
Seat 2: Kallem28 ($4.23 in chips) 
Seat 3: Pablota1986 ($8.20 in chips) 
Seat 5: shakadevirgo90 ($1.02 in chips) 
Seat 6: Woodie YUL ($12.36 in chips) 
Seat 7: vlasyk2017 ($5.46 in chips) 
Seat 8: gmitoi ($5 in chips) 
Seat 9: jvcadore197 ($2.99 in chips) 
Woodie YUL: posts small blind $0.02
vlasyk2017: posts big blind $0.05
*** HOLE CARDS ***
Dealt to Dorex2007 [9c 5d]
gmitoi: folds 
jvcadore197: calls $0.05
Dorex2007: folds 
Kallem28: raises $0.10 to $0.15
Pablota1986: folds 
shakadevirgo90: folds 
Woodie YUL: folds 
vlasyk2017: calls $0.10
jvcadore197: calls $0.10
*** FLOP *** [6h 8h Kd]
vlasyk2017: checks 
jvcadore197: bets $0.25
Kallem28: folds 
vlasyk2017: folds 
Uncalled bet ($0.25) returned to jvcadore197
jvcadore197 collected $0.45 from pot
jvcadore197: doesn't show hand 
*** SUMMARY ***
Total pot $0.47 | Rake $0.02 
Board [6h 8h Kd]
Seat 1: Dorex2007 folded before Flop (didn't bet)
Seat 2: Kallem28 folded on the Flop
Seat 3: Pablota1986 folded before Flop (didn't bet)
Seat 5: shakadevirgo90 (button) folded before Flop (didn't bet)
Seat 6: Woodie YUL (small blind) folded before Flop
Seat 7: vlasyk2017 (big blind) folded on the Flop
Seat 8: gmitoi folded before Flop (didn't bet)
Seat 9: jvcadore197 collected ($0.45)



PokerStars Hand #237631750730:  Hold'em No Limit ($0.02/$0.05 USD) - 2022/07/27 19:02:32 PT [2022/07/27 22:02:32 ET]
Table 'Mette' 9-max Seat #6 is the button
Seat 1: Dorex2007 ($5 in chips) 
Seat 2: Kallem28 ($4.08 in chips) 
Seat 3: Pablota1986 ($8.20 in chips) 
Seat 5: shakadevirgo90 ($1.02 in chips) 
Seat 6: Woodie YUL ($12.34 in chips) 
Seat 7: vlasyk2017 ($5.31 in chips) 
Seat 8: gmitoi ($5 in chips) 
Seat 9: jvcadore197 ($3.29 in chips) 
vlasyk2017: posts small blind $0.02
gmitoi: posts big blind $0.05
*** HOLE CARDS ***
Dealt to Dorex2007 [8h 7s]
Manuelito180 joins the table at seat #4 
jvcadore197: folds 
Dorex2007: folds 
Kallem28: folds 
Pablota1986: folds 
shakadevirgo90: folds 
Woodie YUL: raises $0.09 to $0.14
vlasyk2017: folds 
gmitoi: raises $0.36 to $0.50
Woodie YUL: folds 
Uncalled bet ($0.36) returned to gmitoi
gmitoi collected $0.30 from pot
gmitoi: doesn't show hand 
*** SUMMARY ***
Total pot $0.30 | Rake $0 
Seat 1: Dorex2007 folded before Flop (didn't bet)
Seat 2: Kallem28 folded before Flop (didn't bet)
Seat 3: Pablota1986 folded before Flop (didn't bet)
Seat 5: shakadevirgo90 folded before Flop (didn't bet)
Seat 6: Woodie YUL (button) folded before Flop
Seat 7: vlasyk2017 (small blind) folded before Flop
Seat 8: gmitoi (big blind) collected ($0.30)
Seat 9: jvcadore197 folded before Flop (didn't bet)



PokerStars Hand #237631759463:  Hold'em No Limit ($0.02/$0.05 USD) - 2022/07/27 19:03:17 PT [2022/07/27 22:03:17 ET]
Table 'Mette' 9-max Seat #7 is the button
Seat 1: Dorex2007 ($5 in chips) 
Seat 2: Kallem28 ($4.08 in chips) 
Seat 3: Pablota1986 ($8.20 in chips) 
Seat 5: shakadevirgo90 ($1.02 in chips) 
Seat 6: Woodie YUL ($12.20 in chips) 
Seat 7: vlasyk2017 ($5.29 in chips) 
Seat 8: gmitoi ($5.16 in chips) 
Seat 9: jvcadore197 ($3.29 in chips) 
gmitoi: posts small blind $0.02
jvcadore197: posts big blind $0.05
Manuelito180: sits out 
*** HOLE CARDS ***
Dealt to Dorex2007 [9d 5c]
Dorex2007: folds 
Kallem28: folds 
Pablota1986: folds 
shakadevirgo90: folds 
Woodie YUL: raises $0.10 to $0.15
vlasyk2017: folds 
gmitoi: folds 
jvcadore197: raises $0.10 to $0.25
Woodie YUL: calls $0.10
*** FLOP *** [Ac Td Jc]
jvcadore197: checks 
Woodie YUL: bets $0.50
jvcadore197: calls $0.50
*** TURN *** [Ac Td Jc] [Jh]
jvcadore197: checks 
Woodie YUL: checks 
*** RIVER *** [Ac Td Jc Jh] [Ks]
jvcadore197: bets $2.54 and is all-in
Woodie YUL: calls $2.54
*** SHOW DOWN ***
jvcadore197: shows [Qc Kh] (a straight, Ten to Ace)
Woodie YUL: shows [Jd Js] (four of a kind, Jacks)
Woodie YUL collected $6.33 from pot
*** SUMMARY ***
Total pot $6.60 | Rake $0.27 
Board [Ac Td Jc Jh Ks]
Seat 1: Dorex2007 folded before Flop (didn't bet)
Seat 2: Kallem28 folded before Flop (didn't bet)
Seat 3: Pablota1986 folded before Flop (didn't bet)
Seat 5: shakadevirgo90 folded before Flop (didn't bet)
Seat 6: Woodie YUL showed [Jd Js] and won ($6.33) with four of a kind, Jacks
Seat 7: vlasyk2017 (button) folded before Flop (didn't bet)
Seat 8: gmitoi (small blind) folded before Flop
Seat 9: jvcadore197 (big blind) showed [Qc Kh] and lost with a straight, Ten to Ace



PokerStars Hand #237631768727:  Hold'em No Limit ($0.02/$0.05 USD) - 2022/07/27 19:04:03 PT [2022/07/27 22:04:03 ET]
Table 'Mette' 9-max Seat #8 is the button
Seat 1: Dorex2007 ($5 in chips) 
Seat 2: Kallem28 ($4.08 in chips) 
Seat 3: Pablota1986 ($8.20 in chips) 
Seat 5: shakadevirgo90 ($1.02 in chips) 
Seat 6: Woodie YUL ($15.24 in chips) 
Seat 7: vlasyk2017 ($5.29 in chips) 
Seat 8: gmitoi ($5.14 in chips) 
Dorex2007: posts small blind $0.02
Kallem28: posts big blind $0.05
Manuelito180: sits out 
*** HOLE CARDS ***
Dealt to Dorex2007 [Kc 7d]
Pablota1986: folds 
shakadevirgo90: folds 
Woodie YUL: folds 
vlasyk2017: folds 
gmitoi: folds 
Dorex2007: folds 
Uncalled bet ($0.03) returned to Kallem28
Kallem28 collected $0.04 from pot
Kallem28: doesn't show hand 
*** SUMMARY ***
Total pot $0.04 | Rake $0 
Seat 1: Dorex2007 (small blind) folded before Flop
Seat 2: Kallem28 (big blind) collected ($0.04)
Seat 3: Pablota1986 folded before Flop (didn't bet)
Seat 5: shakadevirgo90 folded before Flop (didn't bet)
Seat 6: Woodie YUL folded before Flop (didn't bet)
Seat 7: vlasyk2017 folded before Flop (didn't bet)
Seat 8: gmitoi (button) folded before Flop (didn't bet)



PokerStars Hand #237631771041:  Hold'em No Limit ($0.02/$0.05 USD) - 2022/07/27 19:04:15 PT [2022/07/27 22:04:15 ET]
Table 'Mette' 9-max Seat #1 is the button
Seat 1: Dorex2007 ($5 in chips) 
Seat 2: Kallem28 ($4.10 in chips) 
Seat 3: Pablota1986 ($8.20 in chips) 
Seat 5: shakadevirgo90 ($1.02 in chips) 
Seat 6: Woodie YUL ($15.24 in chips) 
Seat 7: vlasyk2017 ($5.29 in chips) 
Seat 8: gmitoi ($5.14 in chips) 
Seat 9: jvcadore197 ($2.20 in chips) 
Kallem28: posts small blind $0.02
Pablota1986: posts big blind $0.05
Manuelito180: sits out 
jvcadore197: posts small blind $0.02
*** HOLE CARDS ***
Dealt to Dorex2007 [6s 3h]
shakadevirgo90 has timed out
shakadevirgo90: folds 
Woodie YUL: folds 
vlasyk2017: raises $0.10 to $0.15
gmitoi: folds 
jvcadore197: calls $0.15
Dorex2007: folds 
Kallem28: calls $0.13
Pablota1986: folds 
*** FLOP *** [3c 6d Ah]
Kallem28: checks 
vlasyk2017: bets $0.20
jvcadore197: folds 
Kallem28: folds 
Uncalled bet ($0.20) returned to vlasyk2017
vlasyk2017 collected $0.50 from pot
*** SUMMARY ***
Total pot $0.52 | Rake $0.02 
Board [3c 6d Ah]
Seat 1: Dorex2007 (button) folded before Flop (didn't bet)
Seat 2: Kallem28 (small blind) folded on the Flop
Seat 3: Pablota1986 (big blind) folded before Flop
Seat 5: shakadevirgo90 folded before Flop (didn't bet)
Seat 6: Woodie YUL folded before Flop (didn't bet)
Seat 7: vlasyk2017 collected ($0.50)
Seat 8: gmitoi folded before Flop (didn't bet)
Seat 9: jvcadore197 folded on the Flop



PokerStars Hand #237631779362:  Hold'em No Limit ($0.02/$0.05 USD) - 2022/07/27 19:04:57 PT [2022/07/27 22:04:57 ET]
Table 'Mette' 9-max Seat #2 is the button
Seat 1: Dorex2007 ($5 in chips) 
Seat 2: Kallem28 ($3.95 in chips) 
Seat 3: Pablota1986 ($8.15 in chips) 
Seat 4: Manuelito180 ($5 in chips) 
Seat 5: shakadevirgo90 ($1.02 in chips) 
Seat 6: Woodie YUL ($15.24 in chips) 
Seat 7: vlasyk2017 ($5.64 in chips) 
Seat 8: gmitoi ($5.14 in chips) 
Seat 9: jvcadore197 ($2.03 in chips) 
Pablota1986: posts small blind $0.02
Manuelito180: posts big blind $0.05
*** HOLE CARDS ***
Dealt to Dorex2007 [Jd Js]
shakadevirgo90: folds 
Woodie YUL: folds 
vlasyk2017: folds 
gmitoi: raises $0.10 to $0.15
jvcadore197: raises $1.88 to $2.03 and is all-in
Dorex2007: folds 
Kallem28: folds 
Pablota1986: folds 
Manuelito180: folds 
gmitoi: calls $1.88
*** FLOP *** [Qd 5s Ts]
*** TURN *** [Qd 5s Ts] [Kh]
*** RIVER *** [Qd 5s Ts Kh] [7d]
*** SHOW DOWN ***
gmitoi: shows [Kc Kd] (three of a kind, Kings)
jvcadore197: shows [Th Ac] (a pair of Tens)
gmitoi collected $3.96 from pot
*** SUMMARY ***
Total pot $4.13 | Rake $0.17 
Board [Qd 5s Ts Kh 7d]
Seat 1: Dorex2007 folded before Flop (didn't bet)
Seat 2: Kallem28 (button) folded before Flop (didn't bet)
Seat 3: Pablota1986 (small blind) folded before Flop
Seat 4: Manuelito180 (big blind) folded before Flop
Seat 5: shakadevirgo90 folded before Flop (didn't bet)
Seat 6: Woodie YUL folded before Flop (didn't bet)
Seat 7: vlasyk2017 folded before Flop (didn't bet)
Seat 8: gmitoi showed [Kc Kd] and won ($3.96) with three of a kind, Kings
Seat 9: jvcadore197 showed [Th Ac] and lost with a pair of Tens



PokerStars Hand #237631787104:  Hold'em No Limit ($0.02/$0.05 USD) - 2022/07/27 19:05:36 PT [2022/07/27 22:05:36 ET]
Table 'Mette' 9-max Seat #3 is the button
Seat 1: Dorex2007 ($5 in chips) 
Seat 2: Kallem28 ($3.95 in chips) 
Seat 3: Pablota1986 ($8.13 in chips) 
Seat 4: Manuelito180 ($4.95 in chips) 
Seat 5: shakadevirgo90 ($1.02 in chips) 
Seat 6: Woodie YUL ($15.24 in chips) 
Seat 7: vlasyk2017 ($5.64 in chips) 
Seat 8: gmitoi ($7.07 in chips) 
Manuelito180: posts small blind $0.02
shakadevirgo90: posts big blind $0.05
*** HOLE CARDS ***
Dealt to Dorex2007 [Ts 7s]
Woodie YUL: raises $0.09 to $0.14
jvcadore197 leaves the table
vlasyk2017: calls $0.14
gmitoi: folds 
Dorex2007: folds 
Kallem28: folds 
Pablota1986: folds 
Manuelito180: calls $0.12
shakadevirgo90: folds 
*** FLOP *** [Js 5s Qh]
Manuelito180: checks 
Woodie YUL: checks 
MK ULTRA879 joins the table at seat #9 
vlasyk2017: bets $0.22
Manuelito180: calls $0.22
Woodie YUL: folds 
*** TURN *** [Js 5s Qh] [Qc]
Manuelito180: checks 
vlasyk2017: bets $0.30
Manuelito180: calls $0.30
*** RIVER *** [Js 5s Qh Qc] [Td]
Manuelito180: checks 
vlasyk2017: checks 
*** SHOW DOWN ***
Manuelito180: shows [Kd Jd] (two pair, Queens and Jacks)
vlasyk2017: shows [Jc Ah] (two pair, Queens and Jacks - Ace kicker)
vlasyk2017 collected $1.45 from pot
*** SUMMARY ***
Total pot $1.51 | Rake $0.06 
Board [Js 5s Qh Qc Td]
Seat 1: Dorex2007 folded before Flop (didn't bet)
Seat 2: Kallem28 folded before Flop (didn't bet)
Seat 3: Pablota1986 (button) folded before Flop (didn't bet)
Seat 4: Manuelito180 (small blind) showed [Kd Jd] and lost with two pair, Queens and Jacks
Seat 5: shakadevirgo90 (big blind) folded before Flop
Seat 6: Woodie YUL folded on the Flop
Seat 7: vlasyk2017 showed [Jc Ah] and won ($1.45) with two pair, Queens and Jacks
Seat 8: gmitoi folded before Flop (didn't bet)



PokerStars Hand #237631799857:  Hold'em No Limit ($0.02/$0.05 USD) - 2022/07/27 19:06:41 PT [2022/07/27 22:06:41 ET]
Table 'Mette' 9-max Seat #4 is the button
Seat 1: Dorex2007 ($5 in chips) 
Seat 2: Kallem28 ($3.95 in chips) 
Seat 3: Pablota1986 ($8.13 in chips) 
Seat 4: Manuelito180 ($4.29 in chips) 
Seat 5: shakadevirgo90 ($0.97 in chips) 
Seat 6: Woodie YUL ($15.10 in chips) 
Seat 7: vlasyk2017 ($6.43 in chips) 
Seat 8: gmitoi ($7.07 in chips) 
Seat 9: MK ULTRA879 ($5 in chips) 
shakadevirgo90: posts small blind $0.02
Woodie YUL: posts big blind $0.05
MK ULTRA879: posts big blind $0.05
*** HOLE CARDS ***
Dealt to Dorex2007 [Kc 8h]
vlasyk2017: folds 
gmitoi: folds 
MK ULTRA879: checks 
Dorex2007: folds 
Kallem28: folds 
Pablota1986: folds 
Manuelito180: folds 
shakadevirgo90: folds 
Woodie YUL: raises $0.20 to $0.25
MK ULTRA879: calls $0.20
*** FLOP *** [Qc 5d 2d]
Woodie YUL: bets $0.38
MK ULTRA879: calls $0.38
*** TURN *** [Qc 5d 2d] [Tc]
Woodie YUL: checks 
MK ULTRA879: checks 
*** RIVER *** [Qc 5d 2d Tc] [2s]
Woodie YUL: checks 
MK ULTRA879: checks 
*** SHOW DOWN ***
Woodie YUL: shows [Js Kd] (a pair of Deuces)
MK ULTRA879: shows [4c 5c] (two pair, Fives and Deuces)
MK ULTRA879 collected $1.23 from pot
*** SUMMARY ***
Total pot $1.28 | Rake $0.05 
Board [Qc 5d 2d Tc 2s]
Seat 1: Dorex2007 folded before Flop (didn't bet)
Seat 2: Kallem28 folded before Flop (didn't bet)
Seat 3: Pablota1986 folded before Flop (didn't bet)
Seat 4: Manuelito180 (button) folded before Flop (didn't bet)
Seat 5: shakadevirgo90 (small blind) folded before Flop
Seat 6: Woodie YUL (big blind) showed [Js Kd] and lost with a pair of Deuces
Seat 7: vlasyk2017 folded before Flop (didn't bet)
Seat 8: gmitoi folded before Flop (didn't bet)
Seat 9: MK ULTRA879 showed [4c 5c] and won ($1.23) with two pair, Fives and Deuces



PokerStars Hand #237631811125:  Hold'em No Limit ($0.02/$0.05 USD) - 2022/07/27 19:07:39 PT [2022/07/27 22:07:39 ET]
Table 'Mette' 9-max Seat #5 is the button
Seat 1: Dorex2007 ($5 in chips) 
Seat 2: Kallem28 ($3.95 in chips) 
Seat 3: Pablota1986 ($8.13 in chips) 
Seat 4: Manuelito180 ($4.29 in chips) 
Seat 5: shakadevirgo90 ($0.95 in chips) 
Seat 6: Woodie YUL ($14.47 in chips) 
Seat 7: vlasyk2017 ($6.43 in chips) 
Seat 8: gmitoi ($7.07 in chips) 
Seat 9: MK ULTRA879 ($5.60 in chips) 
Woodie YUL: posts small blind $0.02
vlasyk2017: posts big blind $0.05
*** HOLE CARDS ***
Dealt to Dorex2007 [4c Js]
gmitoi: folds 
MK ULTRA879: calls $0.05
Dorex2007: folds 
Kallem28: folds 
Pablota1986: folds 
Manuelito180: folds 
shakadevirgo90 has timed out
shakadevirgo90: folds 
Woodie YUL: calls $0.03
vlasyk2017: checks 
*** FLOP *** [3c 9h 2c]
Woodie YUL: checks 
vlasyk2017: checks 
MK ULTRA879: checks 
*** TURN *** [3c 9h 2c] [Ad]
Woodie YUL: checks 
vlasyk2017: checks 
MK ULTRA879: checks 
*** RIVER *** [3c 9h 2c Ad] [4h]
Woodie YUL: checks 
vlasyk2017: checks 
MK ULTRA879: checks 
*** SHOW DOWN ***
Woodie YUL: shows [Qd 6c] (high card Ace)
vlasyk2017: shows [Qh Tc] (high card Ace - Queen+Ten kicker)
MK ULTRA879: shows [Kd 8h] (high card Ace - King kicker)
MK ULTRA879 collected $0.14 from pot
*** SUMMARY ***
Total pot $0.15 | Rake $0.01 
Board [3c 9h 2c Ad 4h]
Seat 1: Dorex2007 folded before Flop (didn't bet)
Seat 2: Kallem28 folded before Flop (didn't bet)
Seat 3: Pablota1986 folded before Flop (didn't bet)
Seat 4: Manuelito180 folded before Flop (didn't bet)
Seat 5: shakadevirgo90 (button) folded before Flop (didn't bet)
Seat 6: Woodie YUL (small blind) showed [Qd 6c] and lost with high card Ace
Seat 7: vlasyk2017 (big blind) showed [Qh Tc] and lost with high card Ace
Seat 8: gmitoi folded before Flop (didn't bet)
Seat 9: MK ULTRA879 showed [Kd 8h] and won ($0.14) with high card Ace



PokerStars Hand #237631820386:  Hold'em No Limit ($0.02/$0.05 USD) - 2022/07/27 19:08:27 PT [2022/07/27 22:08:27 ET]
Table 'Mette' 9-max Seat #6 is the button
Seat 1: Dorex2007 ($5 in chips) 
Seat 2: Kallem28 ($3.95 in chips) 
Seat 3: Pablota1986 ($8.13 in chips) 
Seat 4: Manuelito180 ($4.29 in chips) 
Seat 5: shakadevirgo90 ($0.95 in chips) 
Seat 6: Woodie YUL ($14.42 in chips) 
Seat 7: vlasyk2017 ($6.38 in chips) 
Seat 8: gmitoi ($7.07 in chips) 
Seat 9: MK ULTRA879 ($5.69 in chips) 
vlasyk2017: posts small blind $0.02
gmitoi: posts big blind $0.05
*** HOLE CARDS ***
Dealt to Dorex2007 [As 9c]
MK ULTRA879: calls $0.05
Dorex2007: folds 
Kallem28: folds 
Pablota1986: folds 
Manuelito180: folds 
shakadevirgo90 has timed out
shakadevirgo90: folds 
Woodie YUL: folds 
vlasyk2017: folds 
gmitoi: checks 
*** FLOP *** [2c 7c Jh]
gmitoi: checks 
MK ULTRA879: checks 
*** TURN *** [2c 7c Jh] [4c]
gmitoi: checks 
MK ULTRA879: checks 
*** RIVER *** [2c 7c Jh 4c] [Ts]
gmitoi: checks 
MK ULTRA879: checks 
*** SHOW DOWN ***
gmitoi: shows [Qh 6h] (high card Queen)
MK ULTRA879: mucks hand 
gmitoi collected $0.12 from pot
*** SUMMARY ***
Total pot $0.12 | Rake $0 
Board [2c 7c Jh 4c Ts]
Seat 1: Dorex2007 folded before Flop (didn't bet)
Seat 2: Kallem28 folded before Flop (didn't bet)
Seat 3: Pablota1986 folded before Flop (didn't bet)
Seat 4: Manuelito180 folded before Flop (didn't bet)
Seat 5: shakadevirgo90 folded before Flop (didn't bet)
Seat 6: Woodie YUL (button) folded before Flop (didn't bet)
Seat 7: vlasyk2017 (small blind) folded before Flop
Seat 8: gmitoi (big blind) showed [Qh 6h] and won ($0.12) with high card Queen
Seat 9: MK ULTRA879 mucked [3c Qd]



PokerStars Hand #237631829209:  Hold'em No Limit ($0.02/$0.05 USD) - 2022/07/27 19:09:13 PT [2022/07/27 22:09:13 ET]
Table 'Mette' 9-max Seat #7 is the button
Seat 1: Dorex2007 ($5 in chips) 
Seat 2: Kallem28 ($3.95 in chips) 
Seat 3: Pablota1986 ($8.13 in chips) 
Seat 4: Manuelito180 ($4.29 in chips) 
Seat 5: shakadevirgo90 ($0.95 in chips) 
Seat 6: Woodie YUL ($14.42 in chips) 
Seat 7: vlasyk2017 ($6.36 in chips) 
Seat 8: gmitoi ($7.14 in chips) 
Seat 9: MK ULTRA879 ($5.64 in chips) 
gmitoi: posts small blind $0.02
MK ULTRA879: posts big blind $0.05
*** HOLE CARDS ***
Dealt to Dorex2007 [Kc 9d]
Dorex2007: folds 
Kallem28: folds 
Pablota1986: folds 
Manuelito180: folds 
shakadevirgo90: folds 
Woodie YUL: folds 
vlasyk2017: folds 
gmitoi: folds 
Uncalled bet ($0.03) returned to MK ULTRA879
MK ULTRA879 collected $0.04 from pot
*** SUMMARY ***
Total pot $0.04 | Rake $0 
Seat 1: Dorex2007 folded before Flop (didn't bet)
Seat 2: Kallem28 folded before Flop (didn't bet)
Seat 3: Pablota1986 folded before Flop (didn't bet)
Seat 4: Manuelito180 folded before Flop (didn't bet)
Seat 5: shakadevirgo90 folded before Flop (didn't bet)
Seat 6: Woodie YUL folded before Flop (didn't bet)
Seat 7: vlasyk2017 (button) folded before Flop (didn't bet)
Seat 8: gmitoi (small blind) folded before Flop
Seat 9: MK ULTRA879 (big blind) collected ($0.04)



PokerStars Hand #237631832864:  Hold'em No Limit ($0.02/$0.05 USD) - 2022/07/27 19:09:32 PT [2022/07/27 22:09:32 ET]
Table 'Mette' 9-max Seat #8 is the button
Seat 1: Dorex2007 ($5 in chips) 
Seat 2: Kallem28 ($3.95 in chips) 
Seat 3: Pablota1986 ($8.13 in chips) 
Seat 4: Manuelito180 ($4.29 in chips) 
Seat 5: shakadevirgo90 ($0.95 in chips) 
Seat 6: Woodie YUL ($14.42 in chips) 
Seat 7: vlasyk2017 ($6.36 in chips) 
Seat 8: gmitoi ($7.12 in chips) 
Seat 9: MK ULTRA879 ($5.66 in chips) 
MK ULTRA879: posts small blind $0.02
Dorex2007: posts big blind $0.05
*** HOLE CARDS ***
Dealt to Dorex2007 [Jc 2c]
Kallem28: folds 
Pablota1986: folds 
Manuelito180: folds 
shakadevirgo90: folds 
Woodie YUL: folds 
vlasyk2017: folds 
gmitoi: raises $0.10 to $0.15
MK ULTRA879: calls $0.13
Dorex2007: folds 
*** FLOP *** [Td 5s 4d]
MK ULTRA879: checks 
gmitoi: bets $0.25
MK ULTRA879: folds 
Uncalled bet ($0.25) returned to gmitoi
gmitoi collected $0.34 from pot
gmitoi: doesn't show hand 
*** SUMMARY ***
Total pot $0.35 | Rake $0.01 
Board [Td 5s 4d]
Seat 1: Dorex2007 (big blind) folded before Flop
Seat 2: Kallem28 folded before Flop (didn't bet)
Seat 3: Pablota1986 folded before Flop (didn't bet)
Seat 4: Manuelito180 folded before Flop (didn't bet)
Seat 5: shakadevirgo90 folded before Flop (didn't bet)
Seat 6: Woodie YUL folded before Flop (didn't bet)
Seat 7: vlasyk2017 folded before Flop (didn't bet)
Seat 8: gmitoi (button) collected ($0.34)
Seat 9: MK ULTRA879 (small blind) folded on the Flop



PokerStars Hand #237631839474:  Hold'em No Limit ($0.02/$0.05 USD) - 2022/07/27 19:10:07 PT [2022/07/27 22:10:07 ET]
Table 'Mette' 9-max Seat #9 is the button
Seat 1: Dorex2007 ($5 in chips) 
Seat 2: Kallem28 ($3.95 in chips) 
Seat 3: Pablota1986 ($8.13 in chips) 
Seat 4: Manuelito180 ($4.29 in chips) 
Seat 5: shakadevirgo90 ($0.95 in chips) 
Seat 6: Woodie YUL ($14.42 in chips) 
Seat 7: vlasyk2017 ($6.36 in chips) 
Seat 8: gmitoi ($7.31 in chips) 
Seat 9: MK ULTRA879 ($5.51 in chips) 
Dorex2007: posts small blind $0.02
Kallem28: posts big blind $0.05
*** HOLE CARDS ***
Dealt to Dorex2007 [6d Th]
Pablota1986: folds 
Manuelito180: raises $0.10 to $0.15
shakadevirgo90: folds 
Woodie YUL: folds 
vlasyk2017: folds 
gmitoi: folds 
MK ULTRA879: folds 
MK ULTRA879 leaves the table
Dorex2007: folds 
Kallem28: calls $0.10
*** FLOP *** [Td 6h Qd]
Kallem28: checks 
Tiagoo$ZF joins the table at seat #9 
Manuelito180: checks 
*** TURN *** [Td 6h Qd] [4c]
Kallem28: checks 
Manuelito180: checks 
*** RIVER *** [Td 6h Qd 4c] [8s]
Kallem28: checks 
Manuelito180: bets $0.31
Kallem28: folds 
Uncalled bet ($0.31) returned to Manuelito180
Manuelito180 collected $0.31 from pot
Manuelito180: doesn't show hand 
*** SUMMARY ***
Total pot $0.32 | Rake $0.01 
Board [Td 6h Qd 4c 8s]
Seat 1: Dorex2007 (small blind) folded before Flop
Seat 2: Kallem28 (big blind) folded on the River
Seat 3: Pablota1986 folded before Flop (didn't bet)
Seat 4: Manuelito180 collected ($0.31)
Seat 5: shakadevirgo90 folded before Flop (didn't bet)
Seat 6: Woodie YUL folded before Flop (didn't bet)
Seat 7: vlasyk2017 folded before Flop (didn't bet)
Seat 8: gmitoi folded before Flop (didn't bet)
Seat 9: MK ULTRA879 (button) folded before Flop (didn't bet)



PokerStars Hand #237631850888:  Hold'em No Limit ($0.02/$0.05 USD) - 2022/07/27 19:11:06 PT [2022/07/27 22:11:06 ET]
Table 'Mette' 9-max Seat #1 is the button
Seat 1: Dorex2007 ($5 in chips) 
Seat 2: Kallem28 ($3.80 in chips) 
Seat 3: Pablota1986 ($8.13 in chips) 
Seat 4: Manuelito180 ($4.45 in chips) 
Seat 5: shakadevirgo90 ($0.95 in chips) 
Seat 6: Woodie YUL ($14.42 in chips) 
Seat 7: vlasyk2017 ($6.36 in chips) 
Seat 8: gmitoi ($7.31 in chips) 
Kallem28: posts small blind $0.02
Pablota1986: posts big blind $0.05
Tiagoo$ZF: sits out 
*** HOLE CARDS ***
Dealt to Dorex2007 [Qc 8d]
Manuelito180: folds 
shakadevirgo90: folds 
Woodie YUL: folds 
vlasyk2017: folds 
gmitoi: raises $0.10 to $0.15
Dorex2007: folds 
Kallem28: calls $0.13
Pablota1986: folds 
*** FLOP *** [2d Ts Kh]
Kallem28: checks 
gmitoi: checks 
*** TURN *** [2d Ts Kh] [6h]
Kallem28: checks 
gmitoi: checks 
*** RIVER *** [2d Ts Kh 6h] [3h]
Kallem28: checks 
gmitoi: checks 
*** SHOW DOWN ***
Kallem28: shows [Ad 7d] (high card Ace)
gmitoi: shows [8h 8s] (a pair of Eights)
gmitoi collected $0.34 from pot
*** SUMMARY ***
Total pot $0.35 | Rake $0.01 
Board [2d Ts Kh 6h 3h]
Seat 1: Dorex2007 (button) folded before Flop (didn't bet)
Seat 2: Kallem28 (small blind) showed [Ad 7d] and lost with high card Ace
Seat 3: Pablota1986 (big blind) folded before Flop
Seat 4: Manuelito180 folded before Flop (didn't bet)
Seat 5: shakadevirgo90 folded before Flop (didn't bet)
Seat 6: Woodie YUL folded before Flop (didn't bet)
Seat 7: vlasyk2017 folded before Flop (didn't bet)
Seat 8: gmitoi showed [8h 8s] and won ($0.34) with a pair of Eights



PokerStars Hand #237631863768:  Hold'em No Limit ($0.02/$0.05 USD) - 2022/07/27 19:11:44 PT [2022/07/27 22:11:44 ET]
Table 'Mette' 9-max Seat #2 is the button
Seat 1: Dorex2007 ($5 in chips) 
Seat 2: Kallem28 ($3.65 in chips) 
Seat 3: Pablota1986 ($8.08 in chips) 
Seat 4: Manuelito180 ($4.45 in chips) 
Seat 5: shakadevirgo90 ($0.95 in chips) 
Seat 6: Woodie YUL ($14.42 in chips) 
Seat 7: vlasyk2017 ($6.36 in chips) 
Seat 8: gmitoi ($7.50 in chips) 
Pablota1986: posts small blind $0.02
Manuelito180: posts big blind $0.05
Tiagoo$ZF: sits out 
*** HOLE CARDS ***
Dealt to Dorex2007 [7s 2h]
shakadevirgo90: folds 
Woodie YUL: folds 
vlasyk2017: folds 
gmitoi: raises $0.10 to $0.15
Dorex2007: folds 
Kallem28: folds 
Pablota1986: folds 
Manuelito180: folds 
Uncalled bet ($0.10) returned to gmitoi
gmitoi collected $0.12 from pot
gmitoi: doesn't show hand 
*** SUMMARY ***
Total pot $0.12 | Rake $0 
Seat 1: Dorex2007 folded before Flop (didn't bet)
Seat 2: Kallem28 (button) folded before Flop (didn't bet)
Seat 3: Pablota1986 (small blind) folded before Flop
Seat 4: Manuelito180 (big blind) folded before Flop
Seat 5: shakadevirgo90 folded before Flop (didn't bet)
Seat 6: Woodie YUL folded before Flop (didn't bet)
Seat 7: vlasyk2017 folded before Flop (didn't bet)
Seat 8: gmitoi collected ($0.12)



PokerStars Hand #237631866438:  Hold'em No Limit ($0.02/$0.05 USD) - 2022/07/27 19:11:58 PT [2022/07/27 22:11:58 ET]
Table 'Mette' 9-max Seat #3 is the button
Seat 1: Dorex2007 ($5 in chips) 
Seat 2: Kallem28 ($3.65 in chips) 
Seat 3: Pablota1986 ($8.06 in chips) 
Seat 4: Manuelito180 ($4.40 in chips) 
Seat 5: shakadevirgo90 ($0.95 in chips) 
Seat 6: Woodie YUL ($14.42 in chips) 
Seat 7: vlasyk2017 ($6.36 in chips) 
Seat 8: gmitoi ($7.57 in chips) 
Manuelito180: posts small blind $0.02
shakadevirgo90: posts big blind $0.05
Tiagoo$ZF: sits out 
*** HOLE CARDS ***
Dealt to Dorex2007 [Jh 8s]
Woodie YUL: folds 
vlasyk2017: folds 
gmitoi: folds 
Dorex2007: folds 
Kallem28: folds 
Pablota1986: raises $0.07 to $0.12
Manuelito180: calls $0.10
shakadevirgo90: folds 
*** FLOP *** [5d Qd Kh]
Manuelito180: checks 
Pablota1986: bets $0.09
Manuelito180: calls $0.09
*** TURN *** [5d Qd Kh] [6h]
Manuelito180: checks 
Pablota1986: checks 
*** RIVER *** [5d Qd Kh 6h] [9c]
Manuelito180: bets $0.30
Pablota1986: folds 
Uncalled bet ($0.30) returned to Manuelito180
Manuelito180 collected $0.45 from pot
Kallem28 leaves the table
Manuelito180: doesn't show hand 
*** SUMMARY ***
Total pot $0.47 | Rake $0.02 
Board [5d Qd Kh 6h 9c]
Seat 1: Dorex2007 folded before Flop (didn't bet)
Seat 2: Kallem28 folded before Flop (didn't bet)
Seat 3: Pablota1986 (button) folded on the River
Seat 4: Manuelito180 (small blind) collected ($0.45)
Seat 5: shakadevirgo90 (big blind) folded before Flop
Seat 6: Woodie YUL folded before Flop (didn't bet)
Seat 7: vlasyk2017 folded before Flop (didn't bet)
Seat 8: gmitoi folded before Flop (didn't bet)



PokerStars Hand #237631877374:  Hold'em No Limit ($0.02/$0.05 USD) - 2022/07/27 19:12:56 PT [2022/07/27 22:12:56 ET]
Table 'Mette' 9-max Seat #4 is the button
Seat 1: Dorex2007 ($5 in chips) 
Seat 3: Pablota1986 ($7.85 in chips) 
Seat 4: Manuelito180 ($4.64 in chips) 
Seat 5: shakadevirgo90 ($0.90 in chips) 
Seat 7: vlasyk2017 ($6.36 in chips) 
Seat 8: gmitoi ($7.57 in chips) 
shakadevirgo90: posts small blind $0.02
Woodie YUL: is sitting out 
vlasyk2017: posts big blind $0.05
Tiagoo$ZF: sits out 
*** HOLE CARDS ***
Dealt to Dorex2007 [7d Jc]
gmitoi: calls $0.05
Dorex2007: folds 
Pablota1986: folds 
Manuelito180: calls $0.05
Woodie YUL leaves the table
shakadevirgo90: calls $0.03
vlasyk2017: checks 
*** FLOP *** [Ac 4s 5s]
shakadevirgo90: checks 
vlasyk2017: checks 
gmitoi: checks 
Manuelito180: bets $0.19
shakadevirgo90: folds 
vlasyk2017: folds 
gmitoi: folds 
Uncalled bet ($0.19) returned to Manuelito180
Manuelito180 collected $0.19 from pot
Manuelito180: doesn't show hand 
*** SUMMARY ***
Total pot $0.20 | Rake $0.01 
Board [Ac 4s 5s]
Seat 1: Dorex2007 folded before Flop (didn't bet)
Seat 3: Pablota1986 folded before Flop (didn't bet)
Seat 4: Manuelito180 (button) collected ($0.19)
Seat 5: shakadevirgo90 (small blind) folded on the Flop
Seat 7: vlasyk2017 (big blind) folded on the Flop
Seat 8: gmitoi folded on the Flop



PokerStars Hand #237631893075:  Hold'em No Limit ($0.02/$0.05 USD) - 2022/07/27 19:14:19 PT [2022/07/27 22:14:19 ET]
Table 'Mette' 9-max Seat #5 is the button
Seat 1: Dorex2007 ($5 in chips) 
Seat 3: Pablota1986 ($7.85 in chips) 
Seat 4: Manuelito180 ($4.78 in chips) 
Seat 5: shakadevirgo90 ($0.85 in chips) 
Seat 7: vlasyk2017 ($6.31 in chips) 
Seat 8: gmitoi ($7.52 in chips) 
vlasyk2017: posts small blind $0.02
gmitoi: posts big blind $0.05
Tiagoo$ZF: sits out 
*** HOLE CARDS ***
Dealt to Dorex2007 [Qd Tc]
Dorex2007: folds 
Pablota1986: folds 
Manuelito180: folds 
shakadevirgo90 has timed out
shakadevirgo90: folds 
vlasyk2017: raises $0.10 to $0.15
gmitoi: folds 
Uncalled bet ($0.10) returned to vlasyk2017
vlasyk2017 collected $0.10 from pot
*** SUMMARY ***
Total pot $0.10 | Rake $0 
Seat 1: Dorex2007 folded before Flop (didn't bet)
Seat 3: Pablota1986 folded before Flop (didn't bet)
Seat 4: Manuelito180 folded before Flop (didn't bet)
Seat 5: shakadevirgo90 (button) folded before Flop (didn't bet)
Seat 7: vlasyk2017 (small blind) collected ($0.10)
Seat 8: gmitoi (big blind) folded before Flop



PokerStars Hand #237631898442:  Hold'em No Limit ($0.02/$0.05 USD) - 2022/07/27 19:14:48 PT [2022/07/27 22:14:48 ET]
Table 'Mette' 9-max Seat #7 is the button
Seat 1: Dorex2007 ($5 in chips) 
Seat 3: Pablota1986 ($7.85 in chips) 
Seat 4: Manuelito180 ($4.78 in chips) 
Seat 5: shakadevirgo90 ($0.85 in chips) 
Seat 7: vlasyk2017 ($6.36 in chips) 
Seat 8: gmitoi ($7.47 in chips) 
Seat 9: Tiagoo$ZF ($4 in chips) 
gmitoi: posts small blind $0.02
Tiagoo$ZF: posts big blind $0.05
*** HOLE CARDS ***
Dealt to Dorex2007 [5d 7d]
Dorex2007: folds 
Pablota1986: folds 
Manuelito180: folds 
shakadevirgo90: folds 
vlasyk2017: folds 
gmitoi: folds 
Uncalled bet ($0.03) returned to Tiagoo$ZF
Tiagoo$ZF collected $0.04 from pot
*** SUMMARY ***
Total pot $0.04 | Rake $0 
Seat 1: Dorex2007 folded before Flop (didn't bet)
Seat 3: Pablota1986 folded before Flop (didn't bet)
Seat 4: Manuelito180 folded before Flop (didn't bet)
Seat 5: shakadevirgo90 folded before Flop (didn't bet)
Seat 7: vlasyk2017 (button) folded before Flop (didn't bet)
Seat 8: gmitoi (small blind) folded before Flop
Seat 9: Tiagoo$ZF (big blind) collected ($0.04)



PokerStars Hand #237631901562:  Hold'em No Limit ($0.02/$0.05 USD) - 2022/07/27 19:15:04 PT [2022/07/27 22:15:04 ET]
Table 'Mette' 9-max Seat #8 is the button
Seat 1: Dorex2007 ($5 in chips) 
Seat 3: Pablota1986 ($7.85 in chips) 
Seat 4: Manuelito180 ($4.78 in chips) 
Seat 5: shakadevirgo90 ($0.85 in chips) 
Seat 7: vlasyk2017 ($6.36 in chips) 
Seat 8: gmitoi ($7.45 in chips) 
Seat 9: Tiagoo$ZF ($4.02 in chips) 
Tiagoo$ZF: posts small blind $0.02
Dorex2007: posts big blind $0.05
*** HOLE CARDS ***
Dealt to Dorex2007 [4d Td]
Pablota1986: folds 
Manuelito180: folds 
shakadevirgo90 has timed out
shakadevirgo90: folds 
vlasyk2017: folds 
gmitoi: folds 
Tiagoo$ZF: folds 
Uncalled bet ($0.03) returned to Dorex2007
Dorex2007 collected $0.04 from pot
Dorex2007: doesn't show hand 
*** SUMMARY ***
Total pot $0.04 | Rake $0 
Seat 1: Dorex2007 (big blind) collected ($0.04)
Seat 3: Pablota1986 folded before Flop (didn't bet)
Seat 4: Manuelito180 folded before Flop (didn't bet)
Seat 5: shakadevirgo90 folded before Flop (didn't bet)
Seat 7: vlasyk2017 folded before Flop (didn't bet)
Seat 8: gmitoi (button) folded before Flop (didn't bet)
Seat 9: Tiagoo$ZF (small blind) folded before Flop



PokerStars Hand #237631906493:  Hold'em No Limit ($0.02/$0.05 USD) - 2022/07/27 19:15:30 PT [2022/07/27 22:15:30 ET]
Table 'Mette' 9-max Seat #9 is the button
Seat 1: Dorex2007 ($5.02 in chips) 
Seat 3: Pablota1986 ($7.85 in chips) 
Seat 4: Manuelito180 ($4.78 in chips) 
Seat 5: shakadevirgo90 ($0.85 in chips) 
Seat 7: vlasyk2017 ($6.36 in chips) 
Seat 8: gmitoi ($7.45 in chips) 
Seat 9: Tiagoo$ZF ($4 in chips) 
Dorex2007: posts small blind $0.02
Pablota1986: posts big blind $0.05
*** HOLE CARDS ***
Dealt to Dorex2007 [Kc 6h]
Ramkha joins the table at seat #2 
Manuelito180: folds 
shakadevirgo90: raises $0.05 to $0.10
vlasyk2017: folds 
gmitoi: calls $0.10
Tiagoo$ZF: folds 
Dorex2007: folds 
Pablota1986: folds 
*** FLOP *** [3d 7s Tc]
shakadevirgo90: bets $0.17
gmitoi: folds 
Uncalled bet ($0.17) returned to shakadevirgo90
shakadevirgo90 collected $0.26 from pot
shakadevirgo90: doesn't show hand 
*** SUMMARY ***
Total pot $0.27 | Rake $0.01 
Board [3d 7s Tc]
Seat 1: Dorex2007 (small blind) folded before Flop
Seat 3: Pablota1986 (big blind) folded before Flop
Seat 4: Manuelito180 folded before Flop (didn't bet)
Seat 5: shakadevirgo90 collected ($0.26)
Seat 7: vlasyk2017 folded before Flop (didn't bet)
Seat 8: gmitoi folded on the Flop
Seat 9: Tiagoo$ZF (button) folded before Flop (didn't bet)



PokerStars Hand #237631911939:  Hold'em No Limit ($0.02/$0.05 USD) - 2022/07/27 19:15:59 PT [2022/07/27 22:15:59 ET]
Table 'Mette' 9-max Seat #1 is the button
Seat 1: Dorex2007 ($5 in chips) 
Seat 3: Pablota1986 ($7.80 in chips) 
Seat 4: Manuelito180 ($4.78 in chips) 
Seat 5: shakadevirgo90 ($1.01 in chips) 
Seat 7: vlasyk2017 ($6.36 in chips) 
Seat 8: gmitoi ($7.35 in chips) 
Seat 9: Tiagoo$ZF ($4 in chips) 
Pablota1986: posts small blind $0.02
Manuelito180: posts big blind $0.05
*** HOLE CARDS ***
Dealt to Dorex2007 [2c 2h]
shakadevirgo90: folds 
vlasyk2017: folds 
gmitoi: raises $0.10 to $0.15
Tiagoo$ZF: folds 
Kallem28 joins the table at seat #6 
Dorex2007: calls $0.15
Pablota1986: folds 
Manuelito180: calls $0.10
*** FLOP *** [4d Th 9c]
Manuelito180: checks 
gmitoi: bets $0.25
Dorex2007: folds 
Manuelito180: calls $0.25
*** TURN *** [4d Th 9c] [Jc]
Manuelito180: checks 
gmitoi: bets $0.60
Manuelito180: calls $0.60
*** RIVER *** [4d Th 9c Jc] [6c]
Manuelito180: bets $2.08
gmitoi: folds 
Uncalled bet ($2.08) returned to Manuelito180
Manuelito180 collected $2.08 from pot
Manuelito180: doesn't show hand 
*** SUMMARY ***
Total pot $2.17 | Rake $0.09 
Board [4d Th 9c Jc 6c]
Seat 1: Dorex2007 (button) folded on the Flop
Seat 3: Pablota1986 (small blind) folded before Flop
Seat 4: Manuelito180 (big blind) collected ($2.08)
Seat 5: shakadevirgo90 folded before Flop (didn't bet)
Seat 7: vlasyk2017 folded before Flop (didn't bet)
Seat 8: gmitoi folded on the River
Seat 9: Tiagoo$ZF folded before Flop (didn't bet)



PokerStars Hand #237631930168:  Hold'em No Limit ($0.02/$0.05 USD) - 2022/07/27 19:17:06 PT [2022/07/27 22:17:06 ET]
Table 'Mette' 9-max Seat #3 is the button
Seat 1: Dorex2007 ($5 in chips) 
Seat 3: Pablota1986 ($7.78 in chips) 
Seat 4: Manuelito180 ($5.86 in chips) 
Seat 5: shakadevirgo90 ($1.01 in chips) 
Seat 6: Kallem28 ($5 in chips) 
Seat 7: vlasyk2017 ($6.36 in chips) 
Seat 8: gmitoi ($6.35 in chips) 
Seat 9: Tiagoo$ZF ($4 in chips) 
Manuelito180: posts small blind $0.02
shakadevirgo90: posts big blind $0.05
Kallem28: posts big blind $0.05
Ramkha: sits out 
*** HOLE CARDS ***
Dealt to Dorex2007 [Ac Qd]
Kallem28: checks 
vlasyk2017: folds 
gmitoi: raises $0.10 to $0.15
Tiagoo$ZF: raises $0.14 to $0.29
Dorex2007: folds 
Pablota1986: folds 
Manuelito180: folds 
shakadevirgo90: folds 
Kallem28: folds 
gmitoi: calls $0.14
*** FLOP *** [8c 4d 8s]
gmitoi: checks 
Tiagoo$ZF: bets $0.36
gmitoi: calls $0.36
*** TURN *** [8c 4d 8s] [6h]
gmitoi: checks 
Tiagoo$ZF: checks 
*** RIVER *** [8c 4d 8s 6h] [3h]
gmitoi: checks 
Tiagoo$ZF: checks 
*** SHOW DOWN ***
gmitoi: shows [Ts Th] (two pair, Tens and Eights)
Tiagoo$ZF: mucks hand 
gmitoi collected $1.36 from pot
*** SUMMARY ***
Total pot $1.42 | Rake $0.06 
Board [8c 4d 8s 6h 3h]
Seat 1: Dorex2007 folded before Flop (didn't bet)
Seat 3: Pablota1986 (button) folded before Flop (didn't bet)
Seat 4: Manuelito180 (small blind) folded before Flop
Seat 5: shakadevirgo90 (big blind) folded before Flop
Seat 6: Kallem28 folded before Flop (didn't bet)
Seat 7: vlasyk2017 folded before Flop (didn't bet)
Seat 8: gmitoi showed [Ts Th] and won ($1.36) with two pair, Tens and Eights
Seat 9: Tiagoo$ZF mucked [Kh Ad]



PokerStars Hand #237631943931:  Hold'em No Limit ($0.02/$0.05 USD) - 2022/07/27 19:18:20 PT [2022/07/27 22:18:20 ET]
Table 'Mette' 9-max Seat #4 is the button
Seat 1: Dorex2007 ($5 in chips) 
Seat 3: Pablota1986 ($7.78 in chips) 
Seat 4: Manuelito180 ($5.84 in chips) 
Seat 5: shakadevirgo90 ($0.96 in chips) 
Seat 6: Kallem28 ($4.95 in chips) 
Seat 7: vlasyk2017 ($6.36 in chips) 
Seat 8: gmitoi ($7.06 in chips) 
Seat 9: Tiagoo$ZF ($3.35 in chips) 
shakadevirgo90: posts small blind $0.02
Kallem28: posts big blind $0.05
Ramkha: sits out 
*** HOLE CARDS ***
Dealt to Dorex2007 [Td 4c]
vlasyk2017: folds 
gmitoi: raises $0.10 to $0.15
Tiagoo$ZF: folds 
Dorex2007: folds 
Pablota1986: folds 
Manuelito180: folds 
shakadevirgo90: folds 
Kallem28: calls $0.10
*** FLOP *** [8c 2h 7c]
Kallem28: bets $0.10
gmitoi: raises $0.30 to $0.40
Kallem28: calls $0.30
*** TURN *** [8c 2h 7c] [Ac]
Kallem28: checks 
gmitoi: checks 
*** RIVER *** [8c 2h 7c Ac] [2c]
Kallem28: checks 
gmitoi: checks 
*** SHOW DOWN ***
Kallem28: shows [8d Ks] (two pair, Eights and Deuces)
gmitoi: shows [Jh Js] (two pair, Jacks and Deuces)
gmitoi collected $1.07 from pot
*** SUMMARY ***
Total pot $1.12 | Rake $0.05 
Board [8c 2h 7c Ac 2c]
Seat 1: Dorex2007 folded before Flop (didn't bet)
Seat 3: Pablota1986 folded before Flop (didn't bet)
Seat 4: Manuelito180 (button) folded before Flop (didn't bet)
Seat 5: shakadevirgo90 (small blind) folded before Flop
Seat 6: Kallem28 (big blind) showed [8d Ks] and lost with two pair, Eights and Deuces
Seat 7: vlasyk2017 folded before Flop (didn't bet)
Seat 8: gmitoi showed [Jh Js] and won ($1.07) with two pair, Jacks and Deuces
Seat 9: Tiagoo$ZF folded before Flop (didn't bet)



PokerStars Hand #237631949838:  Hold'em No Limit ($0.02/$0.05 USD) - 2022/07/27 19:18:51 PT [2022/07/27 22:18:51 ET]
Table 'Mette' 9-max Seat #5 is the button
Seat 1: Dorex2007 ($5 in chips) 
Seat 3: Pablota1986 ($7.78 in chips) 
Seat 4: Manuelito180 ($5.84 in chips) 
Seat 5: shakadevirgo90 ($0.94 in chips) 
Seat 6: Kallem28 ($4.40 in chips) 
Seat 7: vlasyk2017 ($6.36 in chips) 
Seat 8: gmitoi ($7.58 in chips) 
Seat 9: Tiagoo$ZF ($3.35 in chips) 
Kallem28: posts small blind $0.02
vlasyk2017: posts big blind $0.05
Ramkha: sits out 
*** HOLE CARDS ***
Dealt to Dorex2007 [4d 8d]
gmitoi: folds 
Tiagoo$ZF: folds 
Dorex2007: folds 
Pablota1986: folds 
Manuelito180: folds 
shakadevirgo90: folds 
Kallem28: folds 
Uncalled bet ($0.03) returned to vlasyk2017
vlasyk2017 collected $0.04 from pot
*** SUMMARY ***
Total pot $0.04 | Rake $0 
Seat 1: Dorex2007 folded before Flop (didn't bet)
Seat 3: Pablota1986 folded before Flop (didn't bet)
Seat 4: Manuelito180 folded before Flop (didn't bet)
Seat 5: shakadevirgo90 (button) folded before Flop (didn't bet)
Seat 6: Kallem28 (small blind) folded before Flop
Seat 7: vlasyk2017 (big blind) collected ($0.04)
Seat 8: gmitoi folded before Flop (didn't bet)
Seat 9: Tiagoo$ZF folded before Flop (didn't bet)



PokerStars Hand #237631952118:  Hold'em No Limit ($0.02/$0.05 USD) - 2022/07/27 19:19:03 PT [2022/07/27 22:19:03 ET]
Table 'Mette' 9-max Seat #6 is the button
Seat 1: Dorex2007 ($5 in chips) 
Seat 3: Pablota1986 ($7.78 in chips) 
Seat 4: Manuelito180 ($5.84 in chips) 
Seat 5: shakadevirgo90 ($0.94 in chips) 
Seat 6: Kallem28 ($4.38 in chips) 
Seat 7: vlasyk2017 ($6.38 in chips) 
Seat 8: gmitoi ($7.58 in chips) 
Seat 9: Tiagoo$ZF ($3.35 in chips) 
vlasyk2017: posts small blind $0.02
gmitoi: posts big blind $0.05
Ramkha: sits out 
*** HOLE CARDS ***
Dealt to Dorex2007 [8d 5d]
Tiagoo$ZF: folds 
Dorex2007: folds 
Pablota1986: folds 
Manuelito180: folds 
shakadevirgo90: folds 
Kallem28: folds 
vlasyk2017: folds 
Uncalled bet ($0.03) returned to gmitoi
gmitoi collected $0.04 from pot
gmitoi: doesn't show hand 
*** SUMMARY ***
Total pot $0.04 | Rake $0 
Seat 1: Dorex2007 folded before Flop (didn't bet)
Seat 3: Pablota1986 folded before Flop (didn't bet)
Seat 4: Manuelito180 folded before Flop (didn't bet)
Seat 5: shakadevirgo90 folded before Flop (didn't bet)
Seat 6: Kallem28 (button) folded before Flop (didn't bet)
Seat 7: vlasyk2017 (small blind) folded before Flop
Seat 8: gmitoi (big blind) collected ($0.04)
Seat 9: Tiagoo$ZF folded before Flop (didn't bet)



PokerStars Hand #237631956750:  Hold'em No Limit ($0.02/$0.05 USD) - 2022/07/27 19:19:28 PT [2022/07/27 22:19:28 ET]
Table 'Mette' 9-max Seat #7 is the button
Seat 1: Dorex2007 ($5 in chips) 
Seat 3: Pablota1986 ($7.78 in chips) 
Seat 4: Manuelito180 ($5.84 in chips) 
Seat 5: shakadevirgo90 ($0.94 in chips) 
Seat 6: Kallem28 ($4.38 in chips) 
Seat 7: vlasyk2017 ($6.36 in chips) 
Seat 8: gmitoi ($7.60 in chips) 
Seat 9: Tiagoo$ZF ($3.35 in chips) 
gmitoi: posts small blind $0.02
Tiagoo$ZF: posts big blind $0.05
Ramkha: sits out 
*** HOLE CARDS ***
Dealt to Dorex2007 [6h Ad]
Dorex2007: folds 
Pablota1986: folds 
Manuelito180: raises $0.10 to $0.15
shakadevirgo90: folds 
Kallem28: folds 
vlasyk2017: folds 
gmitoi: folds 
Tiagoo$ZF: folds 
Uncalled bet ($0.10) returned to Manuelito180
Manuelito180 collected $0.12 from pot
Manuelito180: doesn't show hand 
*** SUMMARY ***
Total pot $0.12 | Rake $0 
Seat 1: Dorex2007 folded before Flop (didn't bet)
Seat 3: Pablota1986 folded before Flop (didn't bet)
Seat 4: Manuelito180 collected ($0.12)
Seat 5: shakadevirgo90 folded before Flop (didn't bet)
Seat 6: Kallem28 folded before Flop (didn't bet)
Seat 7: vlasyk2017 (button) folded before Flop (didn't bet)
Seat 8: gmitoi (small blind) folded before Flop
Seat 9: Tiagoo$ZF (big blind) folded before Flop



PokerStars Hand #237631961494:  Hold'em No Limit ($0.02/$0.05 USD) - 2022/07/27 19:19:54 PT [2022/07/27 22:19:54 ET]
Table 'Mette' 9-max Seat #8 is the button
Seat 1: Dorex2007 ($5 in chips) 
Seat 3: Pablota1986 ($7.78 in chips) 
Seat 4: Manuelito180 ($5.91 in chips) 
Seat 5: shakadevirgo90 ($0.94 in chips) 
Seat 6: Kallem28 ($4.38 in chips) 
Seat 7: vlasyk2017 ($6.36 in chips) 
Seat 8: gmitoi ($7.58 in chips) 
Seat 9: Tiagoo$ZF ($3.30 in chips) 
Tiagoo$ZF: posts small blind $0.02
Dorex2007: posts big blind $0.05
Ramkha: sits out 
*** HOLE CARDS ***
Dealt to Dorex2007 [9s 6s]
Pablota1986: folds 
Manuelito180: folds 
shakadevirgo90: folds 
Kallem28: folds 
vlasyk2017: folds 
gmitoi: folds 
Tiagoo$ZF: folds 
Uncalled bet ($0.03) returned to Dorex2007
Dorex2007 collected $0.04 from pot
Dorex2007: doesn't show hand 
*** SUMMARY ***
Total pot $0.04 | Rake $0 
Seat 1: Dorex2007 (big blind) collected ($0.04)
Seat 3: Pablota1986 folded before Flop (didn't bet)
Seat 4: Manuelito180 folded before Flop (didn't bet)
Seat 5: shakadevirgo90 folded before Flop (didn't bet)
Seat 6: Kallem28 folded before Flop (didn't bet)
Seat 7: vlasyk2017 folded before Flop (didn't bet)
Seat 8: gmitoi (button) folded before Flop (didn't bet)
Seat 9: Tiagoo$ZF (small blind) folded before Flop



PokerStars Hand #237631964763:  Hold'em No Limit ($0.02/$0.05 USD) - 2022/07/27 19:20:11 PT [2022/07/27 22:20:11 ET]
Table 'Mette' 9-max Seat #9 is the button
Seat 1: Dorex2007 ($5.02 in chips) 
Seat 2: Ramkha ($5 in chips) 
Seat 3: Pablota1986 ($7.78 in chips) 
Seat 4: Manuelito180 ($5.91 in chips) 
Seat 5: shakadevirgo90 ($0.94 in chips) 
Seat 6: Kallem28 ($4.38 in chips) 
Seat 7: vlasyk2017 ($6.36 in chips) 
Seat 8: gmitoi ($7.58 in chips) 
Seat 9: Tiagoo$ZF ($3.28 in chips) 
Dorex2007: posts small blind $0.02
Ramkha: posts big blind $0.05
*** HOLE CARDS ***
Dealt to Dorex2007 [7c Qs]
Pablota1986: folds 
Manuelito180: raises $0.10 to $0.15
shakadevirgo90: folds 
Kallem28: folds 
vlasyk2017: folds 
gmitoi: folds 
Tiagoo$ZF: folds 
Dorex2007: folds 
Ramkha: calls $0.10
*** FLOP *** [Qc 4s Td]
Ramkha: checks 
Manuelito180: bets $0.15
Ramkha: folds 
Uncalled bet ($0.15) returned to Manuelito180
Manuelito180 collected $0.31 from pot
Manuelito180: doesn't show hand 
*** SUMMARY ***
Total pot $0.32 | Rake $0.01 
Board [Qc 4s Td]
Seat 1: Dorex2007 (small blind) folded before Flop
Seat 2: Ramkha (big blind) folded on the Flop
Seat 3: Pablota1986 folded before Flop (didn't bet)
Seat 4: Manuelito180 collected ($0.31)
Seat 5: shakadevirgo90 folded before Flop (didn't bet)
Seat 6: Kallem28 folded before Flop (didn't bet)
Seat 7: vlasyk2017 folded before Flop (didn't bet)
Seat 8: gmitoi folded before Flop (didn't bet)
Seat 9: Tiagoo$ZF (button) folded before Flop (didn't bet)



PokerStars Hand #237631970632:  Hold'em No Limit ($0.02/$0.05 USD) - 2022/07/27 19:20:43 PT [2022/07/27 22:20:43 ET]
Table 'Mette' 9-max Seat #1 is the button
Seat 1: Dorex2007 ($5 in chips) 
Seat 2: Ramkha ($5 in chips) 
Seat 3: Pablota1986 ($7.78 in chips) 
Seat 4: Manuelito180 ($6.07 in chips) 
Seat 5: shakadevirgo90 ($0.94 in chips) 
Seat 6: Kallem28 ($4.38 in chips) 
Seat 7: vlasyk2017 ($6.36 in chips) 
Seat 8: gmitoi ($7.58 in chips) 
Seat 9: Tiagoo$ZF ($3.28 in chips) 
Ramkha: posts small blind $0.02
Pablota1986: posts big blind $0.05
*** HOLE CARDS ***
Dealt to Dorex2007 [9h Tc]
Manuelito180: folds 
shakadevirgo90: folds 
Kallem28: folds 
vlasyk2017: folds 
gmitoi: folds 
Tiagoo$ZF: folds 
Dorex2007: folds 
Ramkha: raises $0.10 to $0.15
Pablota1986: calls $0.10
*** FLOP *** [4c 7d 5c]
Ramkha: bets $0.09
Pablota1986: folds 
Uncalled bet ($0.09) returned to Ramkha
Ramkha collected $0.29 from pot
Ramkha: doesn't show hand 
*** SUMMARY ***
Total pot $0.30 | Rake $0.01 
Board [4c 7d 5c]
Seat 1: Dorex2007 (button) folded before Flop (didn't bet)
Seat 2: Ramkha (small blind) collected ($0.29)
Seat 3: Pablota1986 (big blind) folded on the Flop
Seat 4: Manuelito180 folded before Flop (didn't bet)
Seat 5: shakadevirgo90 folded before Flop (didn't bet)
Seat 6: Kallem28 folded before Flop (didn't bet)
Seat 7: vlasyk2017 folded before Flop (didn't bet)
Seat 8: gmitoi folded before Flop (didn't bet)
Seat 9: Tiagoo$ZF folded before Flop (didn't bet)



PokerStars Hand #237631976841:  Hold'em No Limit ($0.02/$0.05 USD) - 2022/07/27 19:21:16 PT [2022/07/27 22:21:16 ET]
Table 'Mette' 9-max Seat #2 is the button
Seat 1: Dorex2007 ($5 in chips) 
Seat 2: Ramkha ($5.14 in chips) 
Seat 3: Pablota1986 ($7.63 in chips) 
Seat 4: Manuelito180 ($6.07 in chips) 
Seat 5: shakadevirgo90 ($0.94 in chips) 
Seat 6: Kallem28 ($4.38 in chips) 
Seat 7: vlasyk2017 ($6.36 in chips) 
Seat 8: gmitoi ($7.58 in chips) 
Seat 9: Tiagoo$ZF ($3.28 in chips) 
Pablota1986: posts small blind $0.02
Manuelito180: posts big blind $0.05
*** HOLE CARDS ***
Dealt to Dorex2007 [Qh 9h]
shakadevirgo90: folds 
Kallem28: raises $0.15 to $0.20
vlasyk2017: folds 
gmitoi: folds 
Tiagoo$ZF: folds 
Dorex2007: folds 
Ramkha: folds 
Pablota1986: folds 
Manuelito180: calls $0.15
*** FLOP *** [4c Th Ks]
Manuelito180: checks 
Kallem28: bets $0.13
Manuelito180: calls $0.13
*** TURN *** [4c Th Ks] [5c]
Manuelito180: checks 
Kallem28: bets $0.21
Manuelito180: calls $0.21
*** RIVER *** [4c Th Ks 5c] [Ah]
Manuelito180: checks 
Kallem28: bets $1.31
Manuelito180: folds 
Uncalled bet ($1.31) returned to Kallem28
Kallem28 collected $1.05 from pot
Kallem28: doesn't show hand 
*** SUMMARY ***
Total pot $1.10 | Rake $0.05 
Board [4c Th Ks 5c Ah]
Seat 1: Dorex2007 folded before Flop (didn't bet)
Seat 2: Ramkha (button) folded before Flop (didn't bet)
Seat 3: Pablota1986 (small blind) folded before Flop
Seat 4: Manuelito180 (big blind) folded on the River
Seat 5: shakadevirgo90 folded before Flop (didn't bet)
Seat 6: Kallem28 collected ($1.05)
Seat 7: vlasyk2017 folded before Flop (didn't bet)
Seat 8: gmitoi folded before Flop (didn't bet)
Seat 9: Tiagoo$ZF folded before Flop (didn't bet)



PokerStars Hand #237631986203:  Hold'em No Limit ($0.02/$0.05 USD) - 2022/07/27 19:22:07 PT [2022/07/27 22:22:07 ET]
Table 'Mette' 9-max Seat #3 is the button
Seat 1: Dorex2007 ($5 in chips) 
Seat 2: Ramkha ($5.14 in chips) 
Seat 3: Pablota1986 ($7.61 in chips) 
Seat 4: Manuelito180 ($5.53 in chips) 
Seat 5: shakadevirgo90 ($0.94 in chips) 
Seat 6: Kallem28 ($4.89 in chips) 
Seat 7: vlasyk2017 ($6.36 in chips) 
Seat 8: gmitoi ($7.58 in chips) 
Seat 9: Tiagoo$ZF ($3.28 in chips) 
Manuelito180: posts small blind $0.02
shakadevirgo90: posts big blind $0.05
*** HOLE CARDS ***
Dealt to Dorex2007 [2s 8c]
Kallem28: folds 
vlasyk2017: folds 
gmitoi: folds 
Tiagoo$ZF: folds 
Dorex2007: folds 
Ramkha: raises $0.07 to $0.12
Pablota1986: folds 
Manuelito180: folds 
shakadevirgo90: folds 
Uncalled bet ($0.07) returned to Ramkha
Ramkha collected $0.12 from pot
Ramkha: doesn't show hand 
*** SUMMARY ***
Total pot $0.12 | Rake $0 
Seat 1: Dorex2007 folded before Flop (didn't bet)
Seat 2: Ramkha collected ($0.12)
Seat 3: Pablota1986 (button) folded before Flop (didn't bet)
Seat 4: Manuelito180 (small blind) folded before Flop
Seat 5: shakadevirgo90 (big blind) folded before Flop
Seat 6: Kallem28 folded before Flop (didn't bet)
Seat 7: vlasyk2017 folded before Flop (didn't bet)
Seat 8: gmitoi folded before Flop (didn't bet)
Seat 9: Tiagoo$ZF folded before Flop (didn't bet)



PokerStars Hand #237631990239:  Hold'em No Limit ($0.02/$0.05 USD) - 2022/07/27 19:22:28 PT [2022/07/27 22:22:28 ET]
Table 'Mette' 9-max Seat #4 is the button
Seat 1: Dorex2007 ($5 in chips) 
Seat 2: Ramkha ($5.21 in chips) 
Seat 3: Pablota1986 ($7.61 in chips) 
Seat 4: Manuelito180 ($5.51 in chips) 
Seat 5: shakadevirgo90 ($0.89 in chips) 
Seat 6: Kallem28 ($4.89 in chips) 
Seat 7: vlasyk2017 ($6.36 in chips) 
Seat 8: gmitoi ($7.58 in chips) 
Seat 9: Tiagoo$ZF ($3.28 in chips) 
shakadevirgo90: posts small blind $0.02
Kallem28: posts big blind $0.05
*** HOLE CARDS ***
Dealt to Dorex2007 [Kc 7s]
vlasyk2017: folds 
gmitoi: folds 
Tiagoo$ZF: folds 
Dorex2007: folds 
Ramkha: raises $0.07 to $0.12
Pablota1986: folds 
Manuelito180: calls $0.12
shakadevirgo90: calls $0.10
Kallem28: folds 
*** FLOP *** [5d 5s 6h]
shakadevirgo90: checks 
Ramkha: checks 
Manuelito180: checks 
*** TURN *** [5d 5s 6h] [Ac]
shakadevirgo90: checks 
Ramkha: bets $0.15
Manuelito180: calls $0.15
shakadevirgo90: folds 
*** RIVER *** [5d 5s 6h Ac] [Td]
Ramkha: checks 
Manuelito180: checks 
*** SHOW DOWN ***
Ramkha: shows [Jd Ts] (two pair, Tens and Fives)
Manuelito180: shows [As 8d] (two pair, Aces and Fives)
Manuelito180 collected $0.68 from pot
*** SUMMARY ***
Total pot $0.71 | Rake $0.03 
Board [5d 5s 6h Ac Td]
Seat 1: Dorex2007 folded before Flop (didn't bet)
Seat 2: Ramkha showed [Jd Ts] and lost with two pair, Tens and Fives
Seat 3: Pablota1986 folded before Flop (didn't bet)
Seat 4: Manuelito180 (button) showed [As 8d] and won ($0.68) with two pair, Aces and Fives
Seat 5: shakadevirgo90 (small blind) folded on the Turn
Seat 6: Kallem28 (big blind) folded before Flop
Seat 7: vlasyk2017 folded before Flop (didn't bet)
Seat 8: gmitoi folded before Flop (didn't bet)
Seat 9: Tiagoo$ZF folded before Flop (didn't bet)



PokerStars Hand #237632003648:  Hold'em No Limit ($0.02/$0.05 USD) - 2022/07/27 19:23:41 PT [2022/07/27 22:23:41 ET]
Table 'Mette' 9-max Seat #5 is the button
Seat 1: Dorex2007 ($5 in chips) 
Seat 2: Ramkha ($5 in chips) 
Seat 3: Pablota1986 ($7.61 in chips) 
Seat 4: Manuelito180 ($5.92 in chips) 
Seat 5: shakadevirgo90 ($0.77 in chips) 
Seat 6: Kallem28 ($4.84 in chips) 
Seat 7: vlasyk2017 ($6.36 in chips) 
Seat 8: gmitoi ($7.58 in chips) 
Seat 9: Tiagoo$ZF ($3.28 in chips) 
Kallem28: posts small blind $0.02
vlasyk2017: posts big blind $0.05
*** HOLE CARDS ***
Dealt to Dorex2007 [Kh 8h]
gmitoi: folds 
Tiagoo$ZF: folds 
Dorex2007: folds 
Ramkha: folds 
Pablota1986: raises $0.07 to $0.12
Manuelito180: folds 
shakadevirgo90: folds 
Kallem28: folds 
vlasyk2017: calls $0.07
*** FLOP *** [7c 3s Ks]
vlasyk2017: checks 
Pablota1986: checks 
*** TURN *** [7c 3s Ks] [7s]
vlasyk2017: checks 
Pablota1986: bets $0.12
vlasyk2017: folds 
Uncalled bet ($0.12) returned to Pablota1986
Pablota1986 collected $0.25 from pot
Pablota1986: doesn't show hand 
*** SUMMARY ***
Total pot $0.26 | Rake $0.01 
Board [7c 3s Ks 7s]
Seat 1: Dorex2007 folded before Flop (didn't bet)
Seat 2: Ramkha folded before Flop (didn't bet)
Seat 3: Pablota1986 collected ($0.25)
Seat 4: Manuelito180 folded before Flop (didn't bet)
Seat 5: shakadevirgo90 (button) folded before Flop (didn't bet)
Seat 6: Kallem28 (small blind) folded before Flop
Seat 7: vlasyk2017 (big blind) folded on the Turn
Seat 8: gmitoi folded before Flop (didn't bet)
Seat 9: Tiagoo$ZF folded before Flop (didn't bet)



PokerStars Hand #237632012257:  Hold'em No Limit ($0.02/$0.05 USD) - 2022/07/27 19:24:28 PT [2022/07/27 22:24:28 ET]
Table 'Mette' 9-max Seat #6 is the button
Seat 1: Dorex2007 ($5 in chips) 
Seat 2: Ramkha ($5 in chips) 
Seat 3: Pablota1986 ($7.74 in chips) 
Seat 4: Manuelito180 ($5.92 in chips) 
Seat 5: shakadevirgo90 ($0.77 in chips) 
Seat 6: Kallem28 ($4.82 in chips) 
Seat 7: vlasyk2017 ($6.24 in chips) 
Seat 8: gmitoi ($7.58 in chips) 
Seat 9: Tiagoo$ZF ($3.28 in chips) 
vlasyk2017: posts small blind $0.02
gmitoi: posts big blind $0.05
*** HOLE CARDS ***
Dealt to Dorex2007 [2d Kd]
Tiagoo$ZF: folds 
Dorex2007: calls $0.05
Ramkha: folds 
Pablota1986: folds 
Manuelito180: folds 
shakadevirgo90: folds 
Kallem28: raises $0.10 to $0.15
vlasyk2017: folds 
gmitoi: calls $0.10
Dorex2007: folds 
*** FLOP *** [Kc 7h 9s]
gmitoi: checks 
Kallem28: bets $0.12
gmitoi: calls $0.12
*** TURN *** [Kc 7h 9s] [5d]
gmitoi: checks 
Kallem28: checks 
*** RIVER *** [Kc 7h 9s 5d] [7c]
gmitoi: checks 
Kallem28: checks 
*** SHOW DOWN ***
gmitoi: shows [Qh As] (a pair of Sevens)
Kallem28: mucks hand 
gmitoi collected $0.58 from pot
*** SUMMARY ***
Total pot $0.61 | Rake $0.03 
Board [Kc 7h 9s 5d 7c]
Seat 1: Dorex2007 folded before Flop
Seat 2: Ramkha folded before Flop (didn't bet)
Seat 3: Pablota1986 folded before Flop (didn't bet)
Seat 4: Manuelito180 folded before Flop (didn't bet)
Seat 5: shakadevirgo90 folded before Flop (didn't bet)
Seat 6: Kallem28 (button) mucked [Jc Tc]
Seat 7: vlasyk2017 (small blind) folded before Flop
Seat 8: gmitoi (big blind) showed [Qh As] and won ($0.58) with a pair of Sevens
Seat 9: Tiagoo$ZF folded before Flop (didn't bet)



