PokerStars Hand #223599014827:  Hold'em No Limit ($0.01/$0.02 USD) - 2021/02/08 21:14:29 PT [2021/02/09 0:14:29 ET]
Table 'Aurora IV' 9-max Seat #2 is the button
Seat 1: TrzymamKolo ($7.55 in chips) 
Seat 2: OVA64 ($4.07 in chips) 
Seat 3: mendax1000 ($2.51 in chips) 
Seat 4: warlow77 ($3.47 in chips) 
Seat 5: alitam11 ($2.77 in chips) 
Seat 6: bearpaw47 ($1.97 in chips) 
Seat 7: Dorex2007 ($1.50 in chips) 
Seat 8: sillygirl610 ($3.85 in chips) 
Seat 9: MMV-SB ($2 in chips) 
mendax1000: posts small blind $0.01
warlow77: posts big blind $0.02
Dorex2007: posts big blind $0.02
*** HOLE CARDS ***
Dealt to Dorex2007 [Qc Qd]
alitam11: folds 
bearpaw47: folds 
Dorex2007: raises $0.02 to $0.04
sillygirl610: calls $0.04
MMV-SB: folds 
TrzymamKolo: folds 
OVA64: folds 
mendax1000: folds 
warlow77: calls $0.02
*** FLOP *** [Kh 6s 6c]
warlow77: checks 
Dorex2007: checks 
sillygirl610: bets $0.07
warlow77: folds 
Dorex2007: folds 
Uncalled bet ($0.07) returned to sillygirl610
sillygirl610 collected $0.13 from pot
sillygirl610: doesn't show hand 
*** SUMMARY ***
Total pot $0.13 | Rake $0 
Board [Kh 6s 6c]
Seat 1: TrzymamKolo folded before Flop (didn't bet)
Seat 2: OVA64 (button) folded before Flop (didn't bet)
Seat 3: mendax1000 (small blind) folded before Flop
Seat 4: warlow77 (big blind) folded on the Flop
Seat 5: alitam11 folded before Flop (didn't bet)
Seat 6: bearpaw47 folded before Flop (didn't bet)
Seat 7: Dorex2007 folded on the Flop
Seat 8: sillygirl610 collected ($0.13)
Seat 9: MMV-SB folded before Flop (didn't bet)



PokerStars Hand #223599022472:  Hold'em No Limit ($0.01/$0.02 USD) - 2021/02/08 21:15:11 PT [2021/02/09 0:15:11 ET]
Table 'Aurora IV' 9-max Seat #3 is the button
Seat 1: TrzymamKolo ($7.55 in chips) 
Seat 2: OVA64 ($4.07 in chips) 
Seat 3: mendax1000 ($2.50 in chips) 
Seat 4: warlow77 ($3.43 in chips) 
Seat 6: bearpaw47 ($1.97 in chips) 
Seat 7: Dorex2007 ($1.46 in chips) 
Seat 8: sillygirl610 ($3.94 in chips) 
Seat 9: MMV-SB ($2 in chips) 
warlow77: posts small blind $0.01
alitam11: is sitting out 
bearpaw47: posts big blind $0.02
*** HOLE CARDS ***
Dealt to Dorex2007 [7s 3d]
Dorex2007: folds 
sillygirl610: calls $0.02
MMV-SB: folds 
TrzymamKolo: raises $0.07 to $0.09
OVA64: folds 
mendax1000: calls $0.09
warlow77: folds 
bearpaw47: folds 
sillygirl610: calls $0.07
*** FLOP *** [4c 2d Qd]
sillygirl610: checks 
TrzymamKolo: checks 
mendax1000: bets $0.18
sillygirl610: calls $0.18
TrzymamKolo: folds 
*** TURN *** [4c 2d Qd] [6c]
sillygirl610: checks 
mendax1000: checks 
*** RIVER *** [4c 2d Qd 6c] [Kc]
sillygirl610: bets $0.64
mendax1000: folds 
Uncalled bet ($0.64) returned to sillygirl610
sillygirl610 collected $0.64 from pot
sillygirl610: doesn't show hand 
*** SUMMARY ***
Total pot $0.66 | Rake $0.02 
Board [4c 2d Qd 6c Kc]
Seat 1: TrzymamKolo folded on the Flop
Seat 2: OVA64 folded before Flop (didn't bet)
Seat 3: mendax1000 (button) folded on the River
Seat 4: warlow77 (small blind) folded before Flop
Seat 6: bearpaw47 (big blind) folded before Flop
Seat 7: Dorex2007 folded before Flop (didn't bet)
Seat 8: sillygirl610 collected ($0.64)
Seat 9: MMV-SB folded before Flop (didn't bet)



PokerStars Hand #223599035268:  Hold'em No Limit ($0.01/$0.02 USD) - 2021/02/08 21:16:20 PT [2021/02/09 0:16:20 ET]
Table 'Aurora IV' 9-max Seat #4 is the button
Seat 1: TrzymamKolo ($7.46 in chips) 
Seat 2: OVA64 ($4.07 in chips) 
Seat 3: mendax1000 ($2.23 in chips) 
Seat 4: warlow77 ($3.42 in chips) 
Seat 6: bearpaw47 ($1.95 in chips) 
Seat 7: Dorex2007 ($1.46 in chips) 
Seat 8: sillygirl610 ($4.31 in chips) 
Seat 9: MMV-SB ($2 in chips) 
bearpaw47: posts small blind $0.01
Dorex2007: posts big blind $0.02
*** HOLE CARDS ***
Dealt to Dorex2007 [Kc 3c]
sillygirl610: calls $0.02
MMV-SB: folds 
TrzymamKolo: folds 
OVA64: calls $0.02
mendax1000: folds 
warlow77: calls $0.02
bearpaw47: folds 
alitam11 leaves the table
Dorex2007: checks 
*** FLOP *** [4c As Qd]
Dorex2007: checks 
sillygirl610: checks 
OVA64: checks 
kucheryaha joins the table at seat #5 
warlow77: bets $0.06
Dorex2007: folds 
sillygirl610: calls $0.06
OVA64: folds 
*** TURN *** [4c As Qd] [9h]
sillygirl610: checks 
warlow77: bets $0.10
sillygirl610: folds 
Uncalled bet ($0.10) returned to warlow77
warlow77 collected $0.20 from pot
warlow77: doesn't show hand 
*** SUMMARY ***
Total pot $0.21 | Rake $0.01 
Board [4c As Qd 9h]
Seat 1: TrzymamKolo folded before Flop (didn't bet)
Seat 2: OVA64 folded on the Flop
Seat 3: mendax1000 folded before Flop (didn't bet)
Seat 4: warlow77 (button) collected ($0.20)
Seat 6: bearpaw47 (small blind) folded before Flop
Seat 7: Dorex2007 (big blind) folded on the Flop
Seat 8: sillygirl610 folded on the Turn
Seat 9: MMV-SB folded before Flop (didn't bet)



PokerStars Hand #223599044759:  Hold'em No Limit ($0.01/$0.02 USD) - 2021/02/08 21:17:12 PT [2021/02/09 0:17:12 ET]
Table 'Aurora IV' 9-max Seat #6 is the button
Seat 1: TrzymamKolo ($7.46 in chips) 
Seat 2: OVA64 ($4.05 in chips) 
Seat 3: mendax1000 ($2.23 in chips) 
Seat 4: warlow77 ($3.54 in chips) 
Seat 6: bearpaw47 ($1.94 in chips) 
Seat 7: Dorex2007 ($1.44 in chips) 
Seat 8: sillygirl610 ($4.23 in chips) 
Seat 9: MMV-SB ($2 in chips) 
Dorex2007: posts small blind $0.01
sillygirl610: posts big blind $0.02
kucheryaha: sits out 
*** HOLE CARDS ***
Dealt to Dorex2007 [Qc 8d]
MMV-SB: folds 
TrzymamKolo: raises $0.05 to $0.07
OVA64: folds 
mendax1000: folds 
warlow77: folds 
bearpaw47: folds 
Dorex2007: folds 
sillygirl610: raises $0.15 to $0.22
TrzymamKolo: calls $0.15
*** FLOP *** [Td 5d Jh]
sillygirl610: bets $0.43
TrzymamKolo: folds 
Uncalled bet ($0.43) returned to sillygirl610
sillygirl610 collected $0.43 from pot
sillygirl610: doesn't show hand 
*** SUMMARY ***
Total pot $0.45 | Rake $0.02 
Board [Td 5d Jh]
Seat 1: TrzymamKolo folded on the Flop
Seat 2: OVA64 folded before Flop (didn't bet)
Seat 3: mendax1000 folded before Flop (didn't bet)
Seat 4: warlow77 folded before Flop (didn't bet)
Seat 6: bearpaw47 (button) folded before Flop (didn't bet)
Seat 7: Dorex2007 (small blind) folded before Flop
Seat 8: sillygirl610 (big blind) collected ($0.43)
Seat 9: MMV-SB folded before Flop (didn't bet)



PokerStars Hand #223599050950:  Hold'em No Limit ($0.01/$0.02 USD) - 2021/02/08 21:17:46 PT [2021/02/09 0:17:46 ET]
Table 'Aurora IV' 9-max Seat #7 is the button
Seat 1: TrzymamKolo ($7.24 in chips) 
Seat 2: OVA64 ($4.05 in chips) 
Seat 3: mendax1000 ($2.23 in chips) 
Seat 4: warlow77 ($3.54 in chips) 
Seat 6: bearpaw47 ($1.94 in chips) 
Seat 7: Dorex2007 ($1.43 in chips) 
Seat 8: sillygirl610 ($4.44 in chips) 
Seat 9: MMV-SB ($2 in chips) 
sillygirl610: posts small blind $0.01
MMV-SB: posts big blind $0.02
kucheryaha: sits out 
*** HOLE CARDS ***
Dealt to Dorex2007 [5c Qc]
TrzymamKolo: folds 
OVA64: raises $0.02 to $0.04
mendax1000: calls $0.04
warlow77: folds 
bearpaw47: folds 
Dorex2007: folds 
sillygirl610: calls $0.03
MMV-SB: folds 
*** FLOP *** [9s 8s 9c]
sillygirl610: checks 
OVA64: checks 
mendax1000: checks 
*** TURN *** [9s 8s 9c] [Kc]
sillygirl610: bets $0.07
OVA64: folds 
mendax1000: folds 
Uncalled bet ($0.07) returned to sillygirl610
sillygirl610 collected $0.14 from pot
sillygirl610: doesn't show hand 
*** SUMMARY ***
Total pot $0.14 | Rake $0 
Board [9s 8s 9c Kc]
Seat 1: TrzymamKolo folded before Flop (didn't bet)
Seat 2: OVA64 folded on the Turn
Seat 3: mendax1000 folded on the Turn
Seat 4: warlow77 folded before Flop (didn't bet)
Seat 6: bearpaw47 folded before Flop (didn't bet)
Seat 7: Dorex2007 (button) folded before Flop (didn't bet)
Seat 8: sillygirl610 (small blind) collected ($0.14)
Seat 9: MMV-SB (big blind) folded before Flop



PokerStars Hand #223599059524:  Hold'em No Limit ($0.01/$0.02 USD) - 2021/02/08 21:18:33 PT [2021/02/09 0:18:33 ET]
Table 'Aurora IV' 9-max Seat #8 is the button
Seat 1: TrzymamKolo ($7.24 in chips) 
Seat 2: OVA64 ($4.01 in chips) 
Seat 3: mendax1000 ($2.19 in chips) 
Seat 4: warlow77 ($3.54 in chips) 
Seat 6: bearpaw47 ($1.94 in chips) 
Seat 7: Dorex2007 ($1.43 in chips) 
Seat 8: sillygirl610 ($4.54 in chips) 
Seat 9: MMV-SB ($1.98 in chips) 
MMV-SB: posts small blind $0.01
TrzymamKolo: posts big blind $0.02
kucheryaha: sits out 
*** HOLE CARDS ***
Dealt to Dorex2007 [8c Kd]
OVA64: folds 
mendax1000: folds 
warlow77: calls $0.02
bearpaw47: folds 
Dorex2007: folds 
sillygirl610: folds 
MMV-SB: calls $0.01
TrzymamKolo: checks 
*** FLOP *** [2h 6s 7c]
MMV-SB: checks 
TrzymamKolo: bets $0.03
warlow77: calls $0.03
MMV-SB: folds 
*** TURN *** [2h 6s 7c] [5h]
TrzymamKolo: bets $0.12
warlow77: calls $0.12
*** RIVER *** [2h 6s 7c 5h] [7h]
TrzymamKolo: checks 
warlow77: checks 
*** SHOW DOWN ***
TrzymamKolo: shows [5c 6c] (two pair, Sevens and Sixes)
warlow77: mucks hand 
TrzymamKolo collected $0.35 from pot
*** SUMMARY ***
Total pot $0.36 | Rake $0.01 
Board [2h 6s 7c 5h 7h]
Seat 1: TrzymamKolo (big blind) showed [5c 6c] and won ($0.35) with two pair, Sevens and Sixes
Seat 2: OVA64 folded before Flop (didn't bet)
Seat 3: mendax1000 folded before Flop (didn't bet)
Seat 4: warlow77 mucked [4d 4h]
Seat 6: bearpaw47 folded before Flop (didn't bet)
Seat 7: Dorex2007 folded before Flop (didn't bet)
Seat 8: sillygirl610 (button) folded before Flop (didn't bet)
Seat 9: MMV-SB (small blind) folded on the Flop



PokerStars Hand #223599076567:  Hold'em No Limit ($0.01/$0.02 USD) - 2021/02/08 21:19:22 PT [2021/02/09 0:19:22 ET]
Table 'Aurora IV' 9-max Seat #9 is the button
Seat 1: TrzymamKolo ($7.42 in chips) 
Seat 2: OVA64 ($4.01 in chips) 
Seat 3: mendax1000 ($2.19 in chips) 
Seat 4: warlow77 ($3.37 in chips) 
Seat 6: bearpaw47 ($1.94 in chips) 
Seat 7: Dorex2007 ($1.43 in chips) 
Seat 8: sillygirl610 ($4.54 in chips) 
Seat 9: MMV-SB ($1.96 in chips) 
TrzymamKolo: posts small blind $0.01
OVA64: posts big blind $0.02
kucheryaha: sits out 
*** HOLE CARDS ***
Dealt to Dorex2007 [2c 9d]
mendax1000: folds 
warlow77: folds 
bearpaw47: folds 
Dorex2007: folds 
sillygirl610: calls $0.02
MMV-SB: calls $0.02
TrzymamKolo: folds 
OVA64: checks 
*** FLOP *** [4s 9h Qh]
OVA64: checks 
sillygirl610: bets $0.07
MMV-SB: calls $0.07
OVA64: raises $0.11 to $0.18
sillygirl610: folds 
MMV-SB: calls $0.11
*** TURN *** [4s 9h Qh] [7c]
OVA64: bets $0.24
MMV-SB: calls $0.24
*** RIVER *** [4s 9h Qh 7c] [2s]
OVA64: checks 
MMV-SB: checks 
*** SHOW DOWN ***
OVA64: shows [Kh Th] (high card King)
MMV-SB: shows [Ah 8h] (high card Ace)
MMV-SB collected $0.95 from pot
*** SUMMARY ***
Total pot $0.98 | Rake $0.03 
Board [4s 9h Qh 7c 2s]
Seat 1: TrzymamKolo (small blind) folded before Flop
Seat 2: OVA64 (big blind) showed [Kh Th] and lost with high card King
Seat 3: mendax1000 folded before Flop (didn't bet)
Seat 4: warlow77 folded before Flop (didn't bet)
Seat 6: bearpaw47 folded before Flop (didn't bet)
Seat 7: Dorex2007 folded before Flop (didn't bet)
Seat 8: sillygirl610 folded on the Flop
Seat 9: MMV-SB (button) showed [Ah 8h] and won ($0.95) with high card Ace



PokerStars Hand #223599085895:  Hold'em No Limit ($0.01/$0.02 USD) - 2021/02/08 21:20:13 PT [2021/02/09 0:20:13 ET]
Table 'Aurora IV' 9-max Seat #1 is the button
Seat 1: TrzymamKolo ($7.41 in chips) 
Seat 2: OVA64 ($3.57 in chips) 
Seat 3: mendax1000 ($2.19 in chips) 
Seat 4: warlow77 ($3.37 in chips) 
Seat 6: bearpaw47 ($1.94 in chips) 
Seat 7: Dorex2007 ($1.43 in chips) 
Seat 8: sillygirl610 ($4.45 in chips) 
Seat 9: MMV-SB ($2.47 in chips) 
OVA64: posts small blind $0.01
mendax1000: posts big blind $0.02
kucheryaha: sits out 
*** HOLE CARDS ***
Dealt to Dorex2007 [6s 9d]
warlow77: folds 
bearpaw47: calls $0.02
Dorex2007: folds 
sillygirl610: calls $0.02
MMV-SB: folds 
TrzymamKolo: raises $0.04 to $0.06
OVA64: calls $0.05
mendax1000: folds 
bearpaw47: calls $0.04
sillygirl610: calls $0.04
*** FLOP *** [5s Qd Kc]
OVA64: checks 
bearpaw47: bets $0.13
sillygirl610: calls $0.13
TrzymamKolo: folds 
OVA64: calls $0.13
*** TURN *** [5s Qd Kc] [Ac]
OVA64: checks 
bearpaw47: checks 
sillygirl610: checks 
*** RIVER *** [5s Qd Kc Ac] [Kh]
OVA64: checks 
bearpaw47: bets $0.32
sillygirl610: folds 
OVA64: folds 
Uncalled bet ($0.32) returned to bearpaw47
bearpaw47 collected $0.63 from pot
bearpaw47: doesn't show hand 
*** SUMMARY ***
Total pot $0.65 | Rake $0.02 
Board [5s Qd Kc Ac Kh]
Seat 1: TrzymamKolo (button) folded on the Flop
Seat 2: OVA64 (small blind) folded on the River
Seat 3: mendax1000 (big blind) folded before Flop
Seat 4: warlow77 folded before Flop (didn't bet)
Seat 6: bearpaw47 collected ($0.63)
Seat 7: Dorex2007 folded before Flop (didn't bet)
Seat 8: sillygirl610 folded on the River
Seat 9: MMV-SB folded before Flop (didn't bet)



PokerStars Hand #223599096379:  Hold'em No Limit ($0.01/$0.02 USD) - 2021/02/08 21:21:10 PT [2021/02/09 0:21:10 ET]
Table 'Aurora IV' 9-max Seat #2 is the button
Seat 1: TrzymamKolo ($7.35 in chips) 
Seat 2: OVA64 ($3.38 in chips) 
Seat 3: mendax1000 ($2.17 in chips) 
Seat 4: warlow77 ($3.37 in chips) 
Seat 6: bearpaw47 ($2.38 in chips) 
Seat 7: Dorex2007 ($1.43 in chips) 
Seat 8: sillygirl610 ($4.26 in chips) 
Seat 9: MMV-SB ($2.47 in chips) 
mendax1000: posts small blind $0.01
warlow77: posts big blind $0.02
kucheryaha: sits out 
*** HOLE CARDS ***
Dealt to Dorex2007 [9s 9d]
bearpaw47: folds 
Dorex2007: calls $0.02
sillygirl610: raises $0.07 to $0.09
MMV-SB: folds 
TrzymamKolo: raises $0.23 to $0.32
OVA64: folds 
mendax1000: folds 
warlow77: folds 
Dorex2007: folds 
sillygirl610: calls $0.23
*** FLOP *** [6h 6c 8s]
sillygirl610: checks 
TrzymamKolo: bets $0.44
sillygirl610: calls $0.44
*** TURN *** [6h 6c 8s] [8d]
sillygirl610: checks 
TrzymamKolo: checks 
*** RIVER *** [6h 6c 8s 8d] [7d]
sillygirl610: bets $0.76
TrzymamKolo: folds 
Uncalled bet ($0.76) returned to sillygirl610
sillygirl610 collected $1.52 from pot
sillygirl610: doesn't show hand 
*** SUMMARY ***
Total pot $1.57 | Rake $0.05 
Board [6h 6c 8s 8d 7d]
Seat 1: TrzymamKolo folded on the River
Seat 2: OVA64 (button) folded before Flop (didn't bet)
Seat 3: mendax1000 (small blind) folded before Flop
Seat 4: warlow77 (big blind) folded before Flop
Seat 6: bearpaw47 folded before Flop (didn't bet)
Seat 7: Dorex2007 folded before Flop
Seat 8: sillygirl610 collected ($1.52)
Seat 9: MMV-SB folded before Flop (didn't bet)



PokerStars Hand #223599106302:  Hold'em No Limit ($0.01/$0.02 USD) - 2021/02/08 21:22:02 PT [2021/02/09 0:22:02 ET]
Table 'Aurora IV' 9-max Seat #3 is the button
Seat 1: TrzymamKolo ($6.59 in chips) 
Seat 2: OVA64 ($3.38 in chips) 
Seat 3: mendax1000 ($2.16 in chips) 
Seat 4: warlow77 ($3.35 in chips) 
Seat 5: kucheryaha ($0.99 in chips) 
Seat 6: bearpaw47 ($2.38 in chips) 
Seat 7: Dorex2007 ($1.41 in chips) 
Seat 8: sillygirl610 ($5.02 in chips) 
Seat 9: MMV-SB ($2.47 in chips) 
warlow77: posts small blind $0.01
kucheryaha: posts big blind $0.02
*** HOLE CARDS ***
Dealt to Dorex2007 [8s 2h]
bearpaw47: folds 
Dorex2007 has timed out
Dorex2007: folds 
sillygirl610: calls $0.02
MMV-SB: folds 
TrzymamKolo: folds 
OVA64: folds 
mendax1000: folds 
warlow77: folds 
kucheryaha: raises $0.04 to $0.06
sillygirl610: calls $0.04
*** FLOP *** [9d Qs 5h]
kucheryaha: bets $0.06
sillygirl610: raises $0.06 to $0.12
kucheryaha: raises $0.06 to $0.18
sillygirl610: calls $0.06
*** TURN *** [9d Qs 5h] [Jh]
kucheryaha: bets $0.75 and is all-in
sillygirl610: folds 
Uncalled bet ($0.75) returned to kucheryaha
kucheryaha collected $0.47 from pot
kucheryaha: doesn't show hand 
*** SUMMARY ***
Total pot $0.49 | Rake $0.02 
Board [9d Qs 5h Jh]
Seat 1: TrzymamKolo folded before Flop (didn't bet)
Seat 2: OVA64 folded before Flop (didn't bet)
Seat 3: mendax1000 (button) folded before Flop (didn't bet)
Seat 4: warlow77 (small blind) folded before Flop
Seat 5: kucheryaha (big blind) collected ($0.47)
Seat 6: bearpaw47 folded before Flop (didn't bet)
Seat 7: Dorex2007 folded before Flop (didn't bet)
Seat 8: sillygirl610 folded on the Turn
Seat 9: MMV-SB folded before Flop (didn't bet)



PokerStars Hand #223599115049:  Hold'em No Limit ($0.01/$0.02 USD) - 2021/02/08 21:22:49 PT [2021/02/09 0:22:49 ET]
Table 'Aurora IV' 9-max Seat #4 is the button
Seat 1: TrzymamKolo ($6.59 in chips) 
Seat 2: OVA64 ($3.38 in chips) 
Seat 3: mendax1000 ($2.16 in chips) 
Seat 4: warlow77 ($3.34 in chips) 
Seat 5: kucheryaha ($1.22 in chips) 
Seat 6: bearpaw47 ($2.38 in chips) 
Seat 7: Dorex2007 ($1.41 in chips) 
Seat 8: sillygirl610 ($4.78 in chips) 
Seat 9: MMV-SB ($2.47 in chips) 
kucheryaha: posts small blind $0.01
bearpaw47: posts big blind $0.02
*** HOLE CARDS ***
Dealt to Dorex2007 [6s 5h]
Dorex2007: folds 
sillygirl610: calls $0.02
MMV-SB: folds 
TrzymamKolo: raises $0.07 to $0.09
OVA64: folds 
mendax1000: folds 
warlow77: folds 
kucheryaha: folds 
bearpaw47: folds 
sillygirl610: calls $0.07
*** FLOP *** [Jc 7c Jd]
sillygirl610: checks 
TrzymamKolo: checks 
*** TURN *** [Jc 7c Jd] [Qh]
sillygirl610: checks 
TrzymamKolo: checks 
*** RIVER *** [Jc 7c Jd Qh] [Td]
sillygirl610: checks 
TrzymamKolo: bets $0.20
sillygirl610: folds 
Uncalled bet ($0.20) returned to TrzymamKolo
TrzymamKolo collected $0.20 from pot
TrzymamKolo: doesn't show hand 
*** SUMMARY ***
Total pot $0.21 | Rake $0.01 
Board [Jc 7c Jd Qh Td]
Seat 1: TrzymamKolo collected ($0.20)
Seat 2: OVA64 folded before Flop (didn't bet)
Seat 3: mendax1000 folded before Flop (didn't bet)
Seat 4: warlow77 (button) folded before Flop (didn't bet)
Seat 5: kucheryaha (small blind) folded before Flop
Seat 6: bearpaw47 (big blind) folded before Flop
Seat 7: Dorex2007 folded before Flop (didn't bet)
Seat 8: sillygirl610 folded on the River
Seat 9: MMV-SB folded before Flop (didn't bet)



PokerStars Hand #223599122510:  Hold'em No Limit ($0.01/$0.02 USD) - 2021/02/08 21:23:30 PT [2021/02/09 0:23:30 ET]
Table 'Aurora IV' 9-max Seat #5 is the button
Seat 1: TrzymamKolo ($6.70 in chips) 
Seat 2: OVA64 ($3.38 in chips) 
Seat 3: mendax1000 ($2.16 in chips) 
Seat 4: warlow77 ($3.34 in chips) 
Seat 5: kucheryaha ($1.21 in chips) 
Seat 6: bearpaw47 ($2.36 in chips) 
Seat 7: Dorex2007 ($1.41 in chips) 
Seat 8: sillygirl610 ($4.69 in chips) 
Seat 9: MMV-SB ($2.47 in chips) 
bearpaw47: posts small blind $0.01
Dorex2007: posts big blind $0.02
*** HOLE CARDS ***
Dealt to Dorex2007 [6h 3h]
sillygirl610: raises $0.02 to $0.04
MMV-SB: folds 
TrzymamKolo: calls $0.04
OVA64: folds 
mendax1000: calls $0.04
warlow77: calls $0.04
kucheryaha: calls $0.04
bearpaw47: folds 
Dorex2007: folds 
*** FLOP *** [Ac Kh Qs]
sillygirl610: bets $0.11
TrzymamKolo: folds 
mendax1000: folds 
warlow77: raises $0.11 to $0.22
kucheryaha: folds 
sillygirl610: calls $0.11
*** TURN *** [Ac Kh Qs] [4h]
sillygirl610: checks 
warlow77: bets $0.65
sillygirl610: calls $0.65
*** RIVER *** [Ac Kh Qs 4h] [8s]
sillygirl610: checks 
warlow77: bets $2.43 and is all-in
sillygirl610: folds 
Uncalled bet ($2.43) returned to warlow77
warlow77 collected $1.90 from pot
warlow77: doesn't show hand 
*** SUMMARY ***
Total pot $1.97 | Rake $0.07 
Board [Ac Kh Qs 4h 8s]
Seat 1: TrzymamKolo folded on the Flop
Seat 2: OVA64 folded before Flop (didn't bet)
Seat 3: mendax1000 folded on the Flop
Seat 4: warlow77 collected ($1.90)
Seat 5: kucheryaha (button) folded on the Flop
Seat 6: bearpaw47 (small blind) folded before Flop
Seat 7: Dorex2007 (big blind) folded before Flop
Seat 8: sillygirl610 folded on the River
Seat 9: MMV-SB folded before Flop (didn't bet)



PokerStars Hand #223599135499:  Hold'em No Limit ($0.01/$0.02 USD) - 2021/02/08 21:24:40 PT [2021/02/09 0:24:40 ET]
Table 'Aurora IV' 9-max Seat #6 is the button
Seat 1: TrzymamKolo ($6.66 in chips) 
Seat 2: OVA64 ($3.38 in chips) 
Seat 3: mendax1000 ($2.12 in chips) 
Seat 4: warlow77 ($4.33 in chips) 
Seat 5: kucheryaha ($1.17 in chips) 
Seat 6: bearpaw47 ($2.35 in chips) 
Seat 7: Dorex2007 ($1.39 in chips) 
Seat 8: sillygirl610 ($3.78 in chips) 
Seat 9: MMV-SB ($2.47 in chips) 
Dorex2007: posts small blind $0.01
sillygirl610: posts big blind $0.02
*** HOLE CARDS ***
Dealt to Dorex2007 [9c Jc]
MMV-SB: folds 
TrzymamKolo: folds 
OVA64: folds 
mendax1000: folds 
warlow77: folds 
kucheryaha: folds 
bearpaw47: folds 
Dorex2007: raises $0.02 to $0.04
sillygirl610: raises $3.74 to $3.78 and is all-in
Dorex2007: folds 
Uncalled bet ($3.74) returned to sillygirl610
sillygirl610 collected $0.08 from pot
sillygirl610: doesn't show hand 
*** SUMMARY ***
Total pot $0.08 | Rake $0 
Seat 1: TrzymamKolo folded before Flop (didn't bet)
Seat 2: OVA64 folded before Flop (didn't bet)
Seat 3: mendax1000 folded before Flop (didn't bet)
Seat 4: warlow77 folded before Flop (didn't bet)
Seat 5: kucheryaha folded before Flop (didn't bet)
Seat 6: bearpaw47 (button) folded before Flop (didn't bet)
Seat 7: Dorex2007 (small blind) folded before Flop
Seat 8: sillygirl610 (big blind) collected ($0.08)
Seat 9: MMV-SB folded before Flop (didn't bet)



