PokerStars Hand #227820786121:  Hold'em No Limit ($0.01/$0.02 USD) - 2021/06/24 14:00:17 PT [2021/06/24 17:00:17 ET]
Table 'Tabit III' 9-max Seat #9 is the button
Seat 1: xsulinn ($0.72 in chips) 
Seat 2: Ck@tih@ ($0.80 in chips) 
Seat 3: Nasuliini ($0.73 in chips) 
Seat 5: Sonik444 ($6.29 in chips) 
Seat 6: Foyek2000 ($0.69 in chips) 
Seat 7: Dorex2007 ($2 in chips) 
Seat 8: Fabian239 ($2.78 in chips) 
Seat 9: Rad wings ($1.52 in chips) 
xsulinn: posts small blind $0.01
Ck@tih@: posts big blind $0.02
Apostol108: sits out 
Dorex2007: posts big blind $0.02
*** HOLE CARDS ***
Dealt to Dorex2007 [Js Jh]
Nasuliini: folds 
Sonik444: folds 
Foyek2000: folds 
Dorex2007: checks 
Fabian239: folds 
Rad wings: folds 
xsulinn: calls $0.01
Ck@tih@: checks 
*** FLOP *** [Ks 5c 2h]
xsulinn: checks 
Ck@tih@: checks 
Dorex2007: bets $0.04
xsulinn: calls $0.04
Ck@tih@: folds 
*** TURN *** [Ks 5c 2h] [Th]
xsulinn: checks 
Dorex2007: checks 
*** RIVER *** [Ks 5c 2h Th] [2c]
xsulinn: bets $0.06
Dorex2007: folds 
Uncalled bet ($0.06) returned to xsulinn
xsulinn collected $0.14 from pot
*** SUMMARY ***
Total pot $0.14 | Rake $0 
Board [Ks 5c 2h Th 2c]
Seat 1: xsulinn (small blind) collected ($0.14)
Seat 2: Ck@tih@ (big blind) folded on the Flop
Seat 3: Nasuliini folded before Flop (didn't bet)
Seat 5: Sonik444 folded before Flop (didn't bet)
Seat 6: Foyek2000 folded before Flop (didn't bet)
Seat 7: Dorex2007 folded on the River
Seat 8: Fabian239 folded before Flop (didn't bet)
Seat 9: Rad wings (button) folded before Flop (didn't bet)



PokerStars Hand #227820799989:  Hold'em No Limit ($0.01/$0.02 USD) - 2021/06/24 14:00:56 PT [2021/06/24 17:00:56 ET]
Table 'Tabit III' 9-max Seat #1 is the button
Seat 1: xsulinn ($0.80 in chips) 
Seat 2: Ck@tih@ ($0.78 in chips) 
Seat 3: Nasuliini ($0.73 in chips) 
Seat 5: Sonik444 ($6.29 in chips) 
Seat 6: Foyek2000 ($0.69 in chips) 
Seat 7: Dorex2007 ($1.94 in chips) 
Seat 8: Fabian239 ($2.78 in chips) 
Seat 9: Rad wings ($1.52 in chips) 
Ck@tih@: posts small blind $0.01
Nasuliini: posts big blind $0.02
Apostol108: sits out 
*** HOLE CARDS ***
Dealt to Dorex2007 [Tc Ad]
Sonik444: folds 
Foyek2000: folds 
Dorex2007: folds 
Fabian239: calls $0.02
Rad wings: folds 
xsulinn: folds 
Ck@tih@: folds 
Nasuliini: checks 
*** FLOP *** [Qc Ac 8d]
Nasuliini: checks 
Fabian239: checks 
*** TURN *** [Qc Ac 8d] [6h]
Nasuliini: checks 
Fabian239: checks 
*** RIVER *** [Qc Ac 8d 6h] [Ks]
Nasuliini: bets $0.02
Fabian239: folds 
Uncalled bet ($0.02) returned to Nasuliini
Nasuliini collected $0.05 from pot
Nasuliini: doesn't show hand 
*** SUMMARY ***
Total pot $0.05 | Rake $0 
Board [Qc Ac 8d 6h Ks]
Seat 1: xsulinn (button) folded before Flop (didn't bet)
Seat 2: Ck@tih@ (small blind) folded before Flop
Seat 3: Nasuliini (big blind) collected ($0.05)
Seat 5: Sonik444 folded before Flop (didn't bet)
Seat 6: Foyek2000 folded before Flop (didn't bet)
Seat 7: Dorex2007 folded before Flop (didn't bet)
Seat 8: Fabian239 folded on the River
Seat 9: Rad wings folded before Flop (didn't bet)



PokerStars Hand #227820819194:  Hold'em No Limit ($0.01/$0.02 USD) - 2021/06/24 14:01:43 PT [2021/06/24 17:01:43 ET]
Table 'Tabit III' 9-max Seat #2 is the button
Seat 1: xsulinn ($0.80 in chips) 
Seat 2: Ck@tih@ ($0.77 in chips) 
Seat 3: Nasuliini ($0.76 in chips) 
Seat 4: Apostol108 ($3.29 in chips) 
Seat 5: Sonik444 ($6.29 in chips) 
Seat 6: Foyek2000 ($0.69 in chips) 
Seat 7: Dorex2007 ($1.94 in chips) 
Seat 8: Fabian239 ($2.76 in chips) 
Seat 9: Rad wings ($1.52 in chips) 
Nasuliini: posts small blind $0.01
Apostol108: posts big blind $0.02
*** HOLE CARDS ***
Dealt to Dorex2007 [9s Jh]
Sonik444: folds 
Foyek2000: folds 
Dorex2007: folds 
Fabian239: folds 
Rad wings: folds 
xsulinn: raises $0.02 to $0.04
Ck@tih@: folds 
Nasuliini: folds 
Apostol108: folds 
Uncalled bet ($0.02) returned to xsulinn
xsulinn collected $0.05 from pot
*** SUMMARY ***
Total pot $0.05 | Rake $0 
Seat 1: xsulinn collected ($0.05)
Seat 2: Ck@tih@ (button) folded before Flop (didn't bet)
Seat 3: Nasuliini (small blind) folded before Flop
Seat 4: Apostol108 (big blind) folded before Flop
Seat 5: Sonik444 folded before Flop (didn't bet)
Seat 6: Foyek2000 folded before Flop (didn't bet)
Seat 7: Dorex2007 folded before Flop (didn't bet)
Seat 8: Fabian239 folded before Flop (didn't bet)
Seat 9: Rad wings folded before Flop (didn't bet)



PokerStars Hand #227820825190:  Hold'em No Limit ($0.01/$0.02 USD) - 2021/06/24 14:01:58 PT [2021/06/24 17:01:58 ET]
Table 'Tabit III' 9-max Seat #3 is the button
Seat 1: xsulinn ($0.83 in chips) 
Seat 2: Ck@tih@ ($0.77 in chips) 
Seat 3: Nasuliini ($0.75 in chips) 
Seat 4: Apostol108 ($3.27 in chips) 
Seat 5: Sonik444 ($6.29 in chips) 
Seat 6: Foyek2000 ($0.69 in chips) 
Seat 7: Dorex2007 ($1.94 in chips) 
Seat 8: Fabian239 ($2.76 in chips) 
Seat 9: Rad wings ($1.52 in chips) 
Apostol108: posts small blind $0.01
Sonik444: posts big blind $0.02
*** HOLE CARDS ***
Dealt to Dorex2007 [4d 7c]
Foyek2000: calls $0.02
Dorex2007: folds 
Fabian239: raises $0.04 to $0.06
Rad wings: folds 
xsulinn: folds 
Ck@tih@: folds 
Nasuliini: folds 
Apostol108: folds 
Sonik444: calls $0.04
Foyek2000: raises $0.16 to $0.22
Fabian239: folds 
Sonik444: folds 
Uncalled bet ($0.16) returned to Foyek2000
Foyek2000 collected $0.19 from pot
*** SUMMARY ***
Total pot $0.19 | Rake $0 
Seat 1: xsulinn folded before Flop (didn't bet)
Seat 2: Ck@tih@ folded before Flop (didn't bet)
Seat 3: Nasuliini (button) folded before Flop (didn't bet)
Seat 4: Apostol108 (small blind) folded before Flop
Seat 5: Sonik444 (big blind) folded before Flop
Seat 6: Foyek2000 collected ($0.19)
Seat 7: Dorex2007 folded before Flop (didn't bet)
Seat 8: Fabian239 folded before Flop
Seat 9: Rad wings folded before Flop (didn't bet)



PokerStars Hand #227820840013:  Hold'em No Limit ($0.01/$0.02 USD) - 2021/06/24 14:02:32 PT [2021/06/24 17:02:32 ET]
Table 'Tabit III' 9-max Seat #4 is the button
Seat 1: xsulinn ($0.83 in chips) 
Seat 2: Ck@tih@ ($0.77 in chips) 
Seat 3: Nasuliini ($0.75 in chips) 
Seat 4: Apostol108 ($3.26 in chips) 
Seat 5: Sonik444 ($6.23 in chips) 
Seat 6: Foyek2000 ($0.82 in chips) 
Seat 7: Dorex2007 ($1.94 in chips) 
Seat 8: Fabian239 ($2.70 in chips) 
Seat 9: Rad wings ($1.52 in chips) 
Sonik444: posts small blind $0.01
Foyek2000: posts big blind $0.02
*** HOLE CARDS ***
Dealt to Dorex2007 [Ad Jd]
Dorex2007: raises $0.04 to $0.06
Fabian239: folds 
Rad wings: folds 
xsulinn: folds 
Ck@tih@: folds 
Nasuliini: folds 
Apostol108: folds 
Sonik444: calls $0.05
Foyek2000: raises $0.76 to $0.82 and is all-in
Dorex2007: folds 
Sonik444: folds 
Uncalled bet ($0.76) returned to Foyek2000
Foyek2000 collected $0.18 from pot
*** SUMMARY ***
Total pot $0.18 | Rake $0 
Seat 1: xsulinn folded before Flop (didn't bet)
Seat 2: Ck@tih@ folded before Flop (didn't bet)
Seat 3: Nasuliini folded before Flop (didn't bet)
Seat 4: Apostol108 (button) folded before Flop (didn't bet)
Seat 5: Sonik444 (small blind) folded before Flop
Seat 6: Foyek2000 (big blind) collected ($0.18)
Seat 7: Dorex2007 folded before Flop
Seat 8: Fabian239 folded before Flop (didn't bet)
Seat 9: Rad wings folded before Flop (didn't bet)



PokerStars Hand #227820860079:  Hold'em No Limit ($0.01/$0.02 USD) - 2021/06/24 14:03:16 PT [2021/06/24 17:03:16 ET]
Table 'Tabit III' 9-max Seat #5 is the button
Seat 1: xsulinn ($0.83 in chips) 
Seat 2: Ck@tih@ ($0.77 in chips) 
Seat 3: Nasuliini ($0.75 in chips) 
Seat 4: Apostol108 ($3.26 in chips) 
Seat 5: Sonik444 ($6.17 in chips) 
Seat 6: Foyek2000 ($0.94 in chips) 
Seat 7: Dorex2007 ($1.88 in chips) 
Seat 8: Fabian239 ($2.70 in chips) 
Seat 9: Rad wings ($1.52 in chips) 
Foyek2000: posts small blind $0.01
Dorex2007: posts big blind $0.02
*** HOLE CARDS ***
Dealt to Dorex2007 [Qc Jh]
Fabian239: folds 
Rad wings: folds 
xsulinn: folds 
Ck@tih@: folds 
Nasuliini: folds 
Apostol108: folds 
Sonik444: folds 
Foyek2000: folds 
Uncalled bet ($0.01) returned to Dorex2007
Dorex2007 collected $0.02 from pot
Dorex2007: doesn't show hand 
*** SUMMARY ***
Total pot $0.02 | Rake $0 
Seat 1: xsulinn folded before Flop (didn't bet)
Seat 2: Ck@tih@ folded before Flop (didn't bet)
Seat 3: Nasuliini folded before Flop (didn't bet)
Seat 4: Apostol108 folded before Flop (didn't bet)
Seat 5: Sonik444 (button) folded before Flop (didn't bet)
Seat 6: Foyek2000 (small blind) folded before Flop
Seat 7: Dorex2007 (big blind) collected ($0.02)
Seat 8: Fabian239 folded before Flop (didn't bet)
Seat 9: Rad wings folded before Flop (didn't bet)



PokerStars Hand #227820866456:  Hold'em No Limit ($0.01/$0.02 USD) - 2021/06/24 14:03:31 PT [2021/06/24 17:03:31 ET]
Table 'Tabit III' 9-max Seat #6 is the button
Seat 1: xsulinn ($0.83 in chips) 
Seat 2: Ck@tih@ ($0.77 in chips) 
Seat 3: Nasuliini ($0.75 in chips) 
Seat 4: Apostol108 ($3.26 in chips) 
Seat 5: Sonik444 ($6.17 in chips) 
Seat 6: Foyek2000 ($0.93 in chips) 
Seat 7: Dorex2007 ($1.89 in chips) 
Seat 8: Fabian239 ($2.70 in chips) 
Seat 9: Rad wings ($1.52 in chips) 
Dorex2007: posts small blind $0.01
Fabian239: posts big blind $0.02
*** HOLE CARDS ***
Dealt to Dorex2007 [7h 4h]
Rad wings: folds 
xsulinn: folds 
Ck@tih@: folds 
Nasuliini: folds 
Apostol108: folds 
Sonik444: folds 
Foyek2000: raises $0.04 to $0.06
Dorex2007: folds 
Fabian239: folds 
Uncalled bet ($0.04) returned to Foyek2000
Foyek2000 collected $0.05 from pot
*** SUMMARY ***
Total pot $0.05 | Rake $0 
Seat 1: xsulinn folded before Flop (didn't bet)
Seat 2: Ck@tih@ folded before Flop (didn't bet)
Seat 3: Nasuliini folded before Flop (didn't bet)
Seat 4: Apostol108 folded before Flop (didn't bet)
Seat 5: Sonik444 folded before Flop (didn't bet)
Seat 6: Foyek2000 (button) collected ($0.05)
Seat 7: Dorex2007 (small blind) folded before Flop
Seat 8: Fabian239 (big blind) folded before Flop
Seat 9: Rad wings folded before Flop (didn't bet)



PokerStars Hand #227820880880:  Hold'em No Limit ($0.01/$0.02 USD) - 2021/06/24 14:04:03 PT [2021/06/24 17:04:03 ET]
Table 'Tabit III' 9-max Seat #7 is the button
Seat 1: xsulinn ($0.83 in chips) 
Seat 2: Ck@tih@ ($0.77 in chips) 
Seat 3: Nasuliini ($0.75 in chips) 
Seat 4: Apostol108 ($3.26 in chips) 
Seat 5: Sonik444 ($6.17 in chips) 
Seat 6: Foyek2000 ($0.96 in chips) 
Seat 7: Dorex2007 ($1.88 in chips) 
Seat 8: Fabian239 ($2.68 in chips) 
Seat 9: Rad wings ($1.52 in chips) 
Fabian239: posts small blind $0.01
Rad wings: posts big blind $0.02
*** HOLE CARDS ***
Dealt to Dorex2007 [7s 6s]
xsulinn: folds 
Ck@tih@: folds 
Nasuliini: folds 
Apostol108: raises $0.04 to $0.06
Sonik444: folds 
Foyek2000: folds 
Dorex2007: folds 
Fabian239: folds 
Rad wings: folds 
Uncalled bet ($0.04) returned to Apostol108
Apostol108 collected $0.05 from pot
Apostol108: doesn't show hand 
*** SUMMARY ***
Total pot $0.05 | Rake $0 
Seat 1: xsulinn folded before Flop (didn't bet)
Seat 2: Ck@tih@ folded before Flop (didn't bet)
Seat 3: Nasuliini folded before Flop (didn't bet)
Seat 4: Apostol108 collected ($0.05)
Seat 5: Sonik444 folded before Flop (didn't bet)
Seat 6: Foyek2000 folded before Flop (didn't bet)
Seat 7: Dorex2007 (button) folded before Flop (didn't bet)
Seat 8: Fabian239 (small blind) folded before Flop
Seat 9: Rad wings (big blind) folded before Flop



PokerStars Hand #227820890961:  Hold'em No Limit ($0.01/$0.02 USD) - 2021/06/24 14:04:25 PT [2021/06/24 17:04:25 ET]
Table 'Tabit III' 9-max Seat #8 is the button
Seat 1: xsulinn ($0.83 in chips) 
Seat 2: Ck@tih@ ($0.77 in chips) 
Seat 3: Nasuliini ($0.75 in chips) 
Seat 4: Apostol108 ($3.29 in chips) 
Seat 5: Sonik444 ($6.17 in chips) 
Seat 6: Foyek2000 ($0.96 in chips) 
Seat 7: Dorex2007 ($1.88 in chips) 
Seat 8: Fabian239 ($2.67 in chips) 
Seat 9: Rad wings ($1.50 in chips) 
Rad wings: posts small blind $0.01
xsulinn: posts big blind $0.02
*** HOLE CARDS ***
Dealt to Dorex2007 [Js Tc]
Ck@tih@: folds 
Nasuliini: folds 
Apostol108: folds 
Sonik444: raises $0.04 to $0.06
Foyek2000: folds 
Dorex2007: folds 
Fabian239: folds 
Rad wings: folds 
xsulinn: folds 
Uncalled bet ($0.04) returned to Sonik444
Sonik444 collected $0.05 from pot
Sonik444: doesn't show hand 
*** SUMMARY ***
Total pot $0.05 | Rake $0 
Seat 1: xsulinn (big blind) folded before Flop
Seat 2: Ck@tih@ folded before Flop (didn't bet)
Seat 3: Nasuliini folded before Flop (didn't bet)
Seat 4: Apostol108 folded before Flop (didn't bet)
Seat 5: Sonik444 collected ($0.05)
Seat 6: Foyek2000 folded before Flop (didn't bet)
Seat 7: Dorex2007 folded before Flop (didn't bet)
Seat 8: Fabian239 (button) folded before Flop (didn't bet)
Seat 9: Rad wings (small blind) folded before Flop



PokerStars Hand #227820911487:  Hold'em No Limit ($0.01/$0.02 USD) - 2021/06/24 14:04:51 PT [2021/06/24 17:04:51 ET]
Table 'Tabit III' 9-max Seat #9 is the button
Seat 1: xsulinn ($0.81 in chips) 
Seat 3: Nasuliini ($0.75 in chips) 
Seat 4: Apostol108 ($3.29 in chips) 
Seat 5: Sonik444 ($6.20 in chips) 
Seat 6: Foyek2000 ($0.96 in chips) 
Seat 7: Dorex2007 ($1.88 in chips) 
Seat 8: Fabian239 ($2.67 in chips) 
Seat 9: Rad wings ($1.49 in chips) 
xsulinn: posts small blind $0.01
Ck@tih@: is sitting out 
Nasuliini: posts big blind $0.02
*** HOLE CARDS ***
Dealt to Dorex2007 [2d 4h]
Ck@tih@ leaves the table
Apostol108: folds 
Sonik444: folds 
Foyek2000: folds 
Dorex2007: folds 
Fabian239: folds 
Rad wings: folds 
xsulinn: raises $0.04 to $0.06
Nasuliini: folds 
Uncalled bet ($0.04) returned to xsulinn
xsulinn collected $0.04 from pot
xsulinn: doesn't show hand 
*** SUMMARY ***
Total pot $0.04 | Rake $0 
Seat 1: xsulinn (small blind) collected ($0.04)
Seat 3: Nasuliini (big blind) folded before Flop
Seat 4: Apostol108 folded before Flop (didn't bet)
Seat 5: Sonik444 folded before Flop (didn't bet)
Seat 6: Foyek2000 folded before Flop (didn't bet)
Seat 7: Dorex2007 folded before Flop (didn't bet)
Seat 8: Fabian239 folded before Flop (didn't bet)
Seat 9: Rad wings (button) folded before Flop (didn't bet)



PokerStars Hand #227820917870:  Hold'em No Limit ($0.01/$0.02 USD) - 2021/06/24 14:05:06 PT [2021/06/24 17:05:06 ET]
Table 'Tabit III' 9-max Seat #1 is the button
Seat 1: xsulinn ($0.83 in chips) 
Seat 3: Nasuliini ($0.73 in chips) 
Seat 4: Apostol108 ($3.29 in chips) 
Seat 5: Sonik444 ($6.20 in chips) 
Seat 6: Foyek2000 ($0.96 in chips) 
Seat 7: Dorex2007 ($1.88 in chips) 
Seat 8: Fabian239 ($2.67 in chips) 
Seat 9: Rad wings ($1.49 in chips) 
Nasuliini: posts small blind $0.01
Apostol108: posts big blind $0.02
*** HOLE CARDS ***
Dealt to Dorex2007 [8d As]
Sonik444: folds 
Foyek2000: calls $0.02
Dorex2007: folds 
birgit233 joins the table at seat #2 
Fabian239: folds 
Rad wings: calls $0.02
xsulinn: calls $0.02
Nasuliini: folds 
Apostol108: checks 
*** FLOP *** [4d 5c 5s]
Apostol108: checks 
Foyek2000: checks 
Rad wings: checks 
xsulinn: bets $0.04
Apostol108: folds 
Foyek2000: folds 
Rad wings: folds 
Uncalled bet ($0.04) returned to xsulinn
xsulinn collected $0.09 from pot
xsulinn: doesn't show hand 
*** SUMMARY ***
Total pot $0.09 | Rake $0 
Board [4d 5c 5s]
Seat 1: xsulinn (button) collected ($0.09)
Seat 3: Nasuliini (small blind) folded before Flop
Seat 4: Apostol108 (big blind) folded on the Flop
Seat 5: Sonik444 folded before Flop (didn't bet)
Seat 6: Foyek2000 folded on the Flop
Seat 7: Dorex2007 folded before Flop (didn't bet)
Seat 8: Fabian239 folded before Flop (didn't bet)
Seat 9: Rad wings folded on the Flop



PokerStars Hand #227820943650:  Hold'em No Limit ($0.01/$0.02 USD) - 2021/06/24 14:06:03 PT [2021/06/24 17:06:03 ET]
Table 'Tabit III' 9-max Seat #3 is the button
Seat 1: xsulinn ($0.90 in chips) 
Seat 3: Nasuliini ($0.72 in chips) 
Seat 4: Apostol108 ($3.27 in chips) 
Seat 5: Sonik444 ($6.20 in chips) 
Seat 6: Foyek2000 ($0.94 in chips) 
Seat 7: Dorex2007 ($1.88 in chips) 
Seat 8: Fabian239 ($2.67 in chips) 
Seat 9: Rad wings ($1.47 in chips) 
Apostol108: posts small blind $0.01
Sonik444: posts big blind $0.02
birgit233: sits out 
*** HOLE CARDS ***
Dealt to Dorex2007 [4d 9c]
Foyek2000: folds 
Dorex2007: folds 
Fabian239: folds 
Rad wings: folds 
xsulinn: folds 
Nasuliini: folds 
Apostol108: folds 
Uncalled bet ($0.01) returned to Sonik444
Sonik444 collected $0.02 from pot
Sonik444: doesn't show hand 
*** SUMMARY ***
Total pot $0.02 | Rake $0 
Seat 1: xsulinn folded before Flop (didn't bet)
Seat 3: Nasuliini (button) folded before Flop (didn't bet)
Seat 4: Apostol108 (small blind) folded before Flop
Seat 5: Sonik444 (big blind) collected ($0.02)
Seat 6: Foyek2000 folded before Flop (didn't bet)
Seat 7: Dorex2007 folded before Flop (didn't bet)
Seat 8: Fabian239 folded before Flop (didn't bet)
Seat 9: Rad wings folded before Flop (didn't bet)



PokerStars Hand #227820954361:  Hold'em No Limit ($0.01/$0.02 USD) - 2021/06/24 14:06:14 PT [2021/06/24 17:06:14 ET]
Table 'Tabit III' 9-max Seat #4 is the button
Seat 1: xsulinn ($0.90 in chips) 
Seat 3: Nasuliini ($0.72 in chips) 
Seat 4: Apostol108 ($3.26 in chips) 
Seat 5: Sonik444 ($6.21 in chips) 
Seat 6: Foyek2000 ($0.94 in chips) 
Seat 7: Dorex2007 ($1.88 in chips) 
Seat 8: Fabian239 ($2.67 in chips) 
Seat 9: Rad wings ($1.47 in chips) 
Sonik444: posts small blind $0.01
Foyek2000: posts big blind $0.02
birgit233: sits out 
*** HOLE CARDS ***
Dealt to Dorex2007 [2c 9c]
Dorex2007: folds 
Fabian239: folds 
Rad wings: raises $0.02 to $0.04
xsulinn: calls $0.04
Nasuliini: folds 
Apostol108: folds 
Sonik444: folds 
Foyek2000: folds 
*** FLOP *** [7s 5c Ks]
Rad wings: checks 
xsulinn: checks 
*** TURN *** [7s 5c Ks] [6h]
Rad wings: checks 
xsulinn: bets $0.06
Rad wings: folds 
Uncalled bet ($0.06) returned to xsulinn
xsulinn collected $0.11 from pot
*** SUMMARY ***
Total pot $0.11 | Rake $0 
Board [7s 5c Ks 6h]
Seat 1: xsulinn collected ($0.11)
Seat 3: Nasuliini folded before Flop (didn't bet)
Seat 4: Apostol108 (button) folded before Flop (didn't bet)
Seat 5: Sonik444 (small blind) folded before Flop
Seat 6: Foyek2000 (big blind) folded before Flop
Seat 7: Dorex2007 folded before Flop (didn't bet)
Seat 8: Fabian239 folded before Flop (didn't bet)
Seat 9: Rad wings folded on the Turn



PokerStars Hand #227820971673:  Hold'em No Limit ($0.01/$0.02 USD) - 2021/06/24 14:06:52 PT [2021/06/24 17:06:52 ET]
Table 'Tabit III' 9-max Seat #5 is the button
Seat 1: xsulinn ($0.97 in chips) 
Seat 3: Nasuliini ($0.72 in chips) 
Seat 4: Apostol108 ($3.26 in chips) 
Seat 5: Sonik444 ($6.20 in chips) 
Seat 6: Foyek2000 ($0.92 in chips) 
Seat 7: Dorex2007 ($1.88 in chips) 
Seat 8: Fabian239 ($2.67 in chips) 
Seat 9: Rad wings ($1.43 in chips) 
Foyek2000: posts small blind $0.01
Dorex2007: posts big blind $0.02
birgit233: sits out 
*** HOLE CARDS ***
Dealt to Dorex2007 [2h Qh]
Fabian239: folds 
Rad wings: folds 
xsulinn: raises $0.02 to $0.04
Nasuliini: folds 
Apostol108: folds 
Sonik444: folds 
Foyek2000: calls $0.03
Dorex2007: folds 
*** FLOP *** [6d 6c 9c]
Foyek2000: checks 
xsulinn: bets $0.04
Foyek2000: folds 
Uncalled bet ($0.04) returned to xsulinn
xsulinn collected $0.10 from pot
xsulinn: doesn't show hand 
*** SUMMARY ***
Total pot $0.10 | Rake $0 
Board [6d 6c 9c]
Seat 1: xsulinn collected ($0.10)
Seat 3: Nasuliini folded before Flop (didn't bet)
Seat 4: Apostol108 folded before Flop (didn't bet)
Seat 5: Sonik444 (button) folded before Flop (didn't bet)
Seat 6: Foyek2000 (small blind) folded on the Flop
Seat 7: Dorex2007 (big blind) folded before Flop
Seat 8: Fabian239 folded before Flop (didn't bet)
Seat 9: Rad wings folded before Flop (didn't bet)



PokerStars Hand #227820982270:  Hold'em No Limit ($0.01/$0.02 USD) - 2021/06/24 14:07:16 PT [2021/06/24 17:07:16 ET]
Table 'Tabit III' 9-max Seat #6 is the button
Seat 1: xsulinn ($1.03 in chips) 
Seat 3: Nasuliini ($0.72 in chips) 
Seat 4: Apostol108 ($3.26 in chips) 
Seat 5: Sonik444 ($6.20 in chips) 
Seat 6: Foyek2000 ($0.88 in chips) 
Seat 7: Dorex2007 ($1.86 in chips) 
Seat 8: Fabian239 ($2.67 in chips) 
Seat 9: Rad wings ($1.43 in chips) 
Dorex2007: posts small blind $0.01
Fabian239: posts big blind $0.02
birgit233: sits out 
*** HOLE CARDS ***
Dealt to Dorex2007 [8c 6h]
Rad wings: folds 
xsulinn: folds 
Nasuliini: folds 
Apostol108: folds 
Sonik444: folds 
Foyek2000: folds 
Dorex2007: folds 
Uncalled bet ($0.01) returned to Fabian239
Fabian239 collected $0.02 from pot
Fabian239: doesn't show hand 
*** SUMMARY ***
Total pot $0.02 | Rake $0 
Seat 1: xsulinn folded before Flop (didn't bet)
Seat 3: Nasuliini folded before Flop (didn't bet)
Seat 4: Apostol108 folded before Flop (didn't bet)
Seat 5: Sonik444 folded before Flop (didn't bet)
Seat 6: Foyek2000 (button) folded before Flop (didn't bet)
Seat 7: Dorex2007 (small blind) folded before Flop
Seat 8: Fabian239 (big blind) collected ($0.02)
Seat 9: Rad wings folded before Flop (didn't bet)



PokerStars Hand #227820989542:  Hold'em No Limit ($0.01/$0.02 USD) - 2021/06/24 14:07:32 PT [2021/06/24 17:07:32 ET]
Table 'Tabit III' 9-max Seat #7 is the button
Seat 1: xsulinn ($1.03 in chips) 
Seat 3: Nasuliini ($0.72 in chips) 
Seat 4: Apostol108 ($3.26 in chips) 
Seat 5: Sonik444 ($6.20 in chips) 
Seat 6: Foyek2000 ($0.88 in chips) 
Seat 7: Dorex2007 ($1.85 in chips) 
Seat 8: Fabian239 ($2.68 in chips) 
Seat 9: Rad wings ($1.43 in chips) 
Fabian239: posts small blind $0.01
Rad wings: posts big blind $0.02
birgit233: sits out 
*** HOLE CARDS ***
Dealt to Dorex2007 [3s 2s]
xsulinn: folds 
Nasuliini: folds 
Apostol108: folds 
Sonik444: folds 
Foyek2000: raises $0.04 to $0.06
Dorex2007: folds 
Fabian239: folds 
Rad wings: calls $0.04
*** FLOP *** [3d 2c Ks]
Rad wings: checks 
Foyek2000: bets $0.08
Rad wings: folds 
Uncalled bet ($0.08) returned to Foyek2000
Foyek2000 collected $0.13 from pot
*** SUMMARY ***
Total pot $0.13 | Rake $0 
Board [3d 2c Ks]
Seat 1: xsulinn folded before Flop (didn't bet)
Seat 3: Nasuliini folded before Flop (didn't bet)
Seat 4: Apostol108 folded before Flop (didn't bet)
Seat 5: Sonik444 folded before Flop (didn't bet)
Seat 6: Foyek2000 collected ($0.13)
Seat 7: Dorex2007 (button) folded before Flop (didn't bet)
Seat 8: Fabian239 (small blind) folded before Flop
Seat 9: Rad wings (big blind) folded on the Flop



PokerStars Hand #227821006376:  Hold'em No Limit ($0.01/$0.02 USD) - 2021/06/24 14:08:10 PT [2021/06/24 17:08:10 ET]
Table 'Tabit III' 9-max Seat #8 is the button
Seat 1: xsulinn ($1.03 in chips) 
Seat 3: Nasuliini ($0.72 in chips) 
Seat 4: Apostol108 ($3.26 in chips) 
Seat 5: Sonik444 ($6.20 in chips) 
Seat 6: Foyek2000 ($0.95 in chips) 
Seat 7: Dorex2007 ($1.85 in chips) 
Seat 8: Fabian239 ($2.67 in chips) 
Seat 9: Rad wings ($1.37 in chips) 
Rad wings: posts small blind $0.01
xsulinn: posts big blind $0.02
birgit233: sits out 
*** HOLE CARDS ***
Dealt to Dorex2007 [7d 7c]
Nasuliini: folds 
Apostol108: folds 
Sonik444: folds 
Foyek2000: folds 
Dorex2007: raises $0.04 to $0.06
Fabian239: folds 
Rad wings: calls $0.05
xsulinn: folds 
*** FLOP *** [9h 3s 8h]
Rad wings: checks 
Dorex2007: bets $0.09
Rad wings: folds 
Uncalled bet ($0.09) returned to Dorex2007
Dorex2007 collected $0.14 from pot
Dorex2007: doesn't show hand 
*** SUMMARY ***
Total pot $0.14 | Rake $0 
Board [9h 3s 8h]
Seat 1: xsulinn (big blind) folded before Flop
Seat 3: Nasuliini folded before Flop (didn't bet)
Seat 4: Apostol108 folded before Flop (didn't bet)
Seat 5: Sonik444 folded before Flop (didn't bet)
Seat 6: Foyek2000 folded before Flop (didn't bet)
Seat 7: Dorex2007 collected ($0.14)
Seat 8: Fabian239 (button) folded before Flop (didn't bet)
Seat 9: Rad wings (small blind) folded on the Flop



PokerStars Hand #227821023636:  Hold'em No Limit ($0.01/$0.02 USD) - 2021/06/24 14:08:48 PT [2021/06/24 17:08:48 ET]
Table 'Tabit III' 9-max Seat #9 is the button
Seat 1: xsulinn ($1.01 in chips) 
Seat 2: birgit233 ($2 in chips) 
Seat 3: Nasuliini ($0.72 in chips) 
Seat 4: Apostol108 ($3.26 in chips) 
Seat 5: Sonik444 ($6.20 in chips) 
Seat 6: Foyek2000 ($0.95 in chips) 
Seat 7: Dorex2007 ($1.93 in chips) 
Seat 8: Fabian239 ($2.67 in chips) 
Seat 9: Rad wings ($1.31 in chips) 
xsulinn: posts small blind $0.01
birgit233: posts big blind $0.02
*** HOLE CARDS ***
Dealt to Dorex2007 [As Qc]
Nasuliini: folds 
Apostol108: folds 
Sonik444: folds 
Foyek2000: folds 
Dorex2007: raises $0.02 to $0.04
Fabian239: folds 
Rad wings: folds 
xsulinn: folds 
birgit233: folds 
Uncalled bet ($0.02) returned to Dorex2007
Dorex2007 collected $0.05 from pot
Dorex2007: doesn't show hand 
*** SUMMARY ***
Total pot $0.05 | Rake $0 
Seat 1: xsulinn (small blind) folded before Flop
Seat 2: birgit233 (big blind) folded before Flop
Seat 3: Nasuliini folded before Flop (didn't bet)
Seat 4: Apostol108 folded before Flop (didn't bet)
Seat 5: Sonik444 folded before Flop (didn't bet)
Seat 6: Foyek2000 folded before Flop (didn't bet)
Seat 7: Dorex2007 collected ($0.05)
Seat 8: Fabian239 folded before Flop (didn't bet)
Seat 9: Rad wings (button) folded before Flop (didn't bet)



PokerStars Hand #227821032589:  Hold'em No Limit ($0.01/$0.02 USD) - 2021/06/24 14:09:08 PT [2021/06/24 17:09:08 ET]
Table 'Tabit III' 9-max Seat #1 is the button
Seat 1: xsulinn ($1 in chips) 
Seat 2: birgit233 ($1.98 in chips) 
Seat 3: Nasuliini ($0.72 in chips) 
Seat 4: Apostol108 ($3.26 in chips) 
Seat 5: Sonik444 ($6.20 in chips) 
Seat 6: Foyek2000 ($0.95 in chips) 
Seat 7: Dorex2007 ($1.96 in chips) 
Seat 8: Fabian239 ($2.67 in chips) 
Seat 9: Rad wings ($1.31 in chips) 
birgit233: posts small blind $0.01
Nasuliini: posts big blind $0.02
*** HOLE CARDS ***
Dealt to Dorex2007 [8d 9s]
Apostol108: folds 
Sonik444: folds 
Foyek2000: folds 
Dorex2007: folds 
Fabian239: folds 
Rad wings: raises $0.02 to $0.04
xsulinn: folds 
birgit233: folds 
Nasuliini: folds 
Uncalled bet ($0.02) returned to Rad wings
Rad wings collected $0.05 from pot
*** SUMMARY ***
Total pot $0.05 | Rake $0 
Seat 1: xsulinn (button) folded before Flop (didn't bet)
Seat 2: birgit233 (small blind) folded before Flop
Seat 3: Nasuliini (big blind) folded before Flop
Seat 4: Apostol108 folded before Flop (didn't bet)
Seat 5: Sonik444 folded before Flop (didn't bet)
Seat 6: Foyek2000 folded before Flop (didn't bet)
Seat 7: Dorex2007 folded before Flop (didn't bet)
Seat 8: Fabian239 folded before Flop (didn't bet)
Seat 9: Rad wings collected ($0.05)



PokerStars Hand #227821039517:  Hold'em No Limit ($0.01/$0.02 USD) - 2021/06/24 14:09:24 PT [2021/06/24 17:09:24 ET]
Table 'Tabit III' 9-max Seat #2 is the button
Seat 1: xsulinn ($1 in chips) 
Seat 2: birgit233 ($1.97 in chips) 
Seat 3: Nasuliini ($0.70 in chips) 
Seat 4: Apostol108 ($3.26 in chips) 
Seat 5: Sonik444 ($6.20 in chips) 
Seat 6: Foyek2000 ($0.95 in chips) 
Seat 7: Dorex2007 ($1.96 in chips) 
Seat 8: Fabian239 ($2.67 in chips) 
Seat 9: Rad wings ($1.34 in chips) 
Nasuliini: posts small blind $0.01
Apostol108: posts big blind $0.02
*** HOLE CARDS ***
Dealt to Dorex2007 [6h 3c]
Sonik444: folds 
Foyek2000: folds 
Dorex2007: folds 
Fabian239: folds 
Rad wings: folds 
xsulinn: raises $0.02 to $0.04
birgit233: folds 
Nasuliini: folds 
Apostol108: folds 
Uncalled bet ($0.02) returned to xsulinn
xsulinn collected $0.05 from pot
*** SUMMARY ***
Total pot $0.05 | Rake $0 
Seat 1: xsulinn collected ($0.05)
Seat 2: birgit233 (button) folded before Flop (didn't bet)
Seat 3: Nasuliini (small blind) folded before Flop
Seat 4: Apostol108 (big blind) folded before Flop
Seat 5: Sonik444 folded before Flop (didn't bet)
Seat 6: Foyek2000 folded before Flop (didn't bet)
Seat 7: Dorex2007 folded before Flop (didn't bet)
Seat 8: Fabian239 folded before Flop (didn't bet)
Seat 9: Rad wings folded before Flop (didn't bet)



PokerStars Hand #227821048089:  Hold'em No Limit ($0.01/$0.02 USD) - 2021/06/24 14:09:43 PT [2021/06/24 17:09:43 ET]
Table 'Tabit III' 9-max Seat #3 is the button
Seat 1: xsulinn ($1.03 in chips) 
Seat 2: birgit233 ($1.97 in chips) 
Seat 3: Nasuliini ($0.69 in chips) 
Seat 4: Apostol108 ($3.24 in chips) 
Seat 5: Sonik444 ($6.20 in chips) 
Seat 6: Foyek2000 ($0.95 in chips) 
Seat 7: Dorex2007 ($1.96 in chips) 
Seat 8: Fabian239 ($2.67 in chips) 
Seat 9: Rad wings ($1.34 in chips) 
Apostol108: posts small blind $0.01
Sonik444: posts big blind $0.02
*** HOLE CARDS ***
Dealt to Dorex2007 [Ah 9d]
Foyek2000: folds 
Dorex2007: folds 
Fabian239: folds 
Rad wings: folds 
xsulinn: folds 
birgit233: folds 
Nasuliini: raises $0.04 to $0.06
Apostol108: folds 
Sonik444: calls $0.04
*** FLOP *** [Tc Kd 8h]
Sonik444: checks 
Nasuliini: checks 
*** TURN *** [Tc Kd 8h] [9h]
Sonik444: bets $0.10
Nasuliini: folds 
Uncalled bet ($0.10) returned to Sonik444
Sonik444 collected $0.13 from pot
Sonik444: doesn't show hand 
*** SUMMARY ***
Total pot $0.13 | Rake $0 
Board [Tc Kd 8h 9h]
Seat 1: xsulinn folded before Flop (didn't bet)
Seat 2: birgit233 folded before Flop (didn't bet)
Seat 3: Nasuliini (button) folded on the Turn
Seat 4: Apostol108 (small blind) folded before Flop
Seat 5: Sonik444 (big blind) collected ($0.13)
Seat 6: Foyek2000 folded before Flop (didn't bet)
Seat 7: Dorex2007 folded before Flop (didn't bet)
Seat 8: Fabian239 folded before Flop (didn't bet)
Seat 9: Rad wings folded before Flop (didn't bet)



PokerStars Hand #227821076172:  Hold'em No Limit ($0.01/$0.02 USD) - 2021/06/24 14:10:36 PT [2021/06/24 17:10:36 ET]
Table 'Tabit III' 9-max Seat #4 is the button
Seat 1: xsulinn ($1.03 in chips) 
Seat 2: birgit233 ($1.97 in chips) 
Seat 3: Nasuliini ($0.63 in chips) 
Seat 4: Apostol108 ($3.23 in chips) 
Seat 5: Sonik444 ($6.27 in chips) 
Seat 6: Foyek2000 ($0.95 in chips) 
Seat 7: Dorex2007 ($1.96 in chips) 
Seat 8: Fabian239 ($2.67 in chips) 
Seat 9: Rad wings ($1.34 in chips) 
Sonik444: posts small blind $0.01
Foyek2000: posts big blind $0.02
*** HOLE CARDS ***
Dealt to Dorex2007 [Jh 6c]
Dorex2007: folds 
Fabian239: folds 
Rad wings: folds 
xsulinn: folds 
birgit233: folds 
Nasuliini: folds 
Apostol108: folds 
Sonik444: folds 
Uncalled bet ($0.01) returned to Foyek2000
Foyek2000 collected $0.02 from pot
*** SUMMARY ***
Total pot $0.02 | Rake $0 
Seat 1: xsulinn folded before Flop (didn't bet)
Seat 2: birgit233 folded before Flop (didn't bet)
Seat 3: Nasuliini folded before Flop (didn't bet)
Seat 4: Apostol108 (button) folded before Flop (didn't bet)
Seat 5: Sonik444 (small blind) folded before Flop
Seat 6: Foyek2000 (big blind) collected ($0.02)
Seat 7: Dorex2007 folded before Flop (didn't bet)
Seat 8: Fabian239 folded before Flop (didn't bet)
Seat 9: Rad wings folded before Flop (didn't bet)



PokerStars Hand #227821080997:  Hold'em No Limit ($0.01/$0.02 USD) - 2021/06/24 14:10:47 PT [2021/06/24 17:10:47 ET]
Table 'Tabit III' 9-max Seat #5 is the button
Seat 1: xsulinn ($1.03 in chips) 
Seat 2: birgit233 ($1.97 in chips) 
Seat 3: Nasuliini ($0.63 in chips) 
Seat 4: Apostol108 ($3.23 in chips) 
Seat 5: Sonik444 ($6.26 in chips) 
Seat 6: Foyek2000 ($0.96 in chips) 
Seat 7: Dorex2007 ($1.96 in chips) 
Seat 8: Fabian239 ($2.67 in chips) 
Seat 9: Rad wings ($1.34 in chips) 
Foyek2000: posts small blind $0.01
Dorex2007: posts big blind $0.02
*** HOLE CARDS ***
Dealt to Dorex2007 [3s 5h]
Fabian239: folds 
Rad wings: folds 
xsulinn: folds 
birgit233: folds 
Nasuliini: folds 
Apostol108: folds 
Sonik444: folds 
Foyek2000: calls $0.01
Dorex2007: checks 
*** FLOP *** [Tc 8d 4h]
Foyek2000: bets $0.02
Dorex2007: folds 
Uncalled bet ($0.02) returned to Foyek2000
Foyek2000 collected $0.04 from pot
*** SUMMARY ***
Total pot $0.04 | Rake $0 
Board [Tc 8d 4h]
Seat 1: xsulinn folded before Flop (didn't bet)
Seat 2: birgit233 folded before Flop (didn't bet)
Seat 3: Nasuliini folded before Flop (didn't bet)
Seat 4: Apostol108 folded before Flop (didn't bet)
Seat 5: Sonik444 (button) folded before Flop (didn't bet)
Seat 6: Foyek2000 (small blind) collected ($0.04)
Seat 7: Dorex2007 (big blind) folded on the Flop
Seat 8: Fabian239 folded before Flop (didn't bet)
Seat 9: Rad wings folded before Flop (didn't bet)



PokerStars Hand #227821095628:  Hold'em No Limit ($0.01/$0.02 USD) - 2021/06/24 14:11:20 PT [2021/06/24 17:11:20 ET]
Table 'Tabit III' 9-max Seat #6 is the button
Seat 1: xsulinn ($1.03 in chips) 
Seat 2: birgit233 ($1.97 in chips) 
Seat 3: Nasuliini ($0.63 in chips) 
Seat 4: Apostol108 ($3.23 in chips) 
Seat 5: Sonik444 ($6.26 in chips) 
Seat 6: Foyek2000 ($0.98 in chips) 
Seat 7: Dorex2007 ($1.94 in chips) 
Seat 8: Fabian239 ($2.67 in chips) 
Seat 9: Rad wings ($1.34 in chips) 
Dorex2007: posts small blind $0.01
Fabian239: posts big blind $0.02
*** HOLE CARDS ***
Dealt to Dorex2007 [As Ks]
Rad wings: folds 
xsulinn: folds 
birgit233: folds 
Nasuliini: folds 
Apostol108: folds 
Sonik444: folds 
Foyek2000: raises $0.04 to $0.06
Dorex2007: calls $0.05
Fabian239: folds 
*** FLOP *** [3s 3c Qh]
Dorex2007: bets $0.07
Foyek2000: calls $0.07
*** TURN *** [3s 3c Qh] [7h]
Dorex2007: checks 
Foyek2000: bets $0.10
Dorex2007: folds 
Uncalled bet ($0.10) returned to Foyek2000
Foyek2000 collected $0.27 from pot
*** SUMMARY ***
Total pot $0.28 | Rake $0.01 
Board [3s 3c Qh 7h]
Seat 1: xsulinn folded before Flop (didn't bet)
Seat 2: birgit233 folded before Flop (didn't bet)
Seat 3: Nasuliini folded before Flop (didn't bet)
Seat 4: Apostol108 folded before Flop (didn't bet)
Seat 5: Sonik444 folded before Flop (didn't bet)
Seat 6: Foyek2000 (button) collected ($0.27)
Seat 7: Dorex2007 (small blind) folded on the Turn
Seat 8: Fabian239 (big blind) folded before Flop
Seat 9: Rad wings folded before Flop (didn't bet)



PokerStars Hand #227821124297:  Hold'em No Limit ($0.01/$0.02 USD) - 2021/06/24 14:12:24 PT [2021/06/24 17:12:24 ET]
Table 'Tabit III' 9-max Seat #7 is the button
Seat 1: xsulinn ($1.03 in chips) 
Seat 2: birgit233 ($1.97 in chips) 
Seat 3: Nasuliini ($0.63 in chips) 
Seat 4: Apostol108 ($3.23 in chips) 
Seat 5: Sonik444 ($6.26 in chips) 
Seat 6: Foyek2000 ($1.12 in chips) 
Seat 7: Dorex2007 ($1.81 in chips) 
Seat 8: Fabian239 ($2.65 in chips) 
Seat 9: Rad wings ($1.34 in chips) 
Fabian239: posts small blind $0.01
Rad wings: posts big blind $0.02
*** HOLE CARDS ***
Dealt to Dorex2007 [Kh 5c]
xsulinn: folds 
birgit233: folds 
Nasuliini: folds 
Apostol108: folds 
Sonik444: raises $0.03 to $0.05
Foyek2000: folds 
Dorex2007: folds 
Fabian239: calls $0.04
Rad wings: calls $0.03
*** FLOP *** [3d Qc 8d]
Fabian239: checks 
Rad wings: checks 
Sonik444: bets $0.09
Fabian239: folds 
Rad wings: calls $0.09
*** TURN *** [3d Qc 8d] [2s]
Rad wings: checks 
Sonik444: bets $0.22
Rad wings: calls $0.22
*** RIVER *** [3d Qc 8d 2s] [Tc]
Rad wings: checks 
Sonik444: checks 
*** SHOW DOWN ***
Rad wings: shows [9s Qs] (a pair of Queens)
Sonik444: shows [Ad Ah] (a pair of Aces)
Sonik444 collected $0.74 from pot
*** SUMMARY ***
Total pot $0.77 | Rake $0.03 
Board [3d Qc 8d 2s Tc]
Seat 1: xsulinn folded before Flop (didn't bet)
Seat 2: birgit233 folded before Flop (didn't bet)
Seat 3: Nasuliini folded before Flop (didn't bet)
Seat 4: Apostol108 folded before Flop (didn't bet)
Seat 5: Sonik444 showed [Ad Ah] and won ($0.74) with a pair of Aces
Seat 6: Foyek2000 folded before Flop (didn't bet)
Seat 7: Dorex2007 (button) folded before Flop (didn't bet)
Seat 8: Fabian239 (small blind) folded on the Flop
Seat 9: Rad wings (big blind) showed [9s Qs] and lost with a pair of Queens



PokerStars Hand #227821160160:  Hold'em No Limit ($0.01/$0.02 USD) - 2021/06/24 14:13:46 PT [2021/06/24 17:13:46 ET]
Table 'Tabit III' 9-max Seat #8 is the button
Seat 1: xsulinn ($1.03 in chips) 
Seat 2: birgit233 ($1.97 in chips) 
Seat 3: Nasuliini ($0.63 in chips) 
Seat 4: Apostol108 ($3.23 in chips) 
Seat 5: Sonik444 ($6.64 in chips) 
Seat 6: Foyek2000 ($1.12 in chips) 
Seat 7: Dorex2007 ($1.81 in chips) 
Seat 8: Fabian239 ($2.60 in chips) 
Seat 9: Rad wings ($0.98 in chips) 
Rad wings: posts small blind $0.01
xsulinn: posts big blind $0.02
*** HOLE CARDS ***
Dealt to Dorex2007 [3h 8d]
birgit233: folds 
Nasuliini: folds 
Apostol108: folds 
Sonik444: folds 
Foyek2000: folds 
Dorex2007: folds 
Fabian239: folds 
Rad wings: calls $0.01
xsulinn: raises $0.04 to $0.06
Rad wings: calls $0.04
*** FLOP *** [7c 5d Kc]
Rad wings: checks 
xsulinn: bets $0.04
Rad wings: calls $0.04
*** TURN *** [7c 5d Kc] [3c]
Rad wings: checks 
xsulinn: checks 
*** RIVER *** [7c 5d Kc 3c] [Ah]
Rad wings: checks 
xsulinn: checks 
*** SHOW DOWN ***
Rad wings: shows [7h 8h] (a pair of Sevens)
xsulinn: shows [2s Ac] (a pair of Aces)
xsulinn collected $0.19 from pot
*** SUMMARY ***
Total pot $0.20 | Rake $0.01 
Board [7c 5d Kc 3c Ah]
Seat 1: xsulinn (big blind) showed [2s Ac] and won ($0.19) with a pair of Aces
Seat 2: birgit233 folded before Flop (didn't bet)
Seat 3: Nasuliini folded before Flop (didn't bet)
Seat 4: Apostol108 folded before Flop (didn't bet)
Seat 5: Sonik444 folded before Flop (didn't bet)
Seat 6: Foyek2000 folded before Flop (didn't bet)
Seat 7: Dorex2007 folded before Flop (didn't bet)
Seat 8: Fabian239 (button) folded before Flop (didn't bet)
Seat 9: Rad wings (small blind) showed [7h 8h] and lost with a pair of Sevens



PokerStars Hand #227821182417:  Hold'em No Limit ($0.01/$0.02 USD) - 2021/06/24 14:14:36 PT [2021/06/24 17:14:36 ET]
Table 'Tabit III' 9-max Seat #9 is the button
Seat 1: xsulinn ($1.12 in chips) 
Seat 2: birgit233 ($1.97 in chips) 
Seat 3: Nasuliini ($0.63 in chips) 
Seat 4: Apostol108 ($3.23 in chips) 
Seat 5: Sonik444 ($6.64 in chips) 
Seat 6: Foyek2000 ($1.12 in chips) 
Seat 7: Dorex2007 ($1.81 in chips) 
Seat 8: Fabian239 ($2.60 in chips) 
Seat 9: Rad wings ($0.88 in chips) 
xsulinn: posts small blind $0.01
birgit233: posts big blind $0.02
*** HOLE CARDS ***
Dealt to Dorex2007 [Ah Kh]
Nasuliini: folds 
Apostol108: folds 
Sonik444: folds 
Foyek2000: folds 
Dorex2007: raises $0.02 to $0.04
Fabian239: folds 
Rad wings: folds 
xsulinn: folds 
birgit233: folds 
Uncalled bet ($0.02) returned to Dorex2007
Dorex2007 collected $0.05 from pot
Dorex2007: doesn't show hand 
*** SUMMARY ***
Total pot $0.05 | Rake $0 
Seat 1: xsulinn (small blind) folded before Flop
Seat 2: birgit233 (big blind) folded before Flop
Seat 3: Nasuliini folded before Flop (didn't bet)
Seat 4: Apostol108 folded before Flop (didn't bet)
Seat 5: Sonik444 folded before Flop (didn't bet)
Seat 6: Foyek2000 folded before Flop (didn't bet)
Seat 7: Dorex2007 collected ($0.05)
Seat 8: Fabian239 folded before Flop (didn't bet)
Seat 9: Rad wings (button) folded before Flop (didn't bet)



PokerStars Hand #227821194831:  Hold'em No Limit ($0.01/$0.02 USD) - 2021/06/24 14:15:05 PT [2021/06/24 17:15:05 ET]
Table 'Tabit III' 9-max Seat #1 is the button
Seat 1: xsulinn ($1.11 in chips) 
Seat 2: birgit233 ($1.95 in chips) 
Seat 3: Nasuliini ($0.63 in chips) 
Seat 4: Apostol108 ($3.23 in chips) 
Seat 5: Sonik444 ($6.64 in chips) 
Seat 6: Foyek2000 ($1.12 in chips) 
Seat 7: Dorex2007 ($1.84 in chips) 
Seat 8: Fabian239 ($2.60 in chips) 
Seat 9: Rad wings ($0.88 in chips) 
birgit233: posts small blind $0.01
Nasuliini: posts big blind $0.02
*** HOLE CARDS ***
Dealt to Dorex2007 [6h Qd]
Apostol108: folds 
Sonik444: folds 
Foyek2000: folds 
Foyek2000 leaves the table
Dorex2007: folds 
Fabian239: folds 
Rad wings: folds 
xsulinn: folds 
birgit233: folds 
Uncalled bet ($0.01) returned to Nasuliini
Nasuliini collected $0.02 from pot
Nasuliini: doesn't show hand 
*** SUMMARY ***
Total pot $0.02 | Rake $0 
Seat 1: xsulinn (button) folded before Flop (didn't bet)
Seat 2: birgit233 (small blind) folded before Flop
Seat 3: Nasuliini (big blind) collected ($0.02)
Seat 4: Apostol108 folded before Flop (didn't bet)
Seat 5: Sonik444 folded before Flop (didn't bet)
Seat 6: Foyek2000 folded before Flop (didn't bet)
Seat 7: Dorex2007 folded before Flop (didn't bet)
Seat 8: Fabian239 folded before Flop (didn't bet)
Seat 9: Rad wings folded before Flop (didn't bet)



PokerStars Hand #227821201118:  Hold'em No Limit ($0.01/$0.02 USD) - 2021/06/24 14:15:19 PT [2021/06/24 17:15:19 ET]
Table 'Tabit III' 9-max Seat #2 is the button
Seat 1: xsulinn ($1.11 in chips) 
Seat 2: birgit233 ($1.94 in chips) 
Seat 3: Nasuliini ($0.64 in chips) 
Seat 4: Apostol108 ($3.23 in chips) 
Seat 5: Sonik444 ($6.64 in chips) 
Seat 7: Dorex2007 ($1.84 in chips) 
Seat 8: Fabian239 ($2.60 in chips) 
Seat 9: Rad wings ($0.88 in chips) 
Nasuliini: posts small blind $0.01
Apostol108: posts big blind $0.02
*** HOLE CARDS ***
Dealt to Dorex2007 [3s Ad]
Sonik444: folds 
Dorex2007 has timed out
Dorex2007: folds 
Fabian239: raises $0.04 to $0.06
Rad wings: folds 
xsulinn: folds 
birgit233: folds 
Nasuliini: folds 
Apostol108: folds 
Uncalled bet ($0.04) returned to Fabian239
Fabian239 collected $0.05 from pot
Fabian239: doesn't show hand 
*** SUMMARY ***
Total pot $0.05 | Rake $0 
Seat 1: xsulinn folded before Flop (didn't bet)
Seat 2: birgit233 (button) folded before Flop (didn't bet)
Seat 3: Nasuliini (small blind) folded before Flop
Seat 4: Apostol108 (big blind) folded before Flop
Seat 5: Sonik444 folded before Flop (didn't bet)
Seat 7: Dorex2007 folded before Flop (didn't bet)
Seat 8: Fabian239 collected ($0.05)
Seat 9: Rad wings folded before Flop (didn't bet)



PokerStars Hand #227821343027:  Hold'em No Limit ($0.01/$0.02 USD) - 2021/06/24 14:20:45 PT [2021/06/24 17:20:45 ET]
Table 'Tabit III' 9-max Seat #9 is the button
Seat 1: xsulinn ($0.98 in chips) 
Seat 2: birgit233 ($1.91 in chips) 
Seat 3: Nasuliini ($0.63 in chips) 
Seat 4: Apostol108 ($3.22 in chips) 
Seat 5: Sonik444 ($6.76 in chips) 
Seat 6: Honoritan420 ($1.89 in chips) 
Seat 7: Dorex2007 ($1.84 in chips) 
Seat 8: Fabian239 ($2.60 in chips) 
Seat 9: Rad wings ($1.01 in chips) 
xsulinn: posts small blind $0.01
birgit233: posts big blind $0.02
Dorex2007: posts small & big blinds $0.03
*** HOLE CARDS ***
Dealt to Dorex2007 [7h Tc]
Nasuliini: folds 
Apostol108: folds 
Sonik444: folds 
Honoritan420: folds 
Dorex2007: checks 
Fabian239: raises $0.04 to $0.06
Rad wings: folds 
xsulinn: folds 
birgit233: folds 
Dorex2007: folds 
Uncalled bet ($0.04) returned to Fabian239
Fabian239 collected $0.08 from pot
Fabian239: doesn't show hand 
*** SUMMARY ***
Total pot $0.08 | Rake $0 
Seat 1: xsulinn (small blind) folded before Flop
Seat 2: birgit233 (big blind) folded before Flop
Seat 3: Nasuliini folded before Flop (didn't bet)
Seat 4: Apostol108 folded before Flop (didn't bet)
Seat 5: Sonik444 folded before Flop (didn't bet)
Seat 6: Honoritan420 folded before Flop (didn't bet)
Seat 7: Dorex2007 folded before Flop (didn't bet)
Seat 8: Fabian239 collected ($0.08)
Seat 9: Rad wings (button) folded before Flop (didn't bet)



PokerStars Hand #227821354031:  Hold'em No Limit ($0.01/$0.02 USD) - 2021/06/24 14:21:11 PT [2021/06/24 17:21:11 ET]
Table 'Tabit III' 9-max Seat #1 is the button
Seat 1: xsulinn ($0.97 in chips) 
Seat 2: birgit233 ($1.89 in chips) 
Seat 3: Nasuliini ($0.63 in chips) 
Seat 4: Apostol108 ($3.22 in chips) 
Seat 5: Sonik444 ($6.76 in chips) 
Seat 6: Honoritan420 ($1.89 in chips) 
Seat 7: Dorex2007 ($1.81 in chips) 
Seat 8: Fabian239 ($2.66 in chips) 
Seat 9: Rad wings ($1.01 in chips) 
birgit233: posts small blind $0.01
Nasuliini: posts big blind $0.02
*** HOLE CARDS ***
Dealt to Dorex2007 [5c 8s]
Apostol108: folds 
Sonik444: folds 
Honoritan420: folds 
Dorex2007: folds 
Fabian239: folds 
Rad wings: folds 
xsulinn: raises $0.04 to $0.06
birgit233: raises $0.12 to $0.18
Nasuliini: folds 
xsulinn: calls $0.12
*** FLOP *** [Kh Qd Ks]
birgit233: checks 
xsulinn: bets $0.06
birgit233: calls $0.06
*** TURN *** [Kh Qd Ks] [6h]
birgit233: checks 
xsulinn: checks 
*** RIVER *** [Kh Qd Ks 6h] [8d]
birgit233: bets $0.32
xsulinn: calls $0.32
*** SHOW DOWN ***
birgit233: shows [Ac Ah] (two pair, Aces and Kings)
xsulinn: mucks hand 
birgit233 collected $1.10 from pot
*** SUMMARY ***
Total pot $1.14 | Rake $0.04 
Board [Kh Qd Ks 6h 8d]
Seat 1: xsulinn (button) mucked [Ad Qs]
Seat 2: birgit233 (small blind) showed [Ac Ah] and won ($1.10) with two pair, Aces and Kings
Seat 3: Nasuliini (big blind) folded before Flop
Seat 4: Apostol108 folded before Flop (didn't bet)
Seat 5: Sonik444 folded before Flop (didn't bet)
Seat 6: Honoritan420 folded before Flop (didn't bet)
Seat 7: Dorex2007 folded before Flop (didn't bet)
Seat 8: Fabian239 folded before Flop (didn't bet)
Seat 9: Rad wings folded before Flop (didn't bet)



PokerStars Hand #227821374843:  Hold'em No Limit ($0.01/$0.02 USD) - 2021/06/24 14:21:59 PT [2021/06/24 17:21:59 ET]
Table 'Tabit III' 9-max Seat #2 is the button
Seat 1: xsulinn ($0.41 in chips) 
Seat 2: birgit233 ($2.43 in chips) 
Seat 3: Nasuliini ($0.61 in chips) 
Seat 4: Apostol108 ($3.22 in chips) 
Seat 5: Sonik444 ($6.76 in chips) 
Seat 6: Honoritan420 ($1.89 in chips) 
Seat 7: Dorex2007 ($1.81 in chips) 
Seat 8: Fabian239 ($2.66 in chips) 
Seat 9: Rad wings ($1.01 in chips) 
Nasuliini: posts small blind $0.01
Apostol108: posts big blind $0.02
*** HOLE CARDS ***
Dealt to Dorex2007 [Kc 8c]
Sonik444: folds 
Honoritan420: folds 
Dorex2007: folds 
Fabian239: folds 
Rad wings: raises $0.02 to $0.04
xsulinn: calls $0.04
birgit233: folds 
Nasuliini: folds 
Apostol108: folds 
*** FLOP *** [Ks Th 2c]
Rad wings: checks 
xsulinn: bets $0.04
Rad wings: folds 
Uncalled bet ($0.04) returned to xsulinn
xsulinn collected $0.11 from pot
Sonik444 leaves the table
*** SUMMARY ***
Total pot $0.11 | Rake $0 
Board [Ks Th 2c]
Seat 1: xsulinn collected ($0.11)
Seat 2: birgit233 (button) folded before Flop (didn't bet)
Seat 3: Nasuliini (small blind) folded before Flop
Seat 4: Apostol108 (big blind) folded before Flop
Seat 5: Sonik444 folded before Flop (didn't bet)
Seat 6: Honoritan420 folded before Flop (didn't bet)
Seat 7: Dorex2007 folded before Flop (didn't bet)
Seat 8: Fabian239 folded before Flop (didn't bet)
Seat 9: Rad wings folded on the Flop



PokerStars Hand #227821389313:  Hold'em No Limit ($0.01/$0.02 USD) - 2021/06/24 14:22:32 PT [2021/06/24 17:22:32 ET]
Table 'Tabit III' 9-max Seat #3 is the button
Seat 1: xsulinn ($0.48 in chips) 
Seat 2: birgit233 ($2.43 in chips) 
Seat 3: Nasuliini ($0.60 in chips) 
Seat 4: Apostol108 ($3.20 in chips) 
Seat 6: Honoritan420 ($1.89 in chips) 
Seat 7: Dorex2007 ($1.81 in chips) 
Seat 8: Fabian239 ($2.66 in chips) 
Seat 9: Rad wings ($0.97 in chips) 
Apostol108: posts small blind $0.01
Honoritan420: posts big blind $0.02
*** HOLE CARDS ***
Dealt to Dorex2007 [Qd 8s]
Dorex2007: folds 
erjoronu joins the table at seat #5 
Fabian239: folds 
Rad wings: folds 
xsulinn: folds 
birgit233: folds 
Nasuliini: folds 
Apostol108: folds 
Uncalled bet ($0.01) returned to Honoritan420
Honoritan420 collected $0.02 from pot
Honoritan420: doesn't show hand 
*** SUMMARY ***
Total pot $0.02 | Rake $0 
Seat 1: xsulinn folded before Flop (didn't bet)
Seat 2: birgit233 folded before Flop (didn't bet)
Seat 3: Nasuliini (button) folded before Flop (didn't bet)
Seat 4: Apostol108 (small blind) folded before Flop
Seat 6: Honoritan420 (big blind) collected ($0.02)
Seat 7: Dorex2007 folded before Flop (didn't bet)
Seat 8: Fabian239 folded before Flop (didn't bet)
Seat 9: Rad wings folded before Flop (didn't bet)



PokerStars Hand #227821394778:  Hold'em No Limit ($0.01/$0.02 USD) - 2021/06/24 14:22:45 PT [2021/06/24 17:22:45 ET]
Table 'Tabit III' 9-max Seat #4 is the button
Seat 1: xsulinn ($0.48 in chips) 
Seat 2: birgit233 ($2.43 in chips) 
Seat 3: Nasuliini ($0.60 in chips) 
Seat 4: Apostol108 ($3.19 in chips) 
Seat 6: Honoritan420 ($1.90 in chips) 
Seat 7: Dorex2007 ($1.81 in chips) 
Seat 8: Fabian239 ($2.66 in chips) 
Seat 9: Rad wings ($0.97 in chips) 
Honoritan420: posts small blind $0.01
Dorex2007: posts big blind $0.02
*** HOLE CARDS ***
Dealt to Dorex2007 [2s 5d]
Fabian239: raises $0.02 to $0.04
Rad wings: folds 
xsulinn: folds 
birgit233: folds 
Nasuliini: folds 
Apostol108: folds 
Honoritan420: folds 
Dorex2007: folds 
Uncalled bet ($0.02) returned to Fabian239
Fabian239 collected $0.05 from pot
Fabian239: doesn't show hand 
*** SUMMARY ***
Total pot $0.05 | Rake $0 
Seat 1: xsulinn folded before Flop (didn't bet)
Seat 2: birgit233 folded before Flop (didn't bet)
Seat 3: Nasuliini folded before Flop (didn't bet)
Seat 4: Apostol108 (button) folded before Flop (didn't bet)
Seat 6: Honoritan420 (small blind) folded before Flop
Seat 7: Dorex2007 (big blind) folded before Flop
Seat 8: Fabian239 collected ($0.05)
Seat 9: Rad wings folded before Flop (didn't bet)



PokerStars Hand #227821401325:  Hold'em No Limit ($0.01/$0.02 USD) - 2021/06/24 14:23:00 PT [2021/06/24 17:23:00 ET]
Table 'Tabit III' 9-max Seat #6 is the button
Seat 1: xsulinn ($0.48 in chips) 
Seat 2: birgit233 ($2.43 in chips) 
Seat 3: Nasuliini ($0.60 in chips) 
Seat 4: Apostol108 ($3.19 in chips) 
Seat 6: Honoritan420 ($1.89 in chips) 
Seat 7: Dorex2007 ($1.79 in chips) 
Seat 8: Fabian239 ($2.69 in chips) 
Seat 9: Rad wings ($0.97 in chips) 
Dorex2007: posts small blind $0.01
Fabian239: posts big blind $0.02
erjoronu: sits out 
*** HOLE CARDS ***
Dealt to Dorex2007 [7s Jc]
Rad wings: folds 
xsulinn: folds 
birgit233: folds 
Nasuliini: folds 
Apostol108: folds 
Honoritan420: folds 
Dorex2007: folds 
Uncalled bet ($0.01) returned to Fabian239
Fabian239 collected $0.02 from pot
Fabian239: doesn't show hand 
*** SUMMARY ***
Total pot $0.02 | Rake $0 
Seat 1: xsulinn folded before Flop (didn't bet)
Seat 2: birgit233 folded before Flop (didn't bet)
Seat 3: Nasuliini folded before Flop (didn't bet)
Seat 4: Apostol108 folded before Flop (didn't bet)
Seat 6: Honoritan420 (button) folded before Flop (didn't bet)
Seat 7: Dorex2007 (small blind) folded before Flop
Seat 8: Fabian239 (big blind) collected ($0.02)
Seat 9: Rad wings folded before Flop (didn't bet)



PokerStars Hand #227821407644:  Hold'em No Limit ($0.01/$0.02 USD) - 2021/06/24 14:23:15 PT [2021/06/24 17:23:15 ET]
Table 'Tabit III' 9-max Seat #7 is the button
Seat 1: xsulinn ($0.48 in chips) 
Seat 2: birgit233 ($2.43 in chips) 
Seat 3: Nasuliini ($0.60 in chips) 
Seat 4: Apostol108 ($3.19 in chips) 
Seat 6: Honoritan420 ($1.89 in chips) 
Seat 7: Dorex2007 ($1.78 in chips) 
Seat 8: Fabian239 ($2.70 in chips) 
Seat 9: Rad wings ($0.97 in chips) 
Fabian239: posts small blind $0.01
Rad wings: posts big blind $0.02
erjoronu: sits out 
*** HOLE CARDS ***
Dealt to Dorex2007 [3h Kh]
xsulinn: folds 
birgit233: folds 
Nasuliini: folds 
Apostol108: folds 
Honoritan420: folds 
Dorex2007: folds 
Fabian239: folds 
Uncalled bet ($0.01) returned to Rad wings
Rad wings collected $0.02 from pot
*** SUMMARY ***
Total pot $0.02 | Rake $0 
Seat 1: xsulinn folded before Flop (didn't bet)
Seat 2: birgit233 folded before Flop (didn't bet)
Seat 3: Nasuliini folded before Flop (didn't bet)
Seat 4: Apostol108 folded before Flop (didn't bet)
Seat 6: Honoritan420 folded before Flop (didn't bet)
Seat 7: Dorex2007 (button) folded before Flop (didn't bet)
Seat 8: Fabian239 (small blind) folded before Flop
Seat 9: Rad wings (big blind) collected ($0.02)



PokerStars Hand #227821413682:  Hold'em No Limit ($0.01/$0.02 USD) - 2021/06/24 14:23:29 PT [2021/06/24 17:23:29 ET]
Table 'Tabit III' 9-max Seat #8 is the button
Seat 1: xsulinn ($0.48 in chips) 
Seat 2: birgit233 ($2.43 in chips) 
Seat 3: Nasuliini ($0.60 in chips) 
Seat 4: Apostol108 ($3.19 in chips) 
Seat 5: erjoronu ($1.50 in chips) 
Seat 6: Honoritan420 ($1.89 in chips) 
Seat 7: Dorex2007 ($1.78 in chips) 
Seat 8: Fabian239 ($2.69 in chips) 
Seat 9: Rad wings ($0.98 in chips) 
Rad wings: posts small blind $0.01
xsulinn: posts big blind $0.02
erjoronu: posts big blind $0.02
*** HOLE CARDS ***
Dealt to Dorex2007 [4d Ah]
birgit233: raises $0.08 to $0.10
Nasuliini: folds 
Apostol108: folds 
erjoronu: folds 
Honoritan420: folds 
Dorex2007: folds 
Fabian239: folds 
Rad wings: folds 
xsulinn: folds 
Uncalled bet ($0.08) returned to birgit233
birgit233 collected $0.07 from pot
birgit233: doesn't show hand 
*** SUMMARY ***
Total pot $0.07 | Rake $0 
Seat 1: xsulinn (big blind) folded before Flop
Seat 2: birgit233 collected ($0.07)
Seat 3: Nasuliini folded before Flop (didn't bet)
Seat 4: Apostol108 folded before Flop (didn't bet)
Seat 5: erjoronu folded before Flop (didn't bet)
Seat 6: Honoritan420 folded before Flop (didn't bet)
Seat 7: Dorex2007 folded before Flop (didn't bet)
Seat 8: Fabian239 (button) folded before Flop (didn't bet)
Seat 9: Rad wings (small blind) folded before Flop



PokerStars Hand #227821424154:  Hold'em No Limit ($0.01/$0.02 USD) - 2021/06/24 14:23:54 PT [2021/06/24 17:23:54 ET]
Table 'Tabit III' 9-max Seat #9 is the button
Seat 1: xsulinn ($0.46 in chips) 
Seat 2: birgit233 ($2.48 in chips) 
Seat 3: Nasuliini ($0.60 in chips) 
Seat 4: Apostol108 ($3.19 in chips) 
Seat 5: erjoronu ($1.48 in chips) 
Seat 6: Honoritan420 ($1.89 in chips) 
Seat 7: Dorex2007 ($1.78 in chips) 
Seat 8: Fabian239 ($2.69 in chips) 
Seat 9: Rad wings ($0.97 in chips) 
xsulinn: posts small blind $0.01
birgit233: posts big blind $0.02
*** HOLE CARDS ***
Dealt to Dorex2007 [Qd Ts]
Nasuliini: folds 
Nasuliini leaves the table
Apostol108: folds 
erjoronu: folds 
Honoritan420: calls $0.02
Dorex2007: folds 
Fabian239: calls $0.02
Rad wings: folds 
xsulinn: calls $0.01
birgit233: checks 
*** FLOP *** [9d 3c Qh]
xsulinn: checks 
birgit233: checks 
Honoritan420: checks 
Fabian239: bets $0.04
xsulinn: folds 
birgit233: folds 
Honoritan420: folds 
Uncalled bet ($0.04) returned to Fabian239
Fabian239 collected $0.08 from pot
Fabian239: doesn't show hand 
*** SUMMARY ***
Total pot $0.08 | Rake $0 
Board [9d 3c Qh]
Seat 1: xsulinn (small blind) folded on the Flop
Seat 2: birgit233 (big blind) folded on the Flop
Seat 3: Nasuliini folded before Flop (didn't bet)
Seat 4: Apostol108 folded before Flop (didn't bet)
Seat 5: erjoronu folded before Flop (didn't bet)
Seat 6: Honoritan420 folded on the Flop
Seat 7: Dorex2007 folded before Flop (didn't bet)
Seat 8: Fabian239 collected ($0.08)
Seat 9: Rad wings (button) folded before Flop (didn't bet)



PokerStars Hand #227821441353:  Hold'em No Limit ($0.01/$0.02 USD) - 2021/06/24 14:24:34 PT [2021/06/24 17:24:34 ET]
Table 'Tabit III' 9-max Seat #1 is the button
Seat 1: xsulinn ($0.44 in chips) 
Seat 2: birgit233 ($2.46 in chips) 
Seat 4: Apostol108 ($3.19 in chips) 
Seat 5: erjoronu ($1.48 in chips) 
Seat 6: Honoritan420 ($1.87 in chips) 
Seat 7: Dorex2007 ($1.78 in chips) 
Seat 8: Fabian239 ($2.75 in chips) 
Seat 9: Rad wings ($0.97 in chips) 
birgit233: posts small blind $0.01
Apostol108: posts big blind $0.02
*** HOLE CARDS ***
Dealt to Dorex2007 [Ts 9d]
DrEntspannto joins the table at seat #3 
erjoronu: folds 
Honoritan420: folds 
Dorex2007: folds 
Fabian239: folds 
Rad wings: folds 
xsulinn: raises $0.04 to $0.06
birgit233: folds 
Apostol108: folds 
Uncalled bet ($0.04) returned to xsulinn
xsulinn collected $0.05 from pot
xsulinn: doesn't show hand 
*** SUMMARY ***
Total pot $0.05 | Rake $0 
Seat 1: xsulinn (button) collected ($0.05)
Seat 2: birgit233 (small blind) folded before Flop
Seat 4: Apostol108 (big blind) folded before Flop
Seat 5: erjoronu folded before Flop (didn't bet)
Seat 6: Honoritan420 folded before Flop (didn't bet)
Seat 7: Dorex2007 folded before Flop (didn't bet)
Seat 8: Fabian239 folded before Flop (didn't bet)
Seat 9: Rad wings folded before Flop (didn't bet)



PokerStars Hand #227821446759:  Hold'em No Limit ($0.01/$0.02 USD) - 2021/06/24 14:24:47 PT [2021/06/24 17:24:47 ET]
Table 'Tabit III' 9-max Seat #2 is the button
Seat 1: xsulinn ($0.47 in chips) 
Seat 2: birgit233 ($2.45 in chips) 
Seat 4: Apostol108 ($3.17 in chips) 
Seat 5: erjoronu ($1.48 in chips) 
Seat 6: Honoritan420 ($1.87 in chips) 
Seat 7: Dorex2007 ($1.78 in chips) 
Seat 8: Fabian239 ($2.75 in chips) 
Seat 9: Rad wings ($0.97 in chips) 
Apostol108: posts small blind $0.01
erjoronu: posts big blind $0.02
*** HOLE CARDS ***
Dealt to Dorex2007 [4c 9d]
Honoritan420: folds 
Dorex2007: folds 
Fabian239: folds 
Rad wings is disconnected 
Rad wings has timed out while disconnected
Rad wings: folds 
xsulinn: folds 
birgit233: raises $0.06 to $0.08
Apostol108: folds 
erjoronu: folds 
Uncalled bet ($0.06) returned to birgit233
birgit233 collected $0.05 from pot
birgit233: doesn't show hand 
*** SUMMARY ***
Total pot $0.05 | Rake $0 
Seat 1: xsulinn folded before Flop (didn't bet)
Seat 2: birgit233 (button) collected ($0.05)
Seat 4: Apostol108 (small blind) folded before Flop
Seat 5: erjoronu (big blind) folded before Flop
Seat 6: Honoritan420 folded before Flop (didn't bet)
Seat 7: Dorex2007 folded before Flop (didn't bet)
Seat 8: Fabian239 folded before Flop (didn't bet)
Seat 9: Rad wings folded before Flop (didn't bet)



PokerStars Hand #227821458258:  Hold'em No Limit ($0.01/$0.02 USD) - 2021/06/24 14:25:14 PT [2021/06/24 17:25:14 ET]
Table 'Tabit III' 9-max Seat #4 is the button
Seat 1: xsulinn ($0.47 in chips) 
Seat 2: birgit233 ($2.48 in chips) 
Seat 4: Apostol108 ($3.16 in chips) 
Seat 5: erjoronu ($1.46 in chips) 
Seat 6: Honoritan420 ($1.87 in chips) 
Seat 7: Dorex2007 ($1.78 in chips) 
Seat 8: Fabian239 ($2.75 in chips) 
erjoronu: posts small blind $0.01
Honoritan420: posts big blind $0.02
DrEntspannto: sits out 
*** HOLE CARDS ***
Dealt to Dorex2007 [8d Qd]
Dorex2007: folds 
Fabian239: calls $0.02
xsulinn: folds 
birgit233: folds 
Apostol108: folds 
erjoronu: calls $0.01
Honoritan420: checks 
*** FLOP *** [Tc Qc 6h]
erjoronu: checks 
Honoritan420: bets $0.04
Fabian239: folds 
erjoronu: folds 
Uncalled bet ($0.04) returned to Honoritan420
Honoritan420 collected $0.06 from pot
Honoritan420: doesn't show hand 
*** SUMMARY ***
Total pot $0.06 | Rake $0 
Board [Tc Qc 6h]
Seat 1: xsulinn folded before Flop (didn't bet)
Seat 2: birgit233 folded before Flop (didn't bet)
Seat 4: Apostol108 (button) folded before Flop (didn't bet)
Seat 5: erjoronu (small blind) folded on the Flop
Seat 6: Honoritan420 (big blind) collected ($0.06)
Seat 7: Dorex2007 folded before Flop (didn't bet)
Seat 8: Fabian239 folded on the Flop



PokerStars Hand #227821539515:  Hold'em No Limit ($0.01/$0.02 USD) - 2021/06/24 14:28:09 PT [2021/06/24 17:28:09 ET]
Table 'Tabit III' 9-max Seat #3 is the button
Seat 1: xsulinn ($0.63 in chips) 
Seat 2: birgit233 ($2.45 in chips) 
Seat 3: DrEntspannto ($1.93 in chips) 
Seat 5: erjoronu ($1.38 in chips) 
Seat 6: Honoritan420 ($1.90 in chips) 
Seat 7: Dorex2007 ($1.78 in chips) 
Seat 8: Fabian239 ($2.73 in chips) 
erjoronu: posts small blind $0.01
Honoritan420: posts big blind $0.02
Dorex2007: posts small & big blinds $0.03
*** HOLE CARDS ***
Dealt to Dorex2007 [8d Kc]
Dorex2007: checks 
Fabian239: folds 
xsulinn: folds 
birgit233: folds 
DrEntspannto: folds 
erjoronu: folds 
Honoritan420: checks 
*** FLOP *** [2d 5d 3c]
Honoritan420: checks 
Dorex2007: checks 
*** TURN *** [2d 5d 3c] [Td]
Honoritan420: bets $0.06
Dorex2007: folds 
Uncalled bet ($0.06) returned to Honoritan420
Honoritan420 collected $0.06 from pot
Honoritan420: doesn't show hand 
*** SUMMARY ***
Total pot $0.06 | Rake $0 
Board [2d 5d 3c Td]
Seat 1: xsulinn folded before Flop (didn't bet)
Seat 2: birgit233 folded before Flop (didn't bet)
Seat 3: DrEntspannto (button) folded before Flop (didn't bet)
Seat 5: erjoronu (small blind) folded before Flop
Seat 6: Honoritan420 (big blind) collected ($0.06)
Seat 7: Dorex2007 folded on the Turn (didn't bet)
Seat 8: Fabian239 folded before Flop (didn't bet)



PokerStars Hand #227821554045:  Hold'em No Limit ($0.01/$0.02 USD) - 2021/06/24 14:28:44 PT [2021/06/24 17:28:44 ET]
Table 'Tabit III' 9-max Seat #5 is the button
Seat 1: xsulinn ($0.63 in chips) 
Seat 2: birgit233 ($2.45 in chips) 
Seat 3: DrEntspannto ($1.93 in chips) 
Seat 5: erjoronu ($1.37 in chips) 
Seat 6: Honoritan420 ($1.94 in chips) 
Seat 7: Dorex2007 ($1.75 in chips) 
Seat 8: Fabian239 ($2.73 in chips) 
Honoritan420: posts small blind $0.01
Dorex2007: posts big blind $0.02
*** HOLE CARDS ***
Dealt to Dorex2007 [4h 6c]
Fabian239: folds 
xsulinn: raises $0.02 to $0.04
birgit233: folds 
DrEntspannto: calls $0.04
erjoronu: folds 
Honoritan420: folds 
Dorex2007: folds 
*** FLOP *** [2h 4d 9d]
xsulinn: bets $0.06
DrEntspannto: calls $0.06
*** TURN *** [2h 4d 9d] [3c]
xsulinn: checks 
DrEntspannto: bets $0.11
xsulinn: calls $0.11
*** RIVER *** [2h 4d 9d 3c] [2c]
xsulinn: checks 
DrEntspannto: bets $0.43
xsulinn: calls $0.42 and is all-in
Uncalled bet ($0.01) returned to DrEntspannto
*** SHOW DOWN ***
DrEntspannto: shows [Ks Tc] (a pair of Deuces)
xsulinn: shows [9s Td] (two pair, Nines and Deuces)
xsulinn collected $1.24 from pot
*** SUMMARY ***
Total pot $1.29 | Rake $0.05 
Board [2h 4d 9d 3c 2c]
Seat 1: xsulinn showed [9s Td] and won ($1.24) with two pair, Nines and Deuces
Seat 2: birgit233 folded before Flop (didn't bet)
Seat 3: DrEntspannto showed [Ks Tc] and lost with a pair of Deuces
Seat 5: erjoronu (button) folded before Flop (didn't bet)
Seat 6: Honoritan420 (small blind) folded before Flop
Seat 7: Dorex2007 (big blind) folded before Flop
Seat 8: Fabian239 folded before Flop (didn't bet)



PokerStars Hand #227821577540:  Hold'em No Limit ($0.01/$0.02 USD) - 2021/06/24 14:29:40 PT [2021/06/24 17:29:40 ET]
Table 'Tabit III' 9-max Seat #6 is the button
Seat 1: xsulinn ($1.24 in chips) 
Seat 2: birgit233 ($2.45 in chips) 
Seat 3: DrEntspannto ($1.30 in chips) 
Seat 5: erjoronu ($1.37 in chips) 
Seat 6: Honoritan420 ($1.93 in chips) 
Seat 7: Dorex2007 ($1.73 in chips) 
Seat 8: Fabian239 ($2.73 in chips) 
Dorex2007: posts small blind $0.01
Fabian239: posts big blind $0.02
*** HOLE CARDS ***
Dealt to Dorex2007 [Kh Kd]
xsulinn: folds 
birgit233: folds 
DrEntspannto: folds 
erjoronu: raises $0.10 to $0.12
Honoritan420: folds 
Dorex2007: calls $0.11
Fabian239: folds 
*** FLOP *** [4s 3c 5c]
Dorex2007: checks 
erjoronu: bets $0.17
Dorex2007: calls $0.17
*** TURN *** [4s 3c 5c] [Qs]
Dorex2007: checks 
erjoronu: checks 
*** RIVER *** [4s 3c 5c Qs] [Td]
Dorex2007: bets $0.29
erjoronu: calls $0.29
*** SHOW DOWN ***
Dorex2007: shows [Kh Kd] (a pair of Kings)
erjoronu: shows [Ah Ad] (a pair of Aces)
erjoronu collected $1.14 from pot
*** SUMMARY ***
Total pot $1.18 | Rake $0.04 
Board [4s 3c 5c Qs Td]
Seat 1: xsulinn folded before Flop (didn't bet)
Seat 2: birgit233 folded before Flop (didn't bet)
Seat 3: DrEntspannto folded before Flop (didn't bet)
Seat 5: erjoronu showed [Ah Ad] and won ($1.14) with a pair of Aces
Seat 6: Honoritan420 (button) folded before Flop (didn't bet)
Seat 7: Dorex2007 (small blind) showed [Kh Kd] and lost with a pair of Kings
Seat 8: Fabian239 (big blind) folded before Flop



PokerStars Hand #227821600972:  Hold'em No Limit ($0.01/$0.02 USD) - 2021/06/24 14:30:36 PT [2021/06/24 17:30:36 ET]
Table 'Tabit III' 9-max Seat #7 is the button
Seat 1: xsulinn ($1.24 in chips) 
Seat 2: birgit233 ($2.45 in chips) 
Seat 3: DrEntspannto ($2 in chips) 
Seat 5: erjoronu ($1.93 in chips) 
Seat 6: Honoritan420 ($1.93 in chips) 
Seat 7: Dorex2007 ($1.15 in chips) 
Seat 8: Fabian239 ($2.71 in chips) 
Fabian239: posts small blind $0.01
xsulinn: posts big blind $0.02
Apostol108: sits out 
*** HOLE CARDS ***
Dealt to Dorex2007 [2d 7c]
birgit233: folds 
DrEntspannto: folds 
erjoronu: raises $0.03 to $0.05
Honoritan420: folds 
Dorex2007: folds 
Fabian239: folds 
xsulinn: calls $0.03
*** FLOP *** [9d Qd 3h]
xsulinn: checks 
erjoronu: bets $0.04
xsulinn: calls $0.04
*** TURN *** [9d Qd 3h] [3c]
xsulinn: checks 
erjoronu: checks 
*** RIVER *** [9d Qd 3h 3c] [6s]
xsulinn: bets $0.08
erjoronu: calls $0.08
*** SHOW DOWN ***
xsulinn: shows [8d 8c] (two pair, Eights and Threes)
erjoronu: mucks hand 
xsulinn collected $0.34 from pot
*** SUMMARY ***
Total pot $0.35 | Rake $0.01 
Board [9d Qd 3h 3c 6s]
Seat 1: xsulinn (big blind) showed [8d 8c] and won ($0.34) with two pair, Eights and Threes
Seat 2: birgit233 folded before Flop (didn't bet)
Seat 3: DrEntspannto folded before Flop (didn't bet)
Seat 5: erjoronu mucked [As Jd]
Seat 6: Honoritan420 folded before Flop (didn't bet)
Seat 7: Dorex2007 (button) folded before Flop (didn't bet)
Seat 8: Fabian239 (small blind) folded before Flop



PokerStars Hand #227821635628:  Hold'em No Limit ($0.01/$0.02 USD) - 2021/06/24 14:31:59 PT [2021/06/24 17:31:59 ET]
Table 'Tabit III' 9-max Seat #8 is the button
Seat 1: xsulinn ($1.41 in chips) 
Seat 2: birgit233 ($2.45 in chips) 
Seat 3: DrEntspannto ($2 in chips) 
Seat 5: erjoronu ($1.76 in chips) 
Seat 6: Honoritan420 ($1.93 in chips) 
Seat 7: Dorex2007 ($1.95 in chips) 
Seat 8: Fabian239 ($2.70 in chips) 
xsulinn: posts small blind $0.01
birgit233: posts big blind $0.02
Apostol108: sits out 
*** HOLE CARDS ***
Dealt to Dorex2007 [9d Kc]
DrEntspannto: raises $0.04 to $0.06
erjoronu: folds 
Honoritan420: folds 
Dorex2007: folds 
Fabian239: folds 
xsulinn: folds 
birgit233: folds 
Uncalled bet ($0.04) returned to DrEntspannto
DrEntspannto collected $0.05 from pot
DrEntspannto: doesn't show hand 
*** SUMMARY ***
Total pot $0.05 | Rake $0 
Seat 1: xsulinn (small blind) folded before Flop
Seat 2: birgit233 (big blind) folded before Flop
Seat 3: DrEntspannto collected ($0.05)
Seat 5: erjoronu folded before Flop (didn't bet)
Seat 6: Honoritan420 folded before Flop (didn't bet)
Seat 7: Dorex2007 folded before Flop (didn't bet)
Seat 8: Fabian239 (button) folded before Flop (didn't bet)



PokerStars Hand #227821643256:  Hold'em No Limit ($0.01/$0.02 USD) - 2021/06/24 14:32:17 PT [2021/06/24 17:32:17 ET]
Table 'Tabit III' 9-max Seat #1 is the button
Seat 1: xsulinn ($1.40 in chips) 
Seat 2: birgit233 ($2.43 in chips) 
Seat 3: DrEntspannto ($2.03 in chips) 
Seat 5: erjoronu ($1.76 in chips) 
Seat 6: Honoritan420 ($1.93 in chips) 
Seat 7: Dorex2007 ($1.95 in chips) 
Seat 8: Fabian239 ($2.70 in chips) 
birgit233: posts small blind $0.01
DrEntspannto: posts big blind $0.02
Apostol108: sits out 
*** HOLE CARDS ***
Dealt to Dorex2007 [Qd 8c]
erjoronu: folds 
Honoritan420: folds 
Dorex2007: folds 
Fabian239: folds 
xsulinn: raises $0.02 to $0.04
birgit233: folds 
DrEntspannto: folds 
Uncalled bet ($0.02) returned to xsulinn
xsulinn collected $0.05 from pot
*** SUMMARY ***
Total pot $0.05 | Rake $0 
Seat 1: xsulinn (button) collected ($0.05)
Seat 2: birgit233 (small blind) folded before Flop
Seat 3: DrEntspannto (big blind) folded before Flop
Seat 5: erjoronu folded before Flop (didn't bet)
Seat 6: Honoritan420 folded before Flop (didn't bet)
Seat 7: Dorex2007 folded before Flop (didn't bet)
Seat 8: Fabian239 folded before Flop (didn't bet)



PokerStars Hand #227821653271:  Hold'em No Limit ($0.01/$0.02 USD) - 2021/06/24 14:32:41 PT [2021/06/24 17:32:41 ET]
Table 'Tabit III' 9-max Seat #2 is the button
Seat 1: xsulinn ($1.43 in chips) 
Seat 2: birgit233 ($2.42 in chips) 
Seat 3: DrEntspannto ($2.01 in chips) 
Seat 4: Apostol108 ($3.16 in chips) 
Seat 5: erjoronu ($1.76 in chips) 
Seat 6: Honoritan420 ($1.93 in chips) 
Seat 7: Dorex2007 ($1.95 in chips) 
Seat 8: Fabian239 ($2.70 in chips) 
DrEntspannto: posts small blind $0.01
Apostol108: posts big blind $0.02
*** HOLE CARDS ***
Dealt to Dorex2007 [6h 9s]
erjoronu: folds 
Honoritan420: folds 
Dorex2007: folds 
Fabian239: raises $0.04 to $0.06
xsulinn: folds 
birgit233: folds 
DrEntspannto: folds 
Apostol108: folds 
Uncalled bet ($0.04) returned to Fabian239
Fabian239 collected $0.05 from pot
Fabian239: doesn't show hand 
*** SUMMARY ***
Total pot $0.05 | Rake $0 
Seat 1: xsulinn folded before Flop (didn't bet)
Seat 2: birgit233 (button) folded before Flop (didn't bet)
Seat 3: DrEntspannto (small blind) folded before Flop
Seat 4: Apostol108 (big blind) folded before Flop
Seat 5: erjoronu folded before Flop (didn't bet)
Seat 6: Honoritan420 folded before Flop (didn't bet)
Seat 7: Dorex2007 folded before Flop (didn't bet)
Seat 8: Fabian239 collected ($0.05)



PokerStars Hand #227821668127:  Hold'em No Limit ($0.01/$0.02 USD) - 2021/06/24 14:33:03 PT [2021/06/24 17:33:03 ET]
Table 'Tabit III' 9-max Seat #3 is the button
Seat 1: xsulinn ($1.43 in chips) 
Seat 2: birgit233 ($2.42 in chips) 
Seat 3: DrEntspannto ($2 in chips) 
Seat 4: Apostol108 ($3.14 in chips) 
Seat 5: erjoronu ($1.76 in chips) 
Seat 6: Honoritan420 ($1.93 in chips) 
Seat 7: Dorex2007 ($1.95 in chips) 
Seat 8: Fabian239 ($2.73 in chips) 
Apostol108: posts small blind $0.01
erjoronu: posts big blind $0.02
*** HOLE CARDS ***
Dealt to Dorex2007 [Tc 6c]
Honoritan420: folds 
Dorex2007: folds 
Fabian239: folds 
xsulinn: folds 
birgit233: raises $0.06 to $0.08
DrEntspannto: folds 
Apostol108: folds 
erjoronu: calls $0.06
*** FLOP *** [Kd 2c 5h]
erjoronu: checks 
birgit233: checks 
*** TURN *** [Kd 2c 5h] [3c]
erjoronu: bets $0.11
birgit233: folds 
Uncalled bet ($0.11) returned to erjoronu
erjoronu collected $0.16 from pot
*** SUMMARY ***
Total pot $0.17 | Rake $0.01 
Board [Kd 2c 5h 3c]
Seat 1: xsulinn folded before Flop (didn't bet)
Seat 2: birgit233 folded on the Turn
Seat 3: DrEntspannto (button) folded before Flop (didn't bet)
Seat 4: Apostol108 (small blind) folded before Flop
Seat 5: erjoronu (big blind) collected ($0.16)
Seat 6: Honoritan420 folded before Flop (didn't bet)
Seat 7: Dorex2007 folded before Flop (didn't bet)
Seat 8: Fabian239 folded before Flop (didn't bet)



PokerStars Hand #227821683163:  Hold'em No Limit ($0.01/$0.02 USD) - 2021/06/24 14:33:39 PT [2021/06/24 17:33:39 ET]
Table 'Tabit III' 9-max Seat #4 is the button
Seat 1: xsulinn ($1.43 in chips) 
Seat 2: birgit233 ($2.34 in chips) 
Seat 3: DrEntspannto ($2 in chips) 
Seat 4: Apostol108 ($3.13 in chips) 
Seat 5: erjoronu ($1.84 in chips) 
Seat 6: Honoritan420 ($1.93 in chips) 
Seat 7: Dorex2007 ($1.95 in chips) 
Seat 8: Fabian239 ($2.73 in chips) 
erjoronu: posts small blind $0.01
Honoritan420: posts big blind $0.02
*** HOLE CARDS ***
Dealt to Dorex2007 [5c As]
Dorex2007: folds 
Fabian239: folds 
Rad wings is disconnected 
xsulinn: folds 
birgit233: folds 
DrEntspannto: folds 
Apostol108: folds 
erjoronu: raises $0.05 to $0.07
Honoritan420: folds 
Uncalled bet ($0.05) returned to erjoronu
erjoronu collected $0.04 from pot
*** SUMMARY ***
Total pot $0.04 | Rake $0 
Seat 1: xsulinn folded before Flop (didn't bet)
Seat 2: birgit233 folded before Flop (didn't bet)
Seat 3: DrEntspannto folded before Flop (didn't bet)
Seat 4: Apostol108 (button) folded before Flop (didn't bet)
Seat 5: erjoronu (small blind) collected ($0.04)
Seat 6: Honoritan420 (big blind) folded before Flop
Seat 7: Dorex2007 folded before Flop (didn't bet)
Seat 8: Fabian239 folded before Flop (didn't bet)



PokerStars Hand #227821695530:  Hold'em No Limit ($0.01/$0.02 USD) - 2021/06/24 14:34:09 PT [2021/06/24 17:34:09 ET]
Table 'Tabit III' 9-max Seat #5 is the button
Seat 1: xsulinn ($1.43 in chips) 
Seat 2: birgit233 ($2.34 in chips) 
Seat 3: DrEntspannto ($2 in chips) 
Seat 4: Apostol108 ($3.13 in chips) 
Seat 5: erjoronu ($1.86 in chips) 
Seat 6: Honoritan420 ($1.91 in chips) 
Seat 7: Dorex2007 ($1.95 in chips) 
Seat 8: Fabian239 ($2.73 in chips) 
Honoritan420: posts small blind $0.01
Dorex2007: posts big blind $0.02
*** HOLE CARDS ***
Dealt to Dorex2007 [2s 8h]
Fabian239: folds 
xsulinn: folds 
birgit233: folds 
DrEntspannto: folds 
Apostol108: folds 
erjoronu: folds 
Honoritan420: raises $0.02 to $0.04
Dorex2007: folds 
Uncalled bet ($0.02) returned to Honoritan420
Honoritan420 collected $0.04 from pot
Honoritan420: doesn't show hand 
*** SUMMARY ***
Total pot $0.04 | Rake $0 
Seat 1: xsulinn folded before Flop (didn't bet)
Seat 2: birgit233 folded before Flop (didn't bet)
Seat 3: DrEntspannto folded before Flop (didn't bet)
Seat 4: Apostol108 folded before Flop (didn't bet)
Seat 5: erjoronu (button) folded before Flop (didn't bet)
Seat 6: Honoritan420 (small blind) collected ($0.04)
Seat 7: Dorex2007 (big blind) folded before Flop
Seat 8: Fabian239 folded before Flop (didn't bet)



PokerStars Hand #227821706571:  Hold'em No Limit ($0.01/$0.02 USD) - 2021/06/24 14:34:35 PT [2021/06/24 17:34:35 ET]
Table 'Tabit III' 9-max Seat #6 is the button
Seat 1: xsulinn ($1.43 in chips) 
Seat 2: birgit233 ($2.34 in chips) 
Seat 3: DrEntspannto ($2 in chips) 
Seat 4: Apostol108 ($3.13 in chips) 
Seat 5: erjoronu ($1.86 in chips) 
Seat 6: Honoritan420 ($1.93 in chips) 
Seat 7: Dorex2007 ($1.93 in chips) 
Seat 8: Fabian239 ($2.73 in chips) 
Dorex2007: posts small blind $0.01
Fabian239: posts big blind $0.02
*** HOLE CARDS ***
Dealt to Dorex2007 [Ks Jd]
xsulinn: folds 
birgit233: folds 
DrEntspannto: folds 
Apostol108: folds 
erjoronu: folds 
Honoritan420: folds 
Dorex2007: raises $0.04 to $0.06
Fabian239: folds 
Uncalled bet ($0.04) returned to Dorex2007
Dorex2007 collected $0.04 from pot
Dorex2007: doesn't show hand 
*** SUMMARY ***
Total pot $0.04 | Rake $0 
Seat 1: xsulinn folded before Flop (didn't bet)
Seat 2: birgit233 folded before Flop (didn't bet)
Seat 3: DrEntspannto folded before Flop (didn't bet)
Seat 4: Apostol108 folded before Flop (didn't bet)
Seat 5: erjoronu folded before Flop (didn't bet)
Seat 6: Honoritan420 (button) folded before Flop (didn't bet)
Seat 7: Dorex2007 (small blind) collected ($0.04)
Seat 8: Fabian239 (big blind) folded before Flop



PokerStars Hand #227821722684:  Hold'em No Limit ($0.01/$0.02 USD) - 2021/06/24 14:35:14 PT [2021/06/24 17:35:14 ET]
Table 'Tabit III' 9-max Seat #7 is the button
Seat 1: xsulinn ($1.43 in chips) 
Seat 2: birgit233 ($2.34 in chips) 
Seat 3: DrEntspannto ($2 in chips) 
Seat 4: Apostol108 ($3.13 in chips) 
Seat 5: erjoronu ($1.86 in chips) 
Seat 6: Honoritan420 ($1.93 in chips) 
Seat 7: Dorex2007 ($1.95 in chips) 
Seat 8: Fabian239 ($2.71 in chips) 
Fabian239: posts small blind $0.01
xsulinn: posts big blind $0.02
*** HOLE CARDS ***
Dealt to Dorex2007 [5d 6d]
birgit233: folds 
DrEntspannto: raises $0.04 to $0.06
Apostol108: folds 
erjoronu: folds 
Honoritan420: folds 
Dorex2007: folds 
Fabian239: folds 
xsulinn: calls $0.04
*** FLOP *** [Tc 8c Ks]
xsulinn: checks 
DrEntspannto: bets $0.07
xsulinn: folds 
Uncalled bet ($0.07) returned to DrEntspannto
DrEntspannto collected $0.13 from pot
DrEntspannto: doesn't show hand 
*** SUMMARY ***
Total pot $0.13 | Rake $0 
Board [Tc 8c Ks]
Seat 1: xsulinn (big blind) folded on the Flop
Seat 2: birgit233 folded before Flop (didn't bet)
Seat 3: DrEntspannto collected ($0.13)
Seat 4: Apostol108 folded before Flop (didn't bet)
Seat 5: erjoronu folded before Flop (didn't bet)
Seat 6: Honoritan420 folded before Flop (didn't bet)
Seat 7: Dorex2007 (button) folded before Flop (didn't bet)
Seat 8: Fabian239 (small blind) folded before Flop



PokerStars Hand #227821742071:  Hold'em No Limit ($0.01/$0.02 USD) - 2021/06/24 14:36:01 PT [2021/06/24 17:36:01 ET]
Table 'Tabit III' 9-max Seat #8 is the button
Seat 1: xsulinn ($1.37 in chips) 
Seat 2: birgit233 ($2.34 in chips) 
Seat 3: DrEntspannto ($2.07 in chips) 
Seat 4: Apostol108 ($3.13 in chips) 
Seat 5: erjoronu ($1.86 in chips) 
Seat 6: Honoritan420 ($1.93 in chips) 
Seat 7: Dorex2007 ($1.95 in chips) 
Seat 8: Fabian239 ($2.70 in chips) 
xsulinn: posts small blind $0.01
birgit233: posts big blind $0.02
*** HOLE CARDS ***
Dealt to Dorex2007 [Ah 6s]
DrEntspannto: folds 
Apostol108: folds 
erjoronu: folds 
Honoritan420: folds 
Dorex2007: folds 
Fabian239: raises $0.04 to $0.06
xsulinn: folds 
birgit233: folds 
Uncalled bet ($0.04) returned to Fabian239
Fabian239 collected $0.05 from pot
Fabian239: doesn't show hand 
*** SUMMARY ***
Total pot $0.05 | Rake $0 
Seat 1: xsulinn (small blind) folded before Flop
Seat 2: birgit233 (big blind) folded before Flop
Seat 3: DrEntspannto folded before Flop (didn't bet)
Seat 4: Apostol108 folded before Flop (didn't bet)
Seat 5: erjoronu folded before Flop (didn't bet)
Seat 6: Honoritan420 folded before Flop (didn't bet)
Seat 7: Dorex2007 folded before Flop (didn't bet)
Seat 8: Fabian239 (button) collected ($0.05)



PokerStars Hand #227821754903:  Hold'em No Limit ($0.01/$0.02 USD) - 2021/06/24 14:36:32 PT [2021/06/24 17:36:32 ET]
Table 'Tabit III' 9-max Seat #1 is the button
Seat 1: xsulinn ($1.36 in chips) 
Seat 2: birgit233 ($2.32 in chips) 
Seat 3: DrEntspannto ($2.07 in chips) 
Seat 4: Apostol108 ($3.13 in chips) 
Seat 5: erjoronu ($1.86 in chips) 
Seat 6: Honoritan420 ($1.93 in chips) 
Seat 7: Dorex2007 ($1.95 in chips) 
Seat 8: Fabian239 ($2.73 in chips) 
birgit233: posts small blind $0.01
DrEntspannto: posts big blind $0.02
Rad wings: sits out 
*** HOLE CARDS ***
Dealt to Dorex2007 [9c Kd]
Apostol108: folds 
erjoronu: folds 
Honoritan420: folds 
Dorex2007: folds 
Fabian239: folds 
xsulinn: folds 
birgit233: raises $0.06 to $0.08
DrEntspannto: folds 
Uncalled bet ($0.06) returned to birgit233
birgit233 collected $0.04 from pot
birgit233: doesn't show hand 
*** SUMMARY ***
Total pot $0.04 | Rake $0 
Seat 1: xsulinn (button) folded before Flop (didn't bet)
Seat 2: birgit233 (small blind) collected ($0.04)
Seat 3: DrEntspannto (big blind) folded before Flop
Seat 4: Apostol108 folded before Flop (didn't bet)
Seat 5: erjoronu folded before Flop (didn't bet)
Seat 6: Honoritan420 folded before Flop (didn't bet)
Seat 7: Dorex2007 folded before Flop (didn't bet)
Seat 8: Fabian239 folded before Flop (didn't bet)



PokerStars Hand #227821769727:  Hold'em No Limit ($0.01/$0.02 USD) - 2021/06/24 14:37:08 PT [2021/06/24 17:37:08 ET]
Table 'Tabit III' 9-max Seat #2 is the button
Seat 1: xsulinn ($1.36 in chips) 
Seat 2: birgit233 ($2.34 in chips) 
Seat 3: DrEntspannto ($2.05 in chips) 
Seat 4: Apostol108 ($3.13 in chips) 
Seat 5: erjoronu ($1.86 in chips) 
Seat 6: Honoritan420 ($1.93 in chips) 
Seat 7: Dorex2007 ($1.95 in chips) 
Seat 8: Fabian239 ($2.73 in chips) 
DrEntspannto: posts small blind $0.01
Apostol108: posts big blind $0.02
Rad wings: sits out 
*** HOLE CARDS ***
Dealt to Dorex2007 [Jh Ks]
erjoronu: folds 
Honoritan420: folds 
Dorex2007: raises $0.04 to $0.06
Fabian239: folds 
xsulinn: folds 
birgit233: folds 
DrEntspannto: calls $0.05
Apostol108: folds 
*** FLOP *** [Kh 9s 3s]
DrEntspannto: checks 
Dorex2007: bets $0.07
DrEntspannto: calls $0.07
*** TURN *** [Kh 9s 3s] [2d]
DrEntspannto: checks 
Dorex2007: checks 
*** RIVER *** [Kh 9s 3s 2d] [Td]
DrEntspannto: bets $0.10
Dorex2007: calls $0.10
*** SHOW DOWN ***
DrEntspannto: shows [Jc Qc] (a straight, Nine to King)
Dorex2007: mucks hand 
DrEntspannto collected $0.46 from pot
*** SUMMARY ***
Total pot $0.48 | Rake $0.02 
Board [Kh 9s 3s 2d Td]
Seat 1: xsulinn folded before Flop (didn't bet)
Seat 2: birgit233 (button) folded before Flop (didn't bet)
Seat 3: DrEntspannto (small blind) showed [Jc Qc] and won ($0.46) with a straight, Nine to King
Seat 4: Apostol108 (big blind) folded before Flop
Seat 5: erjoronu folded before Flop (didn't bet)
Seat 6: Honoritan420 folded before Flop (didn't bet)
Seat 7: Dorex2007 mucked [Jh Ks]
Seat 8: Fabian239 folded before Flop (didn't bet)



PokerStars Hand #227821787781:  Hold'em No Limit ($0.01/$0.02 USD) - 2021/06/24 14:37:52 PT [2021/06/24 17:37:52 ET]
Table 'Tabit III' 9-max Seat #3 is the button
Seat 1: xsulinn ($1.36 in chips) 
Seat 2: birgit233 ($2.34 in chips) 
Seat 3: DrEntspannto ($2.28 in chips) 
Seat 4: Apostol108 ($3.11 in chips) 
Seat 5: erjoronu ($1.86 in chips) 
Seat 6: Honoritan420 ($1.93 in chips) 
Seat 7: Dorex2007 ($1.72 in chips) 
Seat 8: Fabian239 ($2.73 in chips) 
Apostol108: posts small blind $0.01
erjoronu: posts big blind $0.02
Rad wings: sits out 
*** HOLE CARDS ***
Dealt to Dorex2007 [2c Jc]
Honoritan420: folds 
Dorex2007: folds 
Fabian239: folds 
xsulinn: folds 
birgit233: folds 
DrEntspannto: raises $0.04 to $0.06
Apostol108: folds 
erjoronu: calls $0.04
*** FLOP *** [6s Tc 3s]
erjoronu: checks 
DrEntspannto: checks 
*** TURN *** [6s Tc 3s] [3c]
erjoronu: bets $0.09
DrEntspannto: calls $0.09
*** RIVER *** [6s Tc 3s 3c] [3d]
erjoronu: bets $0.26
DrEntspannto: calls $0.26
*** SHOW DOWN ***
erjoronu: shows [Ac Th] (a full house, Threes full of Tens)
DrEntspannto: mucks hand 
erjoronu collected $0.80 from pot
*** SUMMARY ***
Total pot $0.83 | Rake $0.03 
Board [6s Tc 3s 3c 3d]
Seat 1: xsulinn folded before Flop (didn't bet)
Seat 2: birgit233 folded before Flop (didn't bet)
Seat 3: DrEntspannto (button) mucked [Jh Ah]
Seat 4: Apostol108 (small blind) folded before Flop
Seat 5: erjoronu (big blind) showed [Ac Th] and won ($0.80) with a full house, Threes full of Tens
Seat 6: Honoritan420 folded before Flop (didn't bet)
Seat 7: Dorex2007 folded before Flop (didn't bet)
Seat 8: Fabian239 folded before Flop (didn't bet)



PokerStars Hand #227821812202:  Hold'em No Limit ($0.01/$0.02 USD) - 2021/06/24 14:38:51 PT [2021/06/24 17:38:51 ET]
Table 'Tabit III' 9-max Seat #4 is the button
Seat 1: xsulinn ($1.36 in chips) 
Seat 2: birgit233 ($2.34 in chips) 
Seat 3: DrEntspannto ($1.87 in chips) 
Seat 4: Apostol108 ($3.10 in chips) 
Seat 5: erjoronu ($2.25 in chips) 
Seat 6: Honoritan420 ($1.93 in chips) 
Seat 7: Dorex2007 ($1.72 in chips) 
Seat 8: Fabian239 ($2.73 in chips) 
erjoronu: posts small blind $0.01
Honoritan420: posts big blind $0.02
Rad wings: sits out 
*** HOLE CARDS ***
Dealt to Dorex2007 [4h 5d]
Dorex2007: folds 
Fabian239: folds 
xsulinn: folds 
birgit233: folds 
DrEntspannto has timed out
DrEntspannto: folds 
Apostol108: folds 
erjoronu: folds 
Uncalled bet ($0.01) returned to Honoritan420
Honoritan420 collected $0.02 from pot
Honoritan420: doesn't show hand 
*** SUMMARY ***
Total pot $0.02 | Rake $0 
Seat 1: xsulinn folded before Flop (didn't bet)
Seat 2: birgit233 folded before Flop (didn't bet)
Seat 3: DrEntspannto folded before Flop (didn't bet)
Seat 4: Apostol108 (button) folded before Flop (didn't bet)
Seat 5: erjoronu (small blind) folded before Flop
Seat 6: Honoritan420 (big blind) collected ($0.02)
Seat 7: Dorex2007 folded before Flop (didn't bet)
Seat 8: Fabian239 folded before Flop (didn't bet)



PokerStars Hand #227821823686:  Hold'em No Limit ($0.01/$0.02 USD) - 2021/06/24 14:39:18 PT [2021/06/24 17:39:18 ET]
Table 'Tabit III' 9-max Seat #5 is the button
Seat 1: xsulinn ($1.36 in chips) 
Seat 2: birgit233 ($2.34 in chips) 
Seat 3: DrEntspannto ($1.87 in chips) 
Seat 4: Apostol108 ($3.10 in chips) 
Seat 5: erjoronu ($2.24 in chips) 
Seat 6: Honoritan420 ($1.94 in chips) 
Seat 7: Dorex2007 ($1.72 in chips) 
Seat 8: Fabian239 ($2.73 in chips) 
Honoritan420: posts small blind $0.01
Dorex2007: posts big blind $0.02
Rad wings: sits out 
*** HOLE CARDS ***
Dealt to Dorex2007 [2c 9s]
Fabian239: raises $0.02 to $0.04
xsulinn: folds 
birgit233: folds 
DrEntspannto: calls $0.04
Apostol108: calls $0.04
erjoronu: folds 
Honoritan420: calls $0.03
Dorex2007: folds 
*** FLOP *** [5s 2h 3s]
Honoritan420: bets $0.06
Fabian239: calls $0.06
DrEntspannto: calls $0.06
Apostol108: raises $0.24 to $0.30
Honoritan420: folds 
Fabian239: folds 
DrEntspannto: calls $0.24
*** TURN *** [5s 2h 3s] [Qd]
DrEntspannto: checks 
Apostol108: bets $0.58
DrEntspannto: raises $0.95 to $1.53 and is all-in
Apostol108: calls $0.95
*** RIVER *** [5s 2h 3s Qd] [Qh]
*** SHOW DOWN ***
DrEntspannto: shows [Jc Qc] (three of a kind, Queens)
Apostol108: shows [3d 3h] (a full house, Threes full of Queens)
Apostol108 collected $3.82 from pot
*** SUMMARY ***
Total pot $3.96 | Rake $0.14 
Board [5s 2h 3s Qd Qh]
Seat 1: xsulinn folded before Flop (didn't bet)
Seat 2: birgit233 folded before Flop (didn't bet)
Seat 3: DrEntspannto showed [Jc Qc] and lost with three of a kind, Queens
Seat 4: Apostol108 showed [3d 3h] and won ($3.82) with a full house, Threes full of Queens
Seat 5: erjoronu (button) folded before Flop (didn't bet)
Seat 6: Honoritan420 (small blind) folded on the Flop
Seat 7: Dorex2007 (big blind) folded before Flop
Seat 8: Fabian239 folded on the Flop



PokerStars Hand #227821870060:  Hold'em No Limit ($0.01/$0.02 USD) - 2021/06/24 14:41:12 PT [2021/06/24 17:41:12 ET]
Table 'Tabit III' 9-max Seat #6 is the button
Seat 1: xsulinn ($1.36 in chips) 
Seat 2: birgit233 ($2.34 in chips) 
Seat 4: Apostol108 ($5.05 in chips) 
Seat 5: erjoronu ($2.24 in chips) 
Seat 6: Honoritan420 ($1.84 in chips) 
Seat 7: Dorex2007 ($1.70 in chips) 
Seat 8: Fabian239 ($2.63 in chips) 
Dorex2007: posts small blind $0.01
Fabian239: posts big blind $0.02
Rad wings: sits out 
*** HOLE CARDS ***
Dealt to Dorex2007 [6h 6s]
xsulinn: folds 
birgit233: raises $0.06 to $0.08
DrEntspannto leaves the table
Apostol108: folds 
erjoronu: folds 
Honoritan420: folds 
Dorex2007: calls $0.07
antony240913 joins the table at seat #3 
Fabian239: folds 
*** FLOP *** [Js 7h 5h]
Dorex2007: checks 
birgit233: checks 
*** TURN *** [Js 7h 5h] [Jc]
Dorex2007: checks 
birgit233: checks 
*** RIVER *** [Js 7h 5h Jc] [Jh]
Dorex2007: checks 
birgit233: checks 
*** SHOW DOWN ***
Dorex2007: shows [6h 6s] (a full house, Jacks full of Sixes)
birgit233: mucks hand 
Dorex2007 collected $0.17 from pot
*** SUMMARY ***
Total pot $0.18 | Rake $0.01 
Board [Js 7h 5h Jc Jh]
Seat 1: xsulinn folded before Flop (didn't bet)
Seat 2: birgit233 mucked [As Kh]
Seat 4: Apostol108 folded before Flop (didn't bet)
Seat 5: erjoronu folded before Flop (didn't bet)
Seat 6: Honoritan420 (button) folded before Flop (didn't bet)
Seat 7: Dorex2007 (small blind) showed [6h 6s] and won ($0.17) with a full house, Jacks full of Sixes
Seat 8: Fabian239 (big blind) folded before Flop



PokerStars Hand #227821887822:  Hold'em No Limit ($0.01/$0.02 USD) - 2021/06/24 14:41:55 PT [2021/06/24 17:41:55 ET]
Table 'Tabit III' 9-max Seat #7 is the button
Seat 1: xsulinn ($1.36 in chips) 
Seat 2: birgit233 ($2.26 in chips) 
Seat 3: antony240913 ($1.96 in chips) 
Seat 4: Apostol108 ($5.05 in chips) 
Seat 5: erjoronu ($2.24 in chips) 
Seat 6: Honoritan420 ($1.84 in chips) 
Seat 7: Dorex2007 ($1.79 in chips) 
Seat 8: Fabian239 ($2.61 in chips) 
Seat 9: Rad wings ($0.97 in chips) 
Fabian239: posts small blind $0.01
Rad wings: posts big blind $0.02
antony240913: posts big blind $0.02
*** HOLE CARDS ***
Dealt to Dorex2007 [Kh 3s]
xsulinn: raises $0.02 to $0.04
birgit233: folds 
antony240913: folds 
Apostol108: folds 
erjoronu: folds 
Honoritan420: folds 
Dorex2007: folds 
Fabian239: folds 
Rad wings: calls $0.02
*** FLOP *** [4s Jd 5c]
Rad wings: checks 
xsulinn: checks 
*** TURN *** [4s Jd 5c] [2h]
Rad wings: checks 
xsulinn: bets $0.04
Rad wings: folds 
Uncalled bet ($0.04) returned to xsulinn
xsulinn collected $0.11 from pot
*** SUMMARY ***
Total pot $0.11 | Rake $0 
Board [4s Jd 5c 2h]
Seat 1: xsulinn collected ($0.11)
Seat 2: birgit233 folded before Flop (didn't bet)
Seat 3: antony240913 folded before Flop (didn't bet)
Seat 4: Apostol108 folded before Flop (didn't bet)
Seat 5: erjoronu folded before Flop (didn't bet)
Seat 6: Honoritan420 folded before Flop (didn't bet)
Seat 7: Dorex2007 (button) folded before Flop (didn't bet)
Seat 8: Fabian239 (small blind) folded before Flop
Seat 9: Rad wings (big blind) folded on the Turn



PokerStars Hand #227821903616:  Hold'em No Limit ($0.01/$0.02 USD) - 2021/06/24 14:42:34 PT [2021/06/24 17:42:34 ET]
Table 'Tabit III' 9-max Seat #8 is the button
Seat 1: xsulinn ($1.43 in chips) 
Seat 2: birgit233 ($2.26 in chips) 
Seat 3: antony240913 ($1.94 in chips) 
Seat 4: Apostol108 ($5.05 in chips) 
Seat 5: erjoronu ($2.24 in chips) 
Seat 6: Honoritan420 ($1.84 in chips) 
Seat 7: Dorex2007 ($1.79 in chips) 
Seat 8: Fabian239 ($2.60 in chips) 
Seat 9: Rad wings ($0.93 in chips) 
Rad wings: posts small blind $0.01
xsulinn: posts big blind $0.02
*** HOLE CARDS ***
Dealt to Dorex2007 [8d 2s]
birgit233: folds 
antony240913: folds 
Apostol108: folds 
erjoronu: folds 
Honoritan420: folds 
Dorex2007: folds 
Fabian239: folds 
Rad wings: calls $0.01
xsulinn: checks 
*** FLOP *** [6h Qc 3c]
Rad wings: checks 
xsulinn: checks 
*** TURN *** [6h Qc 3c] [Ts]
Rad wings: checks 
xsulinn: bets $0.04
Rad wings: folds 
Uncalled bet ($0.04) returned to xsulinn
xsulinn collected $0.04 from pot
*** SUMMARY ***
Total pot $0.04 | Rake $0 
Board [6h Qc 3c Ts]
Seat 1: xsulinn (big blind) collected ($0.04)
Seat 2: birgit233 folded before Flop (didn't bet)
Seat 3: antony240913 folded before Flop (didn't bet)
Seat 4: Apostol108 folded before Flop (didn't bet)
Seat 5: erjoronu folded before Flop (didn't bet)
Seat 6: Honoritan420 folded before Flop (didn't bet)
Seat 7: Dorex2007 folded before Flop (didn't bet)
Seat 8: Fabian239 (button) folded before Flop (didn't bet)
Seat 9: Rad wings (small blind) folded on the Turn



PokerStars Hand #227821917574:  Hold'em No Limit ($0.01/$0.02 USD) - 2021/06/24 14:43:08 PT [2021/06/24 17:43:08 ET]
Table 'Tabit III' 9-max Seat #9 is the button
Seat 1: xsulinn ($1.45 in chips) 
Seat 2: birgit233 ($2.26 in chips) 
Seat 3: antony240913 ($1.94 in chips) 
Seat 4: Apostol108 ($5.05 in chips) 
Seat 5: erjoronu ($2.24 in chips) 
Seat 6: Honoritan420 ($1.84 in chips) 
Seat 7: Dorex2007 ($1.79 in chips) 
Seat 8: Fabian239 ($2.60 in chips) 
Seat 9: Rad wings ($0.91 in chips) 
xsulinn: posts small blind $0.01
birgit233: posts big blind $0.02
*** HOLE CARDS ***
Dealt to Dorex2007 [2s 7s]
antony240913: folds 
Apostol108: folds 
erjoronu: folds 
Honoritan420: folds 
Dorex2007: folds 
Fabian239: folds 
Rad wings: folds 
xsulinn: raises $0.04 to $0.06
birgit233: folds 
Uncalled bet ($0.04) returned to xsulinn
xsulinn collected $0.04 from pot
*** SUMMARY ***
Total pot $0.04 | Rake $0 
Seat 1: xsulinn (small blind) collected ($0.04)
Seat 2: birgit233 (big blind) folded before Flop
Seat 3: antony240913 folded before Flop (didn't bet)
Seat 4: Apostol108 folded before Flop (didn't bet)
Seat 5: erjoronu folded before Flop (didn't bet)
Seat 6: Honoritan420 folded before Flop (didn't bet)
Seat 7: Dorex2007 folded before Flop (didn't bet)
Seat 8: Fabian239 folded before Flop (didn't bet)
Seat 9: Rad wings (button) folded before Flop (didn't bet)



PokerStars Hand #227821927817:  Hold'em No Limit ($0.01/$0.02 USD) - 2021/06/24 14:43:34 PT [2021/06/24 17:43:34 ET]
Table 'Tabit III' 9-max Seat #1 is the button
Seat 1: xsulinn ($1.47 in chips) 
Seat 2: birgit233 ($2.24 in chips) 
Seat 3: antony240913 ($1.94 in chips) 
Seat 4: Apostol108 ($5.05 in chips) 
Seat 5: erjoronu ($2.24 in chips) 
Seat 6: Honoritan420 ($1.84 in chips) 
Seat 7: Dorex2007 ($1.79 in chips) 
Seat 8: Fabian239 ($2.60 in chips) 
Seat 9: Rad wings ($0.91 in chips) 
birgit233: posts small blind $0.01
antony240913: posts big blind $0.02
*** HOLE CARDS ***
Dealt to Dorex2007 [2s Jh]
Apostol108: raises $0.02 to $0.04
erjoronu: folds 
Honoritan420: folds 
Dorex2007: folds 
Fabian239: calls $0.04
Rad wings: folds 
xsulinn: folds 
birgit233: folds 
antony240913: folds 
*** FLOP *** [9s Tc Qh]
Apostol108: bets $0.06
Fabian239: calls $0.06
*** TURN *** [9s Tc Qh] [3d]
Apostol108: checks 
Fabian239: checks 
*** RIVER *** [9s Tc Qh 3d] [3h]
Apostol108: checks 
Fabian239: checks 
*** SHOW DOWN ***
Apostol108: shows [Ah 7h] (a pair of Threes)
Fabian239: shows [8h 8s] (two pair, Eights and Threes)
Fabian239 collected $0.22 from pot
*** SUMMARY ***
Total pot $0.23 | Rake $0.01 
Board [9s Tc Qh 3d 3h]
Seat 1: xsulinn (button) folded before Flop (didn't bet)
Seat 2: birgit233 (small blind) folded before Flop
Seat 3: antony240913 (big blind) folded before Flop
Seat 4: Apostol108 showed [Ah 7h] and lost with a pair of Threes
Seat 5: erjoronu folded before Flop (didn't bet)
Seat 6: Honoritan420 folded before Flop (didn't bet)
Seat 7: Dorex2007 folded before Flop (didn't bet)
Seat 8: Fabian239 showed [8h 8s] and won ($0.22) with two pair, Eights and Threes
Seat 9: Rad wings folded before Flop (didn't bet)



PokerStars Hand #227821946509:  Hold'em No Limit ($0.01/$0.02 USD) - 2021/06/24 14:44:20 PT [2021/06/24 17:44:20 ET]
Table 'Tabit III' 9-max Seat #2 is the button
Seat 1: xsulinn ($1.47 in chips) 
Seat 2: birgit233 ($2.23 in chips) 
Seat 3: antony240913 ($1.92 in chips) 
Seat 5: erjoronu ($2.24 in chips) 
Seat 6: Honoritan420 ($1.84 in chips) 
Seat 7: Dorex2007 ($1.79 in chips) 
Seat 8: Fabian239 ($2.72 in chips) 
Seat 9: Rad wings ($0.91 in chips) 
antony240913: posts small blind $0.01
Apostol108: is sitting out 
erjoronu: posts big blind $0.02
*** HOLE CARDS ***
Dealt to Dorex2007 [5d Qs]
Honoritan420: folds 
Dorex2007: folds 
Fabian239: folds 
Rad wings: folds 
xsulinn: raises $0.04 to $0.06
birgit233: folds 
antony240913: folds 
Apostol108 leaves the table
erjoronu: calls $0.04
*** FLOP *** [Jh 9h Ah]
erjoronu: checks 
xsulinn: checks 
*** TURN *** [Jh 9h Ah] [6d]
erjoronu: bets $0.04
xsulinn: calls $0.04
*** RIVER *** [Jh 9h Ah 6d] [5c]
sammysnuggle joins the table at seat #4 
erjoronu: checks 
xsulinn: bets $0.08
erjoronu: folds 
Uncalled bet ($0.08) returned to xsulinn
xsulinn collected $0.20 from pot
*** SUMMARY ***
Total pot $0.21 | Rake $0.01 
Board [Jh 9h Ah 6d 5c]
Seat 1: xsulinn collected ($0.20)
Seat 2: birgit233 (button) folded before Flop (didn't bet)
Seat 3: antony240913 (small blind) folded before Flop
Seat 5: erjoronu (big blind) folded on the River
Seat 6: Honoritan420 folded before Flop (didn't bet)
Seat 7: Dorex2007 folded before Flop (didn't bet)
Seat 8: Fabian239 folded before Flop (didn't bet)
Seat 9: Rad wings folded before Flop (didn't bet)



PokerStars Hand #227821970744:  Hold'em No Limit ($0.01/$0.02 USD) - 2021/06/24 14:45:21 PT [2021/06/24 17:45:21 ET]
Table 'Tabit III' 9-max Seat #3 is the button
Seat 1: xsulinn ($1.57 in chips) 
Seat 2: birgit233 ($2.23 in chips) 
Seat 3: antony240913 ($1.91 in chips) 
Seat 5: erjoronu ($2.14 in chips) 
Seat 6: Honoritan420 ($1.84 in chips) 
Seat 7: Dorex2007 ($1.79 in chips) 
Seat 8: Fabian239 ($2.72 in chips) 
Seat 9: Rad wings ($0.91 in chips) 
erjoronu: posts small blind $0.01
Honoritan420: posts big blind $0.02
*** HOLE CARDS ***
Dealt to Dorex2007 [Kc 9s]
Dorex2007: folds 
Fabian239: folds 
Rad wings: folds 
xsulinn: raises $0.02 to $0.04
birgit233: folds 
antony240913: calls $0.04
erjoronu: folds 
Honoritan420: calls $0.02
*** FLOP *** [5h Jd 3d]
Honoritan420: checks 
xsulinn: checks 
antony240913: checks 
*** TURN *** [5h Jd 3d] [9h]
Honoritan420: bets $0.06
erjoronu leaves the table
xsulinn: folds 
antony240913: calls $0.06
*** RIVER *** [5h Jd 3d 9h] [4s]
Honoritan420: bets $0.30
antony240913: folds 
Uncalled bet ($0.30) returned to Honoritan420
Honoritan420 collected $0.24 from pot
Honoritan420: doesn't show hand 
*** SUMMARY ***
Total pot $0.25 | Rake $0.01 
Board [5h Jd 3d 9h 4s]
Seat 1: xsulinn folded on the Turn
Seat 2: birgit233 folded before Flop (didn't bet)
Seat 3: antony240913 (button) folded on the River
Seat 5: erjoronu (small blind) folded before Flop
Seat 6: Honoritan420 (big blind) collected ($0.24)
Seat 7: Dorex2007 folded before Flop (didn't bet)
Seat 8: Fabian239 folded before Flop (didn't bet)
Seat 9: Rad wings folded before Flop (didn't bet)



PokerStars Hand #227821986267:  Hold'em No Limit ($0.01/$0.02 USD) - 2021/06/24 14:46:00 PT [2021/06/24 17:46:00 ET]
Table 'Tabit III' 9-max Seat #6 is the button
Seat 1: xsulinn ($1.53 in chips) 
Seat 2: birgit233 ($2.23 in chips) 
Seat 3: antony240913 ($1.81 in chips) 
Seat 6: Honoritan420 ($1.98 in chips) 
Seat 7: Dorex2007 ($1.79 in chips) 
Seat 8: Fabian239 ($2.72 in chips) 
Seat 9: Rad wings ($0.91 in chips) 
Dorex2007: posts small blind $0.01
Fabian239: posts big blind $0.02
sammysnuggle: sits out 
*** HOLE CARDS ***
Dealt to Dorex2007 [Ts Jd]
Rad wings: folds 
Rad wings leaves the table
xsulinn: raises $0.02 to $0.04
birgit233: folds 
antony240913: folds 
Honoritan420: folds 
Dorex2007: folds 
Fabian239: folds 
Uncalled bet ($0.02) returned to xsulinn
xsulinn collected $0.05 from pot
*** SUMMARY ***
Total pot $0.05 | Rake $0 
Seat 1: xsulinn collected ($0.05)
Seat 2: birgit233 folded before Flop (didn't bet)
Seat 3: antony240913 folded before Flop (didn't bet)
Seat 6: Honoritan420 (button) folded before Flop (didn't bet)
Seat 7: Dorex2007 (small blind) folded before Flop
Seat 8: Fabian239 (big blind) folded before Flop
Seat 9: Rad wings folded before Flop (didn't bet)



PokerStars Hand #227821997378:  Hold'em No Limit ($0.01/$0.02 USD) - 2021/06/24 14:46:28 PT [2021/06/24 17:46:28 ET]
Table 'Tabit III' 9-max Seat #7 is the button
Seat 1: xsulinn ($1.56 in chips) 
Seat 2: birgit233 ($2.23 in chips) 
Seat 3: antony240913 ($1.81 in chips) 
Seat 6: Honoritan420 ($1.98 in chips) 
Seat 7: Dorex2007 ($1.78 in chips) 
Seat 8: Fabian239 ($2.70 in chips) 
Fabian239: posts small blind $0.01
xsulinn: posts big blind $0.02
sammysnuggle: sits out 
*** HOLE CARDS ***
Dealt to Dorex2007 [9c 6h]
birgit233: folds 
antony240913: folds 
Honoritan420: folds 
Dorex2007: folds 
Fabian239: folds 
Uncalled bet ($0.01) returned to xsulinn
xsulinn collected $0.02 from pot
*** SUMMARY ***
Total pot $0.02 | Rake $0 
Seat 1: xsulinn (big blind) collected ($0.02)
Seat 2: birgit233 folded before Flop (didn't bet)
Seat 3: antony240913 folded before Flop (didn't bet)
Seat 6: Honoritan420 folded before Flop (didn't bet)
Seat 7: Dorex2007 (button) folded before Flop (didn't bet)
Seat 8: Fabian239 (small blind) folded before Flop



PokerStars Hand #227822000628:  Hold'em No Limit ($0.01/$0.02 USD) - 2021/06/24 14:46:36 PT [2021/06/24 17:46:36 ET]
Table 'Tabit III' 9-max Seat #8 is the button
Seat 1: xsulinn ($1.57 in chips) 
Seat 2: birgit233 ($2.23 in chips) 
Seat 3: antony240913 ($1.81 in chips) 
Seat 6: Honoritan420 ($1.98 in chips) 
Seat 7: Dorex2007 ($1.78 in chips) 
Seat 8: Fabian239 ($2.69 in chips) 
xsulinn: posts small blind $0.01
birgit233: posts big blind $0.02
sammysnuggle: sits out 
*** HOLE CARDS ***
Dealt to Dorex2007 [7s 2s]
antony240913: folds 
Honoritan420: folds 
Dorex2007: folds 
Fabian239: folds 
xsulinn: folds 
Uncalled bet ($0.01) returned to birgit233
birgit233 collected $0.02 from pot
birgit233: doesn't show hand 
*** SUMMARY ***
Total pot $0.02 | Rake $0 
Seat 1: xsulinn (small blind) folded before Flop
Seat 2: birgit233 (big blind) collected ($0.02)
Seat 3: antony240913 folded before Flop (didn't bet)
Seat 6: Honoritan420 folded before Flop (didn't bet)
Seat 7: Dorex2007 folded before Flop (didn't bet)
Seat 8: Fabian239 (button) folded before Flop (didn't bet)



PokerStars Hand #227822006839:  Hold'em No Limit ($0.01/$0.02 USD) - 2021/06/24 14:46:52 PT [2021/06/24 17:46:52 ET]
Table 'Tabit III' 9-max Seat #1 is the button
Seat 1: xsulinn ($1.56 in chips) 
Seat 2: birgit233 ($2.24 in chips) 
Seat 3: antony240913 ($1.81 in chips) 
Seat 6: Honoritan420 ($1.98 in chips) 
Seat 7: Dorex2007 ($1.78 in chips) 
Seat 8: Fabian239 ($2.69 in chips) 
birgit233: posts small blind $0.01
antony240913: posts big blind $0.02
sammysnuggle: sits out 
*** HOLE CARDS ***
Dealt to Dorex2007 [6s Ks]
Honoritan420: folds 
Dorex2007: folds 
Fabian239: folds 
xsulinn: calls $0.02
birgit233: folds 
antony240913: checks 
*** FLOP *** [Jh 7c 7d]
antony240913: checks 
xsulinn: checks 
*** TURN *** [Jh 7c 7d] [2d]
antony240913: checks 
xsulinn: bets $0.04
antony240913: calls $0.04
*** RIVER *** [Jh 7c 7d 2d] [5s]
antony240913: checks 
xsulinn: checks 
*** SHOW DOWN ***
antony240913: shows [5h Ad] (two pair, Sevens and Fives)
xsulinn: mucks hand 
antony240913 collected $0.13 from pot
*** SUMMARY ***
Total pot $0.13 | Rake $0 
Board [Jh 7c 7d 2d 5s]
Seat 1: xsulinn (button) mucked [Qc 9h]
Seat 2: birgit233 (small blind) folded before Flop
Seat 3: antony240913 (big blind) showed [5h Ad] and won ($0.13) with two pair, Sevens and Fives
Seat 6: Honoritan420 folded before Flop (didn't bet)
Seat 7: Dorex2007 folded before Flop (didn't bet)
Seat 8: Fabian239 folded before Flop (didn't bet)



PokerStars Hand #227822021368:  Hold'em No Limit ($0.01/$0.02 USD) - 2021/06/24 14:47:28 PT [2021/06/24 17:47:28 ET]
Table 'Tabit III' 9-max Seat #2 is the button
Seat 1: xsulinn ($1.50 in chips) 
Seat 2: birgit233 ($2.23 in chips) 
Seat 3: antony240913 ($1.88 in chips) 
Seat 4: sammysnuggle ($2 in chips) 
Seat 6: Honoritan420 ($1.98 in chips) 
Seat 7: Dorex2007 ($1.78 in chips) 
Seat 8: Fabian239 ($2.69 in chips) 
antony240913: posts small blind $0.01
sammysnuggle: posts big blind $0.02
*** HOLE CARDS ***
Dealt to Dorex2007 [5h 6s]
Honoritan420: folds 
Dorex2007: folds 
Fabian239: folds 
xsulinn: folds 
birgit233: folds 
antony240913: calls $0.01
sammysnuggle: checks 
*** FLOP *** [Kc 8c Ts]
antony240913: checks 
sammysnuggle: checks 
*** TURN *** [Kc 8c Ts] [4s]
antony240913: checks 
sammysnuggle: checks 
*** RIVER *** [Kc 8c Ts 4s] [Js]
antony240913: checks 
sammysnuggle: checks 
*** SHOW DOWN ***
antony240913: shows [3d 3s] (a pair of Threes)
sammysnuggle: shows [Jc As] (a pair of Jacks)
sammysnuggle collected $0.04 from pot
*** SUMMARY ***
Total pot $0.04 | Rake $0 
Board [Kc 8c Ts 4s Js]
Seat 1: xsulinn folded before Flop (didn't bet)
Seat 2: birgit233 (button) folded before Flop (didn't bet)
Seat 3: antony240913 (small blind) showed [3d 3s] and lost with a pair of Threes
Seat 4: sammysnuggle (big blind) showed [Jc As] and won ($0.04) with a pair of Jacks
Seat 6: Honoritan420 folded before Flop (didn't bet)
Seat 7: Dorex2007 folded before Flop (didn't bet)
Seat 8: Fabian239 folded before Flop (didn't bet)



PokerStars Hand #227822032381:  Hold'em No Limit ($0.01/$0.02 USD) - 2021/06/24 14:47:56 PT [2021/06/24 17:47:56 ET]
Table 'Tabit III' 9-max Seat #3 is the button
Seat 1: xsulinn ($1.50 in chips) 
Seat 2: birgit233 ($2.23 in chips) 
Seat 3: antony240913 ($1.86 in chips) 
Seat 4: sammysnuggle ($2.02 in chips) 
Seat 6: Honoritan420 ($1.98 in chips) 
Seat 7: Dorex2007 ($1.78 in chips) 
Seat 8: Fabian239 ($2.69 in chips) 
sammysnuggle: posts small blind $0.01
Honoritan420: posts big blind $0.02
*** HOLE CARDS ***
Dealt to Dorex2007 [Jh Kh]
Dorex2007: raises $0.02 to $0.04
Fabian239: calls $0.04
xsulinn: folds 
birgit233: folds 
antony240913: folds 
sammysnuggle: folds 
Honoritan420: calls $0.02
*** FLOP *** [5h Ad 5s]
Honoritan420: checks 
Dorex2007: checks 
Fabian239: checks 
*** TURN *** [5h Ad 5s] [4h]
Honoritan420: checks 
Dorex2007: checks 
Fabian239: checks 
*** RIVER *** [5h Ad 5s 4h] [8s]
Honoritan420: checks 
Dorex2007: bets $0.07
Fabian239: calls $0.07
Honoritan420: folds 
*** SHOW DOWN ***
Dorex2007: shows [Jh Kh] (a pair of Fives)
Fabian239: shows [9s 9h] (two pair, Nines and Fives)
Fabian239 collected $0.26 from pot
*** SUMMARY ***
Total pot $0.27 | Rake $0.01 
Board [5h Ad 5s 4h 8s]
Seat 1: xsulinn folded before Flop (didn't bet)
Seat 2: birgit233 folded before Flop (didn't bet)
Seat 3: antony240913 (button) folded before Flop (didn't bet)
Seat 4: sammysnuggle (small blind) folded before Flop
Seat 6: Honoritan420 (big blind) folded on the River
Seat 7: Dorex2007 showed [Jh Kh] and lost with a pair of Fives
Seat 8: Fabian239 showed [9s 9h] and won ($0.26) with two pair, Nines and Fives



PokerStars Hand #227822052256:  Hold'em No Limit ($0.01/$0.02 USD) - 2021/06/24 14:48:46 PT [2021/06/24 17:48:46 ET]
Table 'Tabit III' 9-max Seat #4 is the button
Seat 1: xsulinn ($1.50 in chips) 
Seat 2: birgit233 ($2.23 in chips) 
Seat 3: antony240913 ($1.86 in chips) 
Seat 4: sammysnuggle ($2.01 in chips) 
Seat 6: Honoritan420 ($1.94 in chips) 
Seat 7: Dorex2007 ($1.67 in chips) 
Seat 8: Fabian239 ($2.84 in chips) 
Honoritan420: posts small blind $0.01
Dorex2007: posts big blind $0.02
*** HOLE CARDS ***
Dealt to Dorex2007 [9h 6c]
Fabian239: folds 
xsulinn: folds 
birgit233: folds 
antony240913: folds 
sammysnuggle: raises $0.08 to $0.10
Honoritan420: folds 
Dorex2007: folds 
Uncalled bet ($0.08) returned to sammysnuggle
sammysnuggle collected $0.05 from pot
sammysnuggle: doesn't show hand 
*** SUMMARY ***
Total pot $0.05 | Rake $0 
Seat 1: xsulinn folded before Flop (didn't bet)
Seat 2: birgit233 folded before Flop (didn't bet)
Seat 3: antony240913 folded before Flop (didn't bet)
Seat 4: sammysnuggle (button) collected ($0.05)
Seat 6: Honoritan420 (small blind) folded before Flop
Seat 7: Dorex2007 (big blind) folded before Flop
Seat 8: Fabian239 folded before Flop (didn't bet)



PokerStars Hand #227822063713:  Hold'em No Limit ($0.01/$0.02 USD) - 2021/06/24 14:49:15 PT [2021/06/24 17:49:15 ET]
Table 'Tabit III' 9-max Seat #6 is the button
Seat 1: xsulinn ($1.50 in chips) 
Seat 2: birgit233 ($2.23 in chips) 
Seat 3: antony240913 ($1.86 in chips) 
Seat 4: sammysnuggle ($2.04 in chips) 
Seat 6: Honoritan420 ($1.93 in chips) 
Seat 7: Dorex2007 ($1.65 in chips) 
Seat 8: Fabian239 ($2.84 in chips) 
Dorex2007: posts small blind $0.01
Fabian239: posts big blind $0.02
*** HOLE CARDS ***
Dealt to Dorex2007 [Qc 3h]
xsulinn: raises $0.02 to $0.04
birgit233: folds 
antony240913: folds 
sammysnuggle: folds 
Honoritan420: folds 
Dorex2007: folds 
Fabian239: calls $0.02
*** FLOP *** [Ks 9c 3d]
Fabian239: checks 
xsulinn: checks 
*** TURN *** [Ks 9c 3d] [5s]
Fabian239: checks 
xsulinn: bets $0.04
Fabian239: calls $0.04
*** RIVER *** [Ks 9c 3d 5s] [Jd]
Fabian239: checks 
veildo joins the table at seat #9 
xsulinn: checks 
*** SHOW DOWN ***
Fabian239: shows [3s As] (a pair of Threes)
xsulinn: mucks hand 
Fabian239 collected $0.16 from pot
*** SUMMARY ***
Total pot $0.17 | Rake $0.01 
Board [Ks 9c 3d 5s Jd]
Seat 1: xsulinn mucked [6s 7d]
Seat 2: birgit233 folded before Flop (didn't bet)
Seat 3: antony240913 folded before Flop (didn't bet)
Seat 4: sammysnuggle folded before Flop (didn't bet)
Seat 6: Honoritan420 (button) folded before Flop (didn't bet)
Seat 7: Dorex2007 (small blind) folded before Flop
Seat 8: Fabian239 (big blind) showed [3s As] and won ($0.16) with a pair of Threes



PokerStars Hand #227822090707:  Hold'em No Limit ($0.01/$0.02 USD) - 2021/06/24 14:50:24 PT [2021/06/24 17:50:24 ET]
Table 'Tabit III' 9-max Seat #7 is the button
Seat 1: xsulinn ($1.42 in chips) 
Seat 2: birgit233 ($2.23 in chips) 
Seat 3: antony240913 ($1.86 in chips) 
Seat 4: sammysnuggle ($2.04 in chips) 
Seat 6: Honoritan420 ($1.93 in chips) 
Seat 7: Dorex2007 ($1.64 in chips) 
Seat 8: Fabian239 ($2.92 in chips) 
Seat 9: veildo ($1.02 in chips) 
Fabian239: posts small blind $0.01
veildo: posts big blind $0.02
*** HOLE CARDS ***
Dealt to Dorex2007 [9h Th]
xsulinn: raises $0.04 to $0.06
birgit233: folds 
antony240913: folds 
sammysnuggle: folds 
Honoritan420: folds 
Dorex2007: folds 
Fabian239: folds 
veildo: folds 
Uncalled bet ($0.04) returned to xsulinn
xsulinn collected $0.05 from pot
*** SUMMARY ***
Total pot $0.05 | Rake $0 
Seat 1: xsulinn collected ($0.05)
Seat 2: birgit233 folded before Flop (didn't bet)
Seat 3: antony240913 folded before Flop (didn't bet)
Seat 4: sammysnuggle folded before Flop (didn't bet)
Seat 6: Honoritan420 folded before Flop (didn't bet)
Seat 7: Dorex2007 (button) folded before Flop (didn't bet)
Seat 8: Fabian239 (small blind) folded before Flop
Seat 9: veildo (big blind) folded before Flop



PokerStars Hand #227822097680:  Hold'em No Limit ($0.01/$0.02 USD) - 2021/06/24 14:50:42 PT [2021/06/24 17:50:42 ET]
Table 'Tabit III' 9-max Seat #8 is the button
Seat 1: xsulinn ($1.45 in chips) 
Seat 2: birgit233 ($2.23 in chips) 
Seat 3: antony240913 ($1.86 in chips) 
Seat 4: sammysnuggle ($2.04 in chips) 
Seat 6: Honoritan420 ($1.93 in chips) 
Seat 7: Dorex2007 ($1.64 in chips) 
Seat 8: Fabian239 ($2.91 in chips) 
Seat 9: veildo ($1 in chips) 
veildo: posts small blind $0.01
xsulinn: posts big blind $0.02
*** HOLE CARDS ***
Dealt to Dorex2007 [5d Ad]
birgit233: folds 
antony240913: folds 
sammysnuggle: folds 
Honoritan420: folds 
Dorex2007: folds 
Fabian239: folds 
veildo: calls $0.01
xsulinn: checks 
*** FLOP *** [4s 4h Td]
veildo: bets $0.02
xsulinn: folds 
Uncalled bet ($0.02) returned to veildo
veildo collected $0.04 from pot
veildo: doesn't show hand 
*** SUMMARY ***
Total pot $0.04 | Rake $0 
Board [4s 4h Td]
Seat 1: xsulinn (big blind) folded on the Flop
Seat 2: birgit233 folded before Flop (didn't bet)
Seat 3: antony240913 folded before Flop (didn't bet)
Seat 4: sammysnuggle folded before Flop (didn't bet)
Seat 6: Honoritan420 folded before Flop (didn't bet)
Seat 7: Dorex2007 folded before Flop (didn't bet)
Seat 8: Fabian239 (button) folded before Flop (didn't bet)
Seat 9: veildo (small blind) collected ($0.04)



PokerStars Hand #227822109045:  Hold'em No Limit ($0.01/$0.02 USD) - 2021/06/24 14:51:11 PT [2021/06/24 17:51:11 ET]
Table 'Tabit III' 9-max Seat #9 is the button
Seat 1: xsulinn ($1.43 in chips) 
Seat 2: birgit233 ($2.23 in chips) 
Seat 3: antony240913 ($1.86 in chips) 
Seat 4: sammysnuggle ($2.04 in chips) 
Seat 6: Honoritan420 ($1.93 in chips) 
Seat 7: Dorex2007 ($1.64 in chips) 
Seat 8: Fabian239 ($2.91 in chips) 
Seat 9: veildo ($1.02 in chips) 
xsulinn: posts small blind $0.01
birgit233: posts big blind $0.02
*** HOLE CARDS ***
Dealt to Dorex2007 [Ad 9c]
antony240913: calls $0.02
sammysnuggle: folds 
Honoritan420: folds 
Dorex2007: folds 
Fabian239: raises $0.04 to $0.06
veildo: folds 
AdrianDub1 joins the table at seat #5 
xsulinn: folds 
birgit233: folds 
antony240913: calls $0.04
*** FLOP *** [4h 7d 3s]
antony240913: checks 
Fabian239: checks 
*** TURN *** [4h 7d 3s] [8s]
antony240913: bets $0.14
Fabian239: folds 
Uncalled bet ($0.14) returned to antony240913
antony240913 collected $0.14 from pot
*** SUMMARY ***
Total pot $0.15 | Rake $0.01 
Board [4h 7d 3s 8s]
Seat 1: xsulinn (small blind) folded before Flop
Seat 2: birgit233 (big blind) folded before Flop
Seat 3: antony240913 collected ($0.14)
Seat 4: sammysnuggle folded before Flop (didn't bet)
Seat 6: Honoritan420 folded before Flop (didn't bet)
Seat 7: Dorex2007 folded before Flop (didn't bet)
Seat 8: Fabian239 folded on the Turn
Seat 9: veildo (button) folded before Flop (didn't bet)



PokerStars Hand #227822126728:  Hold'em No Limit ($0.01/$0.02 USD) - 2021/06/24 14:51:48 PT [2021/06/24 17:51:48 ET]
Table 'Tabit III' 9-max Seat #1 is the button
Seat 1: xsulinn ($1.42 in chips) 
Seat 2: birgit233 ($2.21 in chips) 
Seat 3: antony240913 ($1.94 in chips) 
Seat 4: sammysnuggle ($2.04 in chips) 
Seat 6: Honoritan420 ($1.93 in chips) 
Seat 7: Dorex2007 ($1.64 in chips) 
Seat 8: Fabian239 ($2.85 in chips) 
Seat 9: veildo ($1.02 in chips) 
birgit233: posts small blind $0.01
antony240913: posts big blind $0.02
AdrianDub1: sits out 
*** HOLE CARDS ***
Dealt to Dorex2007 [Kd 7s]
sammysnuggle: raises $0.08 to $0.10
Honoritan420: folds 
Dorex2007: folds 
Fabian239: folds 
veildo: folds 
xsulinn: folds 
birgit233: folds 
antony240913: folds 
Uncalled bet ($0.08) returned to sammysnuggle
sammysnuggle collected $0.05 from pot
sammysnuggle: doesn't show hand 
*** SUMMARY ***
Total pot $0.05 | Rake $0 
Seat 1: xsulinn (button) folded before Flop (didn't bet)
Seat 2: birgit233 (small blind) folded before Flop
Seat 3: antony240913 (big blind) folded before Flop
Seat 4: sammysnuggle collected ($0.05)
Seat 6: Honoritan420 folded before Flop (didn't bet)
Seat 7: Dorex2007 folded before Flop (didn't bet)
Seat 8: Fabian239 folded before Flop (didn't bet)
Seat 9: veildo folded before Flop (didn't bet)



PokerStars Hand #227822136377:  Hold'em No Limit ($0.01/$0.02 USD) - 2021/06/24 14:52:13 PT [2021/06/24 17:52:13 ET]
Table 'Tabit III' 9-max Seat #2 is the button
Seat 1: xsulinn ($1.42 in chips) 
Seat 2: birgit233 ($2.20 in chips) 
Seat 3: antony240913 ($1.92 in chips) 
Seat 4: sammysnuggle ($2.07 in chips) 
Seat 6: Honoritan420 ($1.93 in chips) 
Seat 7: Dorex2007 ($1.64 in chips) 
Seat 8: Fabian239 ($2.85 in chips) 
Seat 9: veildo ($1.02 in chips) 
antony240913: posts small blind $0.01
sammysnuggle: posts big blind $0.02
AdrianDub1: sits out 
*** HOLE CARDS ***
Dealt to Dorex2007 [Kd 5c]
Honoritan420: calls $0.02
Dorex2007: folds 
Fabian239: folds 
veildo: folds 
xsulinn: calls $0.02
birgit233: folds 
antony240913: calls $0.01
sammysnuggle: checks 
*** FLOP *** [3d Ad 6h]
antony240913: checks 
sammysnuggle: checks 
Honoritan420: checks 
xsulinn: checks 
*** TURN *** [3d Ad 6h] [8c]
antony240913: checks 
sammysnuggle: checks 
Honoritan420: bets $0.06
xsulinn: calls $0.06
antony240913: folds 
sammysnuggle: folds 
*** RIVER *** [3d Ad 6h 8c] [4s]
Honoritan420: bets $0.10
xsulinn: calls $0.10
*** SHOW DOWN ***
Honoritan420: shows [3s 3h] (three of a kind, Threes)
xsulinn: mucks hand 
Honoritan420 collected $0.39 from pot
*** SUMMARY ***
Total pot $0.40 | Rake $0.01 
Board [3d Ad 6h 8c 4s]
Seat 1: xsulinn mucked [Th 8d]
Seat 2: birgit233 (button) folded before Flop (didn't bet)
Seat 3: antony240913 (small blind) folded on the Turn
Seat 4: sammysnuggle (big blind) folded on the Turn
Seat 6: Honoritan420 showed [3s 3h] and won ($0.39) with three of a kind, Threes
Seat 7: Dorex2007 folded before Flop (didn't bet)
Seat 8: Fabian239 folded before Flop (didn't bet)
Seat 9: veildo folded before Flop (didn't bet)



PokerStars Hand #227822165673:  Hold'em No Limit ($0.01/$0.02 USD) - 2021/06/24 14:53:29 PT [2021/06/24 17:53:29 ET]
Table 'Tabit III' 9-max Seat #3 is the button
Seat 1: xsulinn ($1.24 in chips) 
Seat 2: birgit233 ($2.20 in chips) 
Seat 3: antony240913 ($1.90 in chips) 
Seat 4: sammysnuggle ($2.05 in chips) 
Seat 5: AdrianDub1 ($2 in chips) 
Seat 6: Honoritan420 ($2.14 in chips) 
Seat 7: Dorex2007 ($1.64 in chips) 
Seat 8: Fabian239 ($2.85 in chips) 
sammysnuggle: posts small blind $0.01
AdrianDub1: posts big blind $0.02
*** HOLE CARDS ***
Dealt to Dorex2007 [Td 7c]
Honoritan420: folds 
Dorex2007: folds 
Fabian239: folds 
xsulinn: folds 
birgit233: folds 
antony240913: folds 
sammysnuggle: folds 
Uncalled bet ($0.01) returned to AdrianDub1
AdrianDub1 collected $0.02 from pot
AdrianDub1: doesn't show hand 
*** SUMMARY ***
Total pot $0.02 | Rake $0 
Seat 1: xsulinn folded before Flop (didn't bet)
Seat 2: birgit233 folded before Flop (didn't bet)
Seat 3: antony240913 (button) folded before Flop (didn't bet)
Seat 4: sammysnuggle (small blind) folded before Flop
Seat 5: AdrianDub1 (big blind) collected ($0.02)
Seat 6: Honoritan420 folded before Flop (didn't bet)
Seat 7: Dorex2007 folded before Flop (didn't bet)
Seat 8: Fabian239 folded before Flop (didn't bet)



PokerStars Hand #227822171759:  Hold'em No Limit ($0.01/$0.02 USD) - 2021/06/24 14:53:44 PT [2021/06/24 17:53:44 ET]
Table 'Tabit III' 9-max Seat #4 is the button
Seat 1: xsulinn ($1.24 in chips) 
Seat 2: birgit233 ($2.20 in chips) 
Seat 3: antony240913 ($1.90 in chips) 
Seat 4: sammysnuggle ($2.04 in chips) 
Seat 5: AdrianDub1 ($2.01 in chips) 
Seat 6: Honoritan420 ($2.14 in chips) 
Seat 7: Dorex2007 ($1.64 in chips) 
Seat 8: Fabian239 ($2.85 in chips) 
AdrianDub1: posts small blind $0.01
Honoritan420: posts big blind $0.02
*** HOLE CARDS ***
Dealt to Dorex2007 [8d 2d]
Dorex2007: folds 
Fabian239: folds 
xsulinn: calls $0.02
birgit233: folds 
veildo is disconnected 
antony240913: calls $0.02
sammysnuggle: folds 
AdrianDub1: calls $0.01
Honoritan420: checks 
*** FLOP *** [8s 2h Jh]
AdrianDub1: checks 
Honoritan420: checks 
xsulinn: checks 
antony240913: bets $0.06
AdrianDub1: folds 
Honoritan420: folds 
xsulinn: calls $0.06
*** TURN *** [8s 2h Jh] [5s]
xsulinn: checks 
veildo is disconnected 
antony240913: checks 
*** RIVER *** [8s 2h Jh 5s] [Qh]
xsulinn: bets $0.10
antony240913: folds 
Uncalled bet ($0.10) returned to xsulinn
xsulinn collected $0.19 from pot
xsulinn: doesn't show hand 
*** SUMMARY ***
Total pot $0.20 | Rake $0.01 
Board [8s 2h Jh 5s Qh]
Seat 1: xsulinn collected ($0.19)
Seat 2: birgit233 folded before Flop (didn't bet)
Seat 3: antony240913 folded on the River
Seat 4: sammysnuggle (button) folded before Flop (didn't bet)
Seat 5: AdrianDub1 (small blind) folded on the Flop
Seat 6: Honoritan420 (big blind) folded on the Flop
Seat 7: Dorex2007 folded before Flop (didn't bet)
Seat 8: Fabian239 folded before Flop (didn't bet)



PokerStars Hand #227822207513:  Hold'em No Limit ($0.01/$0.02 USD) - 2021/06/24 14:54:54 PT [2021/06/24 17:54:54 ET]
Table 'Tabit III' 9-max Seat #5 is the button
Seat 1: xsulinn ($1.35 in chips) 
Seat 2: birgit233 ($2.20 in chips) 
Seat 3: antony240913 ($1.82 in chips) 
Seat 4: sammysnuggle ($2.04 in chips) 
Seat 5: AdrianDub1 ($1.99 in chips) 
Seat 6: Honoritan420 ($2.12 in chips) 
Seat 7: Dorex2007 ($1.64 in chips) 
Seat 8: Fabian239 ($2.85 in chips) 
Honoritan420: posts small blind $0.01
Dorex2007: posts big blind $0.02
*** HOLE CARDS ***
Dealt to Dorex2007 [7c Ts]
veildo is disconnected 
Fabian239: folds 
xsulinn: folds 
birgit233: folds 
antony240913: folds 
sammysnuggle: folds 
veildo is disconnected 
AdrianDub1: folds 
Honoritan420: raises $0.02 to $0.04
Dorex2007: calls $0.02
*** FLOP *** [6d 2s Qc]
Honoritan420: checks 
Dorex2007: checks 
*** TURN *** [6d 2s Qc] [9d]
Honoritan420: bets $0.02
Dorex2007: folds 
Uncalled bet ($0.02) returned to Honoritan420
Honoritan420 collected $0.08 from pot
Honoritan420: doesn't show hand 
*** SUMMARY ***
Total pot $0.08 | Rake $0 
Board [6d 2s Qc 9d]
Seat 1: xsulinn folded before Flop (didn't bet)
Seat 2: birgit233 folded before Flop (didn't bet)
Seat 3: antony240913 folded before Flop (didn't bet)
Seat 4: sammysnuggle folded before Flop (didn't bet)
Seat 5: AdrianDub1 (button) folded before Flop (didn't bet)
Seat 6: Honoritan420 (small blind) collected ($0.08)
Seat 7: Dorex2007 (big blind) folded on the Turn
Seat 8: Fabian239 folded before Flop (didn't bet)



PokerStars Hand #227822217575:  Hold'em No Limit ($0.01/$0.02 USD) - 2021/06/24 14:55:23 PT [2021/06/24 17:55:23 ET]
Table 'Tabit III' 9-max Seat #6 is the button
Seat 1: xsulinn ($1.35 in chips) 
Seat 2: birgit233 ($2.20 in chips) 
Seat 3: antony240913 ($1.82 in chips) 
Seat 4: sammysnuggle ($2.04 in chips) 
Seat 5: AdrianDub1 ($1.99 in chips) 
Seat 6: Honoritan420 ($2.16 in chips) 
Seat 7: Dorex2007 ($1.60 in chips) 
Seat 8: Fabian239 ($2.85 in chips) 
Seat 9: veildo ($1.02 in chips) 
Dorex2007: posts small blind $0.01
Fabian239: posts big blind $0.02
*** HOLE CARDS ***
Dealt to Dorex2007 [2s 3h]
veildo: folds 
xsulinn: folds 
birgit233: folds 
antony240913: calls $0.02
sammysnuggle: folds 
AdrianDub1: folds 
Honoritan420: folds 
Dorex2007: folds 
Fabian239: checks 
*** FLOP *** [Qs Ad Jh]
Fabian239: checks 
antony240913: bets $0.10
Fabian239: folds 
Uncalled bet ($0.10) returned to antony240913
antony240913 collected $0.05 from pot
*** SUMMARY ***
Total pot $0.05 | Rake $0 
Board [Qs Ad Jh]
Seat 1: xsulinn folded before Flop (didn't bet)
Seat 2: birgit233 folded before Flop (didn't bet)
Seat 3: antony240913 collected ($0.05)
Seat 4: sammysnuggle folded before Flop (didn't bet)
Seat 5: AdrianDub1 folded before Flop (didn't bet)
Seat 6: Honoritan420 (button) folded before Flop (didn't bet)
Seat 7: Dorex2007 (small blind) folded before Flop
Seat 8: Fabian239 (big blind) folded on the Flop
Seat 9: veildo folded before Flop (didn't bet)



PokerStars Hand #227822235324:  Hold'em No Limit ($0.01/$0.02 USD) - 2021/06/24 14:56:13 PT [2021/06/24 17:56:13 ET]
Table 'Tabit III' 9-max Seat #7 is the button
Seat 1: xsulinn ($1.35 in chips) 
Seat 2: birgit233 ($2.20 in chips) 
Seat 3: antony240913 ($1.85 in chips) 
Seat 4: sammysnuggle ($2.04 in chips) 
Seat 5: AdrianDub1 ($1.99 in chips) 
Seat 6: Honoritan420 ($2.16 in chips) 
Seat 7: Dorex2007 ($1.59 in chips) 
Seat 8: Fabian239 ($2.83 in chips) 
Seat 9: veildo ($1.02 in chips) 
Fabian239: posts small blind $0.01
veildo: posts big blind $0.02
*** HOLE CARDS ***
Dealt to Dorex2007 [9s Kc]
xsulinn: raises $0.02 to $0.04
birgit233: folds 
antony240913: folds 
sammysnuggle: folds 
AdrianDub1: calls $0.04
Honoritan420: folds 
Dorex2007: folds 
Fabian239: calls $0.03
veildo: calls $0.02
*** FLOP *** [5h Qh Ac]
Fabian239: checks 
antony240913 leaves the table
veildo: bets $0.06
xsulinn: calls $0.06
Dicter67 joins the table at seat #3 
AdrianDub1: calls $0.06
Fabian239: folds 
*** TURN *** [5h Qh Ac] [4h]
veildo: checks 
xsulinn: checks 
AdrianDub1: checks 
*** RIVER *** [5h Qh Ac 4h] [6d]
veildo: bets $0.02
xsulinn: calls $0.02
AdrianDub1: raises $0.06 to $0.08
veildo: calls $0.06
xsulinn: folds 
*** SHOW DOWN ***
AdrianDub1: shows [Ah 6c] (two pair, Aces and Sixes)
veildo: mucks hand 
AdrianDub1 collected $0.50 from pot
*** SUMMARY ***
Total pot $0.52 | Rake $0.02 
Board [5h Qh Ac 4h 6d]
Seat 1: xsulinn folded on the River
Seat 2: birgit233 folded before Flop (didn't bet)
Seat 3: antony240913 folded before Flop (didn't bet)
Seat 4: sammysnuggle folded before Flop (didn't bet)
Seat 5: AdrianDub1 showed [Ah 6c] and won ($0.50) with two pair, Aces and Sixes
Seat 6: Honoritan420 folded before Flop (didn't bet)
Seat 7: Dorex2007 (button) folded before Flop (didn't bet)
Seat 8: Fabian239 (small blind) folded on the Flop
Seat 9: veildo (big blind) mucked [7d As]



PokerStars Hand #227822262428:  Hold'em No Limit ($0.01/$0.02 USD) - 2021/06/24 14:57:43 PT [2021/06/24 17:57:43 ET]
Table 'Tabit III' 9-max Seat #8 is the button
Seat 1: xsulinn ($1.23 in chips) 
Seat 2: birgit233 ($2.20 in chips) 
Seat 3: Dicter67 ($1 in chips) 
Seat 4: sammysnuggle ($2.04 in chips) 
Seat 5: AdrianDub1 ($2.31 in chips) 
Seat 6: Honoritan420 ($2.16 in chips) 
Seat 7: Dorex2007 ($1.59 in chips) 
Seat 8: Fabian239 ($2.79 in chips) 
Seat 9: veildo ($0.84 in chips) 
veildo: posts small blind $0.01
xsulinn: posts big blind $0.02
Dicter67: posts big blind $0.02
*** HOLE CARDS ***
Dealt to Dorex2007 [Ac 6h]
birgit233: folds 
Dicter67: checks 
sammysnuggle: folds 
AdrianDub1: folds 
Honoritan420: folds 
Dorex2007: folds 
Fabian239: folds 
veildo: folds 
xsulinn: folds 
xsulinn leaves the table
Dicter67 collected $0.05 from pot
*** SUMMARY ***
Total pot $0.05 | Rake $0 
Seat 1: xsulinn (big blind) folded before Flop
Seat 2: birgit233 folded before Flop (didn't bet)
Seat 3: Dicter67 collected ($0.05)
Seat 4: sammysnuggle folded before Flop (didn't bet)
Seat 5: AdrianDub1 folded before Flop (didn't bet)
Seat 6: Honoritan420 folded before Flop (didn't bet)
Seat 7: Dorex2007 folded before Flop (didn't bet)
Seat 8: Fabian239 (button) folded before Flop (didn't bet)
Seat 9: veildo (small blind) folded before Flop



PokerStars Hand #227822267188:  Hold'em No Limit ($0.01/$0.02 USD) - 2021/06/24 14:57:59 PT [2021/06/24 17:57:59 ET]
Table 'Tabit III' 9-max Seat #9 is the button
Seat 2: birgit233 ($2.20 in chips) 
Seat 3: Dicter67 ($1.03 in chips) 
Seat 4: sammysnuggle ($2.04 in chips) 
Seat 5: AdrianDub1 ($2.31 in chips) 
Seat 6: Honoritan420 ($2.16 in chips) 
Seat 7: Dorex2007 ($1.59 in chips) 
Seat 8: Fabian239 ($2.79 in chips) 
Seat 9: veildo ($0.83 in chips) 
birgit233: posts small blind $0.01
Dicter67: posts big blind $0.02
*** HOLE CARDS ***
Dealt to Dorex2007 [9d 3h]
sammysnuggle: folds 
AdrianDub1: folds 
Honoritan420: folds 
Dorex2007: folds 
Fabian239: raises $0.04 to $0.06
veildo: folds 
birgit233: folds 
Dicter67: calls $0.04
*** FLOP *** [4c Jc Ah]
Dicter67: checks 
Fabian239: checks 
*** TURN *** [4c Jc Ah] [2d]
Dicter67: checks 
10 blueberry 10 joins the table at seat #1 
Fabian239: bets $0.07
Dicter67: calls $0.07
*** RIVER *** [4c Jc Ah 2d] [7h]
Dicter67: checks 
Fabian239: checks 
*** SHOW DOWN ***
Dicter67: shows [9c Qc] (high card Ace)
Fabian239: shows [Ac 8c] (a pair of Aces)
Fabian239 collected $0.26 from pot
*** SUMMARY ***
Total pot $0.27 | Rake $0.01 
Board [4c Jc Ah 2d 7h]
Seat 2: birgit233 (small blind) folded before Flop
Seat 3: Dicter67 (big blind) showed [9c Qc] and lost with high card Ace
Seat 4: sammysnuggle folded before Flop (didn't bet)
Seat 5: AdrianDub1 folded before Flop (didn't bet)
Seat 6: Honoritan420 folded before Flop (didn't bet)
Seat 7: Dorex2007 folded before Flop (didn't bet)
Seat 8: Fabian239 showed [Ac 8c] and won ($0.26) with a pair of Aces
Seat 9: veildo (button) folded before Flop (didn't bet)



PokerStars Hand #227822279469:  Hold'em No Limit ($0.01/$0.02 USD) - 2021/06/24 14:58:40 PT [2021/06/24 17:58:40 ET]
Table 'Tabit III' 9-max Seat #2 is the button
Seat 2: birgit233 ($2.19 in chips) 
Seat 3: Dicter67 ($0.90 in chips) 
Seat 4: sammysnuggle ($2.04 in chips) 
Seat 5: AdrianDub1 ($2.31 in chips) 
Seat 6: Honoritan420 ($2.16 in chips) 
Seat 7: Dorex2007 ($1.59 in chips) 
Seat 8: Fabian239 ($2.92 in chips) 
Seat 9: veildo ($0.83 in chips) 
Dicter67: posts small blind $0.01
sammysnuggle: posts big blind $0.02
10 blueberry 10: sits out 
*** HOLE CARDS ***
Dealt to Dorex2007 [Th 3h]
AdrianDub1: folds 
Honoritan420: folds 
Dorex2007: folds 
Fabian239: folds 
veildo: folds 
birgit233: folds 
Dicter67: calls $0.01
sammysnuggle: raises $0.06 to $0.08
Dicter67: calls $0.06
*** FLOP *** [3s Ks 4c]
Dicter67: checks 
sammysnuggle: bets $0.15
Dicter67: calls $0.15
*** TURN *** [3s Ks 4c] [9h]
Dicter67: checks 
sammysnuggle: bets $0.16
Dicter67: calls $0.16
*** RIVER *** [3s Ks 4c 9h] [8d]
Dicter67: checks 
sammysnuggle: bets $0.75
Dicter67: folds 
Uncalled bet ($0.75) returned to sammysnuggle
sammysnuggle collected $0.75 from pot
sammysnuggle: doesn't show hand 
*** SUMMARY ***
Total pot $0.78 | Rake $0.03 
Board [3s Ks 4c 9h 8d]
Seat 2: birgit233 (button) folded before Flop (didn't bet)
Seat 3: Dicter67 (small blind) folded on the River
Seat 4: sammysnuggle (big blind) collected ($0.75)
Seat 5: AdrianDub1 folded before Flop (didn't bet)
Seat 6: Honoritan420 folded before Flop (didn't bet)
Seat 7: Dorex2007 folded before Flop (didn't bet)
Seat 8: Fabian239 folded before Flop (didn't bet)
Seat 9: veildo folded before Flop (didn't bet)



PokerStars Hand #227822300368:  Hold'em No Limit ($0.01/$0.02 USD) - 2021/06/24 14:59:49 PT [2021/06/24 17:59:49 ET]
Table 'Tabit III' 9-max Seat #3 is the button
Seat 1: 10 blueberry 10 ($1.60 in chips) 
Seat 2: birgit233 ($2.19 in chips) 
Seat 3: Dicter67 ($0.51 in chips) 
Seat 4: sammysnuggle ($2.40 in chips) 
Seat 5: AdrianDub1 ($2.31 in chips) 
Seat 6: Honoritan420 ($2.16 in chips) 
Seat 7: Dorex2007 ($1.59 in chips) 
Seat 8: Fabian239 ($2.92 in chips) 
Seat 9: veildo ($0.83 in chips) 
sammysnuggle: posts small blind $0.01
AdrianDub1: posts big blind $0.02
10 blueberry 10: posts big blind $0.02
*** HOLE CARDS ***
Dealt to Dorex2007 [4s 8h]
Honoritan420: folds 
Dorex2007: folds 
Fabian239: calls $0.02
veildo: calls $0.02
10 blueberry 10: checks 
birgit233: folds 
Dicter67: calls $0.02
sammysnuggle: folds 
AdrianDub1: checks 
*** FLOP *** [6s Td Qd]
AdrianDub1: checks 
Fabian239: checks 
veildo: bets $0.02
10 blueberry 10: raises $0.15 to $0.17
Dicter67: raises $0.15 to $0.32
AdrianDub1: folds 
Fabian239: folds 
veildo: folds 
10 blueberry 10: calls $0.15
*** TURN *** [6s Td Qd] [5d]
10 blueberry 10: checks 
Dicter67: bets $0.17 and is all-in
10 blueberry 10: folds 
Uncalled bet ($0.17) returned to Dicter67
Dicter67 collected $0.74 from pot
*** SUMMARY ***
Total pot $0.77 | Rake $0.03 
Board [6s Td Qd 5d]
Seat 1: 10 blueberry 10 folded on the Turn
Seat 2: birgit233 folded before Flop (didn't bet)
Seat 3: Dicter67 (button) collected ($0.74)
Seat 4: sammysnuggle (small blind) folded before Flop
Seat 5: AdrianDub1 (big blind) folded on the Flop
Seat 6: Honoritan420 folded before Flop (didn't bet)
Seat 7: Dorex2007 folded before Flop (didn't bet)
Seat 8: Fabian239 folded on the Flop
Seat 9: veildo folded on the Flop



PokerStars Hand #227822317172:  Hold'em No Limit ($0.01/$0.02 USD) - 2021/06/24 15:00:43 PT [2021/06/24 18:00:43 ET]
Table 'Tabit III' 9-max Seat #4 is the button
Seat 1: 10 blueberry 10 ($1.26 in chips) 
Seat 2: birgit233 ($2.19 in chips) 
Seat 3: Dicter67 ($0.91 in chips) 
Seat 4: sammysnuggle ($2.39 in chips) 
Seat 5: AdrianDub1 ($2.29 in chips) 
Seat 6: Honoritan420 ($2.16 in chips) 
Seat 7: Dorex2007 ($1.59 in chips) 
Seat 8: Fabian239 ($2.90 in chips) 
Seat 9: veildo ($0.79 in chips) 
AdrianDub1: posts small blind $0.01
Honoritan420: posts big blind $0.02
*** HOLE CARDS ***
Dealt to Dorex2007 [7d 5d]
Dorex2007: folds 
Fabian239: folds 
veildo: calls $0.02
10 blueberry 10: folds 
birgit233: raises $0.08 to $0.10
Dicter67: folds 
sammysnuggle: folds 
AdrianDub1: folds 
Honoritan420: folds 
veildo: calls $0.08
*** FLOP *** [8c 5c 8d]
veildo: checks 
birgit233: bets $0.17
veildo: calls $0.17
*** TURN *** [8c 5c 8d] [Ts]
veildo: bets $0.52 and is all-in
birgit233: calls $0.52
*** RIVER *** [8c 5c 8d Ts] [Qh]
*** SHOW DOWN ***
veildo: shows [9d 9c] (two pair, Nines and Eights)
birgit233: shows [Jc Jh] (two pair, Jacks and Eights)
birgit233 collected $1.55 from pot
*** SUMMARY ***
Total pot $1.61 | Rake $0.06 
Board [8c 5c 8d Ts Qh]
Seat 1: 10 blueberry 10 folded before Flop (didn't bet)
Seat 2: birgit233 showed [Jc Jh] and won ($1.55) with two pair, Jacks and Eights
Seat 3: Dicter67 folded before Flop (didn't bet)
Seat 4: sammysnuggle (button) folded before Flop (didn't bet)
Seat 5: AdrianDub1 (small blind) folded before Flop
Seat 6: Honoritan420 (big blind) folded before Flop
Seat 7: Dorex2007 folded before Flop (didn't bet)
Seat 8: Fabian239 folded before Flop (didn't bet)
Seat 9: veildo showed [9d 9c] and lost with two pair, Nines and Eights



PokerStars Hand #227822329952:  Hold'em No Limit ($0.01/$0.02 USD) - 2021/06/24 15:01:21 PT [2021/06/24 18:01:21 ET]
Table 'Tabit III' 9-max Seat #5 is the button
Seat 1: 10 blueberry 10 ($1.26 in chips) 
Seat 2: birgit233 ($2.95 in chips) 
Seat 3: Dicter67 ($0.91 in chips) 
Seat 4: sammysnuggle ($2.39 in chips) 
Seat 5: AdrianDub1 ($2.28 in chips) 
Seat 6: Honoritan420 ($2.14 in chips) 
Seat 7: Dorex2007 ($1.59 in chips) 
Seat 8: Fabian239 ($2.90 in chips) 
Honoritan420: posts small blind $0.01
Dorex2007: posts big blind $0.02
*** HOLE CARDS ***
Dealt to Dorex2007 [5h 4h]
Fabian239: folds 
10 blueberry 10: folds 
birgit233: folds 
veildo leaves the table
Dicter67: folds 
sammysnuggle: folds 
AdrianDub1: calls $0.02
Honoritan420: folds 
Dorex2007: checks 
*** FLOP *** [Kh 8h Kc]
Dorex2007: checks 
AdrianDub1: checks 
*** TURN *** [Kh 8h Kc] [6d]
Dorex2007: bets $0.03
AdrianDub1: raises $0.03 to $0.06
Dorex2007: folds 
Uncalled bet ($0.03) returned to AdrianDub1
AdrianDub1 collected $0.11 from pot
AdrianDub1: doesn't show hand 
*** SUMMARY ***
Total pot $0.11 | Rake $0 
Board [Kh 8h Kc 6d]
Seat 1: 10 blueberry 10 folded before Flop (didn't bet)
Seat 2: birgit233 folded before Flop (didn't bet)
Seat 3: Dicter67 folded before Flop (didn't bet)
Seat 4: sammysnuggle folded before Flop (didn't bet)
Seat 5: AdrianDub1 (button) collected ($0.11)
Seat 6: Honoritan420 (small blind) folded before Flop
Seat 7: Dorex2007 (big blind) folded on the Turn
Seat 8: Fabian239 folded before Flop (didn't bet)



PokerStars Hand #227822346228:  Hold'em No Limit ($0.01/$0.02 USD) - 2021/06/24 15:02:05 PT [2021/06/24 18:02:05 ET]
Table 'Tabit III' 9-max Seat #6 is the button
Seat 1: 10 blueberry 10 ($1.26 in chips) 
Seat 2: birgit233 ($2.95 in chips) 
Seat 3: Dicter67 ($0.91 in chips) 
Seat 4: sammysnuggle ($2.39 in chips) 
Seat 5: AdrianDub1 ($2.34 in chips) 
Seat 6: Honoritan420 ($2.13 in chips) 
Seat 7: Dorex2007 ($1.54 in chips) 
Seat 8: Fabian239 ($2.90 in chips) 
Dorex2007: posts small blind $0.01
Fabian239: posts big blind $0.02
*** HOLE CARDS ***
Dealt to Dorex2007 [As 8c]
10 blueberry 10: folds 
birgit233: folds 
Dicter67: calls $0.02
sammysnuggle has timed out
sammysnuggle: folds 
AdrianDub1: raises $0.02 to $0.04
Honoritan420: folds 
Dorex2007: folds 
Fabian239: folds 
Dicter67: calls $0.02
*** FLOP *** [Kc 3h 3s]
Dicter67: checks 
AdrianDub1: bets $0.05
Dicter67: folds 
Uncalled bet ($0.05) returned to AdrianDub1
AdrianDub1 collected $0.11 from pot
AdrianDub1: doesn't show hand 
*** SUMMARY ***
Total pot $0.11 | Rake $0 
Board [Kc 3h 3s]
Seat 1: 10 blueberry 10 folded before Flop (didn't bet)
Seat 2: birgit233 folded before Flop (didn't bet)
Seat 3: Dicter67 folded on the Flop
Seat 4: sammysnuggle folded before Flop (didn't bet)
Seat 5: AdrianDub1 collected ($0.11)
Seat 6: Honoritan420 (button) folded before Flop (didn't bet)
Seat 7: Dorex2007 (small blind) folded before Flop
Seat 8: Fabian239 (big blind) folded before Flop



PokerStars Hand #227822358665:  Hold'em No Limit ($0.01/$0.02 USD) - 2021/06/24 15:02:38 PT [2021/06/24 18:02:38 ET]
Table 'Tabit III' 9-max Seat #7 is the button
Seat 1: 10 blueberry 10 ($1.26 in chips) 
Seat 2: birgit233 ($2.95 in chips) 
Seat 3: Dicter67 ($0.87 in chips) 
Seat 4: sammysnuggle ($2.39 in chips) 
Seat 5: AdrianDub1 ($2.41 in chips) 
Seat 6: Honoritan420 ($2.13 in chips) 
Seat 7: Dorex2007 ($1.53 in chips) 
Seat 8: Fabian239 ($2.88 in chips) 
Fabian239: posts small blind $0.01
10 blueberry 10: posts big blind $0.02
*** HOLE CARDS ***
Dealt to Dorex2007 [4h 4d]
birgit233: folds 
Dicter67: calls $0.02
sammysnuggle: folds 
AdrianDub1: folds 
Honoritan420: folds 
Dorex2007: raises $0.04 to $0.06
Fabian239: folds 
AdrianDub1 leaves the table
10 blueberry 10: calls $0.04
Dicter67: calls $0.04
*** FLOP *** [9h 5d 8h]
10 blueberry 10: checks 
Dicter67: bets $0.08
Dorex2007: folds 
10 blueberry 10: calls $0.08
*** TURN *** [9h 5d 8h] [6h]
10 blueberry 10: checks 
Dicter67: checks 
*** RIVER *** [9h 5d 8h 6h] [As]
10 blueberry 10: bets $0.34
Dicter67: raises $0.39 to $0.73 and is all-in
10 blueberry 10: calls $0.39
*** SHOW DOWN ***
Dicter67: shows [6c 7d] (a straight, Five to Nine)
10 blueberry 10: shows [7h Ks] (a straight, Five to Nine)
10 blueberry 10 collected $0.88 from pot
Dicter67 collected $0.87 from pot
*** SUMMARY ***
Total pot $1.81 | Rake $0.06 
Board [9h 5d 8h 6h As]
Seat 1: 10 blueberry 10 (big blind) showed [7h Ks] and won ($0.88) with a straight, Five to Nine
Seat 2: birgit233 folded before Flop (didn't bet)
Seat 3: Dicter67 showed [6c 7d] and won ($0.87) with a straight, Five to Nine
Seat 4: sammysnuggle folded before Flop (didn't bet)
Seat 5: AdrianDub1 folded before Flop (didn't bet)
Seat 6: Honoritan420 folded before Flop (didn't bet)
Seat 7: Dorex2007 (button) folded on the Flop
Seat 8: Fabian239 (small blind) folded before Flop



PokerStars Hand #227822391487:  Hold'em No Limit ($0.01/$0.02 USD) - 2021/06/24 15:03:41 PT [2021/06/24 18:03:41 ET]
Table 'Tabit III' 9-max Seat #8 is the button
Seat 1: 10 blueberry 10 ($1.27 in chips) 
Seat 2: birgit233 ($2.95 in chips) 
Seat 3: Dicter67 ($0.87 in chips) 
Seat 4: sammysnuggle ($2.39 in chips) 
Seat 6: Honoritan420 ($2.13 in chips) 
Seat 7: Dorex2007 ($2 in chips) 
Seat 8: Fabian239 ($2.87 in chips) 
10 blueberry 10: posts small blind $0.01
birgit233: posts big blind $0.02
*** HOLE CARDS ***
Dealt to Dorex2007 [Td Qd]
Dicter67: calls $0.02
sammysnuggle: folds 
Honoritan420: folds 
Dorex2007: raises $0.02 to $0.04
Fabian239: folds 
10 blueberry 10: folds 
birgit233: folds 
Rad wings joins the table at seat #5 
Dicter67: raises $0.10 to $0.14
Dorex2007: folds 
Uncalled bet ($0.10) returned to Dicter67
Dicter67 collected $0.11 from pot
*** SUMMARY ***
Total pot $0.11 | Rake $0 
Seat 1: 10 blueberry 10 (small blind) folded before Flop
Seat 2: birgit233 (big blind) folded before Flop
Seat 3: Dicter67 collected ($0.11)
Seat 4: sammysnuggle folded before Flop (didn't bet)
Seat 6: Honoritan420 folded before Flop (didn't bet)
Seat 7: Dorex2007 folded before Flop
Seat 8: Fabian239 (button) folded before Flop (didn't bet)



PokerStars Hand #227822401848:  Hold'em No Limit ($0.01/$0.02 USD) - 2021/06/24 15:04:09 PT [2021/06/24 18:04:09 ET]
Table 'Tabit III' 9-max Seat #1 is the button
Seat 1: 10 blueberry 10 ($1.26 in chips) 
Seat 2: birgit233 ($2.93 in chips) 
Seat 3: Dicter67 ($0.94 in chips) 
Seat 4: sammysnuggle ($2.39 in chips) 
Seat 6: Honoritan420 ($2.13 in chips) 
Seat 7: Dorex2007 ($1.96 in chips) 
Seat 8: Fabian239 ($2.87 in chips) 
birgit233: posts small blind $0.01
Dicter67: posts big blind $0.02
Rad wings: sits out 
*** HOLE CARDS ***
Dealt to Dorex2007 [Kh 2h]
sammysnuggle: folds 
Honoritan420: folds 
Dorex2007: folds 
Fabian239: folds 
10 blueberry 10: folds 
birgit233: raises $0.06 to $0.08
Dicter67: folds 
Uncalled bet ($0.06) returned to birgit233
birgit233 collected $0.04 from pot
birgit233: doesn't show hand 
*** SUMMARY ***
Total pot $0.04 | Rake $0 
Seat 1: 10 blueberry 10 (button) folded before Flop (didn't bet)
Seat 2: birgit233 (small blind) collected ($0.04)
Seat 3: Dicter67 (big blind) folded before Flop
Seat 4: sammysnuggle folded before Flop (didn't bet)
Seat 6: Honoritan420 folded before Flop (didn't bet)
Seat 7: Dorex2007 folded before Flop (didn't bet)
Seat 8: Fabian239 folded before Flop (didn't bet)



PokerStars Hand #227822408007:  Hold'em No Limit ($0.01/$0.02 USD) - 2021/06/24 15:04:26 PT [2021/06/24 18:04:26 ET]
Table 'Tabit III' 9-max Seat #2 is the button
Seat 1: 10 blueberry 10 ($1.26 in chips) 
Seat 2: birgit233 ($2.95 in chips) 
Seat 3: Dicter67 ($0.92 in chips) 
Seat 4: sammysnuggle ($2.39 in chips) 
Seat 6: Honoritan420 ($2.13 in chips) 
Seat 7: Dorex2007 ($1.96 in chips) 
Seat 8: Fabian239 ($2.87 in chips) 
Dicter67: posts small blind $0.01
sammysnuggle: posts big blind $0.02
Rad wings: sits out 
*** HOLE CARDS ***
Dealt to Dorex2007 [3h Qh]
Honoritan420: folds 
Dorex2007: folds 
Fabian239: folds 
10 blueberry 10: folds 
birgit233: folds 
Dicter67: calls $0.01
sammysnuggle: checks 
*** FLOP *** [As 9s Td]
Dicter67: checks 
sammysnuggle: checks 
*** TURN *** [As 9s Td] [4h]
Dicter67: checks 
sammysnuggle: checks 
*** RIVER *** [As 9s Td 4h] [6d]
Dicter67: bets $0.08
sammysnuggle: folds 
Uncalled bet ($0.08) returned to Dicter67
Dicter67 collected $0.04 from pot
*** SUMMARY ***
Total pot $0.04 | Rake $0 
Board [As 9s Td 4h 6d]
Seat 1: 10 blueberry 10 folded before Flop (didn't bet)
Seat 2: birgit233 (button) folded before Flop (didn't bet)
Seat 3: Dicter67 (small blind) collected ($0.04)
Seat 4: sammysnuggle (big blind) folded on the River
Seat 6: Honoritan420 folded before Flop (didn't bet)
Seat 7: Dorex2007 folded before Flop (didn't bet)
Seat 8: Fabian239 folded before Flop (didn't bet)



PokerStars Hand #227822421044:  Hold'em No Limit ($0.01/$0.02 USD) - 2021/06/24 15:05:00 PT [2021/06/24 18:05:00 ET]
Table 'Tabit III' 9-max Seat #3 is the button
Seat 1: 10 blueberry 10 ($1.26 in chips) 
Seat 2: birgit233 ($2.95 in chips) 
Seat 3: Dicter67 ($0.94 in chips) 
Seat 4: sammysnuggle ($2.37 in chips) 
Seat 5: Rad wings ($1.60 in chips) 
Seat 6: Honoritan420 ($2.13 in chips) 
Seat 7: Dorex2007 ($1.96 in chips) 
Seat 8: Fabian239 ($2.87 in chips) 
sammysnuggle: posts small blind $0.01
Rad wings: posts big blind $0.02
*** HOLE CARDS ***
Dealt to Dorex2007 [4c 9h]
Honoritan420: folds 
Dorex2007: folds 
Fabian239: folds 
10 blueberry 10: folds 
birgit233: folds 
Dicter67: calls $0.02
sammysnuggle: raises $0.12 to $0.14
Rad wings: folds 
Dicter67: calls $0.12
*** FLOP *** [3h Kh 8h]
sammysnuggle: checks 
Dicter67: checks 
*** TURN *** [3h Kh 8h] [2h]
sammysnuggle: checks 
Dicter67: checks 
*** RIVER *** [3h Kh 8h 2h] [Qd]
sammysnuggle: bets $0.08
Dicter67: folds 
Uncalled bet ($0.08) returned to sammysnuggle
sammysnuggle collected $0.29 from pot
sammysnuggle: doesn't show hand 
*** SUMMARY ***
Total pot $0.30 | Rake $0.01 
Board [3h Kh 8h 2h Qd]
Seat 1: 10 blueberry 10 folded before Flop (didn't bet)
Seat 2: birgit233 folded before Flop (didn't bet)
Seat 3: Dicter67 (button) folded on the River
Seat 4: sammysnuggle (small blind) collected ($0.29)
Seat 5: Rad wings (big blind) folded before Flop
Seat 6: Honoritan420 folded before Flop (didn't bet)
Seat 7: Dorex2007 folded before Flop (didn't bet)
Seat 8: Fabian239 folded before Flop (didn't bet)



PokerStars Hand #227822436551:  Hold'em No Limit ($0.01/$0.02 USD) - 2021/06/24 15:05:42 PT [2021/06/24 18:05:42 ET]
Table 'Tabit III' 9-max Seat #4 is the button
Seat 1: 10 blueberry 10 ($1.26 in chips) 
Seat 2: birgit233 ($2.95 in chips) 
Seat 3: Dicter67 ($0.80 in chips) 
Seat 4: sammysnuggle ($2.52 in chips) 
Seat 5: Rad wings ($1.58 in chips) 
Seat 6: Honoritan420 ($2.13 in chips) 
Seat 7: Dorex2007 ($1.96 in chips) 
Seat 8: Fabian239 ($2.87 in chips) 
Rad wings: posts small blind $0.01
Honoritan420: posts big blind $0.02
*** HOLE CARDS ***
Dealt to Dorex2007 [3h Ts]
Dorex2007: folds 
Fabian239: folds 
10 blueberry 10: folds 
birgit233: folds 
Dicter67: calls $0.02
sammysnuggle: folds 
Rad wings: calls $0.01
Honoritan420: checks 
*** FLOP *** [Kh 5h 5d]
Rad wings: checks 
Honoritan420: bets $0.02
Dicter67: calls $0.02
Rad wings: folds 
*** TURN *** [Kh 5h 5d] [Td]
Honoritan420: bets $0.06
Dicter67: calls $0.06
*** RIVER *** [Kh 5h 5d Td] [7c]
Honoritan420: bets $0.12
Dicter67: raises $0.22 to $0.34
Honoritan420: calls $0.22
*** SHOW DOWN ***
Dicter67: shows [8s 5c] (three of a kind, Fives)
Honoritan420: mucks hand 
Dicter67 collected $0.87 from pot
*** SUMMARY ***
Total pot $0.90 | Rake $0.03 
Board [Kh 5h 5d Td 7c]
Seat 1: 10 blueberry 10 folded before Flop (didn't bet)
Seat 2: birgit233 folded before Flop (didn't bet)
Seat 3: Dicter67 showed [8s 5c] and won ($0.87) with three of a kind, Fives
Seat 4: sammysnuggle (button) folded before Flop (didn't bet)
Seat 5: Rad wings (small blind) folded on the Flop
Seat 6: Honoritan420 (big blind) mucked [Th Kd]
Seat 7: Dorex2007 folded before Flop (didn't bet)
Seat 8: Fabian239 folded before Flop (didn't bet)



PokerStars Hand #227822454778:  Hold'em No Limit ($0.01/$0.02 USD) - 2021/06/24 15:06:31 PT [2021/06/24 18:06:31 ET]
Table 'Tabit III' 9-max Seat #5 is the button
Seat 1: 10 blueberry 10 ($1.26 in chips) 
Seat 2: birgit233 ($2.95 in chips) 
Seat 3: Dicter67 ($1.23 in chips) 
Seat 4: sammysnuggle ($2.52 in chips) 
Seat 5: Rad wings ($1.56 in chips) 
Seat 6: Honoritan420 ($1.69 in chips) 
Seat 7: Dorex2007 ($1.96 in chips) 
Seat 8: Fabian239 ($2.87 in chips) 
Honoritan420: posts small blind $0.01
Dorex2007: posts big blind $0.02
*** HOLE CARDS ***
Dealt to Dorex2007 [5s 2s]
Fabian239: folds 
10 blueberry 10: folds 
birgit233: folds 
Dicter67: calls $0.02
sammysnuggle: folds 
Rad wings: folds 
Honoritan420: calls $0.01
Dorex2007: checks 
*** FLOP *** [8c 4c 6s]
Honoritan420: checks 
Dorex2007: checks 
Dicter67: checks 
*** TURN *** [8c 4c 6s] [8d]
Honoritan420: checks 
Dorex2007: checks 
Dicter67: checks 
*** RIVER *** [8c 4c 6s 8d] [As]
Honoritan420: checks 
Dorex2007: checks 
Dicter67: checks 
*** SHOW DOWN ***
Honoritan420: shows [9s Jc] (a pair of Eights)
Dorex2007: mucks hand 
Dicter67: shows [Kc 2c] (a pair of Eights - Ace+King kicker)
Dicter67 collected $0.06 from pot
*** SUMMARY ***
Total pot $0.06 | Rake $0 
Board [8c 4c 6s 8d As]
Seat 1: 10 blueberry 10 folded before Flop (didn't bet)
Seat 2: birgit233 folded before Flop (didn't bet)
Seat 3: Dicter67 showed [Kc 2c] and won ($0.06) with a pair of Eights
Seat 4: sammysnuggle folded before Flop (didn't bet)
Seat 5: Rad wings (button) folded before Flop (didn't bet)
Seat 6: Honoritan420 (small blind) showed [9s Jc] and lost with a pair of Eights
Seat 7: Dorex2007 (big blind) mucked [5s 2s]
Seat 8: Fabian239 folded before Flop (didn't bet)



PokerStars Hand #227822467076:  Hold'em No Limit ($0.01/$0.02 USD) - 2021/06/24 15:07:04 PT [2021/06/24 18:07:04 ET]
Table 'Tabit III' 9-max Seat #6 is the button
Seat 1: 10 blueberry 10 ($1.26 in chips) 
Seat 2: birgit233 ($2.95 in chips) 
Seat 3: Dicter67 ($1.27 in chips) 
Seat 4: sammysnuggle ($2.52 in chips) 
Seat 5: Rad wings ($1.56 in chips) 
Seat 6: Honoritan420 ($1.67 in chips) 
Seat 7: Dorex2007 ($1.94 in chips) 
Seat 8: Fabian239 ($2.87 in chips) 
Dorex2007: posts small blind $0.01
Fabian239: posts big blind $0.02
*** HOLE CARDS ***
Dealt to Dorex2007 [4h 7c]
10 blueberry 10: raises $0.05 to $0.07
birgit233: folds 
Dicter67: folds 
sammysnuggle: folds 
Rad wings: folds 
Honoritan420: raises $0.09 to $0.16
Dorex2007: folds 
Fabian239: folds 
10 blueberry 10: calls $0.09
*** FLOP *** [5d Ah Jh]
10 blueberry 10: checks 
Honoritan420: checks 
*** TURN *** [5d Ah Jh] [8d]
10 blueberry 10: bets $0.34
Honoritan420: calls $0.34
*** RIVER *** [5d Ah Jh 8d] [9d]
10 blueberry 10: bets $0.76 and is all-in
Honoritan420: folds 
Uncalled bet ($0.76) returned to 10 blueberry 10
10 blueberry 10 collected $0.99 from pot
10 blueberry 10: doesn't show hand 
*** SUMMARY ***
Total pot $1.03 | Rake $0.04 
Board [5d Ah Jh 8d 9d]
Seat 1: 10 blueberry 10 collected ($0.99)
Seat 2: birgit233 folded before Flop (didn't bet)
Seat 3: Dicter67 folded before Flop (didn't bet)
Seat 4: sammysnuggle folded before Flop (didn't bet)
Seat 5: Rad wings folded before Flop (didn't bet)
Seat 6: Honoritan420 (button) folded on the River
Seat 7: Dorex2007 (small blind) folded before Flop
Seat 8: Fabian239 (big blind) folded before Flop



PokerStars Hand #227822490286:  Hold'em No Limit ($0.01/$0.02 USD) - 2021/06/24 15:07:48 PT [2021/06/24 18:07:48 ET]
Table 'Tabit III' 9-max Seat #7 is the button
Seat 1: 10 blueberry 10 ($1.75 in chips) 
Seat 2: birgit233 ($2.95 in chips) 
Seat 3: Dicter67 ($1.27 in chips) 
Seat 4: sammysnuggle ($2.52 in chips) 
Seat 5: Rad wings ($1.56 in chips) 
Seat 6: Honoritan420 ($1.17 in chips) 
Seat 7: Dorex2007 ($1.93 in chips) 
Seat 8: Fabian239 ($2.85 in chips) 
Fabian239: posts small blind $0.01
10 blueberry 10: posts big blind $0.02
*** HOLE CARDS ***
Dealt to Dorex2007 [6c 9d]
birgit233: raises $0.06 to $0.08
Dicter67: folds 
sammysnuggle: folds 
Rad wings: folds 
Honoritan420: folds 
Dorex2007: folds 
Fabian239: folds 
10 blueberry 10: folds 
Uncalled bet ($0.06) returned to birgit233
birgit233 collected $0.05 from pot
birgit233: doesn't show hand 
*** SUMMARY ***
Total pot $0.05 | Rake $0 
Seat 1: 10 blueberry 10 (big blind) folded before Flop
Seat 2: birgit233 collected ($0.05)
Seat 3: Dicter67 folded before Flop (didn't bet)
Seat 4: sammysnuggle folded before Flop (didn't bet)
Seat 5: Rad wings folded before Flop (didn't bet)
Seat 6: Honoritan420 folded before Flop (didn't bet)
Seat 7: Dorex2007 (button) folded before Flop (didn't bet)
Seat 8: Fabian239 (small blind) folded before Flop



PokerStars Hand #227822496136:  Hold'em No Limit ($0.01/$0.02 USD) - 2021/06/24 15:08:04 PT [2021/06/24 18:08:04 ET]
Table 'Tabit III' 9-max Seat #8 is the button
Seat 1: 10 blueberry 10 ($1.73 in chips) 
Seat 2: birgit233 ($2.98 in chips) 
Seat 3: Dicter67 ($1.27 in chips) 
Seat 4: sammysnuggle ($2.52 in chips) 
Seat 5: Rad wings ($1.56 in chips) 
Seat 6: Honoritan420 ($1.17 in chips) 
Seat 7: Dorex2007 ($1.93 in chips) 
Seat 8: Fabian239 ($2.84 in chips) 
10 blueberry 10: posts small blind $0.01
birgit233: posts big blind $0.02
*** HOLE CARDS ***
Dealt to Dorex2007 [6d Qd]
Dicter67: calls $0.02
sammysnuggle: folds 
Rad wings: calls $0.02
Honoritan420: folds 
Dorex2007: folds 
Fabian239: folds 
10 blueberry 10: calls $0.01
birgit233: checks 
*** FLOP *** [Jc 5s Jh]
10 blueberry 10: checks 
birgit233: checks 
Dicter67: checks 
Rad wings: bets $0.02
10 blueberry 10: folds 
birgit233: folds 
Dicter67: folds 
Uncalled bet ($0.02) returned to Rad wings
Rad wings collected $0.08 from pot
*** SUMMARY ***
Total pot $0.08 | Rake $0 
Board [Jc 5s Jh]
Seat 1: 10 blueberry 10 (small blind) folded on the Flop
Seat 2: birgit233 (big blind) folded on the Flop
Seat 3: Dicter67 folded on the Flop
Seat 4: sammysnuggle folded before Flop (didn't bet)
Seat 5: Rad wings collected ($0.08)
Seat 6: Honoritan420 folded before Flop (didn't bet)
Seat 7: Dorex2007 folded before Flop (didn't bet)
Seat 8: Fabian239 (button) folded before Flop (didn't bet)



PokerStars Hand #227822510594:  Hold'em No Limit ($0.01/$0.02 USD) - 2021/06/24 15:08:43 PT [2021/06/24 18:08:43 ET]
Table 'Tabit III' 9-max Seat #1 is the button
Seat 1: 10 blueberry 10 ($1.71 in chips) 
Seat 2: birgit233 ($2.96 in chips) 
Seat 3: Dicter67 ($1.25 in chips) 
Seat 4: sammysnuggle ($2.52 in chips) 
Seat 5: Rad wings ($1.62 in chips) 
Seat 6: Honoritan420 ($1.17 in chips) 
Seat 7: Dorex2007 ($1.93 in chips) 
Seat 8: Fabian239 ($2.84 in chips) 
birgit233: posts small blind $0.01
Dicter67: posts big blind $0.02
*** HOLE CARDS ***
Dealt to Dorex2007 [5h Qs]
Javan_50 joins the table at seat #9 
sammysnuggle: folds 
Rad wings: calls $0.02
Honoritan420: folds 
Dorex2007: folds 
Fabian239: folds 
10 blueberry 10: calls $0.02
birgit233: folds 
Dicter67: checks 
*** FLOP *** [4h 5d Tc]
Dicter67: checks 
Rad wings: checks 
10 blueberry 10: checks 
*** TURN *** [4h 5d Tc] [3s]
Dicter67: checks 
Rad wings: checks 
10 blueberry 10: checks 
*** RIVER *** [4h 5d Tc 3s] [Ks]
Dicter67: checks 
Rad wings: bets $0.02
10 blueberry 10: folds 
Dicter67: calls $0.02
*** SHOW DOWN ***
Rad wings: shows [Kh Jc] (a pair of Kings)
Dicter67: mucks hand 
Rad wings collected $0.11 from pot
*** SUMMARY ***
Total pot $0.11 | Rake $0 
Board [4h 5d Tc 3s Ks]
Seat 1: 10 blueberry 10 (button) folded on the River
Seat 2: birgit233 (small blind) folded before Flop
Seat 3: Dicter67 (big blind) mucked [7s 4s]
Seat 4: sammysnuggle folded before Flop (didn't bet)
Seat 5: Rad wings showed [Kh Jc] and won ($0.11) with a pair of Kings
Seat 6: Honoritan420 folded before Flop (didn't bet)
Seat 7: Dorex2007 folded before Flop (didn't bet)
Seat 8: Fabian239 folded before Flop (didn't bet)



PokerStars Hand #227822528792:  Hold'em No Limit ($0.01/$0.02 USD) - 2021/06/24 15:09:32 PT [2021/06/24 18:09:32 ET]
Table 'Tabit III' 9-max Seat #2 is the button
Seat 1: 10 blueberry 10 ($1.69 in chips) 
Seat 2: birgit233 ($2.95 in chips) 
Seat 3: Dicter67 ($1.21 in chips) 
Seat 4: sammysnuggle ($2.52 in chips) 
Seat 5: Rad wings ($1.69 in chips) 
Seat 6: Honoritan420 ($1.17 in chips) 
Seat 7: Dorex2007 ($1.93 in chips) 
Seat 8: Fabian239 ($2.84 in chips) 
Seat 9: Javan_50 ($1.60 in chips) 
Dicter67: posts small blind $0.01
sammysnuggle: posts big blind $0.02
Javan_50: posts big blind $0.02
*** HOLE CARDS ***
Dealt to Dorex2007 [2s 2d]
Rad wings: calls $0.02
Honoritan420: folds 
Dorex2007: raises $0.02 to $0.04
Fabian239: folds 
Javan_50: folds 
10 blueberry 10: raises $0.15 to $0.19
birgit233: folds 
Dicter67: folds 
sammysnuggle: folds 
birgit233 leaves the table
Rad wings: folds 
Dorex2007: folds 
Uncalled bet ($0.15) returned to 10 blueberry 10
10 blueberry 10 collected $0.15 from pot
10 blueberry 10: doesn't show hand 
*** SUMMARY ***
Total pot $0.15 | Rake $0 
Seat 1: 10 blueberry 10 collected ($0.15)
Seat 2: birgit233 (button) folded before Flop (didn't bet)
Seat 3: Dicter67 (small blind) folded before Flop
Seat 4: sammysnuggle (big blind) folded before Flop
Seat 5: Rad wings folded before Flop
Seat 6: Honoritan420 folded before Flop (didn't bet)
Seat 7: Dorex2007 folded before Flop
Seat 8: Fabian239 folded before Flop (didn't bet)
Seat 9: Javan_50 folded before Flop (didn't bet)



PokerStars Hand #227822541064:  Hold'em No Limit ($0.01/$0.02 USD) - 2021/06/24 15:10:05 PT [2021/06/24 18:10:05 ET]
Table 'Tabit III' 9-max Seat #3 is the button
Seat 1: 10 blueberry 10 ($1.80 in chips) 
Seat 3: Dicter67 ($1.20 in chips) 
Seat 4: sammysnuggle ($2.50 in chips) 
Seat 5: Rad wings ($1.67 in chips) 
Seat 6: Honoritan420 ($1.17 in chips) 
Seat 7: Dorex2007 ($1.89 in chips) 
Seat 8: Fabian239 ($2.84 in chips) 
Seat 9: Javan_50 ($1.58 in chips) 
sammysnuggle: posts small blind $0.01
Rad wings: posts big blind $0.02
*** HOLE CARDS ***
Dealt to Dorex2007 [7c Qs]
Honoritan420: folds 
Dorex2007: folds 
Fabian239: folds 
Javan_50: folds 
10 blueberry 10: folds 
Dicter67: calls $0.02
sammysnuggle: calls $0.01
Rad wings: checks 
*** FLOP *** [2c Kc Jh]
sammysnuggle: checks 
Rad wings: checks 
Dicter67: checks 
*** TURN *** [2c Kc Jh] [5s]
sammysnuggle: checks 
Rad wings: checks 
Dicter67: checks 
*** RIVER *** [2c Kc Jh 5s] [8h]
sammysnuggle: checks 
Rad wings: checks 
Aristarh0 joins the table at seat #2 
Dicter67: checks 
*** SHOW DOWN ***
sammysnuggle: shows [Ks 3s] (a pair of Kings)
Rad wings: mucks hand 
Dicter67: mucks hand 
sammysnuggle collected $0.06 from pot
*** SUMMARY ***
Total pot $0.06 | Rake $0 
Board [2c Kc Jh 5s 8h]
Seat 1: 10 blueberry 10 folded before Flop (didn't bet)
Seat 3: Dicter67 (button) mucked [Tc 3h]
Seat 4: sammysnuggle (small blind) showed [Ks 3s] and won ($0.06) with a pair of Kings
Seat 5: Rad wings (big blind) mucked [9s 5c]
Seat 6: Honoritan420 folded before Flop (didn't bet)
Seat 7: Dorex2007 folded before Flop (didn't bet)
Seat 8: Fabian239 folded before Flop (didn't bet)
Seat 9: Javan_50 folded before Flop (didn't bet)



PokerStars Hand #227822559085:  Hold'em No Limit ($0.01/$0.02 USD) - 2021/06/24 15:10:54 PT [2021/06/24 18:10:54 ET]
Table 'Tabit III' 9-max Seat #4 is the button
Seat 1: 10 blueberry 10 ($1.80 in chips) 
Seat 3: Dicter67 ($1.18 in chips) 
Seat 4: sammysnuggle ($2.54 in chips) 
Seat 5: Rad wings ($1.65 in chips) 
Seat 6: Honoritan420 ($1.17 in chips) 
Seat 7: Dorex2007 ($1.89 in chips) 
Seat 8: Fabian239 ($2.84 in chips) 
Seat 9: Javan_50 ($1.58 in chips) 
Rad wings: posts small blind $0.01
Honoritan420: posts big blind $0.02
Aristarh0: sits out 
*** HOLE CARDS ***
Dealt to Dorex2007 [Kd Th]
Dorex2007: raises $0.02 to $0.04
Fabian239: folds 
Javan_50: folds 
10 blueberry 10: folds 
Dicter67: folds 
sammysnuggle: folds 
Rad wings: folds 
Honoritan420: folds 
Uncalled bet ($0.02) returned to Dorex2007
Dorex2007 collected $0.05 from pot
Dorex2007: doesn't show hand 
*** SUMMARY ***
Total pot $0.05 | Rake $0 
Seat 1: 10 blueberry 10 folded before Flop (didn't bet)
Seat 3: Dicter67 folded before Flop (didn't bet)
Seat 4: sammysnuggle (button) folded before Flop (didn't bet)
Seat 5: Rad wings (small blind) folded before Flop
Seat 6: Honoritan420 (big blind) folded before Flop
Seat 7: Dorex2007 collected ($0.05)
Seat 8: Fabian239 folded before Flop (didn't bet)
Seat 9: Javan_50 folded before Flop (didn't bet)



PokerStars Hand #227822571865:  Hold'em No Limit ($0.01/$0.02 USD) - 2021/06/24 15:11:29 PT [2021/06/24 18:11:29 ET]
Table 'Tabit III' 9-max Seat #5 is the button
Seat 1: 10 blueberry 10 ($1.80 in chips) 
Seat 3: Dicter67 ($1.18 in chips) 
Seat 4: sammysnuggle ($2.54 in chips) 
Seat 5: Rad wings ($1.64 in chips) 
Seat 6: Honoritan420 ($1.15 in chips) 
Seat 7: Dorex2007 ($1.92 in chips) 
Seat 8: Fabian239 ($2.84 in chips) 
Seat 9: Javan_50 ($1.58 in chips) 
Honoritan420: posts small blind $0.01
Dorex2007: posts big blind $0.02
Aristarh0: sits out 
*** HOLE CARDS ***
Dealt to Dorex2007 [8d Kh]
Fabian239: folds 
Javan_50: folds 
10 blueberry 10: folds 
Dicter67: calls $0.02
sammysnuggle: folds 
Rad wings: folds 
Honoritan420: calls $0.01
Dorex2007: checks 
*** FLOP *** [6c 9c As]
Honoritan420: bets $0.04
Dorex2007: folds 
Dicter67: calls $0.04
*** TURN *** [6c 9c As] [Td]
Honoritan420: bets $0.06
Dicter67: calls $0.06
*** RIVER *** [6c 9c As Td] [9h]
Honoritan420: checks 
Dicter67: checks 
*** SHOW DOWN ***
Honoritan420: shows [Qc 5c] (a pair of Nines)
Dicter67: mucks hand 
Honoritan420 collected $0.25 from pot
*** SUMMARY ***
Total pot $0.26 | Rake $0.01 
Board [6c 9c As Td 9h]
Seat 1: 10 blueberry 10 folded before Flop (didn't bet)
Seat 3: Dicter67 mucked [3c 8c]
Seat 4: sammysnuggle folded before Flop (didn't bet)
Seat 5: Rad wings (button) folded before Flop (didn't bet)
Seat 6: Honoritan420 (small blind) showed [Qc 5c] and won ($0.25) with a pair of Nines
Seat 7: Dorex2007 (big blind) folded on the Flop
Seat 8: Fabian239 folded before Flop (didn't bet)
Seat 9: Javan_50 folded before Flop (didn't bet)



PokerStars Hand #227822586283:  Hold'em No Limit ($0.01/$0.02 USD) - 2021/06/24 15:12:08 PT [2021/06/24 18:12:08 ET]
Table 'Tabit III' 9-max Seat #6 is the button
Seat 1: 10 blueberry 10 ($1.80 in chips) 
Seat 3: Dicter67 ($1.06 in chips) 
Seat 4: sammysnuggle ($2.54 in chips) 
Seat 5: Rad wings ($1.64 in chips) 
Seat 6: Honoritan420 ($1.28 in chips) 
Seat 7: Dorex2007 ($1.90 in chips) 
Seat 8: Fabian239 ($2.84 in chips) 
Seat 9: Javan_50 ($1.58 in chips) 
Dorex2007: posts small blind $0.01
Fabian239: posts big blind $0.02
Aristarh0: sits out 
*** HOLE CARDS ***
Dealt to Dorex2007 [6s 2d]
Javan_50: folds 
10 blueberry 10: folds 
Dicter67: calls $0.02
sammysnuggle: folds 
Rad wings: folds 
Honoritan420: folds 
Dorex2007: folds 
Fabian239: raises $0.04 to $0.06
Dicter67: calls $0.04
*** FLOP *** [5c 4d 9s]
Fabian239: bets $0.07
Dicter67: calls $0.07
*** TURN *** [5c 4d 9s] [3s]
Fabian239: bets $0.12
Dicter67: calls $0.12
*** RIVER *** [5c 4d 9s 3s] [Ah]
Fabian239: bets $0.22
Dicter67: folds 
Uncalled bet ($0.22) returned to Fabian239
Fabian239 collected $0.49 from pot
Fabian239: doesn't show hand 
*** SUMMARY ***
Total pot $0.51 | Rake $0.02 
Board [5c 4d 9s 3s Ah]
Seat 1: 10 blueberry 10 folded before Flop (didn't bet)
Seat 3: Dicter67 folded on the River
Seat 4: sammysnuggle folded before Flop (didn't bet)
Seat 5: Rad wings folded before Flop (didn't bet)
Seat 6: Honoritan420 (button) folded before Flop (didn't bet)
Seat 7: Dorex2007 (small blind) folded before Flop
Seat 8: Fabian239 (big blind) collected ($0.49)
Seat 9: Javan_50 folded before Flop (didn't bet)



PokerStars Hand #227822607893:  Hold'em No Limit ($0.01/$0.02 USD) - 2021/06/24 15:13:07 PT [2021/06/24 18:13:07 ET]
Table 'Tabit III' 9-max Seat #7 is the button
Seat 1: 10 blueberry 10 ($1.80 in chips) 
Seat 3: Dicter67 ($0.81 in chips) 
Seat 4: sammysnuggle ($2.54 in chips) 
Seat 5: Rad wings ($1.64 in chips) 
Seat 6: Honoritan420 ($1.28 in chips) 
Seat 7: Dorex2007 ($1.89 in chips) 
Seat 8: Fabian239 ($3.08 in chips) 
Seat 9: Javan_50 ($1.58 in chips) 
Fabian239: posts small blind $0.01
Javan_50: posts big blind $0.02
Aristarh0: sits out 
*** HOLE CARDS ***
Dealt to Dorex2007 [Ac 2s]
10 blueberry 10: folds 
Dicter67: calls $0.02
sammysnuggle: folds 
Rad wings: folds 
Honoritan420: calls $0.02
Dorex2007: calls $0.02
Fabian239: folds 
Javan_50: checks 
*** FLOP *** [7s 8h 5h]
Javan_50: checks 
Dicter67: checks 
Honoritan420: checks 
Dorex2007: checks 
*** TURN *** [7s 8h 5h] [2h]
Javan_50: checks 
Dicter67: checks 
Honoritan420: checks 
Dorex2007: checks 
*** RIVER *** [7s 8h 5h 2h] [Ad]
Javan_50: checks 
Dicter67: bets $0.10
Honoritan420: folds 
Dorex2007: calls $0.10
Javan_50: folds 
*** SHOW DOWN ***
Dicter67: shows [2d 2c] (three of a kind, Deuces)
Dorex2007: mucks hand 
Dicter67 collected $0.28 from pot
*** SUMMARY ***
Total pot $0.29 | Rake $0.01 
Board [7s 8h 5h 2h Ad]
Seat 1: 10 blueberry 10 folded before Flop (didn't bet)
Seat 3: Dicter67 showed [2d 2c] and won ($0.28) with three of a kind, Deuces
Seat 4: sammysnuggle folded before Flop (didn't bet)
Seat 5: Rad wings folded before Flop (didn't bet)
Seat 6: Honoritan420 folded on the River
Seat 7: Dorex2007 (button) mucked [Ac 2s]
Seat 8: Fabian239 (small blind) folded before Flop
Seat 9: Javan_50 (big blind) folded on the River



PokerStars Hand #227822631601:  Hold'em No Limit ($0.01/$0.02 USD) - 2021/06/24 15:14:12 PT [2021/06/24 18:14:12 ET]
Table 'Tabit III' 9-max Seat #8 is the button
Seat 1: 10 blueberry 10 ($1.80 in chips) 
Seat 3: Dicter67 ($0.97 in chips) 
Seat 4: sammysnuggle ($2.54 in chips) 
Seat 5: Rad wings ($1.64 in chips) 
Seat 6: Honoritan420 ($1.26 in chips) 
Seat 7: Dorex2007 ($1.77 in chips) 
Seat 8: Fabian239 ($3.07 in chips) 
Seat 9: Javan_50 ($1.56 in chips) 
Javan_50: posts small blind $0.01
10 blueberry 10: posts big blind $0.02
Aristarh0: sits out 
*** HOLE CARDS ***
Dealt to Dorex2007 [4c 6h]
Dicter67: calls $0.02
sammysnuggle: folds 
Rad wings: raises $0.02 to $0.04
Honoritan420: folds 
Dorex2007: folds 
Fabian239: folds 
Javan_50: folds 
10 blueberry 10: folds 
Dicter67: calls $0.02
*** FLOP *** [3s Ts 4d]
Dicter67: checks 
Rad wings: checks 
*** TURN *** [3s Ts 4d] [3c]
Dicter67: checks 
Rad wings: checks 
*** RIVER *** [3s Ts 4d 3c] [Ad]
Dicter67: bets $0.22
Rad wings: calls $0.22
*** SHOW DOWN ***
Dicter67: shows [3h 2h] (three of a kind, Threes)
Rad wings: mucks hand 
Dicter67 collected $0.53 from pot
*** SUMMARY ***
Total pot $0.55 | Rake $0.02 
Board [3s Ts 4d 3c Ad]
Seat 1: 10 blueberry 10 (big blind) folded before Flop
Seat 3: Dicter67 showed [3h 2h] and won ($0.53) with three of a kind, Threes
Seat 4: sammysnuggle folded before Flop (didn't bet)
Seat 5: Rad wings mucked [Ac Qs]
Seat 6: Honoritan420 folded before Flop (didn't bet)
Seat 7: Dorex2007 folded before Flop (didn't bet)
Seat 8: Fabian239 (button) folded before Flop (didn't bet)
Seat 9: Javan_50 (small blind) folded before Flop



PokerStars Hand #227822649501:  Hold'em No Limit ($0.01/$0.02 USD) - 2021/06/24 15:15:02 PT [2021/06/24 18:15:02 ET]
Table 'Tabit III' 9-max Seat #9 is the button
Seat 1: 10 blueberry 10 ($1.78 in chips) 
Seat 2: Aristarh0 ($0.80 in chips) 
Seat 3: Dicter67 ($1.24 in chips) 
Seat 4: sammysnuggle ($2.54 in chips) 
Seat 5: Rad wings ($1.38 in chips) 
Seat 6: Honoritan420 ($1.26 in chips) 
Seat 7: Dorex2007 ($1.77 in chips) 
Seat 8: Fabian239 ($3.07 in chips) 
Seat 9: Javan_50 ($1.55 in chips) 
10 blueberry 10: posts small blind $0.01
Aristarh0: posts big blind $0.02
*** HOLE CARDS ***
Dealt to Dorex2007 [7d 3c]
Dicter67: calls $0.02
sammysnuggle: folds 
Rad wings: folds 
Honoritan420: folds 
Dorex2007: folds 
Fabian239: folds 
Javan_50: folds 
10 blueberry 10: calls $0.01
Aristarh0: raises $0.06 to $0.08
Dicter67: folds 
10 blueberry 10: calls $0.06
*** FLOP *** [6d 4h 9h]
10 blueberry 10: checks 
Aristarh0: checks 
*** TURN *** [6d 4h 9h] [Qs]
10 blueberry 10: checks 
Aristarh0: checks 
*** RIVER *** [6d 4h 9h Qs] [8d]
10 blueberry 10: bets $0.17
Aristarh0: folds 
Uncalled bet ($0.17) returned to 10 blueberry 10
10 blueberry 10 collected $0.17 from pot
10 blueberry 10: doesn't show hand 
*** SUMMARY ***
Total pot $0.18 | Rake $0.01 
Board [6d 4h 9h Qs 8d]
Seat 1: 10 blueberry 10 (small blind) collected ($0.17)
Seat 2: Aristarh0 (big blind) folded on the River
Seat 3: Dicter67 folded before Flop
Seat 4: sammysnuggle folded before Flop (didn't bet)
Seat 5: Rad wings folded before Flop (didn't bet)
Seat 6: Honoritan420 folded before Flop (didn't bet)
Seat 7: Dorex2007 folded before Flop (didn't bet)
Seat 8: Fabian239 folded before Flop (didn't bet)
Seat 9: Javan_50 (button) folded before Flop (didn't bet)



PokerStars Hand #227822666570:  Hold'em No Limit ($0.01/$0.02 USD) - 2021/06/24 15:15:50 PT [2021/06/24 18:15:50 ET]
Table 'Tabit III' 9-max Seat #1 is the button
Seat 1: 10 blueberry 10 ($1.87 in chips) 
Seat 2: Aristarh0 ($0.72 in chips) 
Seat 3: Dicter67 ($1.22 in chips) 
Seat 4: sammysnuggle ($2.54 in chips) 
Seat 5: Rad wings ($1.38 in chips) 
Seat 6: Honoritan420 ($1.26 in chips) 
Seat 7: Dorex2007 ($1.77 in chips) 
Seat 8: Fabian239 ($3.07 in chips) 
Seat 9: Javan_50 ($1.55 in chips) 
Aristarh0: posts small blind $0.01
Dicter67: posts big blind $0.02
*** HOLE CARDS ***
Dealt to Dorex2007 [8s Td]
sammysnuggle: folds 
Rad wings: folds 
Honoritan420: folds 
Dorex2007: folds 
Fabian239: folds 
Javan_50: folds 
10 blueberry 10: raises $0.04 to $0.06
Aristarh0: folds 
Dicter67: calls $0.04
*** FLOP *** [7s 5d 7h]
Dicter67: checks 
10 blueberry 10: checks 
*** TURN *** [7s 5d 7h] [Jd]
Dicter67: checks 
10 blueberry 10: checks 
*** RIVER *** [7s 5d 7h Jd] [9h]
Dicter67: checks 
10 blueberry 10: checks 
*** SHOW DOWN ***
Dicter67: shows [6c Kh] (a pair of Sevens)
10 blueberry 10: shows [3d Kd] (a pair of Sevens)
Dicter67 collected $0.07 from pot
10 blueberry 10 collected $0.06 from pot
*** SUMMARY ***
Total pot $0.13 | Rake $0 
Board [7s 5d 7h Jd 9h]
Seat 1: 10 blueberry 10 (button) showed [3d Kd] and won ($0.06) with a pair of Sevens
Seat 2: Aristarh0 (small blind) folded before Flop
Seat 3: Dicter67 (big blind) showed [6c Kh] and won ($0.07) with a pair of Sevens
Seat 4: sammysnuggle folded before Flop (didn't bet)
Seat 5: Rad wings folded before Flop (didn't bet)
Seat 6: Honoritan420 folded before Flop (didn't bet)
Seat 7: Dorex2007 folded before Flop (didn't bet)
Seat 8: Fabian239 folded before Flop (didn't bet)
Seat 9: Javan_50 folded before Flop (didn't bet)



PokerStars Hand #227822680230:  Hold'em No Limit ($0.01/$0.02 USD) - 2021/06/24 15:16:27 PT [2021/06/24 18:16:27 ET]
Table 'Tabit III' 9-max Seat #2 is the button
Seat 1: 10 blueberry 10 ($1.87 in chips) 
Seat 2: Aristarh0 ($0.71 in chips) 
Seat 3: Dicter67 ($1.23 in chips) 
Seat 4: sammysnuggle ($2.54 in chips) 
Seat 5: Rad wings ($1.38 in chips) 
Seat 6: Honoritan420 ($1.26 in chips) 
Seat 7: Dorex2007 ($1.77 in chips) 
Seat 8: Fabian239 ($3.07 in chips) 
Seat 9: Javan_50 ($1.55 in chips) 
Dicter67: posts small blind $0.01
sammysnuggle: posts big blind $0.02
*** HOLE CARDS ***
Dealt to Dorex2007 [Tc 8h]
Rad wings: folds 
Honoritan420: folds 
Dorex2007 has timed out
Dorex2007: folds 
Fabian239: folds 
Javan_50: folds 
10 blueberry 10: folds 
Aristarh0: folds 
Dicter67: calls $0.01
sammysnuggle: checks 
*** FLOP *** [7s Jc 6s]
Dicter67: checks 
sammysnuggle: checks 
*** TURN *** [7s Jc 6s] [4d]
Dicter67: checks 
sammysnuggle: checks 
*** RIVER *** [7s Jc 6s 4d] [4c]
Dicter67: checks 
sammysnuggle: checks 
*** SHOW DOWN ***
Dicter67: shows [Th Qs] (a pair of Fours)
sammysnuggle: shows [Qc Ac] (a pair of Fours - Ace kicker)
sammysnuggle collected $0.04 from pot
*** SUMMARY ***
Total pot $0.04 | Rake $0 
Board [7s Jc 6s 4d 4c]
Seat 1: 10 blueberry 10 folded before Flop (didn't bet)
Seat 2: Aristarh0 (button) folded before Flop (didn't bet)
Seat 3: Dicter67 (small blind) showed [Th Qs] and lost with a pair of Fours
Seat 4: sammysnuggle (big blind) showed [Qc Ac] and won ($0.04) with a pair of Fours
Seat 5: Rad wings folded before Flop (didn't bet)
Seat 6: Honoritan420 folded before Flop (didn't bet)
Seat 7: Dorex2007 folded before Flop (didn't bet)
Seat 8: Fabian239 folded before Flop (didn't bet)
Seat 9: Javan_50 folded before Flop (didn't bet)



PokerStars Hand #227822692785:  Hold'em No Limit ($0.01/$0.02 USD) - 2021/06/24 15:17:02 PT [2021/06/24 18:17:02 ET]
Table 'Tabit III' 9-max Seat #3 is the button
Seat 1: 10 blueberry 10 ($1.87 in chips) 
Seat 2: Aristarh0 ($0.71 in chips) 
Seat 3: Dicter67 ($1.21 in chips) 
Seat 4: sammysnuggle ($2.56 in chips) 
Seat 5: Rad wings ($1.38 in chips) 
Seat 6: Honoritan420 ($1.26 in chips) 
Seat 7: Dorex2007 ($1.77 in chips) 
Seat 8: Fabian239 ($3.07 in chips) 
Seat 9: Javan_50 ($1.55 in chips) 
sammysnuggle: posts small blind $0.01
Rad wings: posts big blind $0.02
*** HOLE CARDS ***
Dealt to Dorex2007 [6s Td]
Honoritan420: folds 
Dorex2007: folds 
Fabian239: folds 
Javan_50: folds 
10 blueberry 10: folds 
Aristarh0: folds 
Dicter67: calls $0.02
sammysnuggle: folds 
Rad wings: checks 
*** FLOP *** [4c Ts 5c]
Rad wings: checks 
Dicter67: checks 
*** TURN *** [4c Ts 5c] [8c]
Rad wings: checks 
Dicter67: checks 
*** RIVER *** [4c Ts 5c 8c] [Ah]
Rad wings: checks 
Dicter67: bets $0.04
Rad wings: folds 
Uncalled bet ($0.04) returned to Dicter67
Dicter67 collected $0.05 from pot
*** SUMMARY ***
Total pot $0.05 | Rake $0 
Board [4c Ts 5c 8c Ah]
Seat 1: 10 blueberry 10 folded before Flop (didn't bet)
Seat 2: Aristarh0 folded before Flop (didn't bet)
Seat 3: Dicter67 (button) collected ($0.05)
Seat 4: sammysnuggle (small blind) folded before Flop
Seat 5: Rad wings (big blind) folded on the River
Seat 6: Honoritan420 folded before Flop (didn't bet)
Seat 7: Dorex2007 folded before Flop (didn't bet)
Seat 8: Fabian239 folded before Flop (didn't bet)
Seat 9: Javan_50 folded before Flop (didn't bet)



PokerStars Hand #227822705755:  Hold'em No Limit ($0.01/$0.02 USD) - 2021/06/24 15:17:38 PT [2021/06/24 18:17:38 ET]
Table 'Tabit III' 9-max Seat #4 is the button
Seat 1: 10 blueberry 10 ($1.87 in chips) 
Seat 2: Aristarh0 ($0.71 in chips) 
Seat 3: Dicter67 ($1.24 in chips) 
Seat 4: sammysnuggle ($2.55 in chips) 
Seat 5: Rad wings ($1.36 in chips) 
Seat 6: Honoritan420 ($1.26 in chips) 
Seat 7: Dorex2007 ($1.77 in chips) 
Seat 8: Fabian239 ($3.07 in chips) 
Seat 9: Javan_50 ($1.55 in chips) 
Rad wings: posts small blind $0.01
Honoritan420: posts big blind $0.02
*** HOLE CARDS ***
Dealt to Dorex2007 [8s Jh]
Dorex2007: folds 
Fabian239: raises $0.04 to $0.06
Javan_50: folds 
10 blueberry 10: folds 
Aristarh0: folds 
Dicter67: calls $0.06
sammysnuggle: folds 
Rad wings: folds 
Honoritan420: calls $0.04
*** FLOP *** [5h Ah 2h]
Honoritan420: bets $0.06
Fabian239: folds 
Dicter67: calls $0.06
*** TURN *** [5h Ah 2h] [Th]
Honoritan420: bets $0.06
Dicter67: calls $0.06
*** RIVER *** [5h Ah 2h Th] [3h]
Honoritan420: bets $0.10
Dicter67: calls $0.10
*** SHOW DOWN ***
Honoritan420: shows [Ad Ts] (a flush, Ace high)
Dicter67: shows [As 4s] (a flush, Ace high)
Honoritan420 collected $0.31 from pot
Dicter67 collected $0.30 from pot
*** SUMMARY ***
Total pot $0.63 | Rake $0.02 
Board [5h Ah 2h Th 3h]
Seat 1: 10 blueberry 10 folded before Flop (didn't bet)
Seat 2: Aristarh0 folded before Flop (didn't bet)
Seat 3: Dicter67 showed [As 4s] and won ($0.30) with a flush, Ace high
Seat 4: sammysnuggle (button) folded before Flop (didn't bet)
Seat 5: Rad wings (small blind) folded before Flop
Seat 6: Honoritan420 (big blind) showed [Ad Ts] and won ($0.31) with a flush, Ace high
Seat 7: Dorex2007 folded before Flop (didn't bet)
Seat 8: Fabian239 folded on the Flop
Seat 9: Javan_50 folded before Flop (didn't bet)



