PokerStars Hand #228199756378:  Hold'em No Limit ($0.01/$0.02 USD) - 2021/07/10 14:31:49 PT [2021/07/10 17:31:49 ET]
Table 'Gabriella V' 9-max Seat #2 is the button
Seat 1: Novalis 11 ($2.17 in chips) 
Seat 2: mendel777 ($1.80 in chips) 
Seat 3: viejoperro44 ($2.08 in chips) 
Seat 4: Dorex2007 ($2 in chips) 
Seat 5: K.Asatryan ($1.85 in chips) 
Seat 6: boarddiver ($1.92 in chips) 
Seat 7: Pepono101 ($1.51 in chips) 
Seat 8: Rad wings ($1.45 in chips) 
Seat 9: WeXx33 ($6.19 in chips) 
viejoperro44: posts small blind $0.01
Dorex2007: posts big blind $0.02
*** HOLE CARDS ***
Dealt to Dorex2007 [9c 7h]
K.Asatryan: folds 
boarddiver: folds 
Pepono101: folds 
Rad wings: folds 
WeXx33: folds 
Novalis 11: raises $0.02 to $0.04
mendel777: folds 
viejoperro44: folds 
Dorex2007: folds 
Uncalled bet ($0.02) returned to Novalis 11
Novalis 11 collected $0.05 from pot
Novalis 11: doesn't show hand 
*** SUMMARY ***
Total pot $0.05 | Rake $0 
Seat 1: Novalis 11 collected ($0.05)
Seat 2: mendel777 (button) folded before Flop (didn't bet)
Seat 3: viejoperro44 (small blind) folded before Flop
Seat 4: Dorex2007 (big blind) folded before Flop
Seat 5: K.Asatryan folded before Flop (didn't bet)
Seat 6: boarddiver folded before Flop (didn't bet)
Seat 7: Pepono101 folded before Flop (didn't bet)
Seat 8: Rad wings folded before Flop (didn't bet)
Seat 9: WeXx33 folded before Flop (didn't bet)



PokerStars Hand #228199764348:  Hold'em No Limit ($0.01/$0.02 USD) - 2021/07/10 14:32:07 PT [2021/07/10 17:32:07 ET]
Table 'Gabriella V' 9-max Seat #3 is the button
Seat 1: Novalis 11 ($2.20 in chips) 
Seat 2: mendel777 ($1.80 in chips) 
Seat 3: viejoperro44 ($2.07 in chips) 
Seat 4: Dorex2007 ($1.98 in chips) 
Seat 5: K.Asatryan ($1.85 in chips) 
Seat 6: boarddiver ($1.92 in chips) 
Seat 7: Pepono101 ($1.51 in chips) 
Seat 8: Rad wings ($1.45 in chips) 
Seat 9: WeXx33 ($6.19 in chips) 
Dorex2007: posts small blind $0.01
K.Asatryan: posts big blind $0.02
*** HOLE CARDS ***
Dealt to Dorex2007 [4s Kd]
boarddiver: calls $0.02
Pepono101: folds 
Rad wings: folds 
WeXx33: folds 
Novalis 11: calls $0.02
mendel777: folds 
viejoperro44: folds 
Dorex2007: folds 
K.Asatryan: checks 
*** FLOP *** [8h 5h Jc]
K.Asatryan: checks 
boarddiver: bets $0.07
Novalis 11: folds 
K.Asatryan: folds 
Uncalled bet ($0.07) returned to boarddiver
boarddiver collected $0.07 from pot
boarddiver: doesn't show hand 
*** SUMMARY ***
Total pot $0.07 | Rake $0 
Board [8h 5h Jc]
Seat 1: Novalis 11 folded on the Flop
Seat 2: mendel777 folded before Flop (didn't bet)
Seat 3: viejoperro44 (button) folded before Flop (didn't bet)
Seat 4: Dorex2007 (small blind) folded before Flop
Seat 5: K.Asatryan (big blind) folded on the Flop
Seat 6: boarddiver collected ($0.07)
Seat 7: Pepono101 folded before Flop (didn't bet)
Seat 8: Rad wings folded before Flop (didn't bet)
Seat 9: WeXx33 folded before Flop (didn't bet)



PokerStars Hand #228199778041:  Hold'em No Limit ($0.01/$0.02 USD) - 2021/07/10 14:32:40 PT [2021/07/10 17:32:40 ET]
Table 'Gabriella V' 9-max Seat #4 is the button
Seat 1: Novalis 11 ($2.18 in chips) 
Seat 2: mendel777 ($1.80 in chips) 
Seat 3: viejoperro44 ($2.07 in chips) 
Seat 4: Dorex2007 ($1.97 in chips) 
Seat 5: K.Asatryan ($1.83 in chips) 
Seat 6: boarddiver ($1.97 in chips) 
Seat 7: Pepono101 ($1.51 in chips) 
Seat 8: Rad wings ($1.45 in chips) 
Seat 9: WeXx33 ($6.19 in chips) 
K.Asatryan: posts small blind $0.01
boarddiver: posts big blind $0.02
*** HOLE CARDS ***
Dealt to Dorex2007 [Qc Td]
Pepono101: folds 
Rad wings: folds 
WeXx33: folds 
Novalis 11: folds 
mendel777: folds 
viejoperro44: folds 
Dorex2007: raises $0.04 to $0.06
K.Asatryan: folds 
boarddiver: calls $0.04
*** FLOP *** [4h 3s 3c]
boarddiver: checks 
Dorex2007: bets $0.07
boarddiver: folds 
Uncalled bet ($0.07) returned to Dorex2007
Dorex2007 collected $0.13 from pot
Dorex2007: doesn't show hand 
*** SUMMARY ***
Total pot $0.13 | Rake $0 
Board [4h 3s 3c]
Seat 1: Novalis 11 folded before Flop (didn't bet)
Seat 2: mendel777 folded before Flop (didn't bet)
Seat 3: viejoperro44 folded before Flop (didn't bet)
Seat 4: Dorex2007 (button) collected ($0.13)
Seat 5: K.Asatryan (small blind) folded before Flop
Seat 6: boarddiver (big blind) folded on the Flop
Seat 7: Pepono101 folded before Flop (didn't bet)
Seat 8: Rad wings folded before Flop (didn't bet)
Seat 9: WeXx33 folded before Flop (didn't bet)



PokerStars Hand #228199801141:  Hold'em No Limit ($0.01/$0.02 USD) - 2021/07/10 14:33:21 PT [2021/07/10 17:33:21 ET]
Table 'Gabriella V' 9-max Seat #5 is the button
Seat 1: Novalis 11 ($2.18 in chips) 
Seat 2: mendel777 ($1.80 in chips) 
Seat 3: viejoperro44 ($2.07 in chips) 
Seat 4: Dorex2007 ($2.04 in chips) 
Seat 5: K.Asatryan ($1.82 in chips) 
Seat 6: boarddiver ($1.91 in chips) 
Seat 7: Pepono101 ($1.51 in chips) 
Seat 8: Rad wings ($1.45 in chips) 
Seat 9: WeXx33 ($6.19 in chips) 
boarddiver: posts small blind $0.01
Pepono101: posts big blind $0.02
*** HOLE CARDS ***
Dealt to Dorex2007 [9s 4c]
Rad wings: folds 
WeXx33: folds 
Novalis 11: calls $0.02
mendel777: folds 
viejoperro44: folds 
Dorex2007: folds 
K.Asatryan: folds 
boarddiver: folds 
Pepono101: checks 
*** FLOP *** [7s Jh Jd]
Pepono101: checks 
Novalis 11: bets $0.05
Pepono101: folds 
Uncalled bet ($0.05) returned to Novalis 11
Novalis 11 collected $0.05 from pot
Novalis 11: doesn't show hand 
*** SUMMARY ***
Total pot $0.05 | Rake $0 
Board [7s Jh Jd]
Seat 1: Novalis 11 collected ($0.05)
Seat 2: mendel777 folded before Flop (didn't bet)
Seat 3: viejoperro44 folded before Flop (didn't bet)
Seat 4: Dorex2007 folded before Flop (didn't bet)
Seat 5: K.Asatryan (button) folded before Flop (didn't bet)
Seat 6: boarddiver (small blind) folded before Flop
Seat 7: Pepono101 (big blind) folded on the Flop
Seat 8: Rad wings folded before Flop (didn't bet)
Seat 9: WeXx33 folded before Flop (didn't bet)



PokerStars Hand #228199816662:  Hold'em No Limit ($0.01/$0.02 USD) - 2021/07/10 14:33:58 PT [2021/07/10 17:33:58 ET]
Table 'Gabriella V' 9-max Seat #6 is the button
Seat 1: Novalis 11 ($2.21 in chips) 
Seat 2: mendel777 ($1.80 in chips) 
Seat 3: viejoperro44 ($2.07 in chips) 
Seat 4: Dorex2007 ($2.04 in chips) 
Seat 5: K.Asatryan ($1.82 in chips) 
Seat 6: boarddiver ($1.90 in chips) 
Seat 7: Pepono101 ($1.49 in chips) 
Seat 8: Rad wings ($1.45 in chips) 
Seat 9: WeXx33 ($6.19 in chips) 
Pepono101: posts small blind $0.01
Rad wings: posts big blind $0.02
*** HOLE CARDS ***
Dealt to Dorex2007 [6c Qs]
WeXx33: folds 
Novalis 11: calls $0.02
mendel777: folds 
viejoperro44: folds 
Dorex2007: folds 
K.Asatryan: folds 
boarddiver: calls $0.02
Pepono101: calls $0.01
Rad wings: checks 
*** FLOP *** [4h 4c 6s]
Pepono101: checks 
Rad wings: checks 
Novalis 11: checks 
boarddiver: checks 
*** TURN *** [4h 4c 6s] [Th]
Pepono101: checks 
Rad wings: checks 
Novalis 11: checks 
boarddiver: bets $0.08
Pepono101: folds 
Rad wings: folds 
Novalis 11: calls $0.08
*** RIVER *** [4h 4c 6s Th] [Kc]
Novalis 11: checks 
boarddiver: checks 
*** SHOW DOWN ***
Novalis 11: shows [7c 8d] (a pair of Fours)
boarddiver: shows [Tc 8s] (two pair, Tens and Fours)
boarddiver collected $0.23 from pot
*** SUMMARY ***
Total pot $0.24 | Rake $0.01 
Board [4h 4c 6s Th Kc]
Seat 1: Novalis 11 showed [7c 8d] and lost with a pair of Fours
Seat 2: mendel777 folded before Flop (didn't bet)
Seat 3: viejoperro44 folded before Flop (didn't bet)
Seat 4: Dorex2007 folded before Flop (didn't bet)
Seat 5: K.Asatryan folded before Flop (didn't bet)
Seat 6: boarddiver (button) showed [Tc 8s] and won ($0.23) with two pair, Tens and Fours
Seat 7: Pepono101 (small blind) folded on the Turn
Seat 8: Rad wings (big blind) folded on the Turn
Seat 9: WeXx33 folded before Flop (didn't bet)



PokerStars Hand #228199839159:  Hold'em No Limit ($0.01/$0.02 USD) - 2021/07/10 14:34:53 PT [2021/07/10 17:34:53 ET]
Table 'Gabriella V' 9-max Seat #7 is the button
Seat 1: Novalis 11 ($2.11 in chips) 
Seat 2: mendel777 ($1.80 in chips) 
Seat 3: viejoperro44 ($2.07 in chips) 
Seat 4: Dorex2007 ($2.04 in chips) 
Seat 5: K.Asatryan ($1.82 in chips) 
Seat 6: boarddiver ($2.03 in chips) 
Seat 7: Pepono101 ($1.47 in chips) 
Seat 8: Rad wings ($1.43 in chips) 
Seat 9: WeXx33 ($6.19 in chips) 
Rad wings: posts small blind $0.01
WeXx33: posts big blind $0.02
*** HOLE CARDS ***
Dealt to Dorex2007 [7c 7s]
Novalis 11: folds 
mendel777: folds 
viejoperro44: folds 
Dorex2007: raises $0.02 to $0.04
K.Asatryan: folds 
boarddiver: folds 
Pepono101: calls $0.04
Rad wings: folds 
WeXx33: folds 
*** FLOP *** [7h 6c 9h]
Dorex2007: bets $0.06
Pepono101: calls $0.06
*** TURN *** [7h 6c 9h] [Jh]
Dorex2007: bets $0.11
Pepono101: calls $0.11
*** RIVER *** [7h 6c 9h Jh] [5s]
Dorex2007: bets $0.22
Pepono101: raises $0.87 to $1.09
Dorex2007: calls $0.87
*** SHOW DOWN ***
Pepono101: shows [Ad 8s] (a straight, Five to Nine)
Dorex2007: mucks hand 
Pepono101 collected $2.54 from pot
*** SUMMARY ***
Total pot $2.63 | Rake $0.09 
Board [7h 6c 9h Jh 5s]
Seat 1: Novalis 11 folded before Flop (didn't bet)
Seat 2: mendel777 folded before Flop (didn't bet)
Seat 3: viejoperro44 folded before Flop (didn't bet)
Seat 4: Dorex2007 mucked [7c 7s]
Seat 5: K.Asatryan folded before Flop (didn't bet)
Seat 6: boarddiver folded before Flop (didn't bet)
Seat 7: Pepono101 (button) showed [Ad 8s] and won ($2.54) with a straight, Five to Nine
Seat 8: Rad wings (small blind) folded before Flop
Seat 9: WeXx33 (big blind) folded before Flop



PokerStars Hand #228199861956:  Hold'em No Limit ($0.01/$0.02 USD) - 2021/07/10 14:35:48 PT [2021/07/10 17:35:48 ET]
Table 'Gabriella V' 9-max Seat #8 is the button
Seat 1: Novalis 11 ($2.11 in chips) 
Seat 2: mendel777 ($1.80 in chips) 
Seat 3: viejoperro44 ($2.07 in chips) 
Seat 4: Dorex2007 ($0.74 in chips) 
Seat 5: K.Asatryan ($1.82 in chips) 
Seat 6: boarddiver ($2.03 in chips) 
Seat 7: Pepono101 ($2.71 in chips) 
Seat 8: Rad wings ($1.42 in chips) 
Seat 9: WeXx33 ($6.17 in chips) 
WeXx33: posts small blind $0.01
Novalis 11: posts big blind $0.02
*** HOLE CARDS ***
Dealt to Dorex2007 [As 6h]
mendel777: folds 
viejoperro44: folds 
Dorex2007: folds 
K.Asatryan: folds 
boarddiver: calls $0.02
Pepono101: folds 
Rad wings: folds 
WeXx33: folds 
Novalis 11: checks 
*** FLOP *** [Qs 2d 9d]
Novalis 11: bets $0.02
boarddiver: folds 
Uncalled bet ($0.02) returned to Novalis 11
Novalis 11 collected $0.05 from pot
Novalis 11: doesn't show hand 
*** SUMMARY ***
Total pot $0.05 | Rake $0 
Board [Qs 2d 9d]
Seat 1: Novalis 11 (big blind) collected ($0.05)
Seat 2: mendel777 folded before Flop (didn't bet)
Seat 3: viejoperro44 folded before Flop (didn't bet)
Seat 4: Dorex2007 folded before Flop (didn't bet)
Seat 5: K.Asatryan folded before Flop (didn't bet)
Seat 6: boarddiver folded on the Flop
Seat 7: Pepono101 folded before Flop (didn't bet)
Seat 8: Rad wings (button) folded before Flop (didn't bet)
Seat 9: WeXx33 (small blind) folded before Flop



PokerStars Hand #228199873878:  Hold'em No Limit ($0.01/$0.02 USD) - 2021/07/10 14:36:17 PT [2021/07/10 17:36:17 ET]
Table 'Gabriella V' 9-max Seat #9 is the button
Seat 1: Novalis 11 ($2.14 in chips) 
Seat 2: mendel777 ($1.80 in chips) 
Seat 3: viejoperro44 ($2.07 in chips) 
Seat 4: Dorex2007 ($2 in chips) 
Seat 5: K.Asatryan ($1.82 in chips) 
Seat 6: boarddiver ($2.01 in chips) 
Seat 7: Pepono101 ($2.71 in chips) 
Seat 8: Rad wings ($1.42 in chips) 
Seat 9: WeXx33 ($6.16 in chips) 
Novalis 11: posts small blind $0.01
mendel777: posts big blind $0.02
*** HOLE CARDS ***
Dealt to Dorex2007 [Ah 4d]
viejoperro44: folds 
Dorex2007: folds 
K.Asatryan: folds 
boarddiver: calls $0.02
Pepono101: folds 
Rad wings: folds 
WeXx33: folds 
Novalis 11: folds 
mendel777: checks 
*** FLOP *** [Ad Td 6s]
mendel777: checks 
boarddiver: bets $0.05
mendel777: folds 
Uncalled bet ($0.05) returned to boarddiver
boarddiver collected $0.05 from pot
boarddiver: doesn't show hand 
*** SUMMARY ***
Total pot $0.05 | Rake $0 
Board [Ad Td 6s]
Seat 1: Novalis 11 (small blind) folded before Flop
Seat 2: mendel777 (big blind) folded on the Flop
Seat 3: viejoperro44 folded before Flop (didn't bet)
Seat 4: Dorex2007 folded before Flop (didn't bet)
Seat 5: K.Asatryan folded before Flop (didn't bet)
Seat 6: boarddiver collected ($0.05)
Seat 7: Pepono101 folded before Flop (didn't bet)
Seat 8: Rad wings folded before Flop (didn't bet)
Seat 9: WeXx33 (button) folded before Flop (didn't bet)



PokerStars Hand #228199884281:  Hold'em No Limit ($0.01/$0.02 USD) - 2021/07/10 14:36:42 PT [2021/07/10 17:36:42 ET]
Table 'Gabriella V' 9-max Seat #1 is the button
Seat 1: Novalis 11 ($2.13 in chips) 
Seat 2: mendel777 ($1.78 in chips) 
Seat 3: viejoperro44 ($2.07 in chips) 
Seat 4: Dorex2007 ($2 in chips) 
Seat 5: K.Asatryan ($1.82 in chips) 
Seat 6: boarddiver ($2.04 in chips) 
Seat 7: Pepono101 ($2.71 in chips) 
Seat 8: Rad wings ($1.42 in chips) 
Seat 9: WeXx33 ($6.16 in chips) 
mendel777: posts small blind $0.01
viejoperro44: posts big blind $0.02
*** HOLE CARDS ***
Dealt to Dorex2007 [Ts Th]
Dorex2007: raises $0.02 to $0.04
K.Asatryan: folds 
boarddiver: folds 
Pepono101: folds 
Rad wings: calls $0.04
WeXx33: raises $0.16 to $0.20
Novalis 11: folds 
mendel777: folds 
viejoperro44: folds 
Dorex2007: calls $0.16
Rad wings: folds 
*** FLOP *** [3c 8c 4d]
Dorex2007: checks 
WeXx33: bets $0.34
Dorex2007: calls $0.34
*** TURN *** [3c 8c 4d] [Js]
Dorex2007: bets $1.11
WeXx33: raises $1.11 to $2.22
Dorex2007: calls $0.35 and is all-in
Uncalled bet ($0.76) returned to WeXx33
*** RIVER *** [3c 8c 4d Js] [Td]
*** SHOW DOWN ***
Dorex2007: shows [Ts Th] (three of a kind, Tens)
WeXx33: shows [Ks Kd] (a pair of Kings)
Dorex2007 collected $3.93 from pot
*** SUMMARY ***
Total pot $4.07 | Rake $0.14 
Board [3c 8c 4d Js Td]
Seat 1: Novalis 11 (button) folded before Flop (didn't bet)
Seat 2: mendel777 (small blind) folded before Flop
Seat 3: viejoperro44 (big blind) folded before Flop
Seat 4: Dorex2007 showed [Ts Th] and won ($3.93) with three of a kind, Tens
Seat 5: K.Asatryan folded before Flop (didn't bet)
Seat 6: boarddiver folded before Flop (didn't bet)
Seat 7: Pepono101 folded before Flop (didn't bet)
Seat 8: Rad wings folded before Flop
Seat 9: WeXx33 showed [Ks Kd] and lost with a pair of Kings



PokerStars Hand #228199912011:  Hold'em No Limit ($0.01/$0.02 USD) - 2021/07/10 14:37:46 PT [2021/07/10 17:37:46 ET]
Table 'Gabriella V' 9-max Seat #2 is the button
Seat 1: Novalis 11 ($2.13 in chips) 
Seat 2: mendel777 ($1.77 in chips) 
Seat 3: viejoperro44 ($2.05 in chips) 
Seat 4: Dorex2007 ($3.93 in chips) 
Seat 5: K.Asatryan ($1.82 in chips) 
Seat 6: boarddiver ($2.04 in chips) 
Seat 7: Pepono101 ($2.71 in chips) 
Seat 8: Rad wings ($1.38 in chips) 
Seat 9: WeXx33 ($4.16 in chips) 
viejoperro44: posts small blind $0.01
Dorex2007: posts big blind $0.02
*** HOLE CARDS ***
Dealt to Dorex2007 [6h 4c]
K.Asatryan: folds 
boarddiver: calls $0.02
Pepono101: folds 
Rad wings: folds 
WeXx33: folds 
Novalis 11: calls $0.02
mendel777: folds 
viejoperro44: calls $0.01
Dorex2007: checks 
*** FLOP *** [8c 4s 3s]
viejoperro44: bets $0.04
Dorex2007 said, "easy go easy come....ridiculous"
Dorex2007: folds 
boarddiver: calls $0.04
Novalis 11: calls $0.04
*** TURN *** [8c 4s 3s] [Kh]
viejoperro44: checks 
boarddiver: bets $0.10
Novalis 11: calls $0.10
viejoperro44: folds 
*** RIVER *** [8c 4s 3s Kh] [Qs]
boarddiver: checks 
Novalis 11: checks 
*** SHOW DOWN ***
boarddiver: shows [Kc Ts] (a pair of Kings)
Novalis 11: mucks hand 
boarddiver collected $0.39 from pot
*** SUMMARY ***
Total pot $0.40 | Rake $0.01 
Board [8c 4s 3s Kh Qs]
Seat 1: Novalis 11 mucked [Ac 8h]
Seat 2: mendel777 (button) folded before Flop (didn't bet)
Seat 3: viejoperro44 (small blind) folded on the Turn
Seat 4: Dorex2007 (big blind) folded on the Flop
Seat 5: K.Asatryan folded before Flop (didn't bet)
Seat 6: boarddiver showed [Kc Ts] and won ($0.39) with a pair of Kings
Seat 7: Pepono101 folded before Flop (didn't bet)
Seat 8: Rad wings folded before Flop (didn't bet)
Seat 9: WeXx33 folded before Flop (didn't bet)



PokerStars Hand #228199934713:  Hold'em No Limit ($0.01/$0.02 USD) - 2021/07/10 14:38:41 PT [2021/07/10 17:38:41 ET]
Table 'Gabriella V' 9-max Seat #3 is the button
Seat 1: Novalis 11 ($1.97 in chips) 
Seat 2: mendel777 ($1.77 in chips) 
Seat 3: viejoperro44 ($2 in chips) 
Seat 4: Dorex2007 ($3.91 in chips) 
Seat 5: K.Asatryan ($1.82 in chips) 
Seat 6: boarddiver ($2.27 in chips) 
Seat 7: Pepono101 ($2.71 in chips) 
Seat 8: Rad wings ($1.38 in chips) 
Seat 9: WeXx33 ($4.16 in chips) 
Dorex2007: posts small blind $0.01
K.Asatryan: posts big blind $0.02
*** HOLE CARDS ***
Dealt to Dorex2007 [7c 6d]
boarddiver: folds 
Pepono101: folds 
Rad wings: folds 
WeXx33: raises $0.04 to $0.06
Novalis 11: folds 
mendel777: folds 
viejoperro44: folds 
Dorex2007: folds 
K.Asatryan: folds 
Uncalled bet ($0.04) returned to WeXx33
WeXx33 collected $0.05 from pot
WeXx33: doesn't show hand 
*** SUMMARY ***
Total pot $0.05 | Rake $0 
Seat 1: Novalis 11 folded before Flop (didn't bet)
Seat 2: mendel777 folded before Flop (didn't bet)
Seat 3: viejoperro44 (button) folded before Flop (didn't bet)
Seat 4: Dorex2007 (small blind) folded before Flop
Seat 5: K.Asatryan (big blind) folded before Flop
Seat 6: boarddiver folded before Flop (didn't bet)
Seat 7: Pepono101 folded before Flop (didn't bet)
Seat 8: Rad wings folded before Flop (didn't bet)
Seat 9: WeXx33 collected ($0.05)



PokerStars Hand #228199941370:  Hold'em No Limit ($0.01/$0.02 USD) - 2021/07/10 14:38:57 PT [2021/07/10 17:38:57 ET]
Table 'Gabriella V' 9-max Seat #4 is the button
Seat 1: Novalis 11 ($1.97 in chips) 
Seat 2: mendel777 ($1.77 in chips) 
Seat 3: viejoperro44 ($2 in chips) 
Seat 4: Dorex2007 ($3.90 in chips) 
Seat 5: K.Asatryan ($1.80 in chips) 
Seat 6: boarddiver ($2.27 in chips) 
Seat 7: Pepono101 ($2.71 in chips) 
Seat 8: Rad wings ($1.38 in chips) 
Seat 9: WeXx33 ($4.19 in chips) 
K.Asatryan: posts small blind $0.01
boarddiver: posts big blind $0.02
*** HOLE CARDS ***
Dealt to Dorex2007 [5h Tc]
Pepono101: calls $0.02
Rad wings: folds 
WeXx33: folds 
Novalis 11: folds 
mendel777: folds 
viejoperro44: folds 
Dorex2007: folds 
K.Asatryan: folds 
boarddiver: checks 
*** FLOP *** [Td Kd 3c]
boarddiver: checks 
Pepono101: checks 
*** TURN *** [Td Kd 3c] [4d]
boarddiver: checks 
Pepono101: checks 
*** RIVER *** [Td Kd 3c 4d] [Ks]
boarddiver: checks 
Pepono101: bets $0.03
boarddiver: calls $0.03
*** SHOW DOWN ***
Pepono101: shows [6d Ad] (a flush, Ace high)
boarddiver: mucks hand 
Pepono101 collected $0.11 from pot
*** SUMMARY ***
Total pot $0.11 | Rake $0 
Board [Td Kd 3c 4d Ks]
Seat 1: Novalis 11 folded before Flop (didn't bet)
Seat 2: mendel777 folded before Flop (didn't bet)
Seat 3: viejoperro44 folded before Flop (didn't bet)
Seat 4: Dorex2007 (button) folded before Flop (didn't bet)
Seat 5: K.Asatryan (small blind) folded before Flop
Seat 6: boarddiver (big blind) mucked [8c Ah]
Seat 7: Pepono101 showed [6d Ad] and won ($0.11) with a flush, Ace high
Seat 8: Rad wings folded before Flop (didn't bet)
Seat 9: WeXx33 folded before Flop (didn't bet)



PokerStars Hand #228199971359:  Hold'em No Limit ($0.01/$0.02 USD) - 2021/07/10 14:40:11 PT [2021/07/10 17:40:11 ET]
Table 'Gabriella V' 9-max Seat #5 is the button
Seat 1: Novalis 11 ($1.97 in chips) 
Seat 2: mendel777 ($1.77 in chips) 
Seat 3: viejoperro44 ($2 in chips) 
Seat 4: Dorex2007 ($3.90 in chips) 
Seat 5: K.Asatryan ($1.79 in chips) 
Seat 6: boarddiver ($2.22 in chips) 
Seat 7: Pepono101 ($2.77 in chips) 
Seat 8: Rad wings ($1.38 in chips) 
Seat 9: WeXx33 ($4.19 in chips) 
boarddiver: posts small blind $0.01
Pepono101: posts big blind $0.02
*** HOLE CARDS ***
Dealt to Dorex2007 [Qh 9c]
Rad wings: folds 
WeXx33: folds 
Novalis 11: folds 
mendel777: raises $0.04 to $0.06
viejoperro44: folds 
Dorex2007: folds 
K.Asatryan: calls $0.06
boarddiver: folds 
Pepono101: folds 
*** FLOP *** [Tc 7c 3s]
mendel777: bets $0.08
K.Asatryan: folds 
Uncalled bet ($0.08) returned to mendel777
mendel777 collected $0.14 from pot
mendel777: doesn't show hand 
*** SUMMARY ***
Total pot $0.15 | Rake $0.01 
Board [Tc 7c 3s]
Seat 1: Novalis 11 folded before Flop (didn't bet)
Seat 2: mendel777 collected ($0.14)
Seat 3: viejoperro44 folded before Flop (didn't bet)
Seat 4: Dorex2007 folded before Flop (didn't bet)
Seat 5: K.Asatryan (button) folded on the Flop
Seat 6: boarddiver (small blind) folded before Flop
Seat 7: Pepono101 (big blind) folded before Flop
Seat 8: Rad wings folded before Flop (didn't bet)
Seat 9: WeXx33 folded before Flop (didn't bet)



PokerStars Hand #228199986503:  Hold'em No Limit ($0.01/$0.02 USD) - 2021/07/10 14:40:48 PT [2021/07/10 17:40:48 ET]
Table 'Gabriella V' 9-max Seat #6 is the button
Seat 1: Novalis 11 ($1.97 in chips) 
Seat 2: mendel777 ($1.85 in chips) 
Seat 3: viejoperro44 ($2 in chips) 
Seat 4: Dorex2007 ($3.90 in chips) 
Seat 5: K.Asatryan ($1.73 in chips) 
Seat 6: boarddiver ($2.21 in chips) 
Seat 7: Pepono101 ($2.75 in chips) 
Seat 8: Rad wings ($1.38 in chips) 
Seat 9: WeXx33 ($4.19 in chips) 
Pepono101: posts small blind $0.01
Rad wings: posts big blind $0.02
*** HOLE CARDS ***
Dealt to Dorex2007 [9d 6d]
WeXx33: folds 
Novalis 11: calls $0.02
mendel777: folds 
viejoperro44: folds 
Dorex2007: folds 
K.Asatryan: folds 
boarddiver: folds 
Pepono101: calls $0.01
Rad wings: checks 
*** FLOP *** [Jh Kc 5s]
Pepono101: checks 
Rad wings: checks 
Novalis 11: checks 
*** TURN *** [Jh Kc 5s] [5c]
Pepono101: checks 
Rad wings: bets $0.03
Novalis 11: folds 
Pepono101: calls $0.03
*** RIVER *** [Jh Kc 5s 5c] [Qh]
Pepono101: checks 
Rad wings: checks 
*** SHOW DOWN ***
Pepono101: shows [8d 5h] (three of a kind, Fives)
Rad wings: mucks hand 
Pepono101 collected $0.12 from pot
*** SUMMARY ***
Total pot $0.12 | Rake $0 
Board [Jh Kc 5s 5c Qh]
Seat 1: Novalis 11 folded on the Turn
Seat 2: mendel777 folded before Flop (didn't bet)
Seat 3: viejoperro44 folded before Flop (didn't bet)
Seat 4: Dorex2007 folded before Flop (didn't bet)
Seat 5: K.Asatryan folded before Flop (didn't bet)
Seat 6: boarddiver (button) folded before Flop (didn't bet)
Seat 7: Pepono101 (small blind) showed [8d 5h] and won ($0.12) with three of a kind, Fives
Seat 8: Rad wings (big blind) mucked [3s Kh]
Seat 9: WeXx33 folded before Flop (didn't bet)



PokerStars Hand #228200005949:  Hold'em No Limit ($0.01/$0.02 USD) - 2021/07/10 14:41:36 PT [2021/07/10 17:41:36 ET]
Table 'Gabriella V' 9-max Seat #7 is the button
Seat 1: Novalis 11 ($1.95 in chips) 
Seat 2: mendel777 ($1.85 in chips) 
Seat 3: viejoperro44 ($2 in chips) 
Seat 4: Dorex2007 ($3.90 in chips) 
Seat 5: K.Asatryan ($1.73 in chips) 
Seat 6: boarddiver ($2.21 in chips) 
Seat 7: Pepono101 ($2.82 in chips) 
Seat 8: Rad wings ($1.33 in chips) 
Seat 9: WeXx33 ($4.19 in chips) 
Rad wings: posts small blind $0.01
WeXx33: posts big blind $0.02
*** HOLE CARDS ***
Dealt to Dorex2007 [Qh 3c]
Novalis 11: folds 
mendel777: folds 
viejoperro44: folds 
Dorex2007: folds 
K.Asatryan: folds 
boarddiver: folds 
Pepono101: calls $0.02
Rad wings: calls $0.01
WeXx33: checks 
*** FLOP *** [8d 7s 4d]
Rad wings: checks 
WeXx33: checks 
Pepono101: checks 
*** TURN *** [8d 7s 4d] [3h]
Rad wings: checks 
WeXx33: checks 
Pepono101: bets $0.06
Rad wings: folds 
WeXx33: folds 
Uncalled bet ($0.06) returned to Pepono101
Pepono101 collected $0.06 from pot
Pepono101: doesn't show hand 
*** SUMMARY ***
Total pot $0.06 | Rake $0 
Board [8d 7s 4d 3h]
Seat 1: Novalis 11 folded before Flop (didn't bet)
Seat 2: mendel777 folded before Flop (didn't bet)
Seat 3: viejoperro44 folded before Flop (didn't bet)
Seat 4: Dorex2007 folded before Flop (didn't bet)
Seat 5: K.Asatryan folded before Flop (didn't bet)
Seat 6: boarddiver folded before Flop (didn't bet)
Seat 7: Pepono101 (button) collected ($0.06)
Seat 8: Rad wings (small blind) folded on the Turn
Seat 9: WeXx33 (big blind) folded on the Turn



PokerStars Hand #228200021249:  Hold'em No Limit ($0.01/$0.02 USD) - 2021/07/10 14:42:14 PT [2021/07/10 17:42:14 ET]
Table 'Gabriella V' 9-max Seat #8 is the button
Seat 1: Novalis 11 ($1.95 in chips) 
Seat 2: mendel777 ($1.85 in chips) 
Seat 3: viejoperro44 ($2 in chips) 
Seat 4: Dorex2007 ($3.90 in chips) 
Seat 5: K.Asatryan ($1.73 in chips) 
Seat 6: boarddiver ($2.21 in chips) 
Seat 7: Pepono101 ($2.86 in chips) 
Seat 8: Rad wings ($1.31 in chips) 
Seat 9: WeXx33 ($4.17 in chips) 
WeXx33: posts small blind $0.01
Novalis 11: posts big blind $0.02
*** HOLE CARDS ***
Dealt to Dorex2007 [As Ks]
mendel777: folds 
viejoperro44: folds 
Dorex2007: raises $0.02 to $0.04
K.Asatryan: folds 
boarddiver: folds 
Pepono101: folds 
Rad wings: folds 
WeXx33: folds 
Novalis 11: folds 
Uncalled bet ($0.02) returned to Dorex2007
Dorex2007 collected $0.05 from pot
Dorex2007: doesn't show hand 
*** SUMMARY ***
Total pot $0.05 | Rake $0 
Seat 1: Novalis 11 (big blind) folded before Flop
Seat 2: mendel777 folded before Flop (didn't bet)
Seat 3: viejoperro44 folded before Flop (didn't bet)
Seat 4: Dorex2007 collected ($0.05)
Seat 5: K.Asatryan folded before Flop (didn't bet)
Seat 6: boarddiver folded before Flop (didn't bet)
Seat 7: Pepono101 folded before Flop (didn't bet)
Seat 8: Rad wings (button) folded before Flop (didn't bet)
Seat 9: WeXx33 (small blind) folded before Flop



PokerStars Hand #228200027401:  Hold'em No Limit ($0.01/$0.02 USD) - 2021/07/10 14:42:29 PT [2021/07/10 17:42:29 ET]
Table 'Gabriella V' 9-max Seat #9 is the button
Seat 1: Novalis 11 ($1.93 in chips) 
Seat 3: viejoperro44 ($2 in chips) 
Seat 4: Dorex2007 ($3.93 in chips) 
Seat 5: K.Asatryan ($1.73 in chips) 
Seat 6: boarddiver ($2.21 in chips) 
Seat 7: Pepono101 ($2.86 in chips) 
Seat 8: Rad wings ($1.31 in chips) 
Seat 9: WeXx33 ($4.16 in chips) 
Novalis 11: posts small blind $0.01
mendel777: is sitting out 
viejoperro44: posts big blind $0.02
*** HOLE CARDS ***
Dealt to Dorex2007 [Ad Jc]
Dorex2007: folds 
K.Asatryan: folds 
boarddiver: folds 
Pepono101: raises $0.02 to $0.04
Rad wings: calls $0.04
WeXx33: folds 
Novalis 11: calls $0.03
viejoperro44: folds 
*** FLOP *** [Ks Th Kh]
mendel777 leaves the table
Novalis 11: checks 
Pepono101: checks 
Rad wings: bets $0.02
Novalis 11: calls $0.02
Pepono101: calls $0.02
*** TURN *** [Ks Th Kh] [4d]
Novalis 11: checks 
Pepono101: checks 
Rad wings: bets $0.10
Novalis 11: folds 
Pepono101: folds 
Uncalled bet ($0.10) returned to Rad wings
Rad wings collected $0.19 from pot
*** SUMMARY ***
Total pot $0.20 | Rake $0.01 
Board [Ks Th Kh 4d]
Seat 1: Novalis 11 (small blind) folded on the Turn
Seat 3: viejoperro44 (big blind) folded before Flop
Seat 4: Dorex2007 folded before Flop (didn't bet)
Seat 5: K.Asatryan folded before Flop (didn't bet)
Seat 6: boarddiver folded before Flop (didn't bet)
Seat 7: Pepono101 folded on the Turn
Seat 8: Rad wings collected ($0.19)
Seat 9: WeXx33 (button) folded before Flop (didn't bet)



PokerStars Hand #228200056428:  Hold'em No Limit ($0.01/$0.02 USD) - 2021/07/10 14:43:22 PT [2021/07/10 17:43:22 ET]
Table 'Gabriella V' 9-max Seat #1 is the button
Seat 1: Novalis 11 ($1.87 in chips) 
Seat 3: viejoperro44 ($2 in chips) 
Seat 4: Dorex2007 ($3.93 in chips) 
Seat 5: K.Asatryan ($1.73 in chips) 
Seat 6: boarddiver ($2.21 in chips) 
Seat 7: Pepono101 ($2.80 in chips) 
Seat 8: Rad wings ($1.44 in chips) 
Seat 9: WeXx33 ($4.16 in chips) 
viejoperro44: posts small blind $0.01
Dorex2007: posts big blind $0.02
*** HOLE CARDS ***
Dealt to Dorex2007 [9h Ac]
K.Asatryan: folds 
boarddiver: folds 
Pepono101: folds 
Rad wings: folds 
WeXx33: raises $0.04 to $0.06
Novalis 11: folds 
viejoperro44: folds 
Dorex2007: folds 
Uncalled bet ($0.04) returned to WeXx33
4opl1a joins the table at seat #2 
WeXx33 collected $0.05 from pot
WeXx33: doesn't show hand 
*** SUMMARY ***
Total pot $0.05 | Rake $0 
Seat 1: Novalis 11 (button) folded before Flop (didn't bet)
Seat 3: viejoperro44 (small blind) folded before Flop
Seat 4: Dorex2007 (big blind) folded before Flop
Seat 5: K.Asatryan folded before Flop (didn't bet)
Seat 6: boarddiver folded before Flop (didn't bet)
Seat 7: Pepono101 folded before Flop (didn't bet)
Seat 8: Rad wings folded before Flop (didn't bet)
Seat 9: WeXx33 collected ($0.05)



PokerStars Hand #228200066148:  Hold'em No Limit ($0.01/$0.02 USD) - 2021/07/10 14:43:46 PT [2021/07/10 17:43:46 ET]
Table 'Gabriella V' 9-max Seat #3 is the button
Seat 1: Novalis 11 ($1.87 in chips) 
Seat 3: viejoperro44 ($2 in chips) 
Seat 4: Dorex2007 ($3.91 in chips) 
Seat 5: K.Asatryan ($1.73 in chips) 
Seat 6: boarddiver ($2.21 in chips) 
Seat 7: Pepono101 ($2.80 in chips) 
Seat 8: Rad wings ($1.44 in chips) 
Seat 9: WeXx33 ($4.19 in chips) 
Dorex2007: posts small blind $0.01
K.Asatryan: posts big blind $0.02
4opl1a: sits out 
*** HOLE CARDS ***
Dealt to Dorex2007 [8h 5c]
boarddiver: folds 
Pepono101: raises $0.02 to $0.04
Rad wings: folds 
WeXx33: folds 
Novalis 11: folds 
viejoperro44: folds 
Dorex2007: folds 
K.Asatryan: folds 
Uncalled bet ($0.02) returned to Pepono101
Pepono101 collected $0.05 from pot
Pepono101: doesn't show hand 
*** SUMMARY ***
Total pot $0.05 | Rake $0 
Seat 1: Novalis 11 folded before Flop (didn't bet)
Seat 3: viejoperro44 (button) folded before Flop (didn't bet)
Seat 4: Dorex2007 (small blind) folded before Flop
Seat 5: K.Asatryan (big blind) folded before Flop
Seat 6: boarddiver folded before Flop (didn't bet)
Seat 7: Pepono101 collected ($0.05)
Seat 8: Rad wings folded before Flop (didn't bet)
Seat 9: WeXx33 folded before Flop (didn't bet)



PokerStars Hand #228200073425:  Hold'em No Limit ($0.01/$0.02 USD) - 2021/07/10 14:44:04 PT [2021/07/10 17:44:04 ET]
Table 'Gabriella V' 9-max Seat #4 is the button
Seat 1: Novalis 11 ($1.87 in chips) 
Seat 3: viejoperro44 ($2 in chips) 
Seat 4: Dorex2007 ($3.90 in chips) 
Seat 5: K.Asatryan ($1.71 in chips) 
Seat 6: boarddiver ($2.21 in chips) 
Seat 7: Pepono101 ($2.83 in chips) 
Seat 8: Rad wings ($1.44 in chips) 
Seat 9: WeXx33 ($4.19 in chips) 
K.Asatryan: posts small blind $0.01
boarddiver: posts big blind $0.02
4opl1a: sits out 
*** HOLE CARDS ***
Dealt to Dorex2007 [6d 5c]
Pepono101: folds 
Rad wings: folds 
WeXx33: folds 
Novalis 11: calls $0.02
viejoperro44: folds 
Dorex2007: folds 
K.Asatryan: folds 
boarddiver: checks 
*** FLOP *** [4d Qd Ac]
boarddiver: checks 
Novalis 11: checks 
*** TURN *** [4d Qd Ac] [Th]
boarddiver: bets $0.03
Novalis 11: folds 
Uncalled bet ($0.03) returned to boarddiver
boarddiver collected $0.05 from pot
boarddiver: doesn't show hand 
*** SUMMARY ***
Total pot $0.05 | Rake $0 
Board [4d Qd Ac Th]
Seat 1: Novalis 11 folded on the Turn
Seat 3: viejoperro44 folded before Flop (didn't bet)
Seat 4: Dorex2007 (button) folded before Flop (didn't bet)
Seat 5: K.Asatryan (small blind) folded before Flop
Seat 6: boarddiver (big blind) collected ($0.05)
Seat 7: Pepono101 folded before Flop (didn't bet)
Seat 8: Rad wings folded before Flop (didn't bet)
Seat 9: WeXx33 folded before Flop (didn't bet)



PokerStars Hand #228200088267:  Hold'em No Limit ($0.01/$0.02 USD) - 2021/07/10 14:44:41 PT [2021/07/10 17:44:41 ET]
Table 'Gabriella V' 9-max Seat #5 is the button
Seat 1: Novalis 11 ($1.85 in chips) 
Seat 3: viejoperro44 ($2 in chips) 
Seat 4: Dorex2007 ($3.90 in chips) 
Seat 5: K.Asatryan ($1.70 in chips) 
Seat 6: boarddiver ($2.24 in chips) 
Seat 7: Pepono101 ($2.83 in chips) 
Seat 8: Rad wings ($1.44 in chips) 
Seat 9: WeXx33 ($4.19 in chips) 
boarddiver: posts small blind $0.01
Pepono101: posts big blind $0.02
4opl1a: sits out 
*** HOLE CARDS ***
Dealt to Dorex2007 [8c 8s]
Rad wings: raises $0.02 to $0.04
WeXx33: folds 
Novalis 11: folds 
viejoperro44: folds 
Dorex2007: calls $0.04
K.Asatryan: folds 
boarddiver: calls $0.03
Pepono101: folds 
*** FLOP *** [2d Kh 7h]
boarddiver: checks 
Rad wings: checks 
Dorex2007: bets $0.07
boarddiver: folds 
Rad wings: folds 
Uncalled bet ($0.07) returned to Dorex2007
Dorex2007 collected $0.14 from pot
Dorex2007: doesn't show hand 
*** SUMMARY ***
Total pot $0.14 | Rake $0 
Board [2d Kh 7h]
Seat 1: Novalis 11 folded before Flop (didn't bet)
Seat 3: viejoperro44 folded before Flop (didn't bet)
Seat 4: Dorex2007 collected ($0.14)
Seat 5: K.Asatryan (button) folded before Flop (didn't bet)
Seat 6: boarddiver (small blind) folded on the Flop
Seat 7: Pepono101 (big blind) folded before Flop
Seat 8: Rad wings folded on the Flop
Seat 9: WeXx33 folded before Flop (didn't bet)



PokerStars Hand #228200113919:  Hold'em No Limit ($0.01/$0.02 USD) - 2021/07/10 14:45:45 PT [2021/07/10 17:45:45 ET]
Table 'Gabriella V' 9-max Seat #6 is the button
Seat 1: Novalis 11 ($1.85 in chips) 
Seat 3: viejoperro44 ($2 in chips) 
Seat 4: Dorex2007 ($4 in chips) 
Seat 5: K.Asatryan ($1.70 in chips) 
Seat 6: boarddiver ($2.20 in chips) 
Seat 7: Pepono101 ($2.81 in chips) 
Seat 8: Rad wings ($1.40 in chips) 
Seat 9: WeXx33 ($4.19 in chips) 
Pepono101: posts small blind $0.01
Rad wings: posts big blind $0.02
4opl1a: sits out 
*** HOLE CARDS ***
Dealt to Dorex2007 [Qs 7s]
WeXx33: folds 
Novalis 11: calls $0.02
viejoperro44: folds 
Dorex2007: folds 
K.Asatryan: folds 
boarddiver: calls $0.02
Pepono101: calls $0.01
Rad wings: checks 
*** FLOP *** [5c 3h 2h]
Pepono101: checks 
Rad wings: checks 
Novalis 11: checks 
boarddiver: bets $0.04
Pepono101: calls $0.04
Rad wings: calls $0.04
Novalis 11: folds 
*** TURN *** [5c 3h 2h] [6c]
Pepono101: checks 
Rad wings: bets $0.12
boarddiver: folds 
Pepono101: folds 
Uncalled bet ($0.12) returned to Rad wings
Rad wings collected $0.19 from pot
*** SUMMARY ***
Total pot $0.20 | Rake $0.01 
Board [5c 3h 2h 6c]
Seat 1: Novalis 11 folded on the Flop
Seat 3: viejoperro44 folded before Flop (didn't bet)
Seat 4: Dorex2007 folded before Flop (didn't bet)
Seat 5: K.Asatryan folded before Flop (didn't bet)
Seat 6: boarddiver (button) folded on the Turn
Seat 7: Pepono101 (small blind) folded on the Turn
Seat 8: Rad wings (big blind) collected ($0.19)
Seat 9: WeXx33 folded before Flop (didn't bet)



PokerStars Hand #228200137939:  Hold'em No Limit ($0.01/$0.02 USD) - 2021/07/10 14:46:44 PT [2021/07/10 17:46:44 ET]
Table 'Gabriella V' 9-max Seat #7 is the button
Seat 1: Novalis 11 ($1.83 in chips) 
Seat 3: viejoperro44 ($2 in chips) 
Seat 4: Dorex2007 ($4 in chips) 
Seat 5: K.Asatryan ($1.70 in chips) 
Seat 6: boarddiver ($2.14 in chips) 
Seat 7: Pepono101 ($2.75 in chips) 
Seat 8: Rad wings ($1.53 in chips) 
Seat 9: WeXx33 ($4.19 in chips) 
Rad wings: posts small blind $0.01
WeXx33: posts big blind $0.02
4opl1a: sits out 
*** HOLE CARDS ***
Dealt to Dorex2007 [Qc 6s]
Novalis 11: folds 
viejoperro44: raises $0.04 to $0.06
Dorex2007: folds 
K.Asatryan: folds 
boarddiver: calls $0.06
Pepono101: calls $0.06
Rad wings: folds 
WeXx33: calls $0.04
*** FLOP *** [Ts 5c 2h]
WeXx33: checks 
viejoperro44: bets $0.14
boarddiver: calls $0.14
Pepono101: calls $0.14
WeXx33: folds 
*** TURN *** [Ts 5c 2h] [8h]
viejoperro44: bets $0.33
boarddiver: folds 
Pepono101: calls $0.33
*** RIVER *** [Ts 5c 2h 8h] [Kc]
viejoperro44: bets $0.66
Pepono101: calls $0.66
*** SHOW DOWN ***
viejoperro44: shows [Kd Kh] (three of a kind, Kings)
Pepono101: mucks hand 
viejoperro44 collected $2.56 from pot
*** SUMMARY ***
Total pot $2.65 | Rake $0.09 
Board [Ts 5c 2h 8h Kc]
Seat 1: Novalis 11 folded before Flop (didn't bet)
Seat 3: viejoperro44 showed [Kd Kh] and won ($2.56) with three of a kind, Kings
Seat 4: Dorex2007 folded before Flop (didn't bet)
Seat 5: K.Asatryan folded before Flop (didn't bet)
Seat 6: boarddiver folded on the Turn
Seat 7: Pepono101 (button) mucked [2d 2c]
Seat 8: Rad wings (small blind) folded before Flop
Seat 9: WeXx33 (big blind) folded on the Flop



PokerStars Hand #228200182235:  Hold'em No Limit ($0.01/$0.02 USD) - 2021/07/10 14:48:34 PT [2021/07/10 17:48:34 ET]
Table 'Gabriella V' 9-max Seat #8 is the button
Seat 1: Novalis 11 ($1.83 in chips) 
Seat 3: viejoperro44 ($3.37 in chips) 
Seat 4: Dorex2007 ($4 in chips) 
Seat 5: K.Asatryan ($1.70 in chips) 
Seat 6: boarddiver ($1.94 in chips) 
Seat 7: Pepono101 ($1.56 in chips) 
Seat 8: Rad wings ($1.52 in chips) 
Seat 9: WeXx33 ($4.13 in chips) 
WeXx33: posts small blind $0.01
Novalis 11: posts big blind $0.02
4opl1a: sits out 
*** HOLE CARDS ***
Dealt to Dorex2007 [2d 2c]
viejoperro44: folds 
Dorex2007: folds 
K.Asatryan: folds 
boarddiver: calls $0.02
Pepono101: folds 
Rad wings: folds 
WeXx33: folds 
Novalis 11: checks 
*** FLOP *** [3c 6h 9d]
Novalis 11: checks 
boarddiver: bets $0.02
Novalis 11: calls $0.02
*** TURN *** [3c 6h 9d] [Kd]
Novalis 11: checks 
boarddiver: bets $0.05
Novalis 11: folds 
Uncalled bet ($0.05) returned to boarddiver
boarddiver collected $0.09 from pot
boarddiver: doesn't show hand 
*** SUMMARY ***
Total pot $0.09 | Rake $0 
Board [3c 6h 9d Kd]
Seat 1: Novalis 11 (big blind) folded on the Turn
Seat 3: viejoperro44 folded before Flop (didn't bet)
Seat 4: Dorex2007 folded before Flop (didn't bet)
Seat 5: K.Asatryan folded before Flop (didn't bet)
Seat 6: boarddiver collected ($0.09)
Seat 7: Pepono101 folded before Flop (didn't bet)
Seat 8: Rad wings (button) folded before Flop (didn't bet)
Seat 9: WeXx33 (small blind) folded before Flop



PokerStars Hand #228200201331:  Hold'em No Limit ($0.01/$0.02 USD) - 2021/07/10 14:49:21 PT [2021/07/10 17:49:21 ET]
Table 'Gabriella V' 9-max Seat #9 is the button
Seat 1: Novalis 11 ($1.79 in chips) 
Seat 2: 4opl1a ($2 in chips) 
Seat 3: viejoperro44 ($3.37 in chips) 
Seat 4: Dorex2007 ($4 in chips) 
Seat 5: K.Asatryan ($1.70 in chips) 
Seat 6: boarddiver ($1.99 in chips) 
Seat 7: Pepono101 ($1.56 in chips) 
Seat 8: Rad wings ($1.52 in chips) 
Seat 9: WeXx33 ($4.12 in chips) 
Novalis 11: posts small blind $0.01
4opl1a: posts big blind $0.02
*** HOLE CARDS ***
Dealt to Dorex2007 [Kh 6s]
viejoperro44: folds 
Dorex2007: folds 
K.Asatryan: folds 
boarddiver: folds 
Pepono101: raises $0.02 to $0.04
Rad wings: folds 
WeXx33: folds 
Novalis 11: folds 
4opl1a: folds 
Uncalled bet ($0.02) returned to Pepono101
Pepono101 collected $0.05 from pot
Pepono101: doesn't show hand 
*** SUMMARY ***
Total pot $0.05 | Rake $0 
Seat 1: Novalis 11 (small blind) folded before Flop
Seat 2: 4opl1a (big blind) folded before Flop
Seat 3: viejoperro44 folded before Flop (didn't bet)
Seat 4: Dorex2007 folded before Flop (didn't bet)
Seat 5: K.Asatryan folded before Flop (didn't bet)
Seat 6: boarddiver folded before Flop (didn't bet)
Seat 7: Pepono101 collected ($0.05)
Seat 8: Rad wings folded before Flop (didn't bet)
Seat 9: WeXx33 (button) folded before Flop (didn't bet)



PokerStars Hand #228200209224:  Hold'em No Limit ($0.01/$0.02 USD) - 2021/07/10 14:49:41 PT [2021/07/10 17:49:41 ET]
Table 'Gabriella V' 9-max Seat #1 is the button
Seat 1: Novalis 11 ($1.78 in chips) 
Seat 2: 4opl1a ($2 in chips) 
Seat 3: viejoperro44 ($3.37 in chips) 
Seat 4: Dorex2007 ($4 in chips) 
Seat 5: K.Asatryan ($1.70 in chips) 
Seat 6: boarddiver ($1.99 in chips) 
Seat 7: Pepono101 ($1.59 in chips) 
Seat 8: Rad wings ($1.52 in chips) 
Seat 9: WeXx33 ($4.12 in chips) 
4opl1a: posts small blind $0.01
viejoperro44: posts big blind $0.02
*** HOLE CARDS ***
Dealt to Dorex2007 [Qs 2h]
Dorex2007: folds 
K.Asatryan: folds 
boarddiver: calls $0.02
Pepono101: folds 
Rad wings: folds 
WeXx33: folds 
Novalis 11: calls $0.02
4opl1a: folds 
viejoperro44: checks 
*** FLOP *** [2d 4h 7s]
viejoperro44: checks 
boarddiver: checks 
Novalis 11: checks 
*** TURN *** [2d 4h 7s] [6c]
viejoperro44: checks 
boarddiver: checks 
Novalis 11: checks 
*** RIVER *** [2d 4h 7s 6c] [Jd]
viejoperro44: checks 
boarddiver: checks 
Novalis 11: checks 
*** SHOW DOWN ***
viejoperro44: shows [Kd 2s] (a pair of Deuces)
boarddiver: mucks hand 
Novalis 11: mucks hand 
viejoperro44 collected $0.07 from pot
*** SUMMARY ***
Total pot $0.07 | Rake $0 
Board [2d 4h 7s 6c Jd]
Seat 1: Novalis 11 (button) mucked [8c Ah]
Seat 2: 4opl1a (small blind) folded before Flop
Seat 3: viejoperro44 (big blind) showed [Kd 2s] and won ($0.07) with a pair of Deuces
Seat 4: Dorex2007 folded before Flop (didn't bet)
Seat 5: K.Asatryan folded before Flop (didn't bet)
Seat 6: boarddiver mucked [5s Ad]
Seat 7: Pepono101 folded before Flop (didn't bet)
Seat 8: Rad wings folded before Flop (didn't bet)
Seat 9: WeXx33 folded before Flop (didn't bet)



PokerStars Hand #228200233304:  Hold'em No Limit ($0.01/$0.02 USD) - 2021/07/10 14:50:41 PT [2021/07/10 17:50:41 ET]
Table 'Gabriella V' 9-max Seat #2 is the button
Seat 1: Novalis 11 ($1.76 in chips) 
Seat 2: 4opl1a ($2 in chips) 
Seat 3: viejoperro44 ($3.42 in chips) 
Seat 4: Dorex2007 ($4 in chips) 
Seat 5: K.Asatryan ($1.70 in chips) 
Seat 6: boarddiver ($1.97 in chips) 
Seat 7: Pepono101 ($1.59 in chips) 
Seat 8: Rad wings ($1.52 in chips) 
Seat 9: WeXx33 ($4.12 in chips) 
viejoperro44: posts small blind $0.01
Dorex2007: posts big blind $0.02
*** HOLE CARDS ***
Dealt to Dorex2007 [7c 8d]
K.Asatryan has timed out
K.Asatryan: folds 
boarddiver: folds 
Pepono101: folds 
Rad wings: folds 
WeXx33: folds 
Novalis 11: folds 
4opl1a: folds 
viejoperro44: folds 
Uncalled bet ($0.01) returned to Dorex2007
Dorex2007 collected $0.02 from pot
Dorex2007: doesn't show hand 
*** SUMMARY ***
Total pot $0.02 | Rake $0 
Seat 1: Novalis 11 folded before Flop (didn't bet)
Seat 2: 4opl1a (button) folded before Flop (didn't bet)
Seat 3: viejoperro44 (small blind) folded before Flop
Seat 4: Dorex2007 (big blind) collected ($0.02)
Seat 5: K.Asatryan folded before Flop (didn't bet)
Seat 6: boarddiver folded before Flop (didn't bet)
Seat 7: Pepono101 folded before Flop (didn't bet)
Seat 8: Rad wings folded before Flop (didn't bet)
Seat 9: WeXx33 folded before Flop (didn't bet)



PokerStars Hand #228200241420:  Hold'em No Limit ($0.01/$0.02 USD) - 2021/07/10 14:51:01 PT [2021/07/10 17:51:01 ET]
Table 'Gabriella V' 9-max Seat #3 is the button
Seat 1: Novalis 11 ($1.76 in chips) 
Seat 2: 4opl1a ($2 in chips) 
Seat 3: viejoperro44 ($3.41 in chips) 
Seat 4: Dorex2007 ($4.01 in chips) 
Seat 5: K.Asatryan ($1.70 in chips) 
Seat 6: boarddiver ($1.97 in chips) 
Seat 7: Pepono101 ($1.59 in chips) 
Seat 8: Rad wings ($1.52 in chips) 
Seat 9: WeXx33 ($4.12 in chips) 
Dorex2007: posts small blind $0.01
K.Asatryan: posts big blind $0.02
*** HOLE CARDS ***
Dealt to Dorex2007 [Js 4h]
boarddiver: calls $0.02
Pepono101: folds 
Rad wings: folds 
WeXx33: folds 
Novalis 11: folds 
4opl1a: folds 
viejoperro44: folds 
Dorex2007: folds 
K.Asatryan: checks 
*** FLOP *** [5d Kd 6d]
K.Asatryan: checks 
boarddiver: bets $0.05
K.Asatryan: raises $0.05 to $0.10
boarddiver: raises $0.25 to $0.35
K.Asatryan: raises $0.38 to $0.73
boarddiver: folds 
Uncalled bet ($0.38) returned to K.Asatryan
K.Asatryan collected $0.72 from pot
K.Asatryan: doesn't show hand 
*** SUMMARY ***
Total pot $0.75 | Rake $0.03 
Board [5d Kd 6d]
Seat 1: Novalis 11 folded before Flop (didn't bet)
Seat 2: 4opl1a folded before Flop (didn't bet)
Seat 3: viejoperro44 (button) folded before Flop (didn't bet)
Seat 4: Dorex2007 (small blind) folded before Flop
Seat 5: K.Asatryan (big blind) collected ($0.72)
Seat 6: boarddiver folded on the Flop
Seat 7: Pepono101 folded before Flop (didn't bet)
Seat 8: Rad wings folded before Flop (didn't bet)
Seat 9: WeXx33 folded before Flop (didn't bet)



PokerStars Hand #228200271595:  Hold'em No Limit ($0.01/$0.02 USD) - 2021/07/10 14:52:17 PT [2021/07/10 17:52:17 ET]
Table 'Gabriella V' 9-max Seat #4 is the button
Seat 1: Novalis 11 ($1.76 in chips) 
Seat 2: 4opl1a ($2 in chips) 
Seat 3: viejoperro44 ($3.41 in chips) 
Seat 4: Dorex2007 ($4 in chips) 
Seat 5: K.Asatryan ($2.05 in chips) 
Seat 6: boarddiver ($1.60 in chips) 
Seat 7: Pepono101 ($1.59 in chips) 
Seat 8: Rad wings ($1.52 in chips) 
Seat 9: WeXx33 ($4.12 in chips) 
K.Asatryan: posts small blind $0.01
boarddiver: posts big blind $0.02
*** HOLE CARDS ***
Dealt to Dorex2007 [4c 2c]
Pepono101: calls $0.02
Rad wings: folds 
WeXx33: folds 
Novalis 11: folds 
4opl1a: calls $0.02
viejoperro44: calls $0.02
Dorex2007: folds 
K.Asatryan: folds 
boarddiver: checks 
*** FLOP *** [7s Jc Qc]
boarddiver: checks 
Pepono101: bets $0.09
4opl1a: folds 
viejoperro44: calls $0.09
boarddiver: folds 
*** TURN *** [7s Jc Qc] [8c]
Pepono101: checks 
viejoperro44: checks 
*** RIVER *** [7s Jc Qc 8c] [Kc]
Pepono101: checks 
viejoperro44: checks 
*** SHOW DOWN ***
Pepono101: shows [Ad As] (a pair of Aces)
viejoperro44: shows [7c 7d] (a flush, King high)
viejoperro44 collected $0.26 from pot
*** SUMMARY ***
Total pot $0.27 | Rake $0.01 
Board [7s Jc Qc 8c Kc]
Seat 1: Novalis 11 folded before Flop (didn't bet)
Seat 2: 4opl1a folded on the Flop
Seat 3: viejoperro44 showed [7c 7d] and won ($0.26) with a flush, King high
Seat 4: Dorex2007 (button) folded before Flop (didn't bet)
Seat 5: K.Asatryan (small blind) folded before Flop
Seat 6: boarddiver (big blind) folded on the Flop
Seat 7: Pepono101 showed [Ad As] and lost with a pair of Aces
Seat 8: Rad wings folded before Flop (didn't bet)
Seat 9: WeXx33 folded before Flop (didn't bet)



PokerStars Hand #228200289806:  Hold'em No Limit ($0.01/$0.02 USD) - 2021/07/10 14:53:03 PT [2021/07/10 17:53:03 ET]
Table 'Gabriella V' 9-max Seat #5 is the button
Seat 1: Novalis 11 ($1.76 in chips) 
Seat 2: 4opl1a ($2 in chips) 
Seat 3: viejoperro44 ($3.56 in chips) 
Seat 4: Dorex2007 ($4 in chips) 
Seat 5: K.Asatryan ($2.04 in chips) 
Seat 6: boarddiver ($1.58 in chips) 
Seat 7: Pepono101 ($1.48 in chips) 
Seat 8: Rad wings ($1.52 in chips) 
Seat 9: WeXx33 ($4.12 in chips) 
boarddiver: posts small blind $0.01
Pepono101: posts big blind $0.02
*** HOLE CARDS ***
Dealt to Dorex2007 [4d Tc]
Rad wings: folds 
WeXx33: folds 
Novalis 11: calls $0.02
4opl1a: folds 
viejoperro44: folds 
Dorex2007: folds 
K.Asatryan: raises $0.07 to $0.09
boarddiver: folds 
Pepono101: folds 
Novalis 11: folds 
Uncalled bet ($0.07) returned to K.Asatryan
K.Asatryan collected $0.07 from pot
K.Asatryan: doesn't show hand 
*** SUMMARY ***
Total pot $0.07 | Rake $0 
Seat 1: Novalis 11 folded before Flop
Seat 2: 4opl1a folded before Flop (didn't bet)
Seat 3: viejoperro44 folded before Flop (didn't bet)
Seat 4: Dorex2007 folded before Flop (didn't bet)
Seat 5: K.Asatryan (button) collected ($0.07)
Seat 6: boarddiver (small blind) folded before Flop
Seat 7: Pepono101 (big blind) folded before Flop
Seat 8: Rad wings folded before Flop (didn't bet)
Seat 9: WeXx33 folded before Flop (didn't bet)



PokerStars Hand #228200299693:  Hold'em No Limit ($0.01/$0.02 USD) - 2021/07/10 14:53:28 PT [2021/07/10 17:53:28 ET]
Table 'Gabriella V' 9-max Seat #6 is the button
Seat 1: Novalis 11 ($1.74 in chips) 
Seat 2: 4opl1a ($2 in chips) 
Seat 3: viejoperro44 ($3.56 in chips) 
Seat 4: Dorex2007 ($4 in chips) 
Seat 5: K.Asatryan ($2.09 in chips) 
Seat 6: boarddiver ($1.57 in chips) 
Seat 7: Pepono101 ($1.46 in chips) 
Seat 8: Rad wings ($1.52 in chips) 
Seat 9: WeXx33 ($4.12 in chips) 
Pepono101: posts small blind $0.01
Rad wings: posts big blind $0.02
*** HOLE CARDS ***
Dealt to Dorex2007 [7h 5s]
WeXx33: folds 
Novalis 11: calls $0.02
4opl1a: calls $0.02
viejoperro44: folds 
Dorex2007: folds 
K.Asatryan: calls $0.02
boarddiver: raises $0.04 to $0.06
Pepono101: calls $0.05
Rad wings: calls $0.04
Novalis 11: calls $0.04
4opl1a: calls $0.04
K.Asatryan: calls $0.04
*** FLOP *** [5d Jc Tc]
Pepono101: checks 
Rad wings: checks 
Novalis 11: checks 
4opl1a: checks 
K.Asatryan: checks 
boarddiver: bets $0.18
Pepono101: folds 
Rad wings: calls $0.18
Novalis 11: folds 
4opl1a: folds 
K.Asatryan: folds 
*** TURN *** [5d Jc Tc] [8d]
Rad wings: checks 
boarddiver: bets $0.35
Rad wings: calls $0.35
*** RIVER *** [5d Jc Tc 8d] [Ts]
Rad wings: bets $0.93 and is all-in
boarddiver: calls $0.93
*** SHOW DOWN ***
Rad wings: shows [Qc Th] (three of a kind, Tens)
boarddiver: shows [Kd Kc] (two pair, Kings and Tens)
Rad wings collected $3.17 from pot
*** SUMMARY ***
Total pot $3.28 | Rake $0.11 
Board [5d Jc Tc 8d Ts]
Seat 1: Novalis 11 folded on the Flop
Seat 2: 4opl1a folded on the Flop
Seat 3: viejoperro44 folded before Flop (didn't bet)
Seat 4: Dorex2007 folded before Flop (didn't bet)
Seat 5: K.Asatryan folded on the Flop
Seat 6: boarddiver (button) showed [Kd Kc] and lost with two pair, Kings and Tens
Seat 7: Pepono101 (small blind) folded on the Flop
Seat 8: Rad wings (big blind) showed [Qc Th] and won ($3.17) with three of a kind, Tens
Seat 9: WeXx33 folded before Flop (didn't bet)



PokerStars Hand #228200357536:  Hold'em No Limit ($0.01/$0.02 USD) - 2021/07/10 14:55:36 PT [2021/07/10 17:55:36 ET]
Table 'Gabriella V' 9-max Seat #8 is the button
Seat 1: Novalis 11 ($1.68 in chips) 
Seat 2: 4opl1a ($2 in chips) 
Seat 3: viejoperro44 ($3.56 in chips) 
Seat 4: Dorex2007 ($4 in chips) 
Seat 5: K.Asatryan ($1.98 in chips) 
Seat 6: boarddiver ($0.13 in chips) 
Seat 7: Pepono101 ($1.40 in chips) 
Seat 8: Rad wings ($3.16 in chips) 
Seat 9: WeXx33 ($4.10 in chips) 
WeXx33: posts small blind $0.01
Novalis 11: posts big blind $0.02
*** HOLE CARDS ***
Dealt to Dorex2007 [3c Kd]
4opl1a: folds 
viejoperro44: folds 
Dorex2007: folds 
K.Asatryan: folds 
boarddiver: raises $0.11 to $0.13 and is all-in
Pepono101: folds 
Rad wings: folds 
WeXx33: raises $3.97 to $4.10 and is all-in
Novalis 11: folds 
Uncalled bet ($3.97) returned to WeXx33
*** FLOP *** [9d 2c 8d]
*** TURN *** [9d 2c 8d] [Tc]
*** RIVER *** [9d 2c 8d Tc] [9c]
*** SHOW DOWN ***
WeXx33: shows [Kc Kh] (two pair, Kings and Nines)
boarddiver: shows [Ad Qh] (a pair of Nines)
WeXx33 collected $0.27 from pot
*** SUMMARY ***
Total pot $0.28 | Rake $0.01 
Board [9d 2c 8d Tc 9c]
Seat 1: Novalis 11 (big blind) folded before Flop
Seat 2: 4opl1a folded before Flop (didn't bet)
Seat 3: viejoperro44 folded before Flop (didn't bet)
Seat 4: Dorex2007 folded before Flop (didn't bet)
Seat 5: K.Asatryan folded before Flop (didn't bet)
Seat 6: boarddiver showed [Ad Qh] and lost with a pair of Nines
Seat 7: Pepono101 folded before Flop (didn't bet)
Seat 8: Rad wings (button) folded before Flop (didn't bet)
Seat 9: WeXx33 (small blind) showed [Kc Kh] and won ($0.27) with two pair, Kings and Nines



PokerStars Hand #228200369409:  Hold'em No Limit ($0.01/$0.02 USD) - 2021/07/10 14:56:15 PT [2021/07/10 17:56:15 ET]
Table 'Gabriella V' 9-max Seat #9 is the button
Seat 1: Novalis 11 ($1.66 in chips) 
Seat 2: 4opl1a ($2 in chips) 
Seat 3: viejoperro44 ($3.56 in chips) 
Seat 4: Dorex2007 ($4 in chips) 
Seat 5: K.Asatryan ($1.98 in chips) 
Seat 7: Pepono101 ($1.40 in chips) 
Seat 8: Rad wings ($3.16 in chips) 
Seat 9: WeXx33 ($4.24 in chips) 
Novalis 11: posts small blind $0.01
4opl1a: posts big blind $0.02
*** HOLE CARDS ***
Dealt to Dorex2007 [7s 3s]
viejoperro44: folds 
Dorex2007: folds 
boarddiver leaves the table
K.Asatryan: calls $0.02
Pepono101: folds 
Rad wings: folds 
WeXx33: folds 
Novalis 11: folds 
4opl1a: checks 
*** FLOP *** [9s 8s Kc]
4opl1a: checks 
K.Asatryan: bets $0.05
4opl1a: folds 
Uncalled bet ($0.05) returned to K.Asatryan
K.Asatryan collected $0.05 from pot
K.Asatryan: doesn't show hand 
*** SUMMARY ***
Total pot $0.05 | Rake $0 
Board [9s 8s Kc]
Seat 1: Novalis 11 (small blind) folded before Flop
Seat 2: 4opl1a (big blind) folded on the Flop
Seat 3: viejoperro44 folded before Flop (didn't bet)
Seat 4: Dorex2007 folded before Flop (didn't bet)
Seat 5: K.Asatryan collected ($0.05)
Seat 7: Pepono101 folded before Flop (didn't bet)
Seat 8: Rad wings folded before Flop (didn't bet)
Seat 9: WeXx33 (button) folded before Flop (didn't bet)



PokerStars Hand #228200381356:  Hold'em No Limit ($0.01/$0.02 USD) - 2021/07/10 14:56:54 PT [2021/07/10 17:56:54 ET]
Table 'Gabriella V' 9-max Seat #1 is the button
Seat 1: Novalis 11 ($1.65 in chips) 
Seat 2: 4opl1a ($2 in chips) 
Seat 3: viejoperro44 ($3.56 in chips) 
Seat 4: Dorex2007 ($4 in chips) 
Seat 5: K.Asatryan ($2.01 in chips) 
Seat 7: Pepono101 ($1.40 in chips) 
Seat 8: Rad wings ($3.16 in chips) 
Seat 9: WeXx33 ($4.24 in chips) 
4opl1a: posts small blind $0.01
viejoperro44: posts big blind $0.02
*** HOLE CARDS ***
Dealt to Dorex2007 [Kd 3s]
Dorex2007: folds 
K.Asatryan: folds 
Pepono101: folds 
Rad wings has timed out
Rad wings: folds 
WeXx33: folds 
Novalis 11: folds 
4opl1a: raises $0.03 to $0.05
viejoperro44: calls $0.03
*** FLOP *** [Jh 8h Td]
4opl1a: checks 
viejoperro44: checks 
*** TURN *** [Jh 8h Td] [Js]
4opl1a: checks 
viejoperro44: bets $0.05
4opl1a: folds 
Uncalled bet ($0.05) returned to viejoperro44
viejoperro44 collected $0.10 from pot
viejoperro44: doesn't show hand 
*** SUMMARY ***
Total pot $0.10 | Rake $0 
Board [Jh 8h Td Js]
Seat 1: Novalis 11 (button) folded before Flop (didn't bet)
Seat 2: 4opl1a (small blind) folded on the Turn
Seat 3: viejoperro44 (big blind) collected ($0.10)
Seat 4: Dorex2007 folded before Flop (didn't bet)
Seat 5: K.Asatryan folded before Flop (didn't bet)
Seat 7: Pepono101 folded before Flop (didn't bet)
Seat 8: Rad wings folded before Flop (didn't bet)
Seat 9: WeXx33 folded before Flop (didn't bet)



PokerStars Hand #228200393779:  Hold'em No Limit ($0.01/$0.02 USD) - 2021/07/10 14:57:34 PT [2021/07/10 17:57:34 ET]
Table 'Gabriella V' 9-max Seat #2 is the button
Seat 1: Novalis 11 ($1.65 in chips) 
Seat 2: 4opl1a ($2 in chips) 
Seat 3: viejoperro44 ($3.61 in chips) 
Seat 4: Dorex2007 ($4 in chips) 
Seat 5: K.Asatryan ($2.01 in chips) 
Seat 7: Pepono101 ($1.40 in chips) 
Seat 8: Rad wings ($3.16 in chips) 
Seat 9: WeXx33 ($4.24 in chips) 
viejoperro44: posts small blind $0.01
Dorex2007: posts big blind $0.02
*** HOLE CARDS ***
Dealt to Dorex2007 [7d 5d]
K.Asatryan: raises $0.04 to $0.06
Pepono101: calls $0.06
Rad wings: folds 
WeXx33: folds 
Novalis 11: calls $0.06
4opl1a: folds 
viejoperro44: folds 
Dorex2007: folds 
*** FLOP *** [7s 7h 8d]
K.Asatryan: checks 
goggo19 joins the table at seat #6 
Pepono101: checks 
Novalis 11: checks 
*** TURN *** [7s 7h 8d] [6s]
K.Asatryan: checks 
Pepono101: checks 
Novalis 11: checks 
*** RIVER *** [7s 7h 8d 6s] [7c]
K.Asatryan: bets $0.20
Pepono101: folds 
Novalis 11: calls $0.20
*** SHOW DOWN ***
K.Asatryan: shows [As Jh] (three of a kind, Sevens)
Novalis 11: shows [9d 6d] (a full house, Sevens full of Sixes)
Novalis 11 collected $0.59 from pot
*** SUMMARY ***
Total pot $0.61 | Rake $0.02 
Board [7s 7h 8d 6s 7c]
Seat 1: Novalis 11 showed [9d 6d] and won ($0.59) with a full house, Sevens full of Sixes
Seat 2: 4opl1a (button) folded before Flop (didn't bet)
Seat 3: viejoperro44 (small blind) folded before Flop
Seat 4: Dorex2007 (big blind) folded before Flop
Seat 5: K.Asatryan showed [As Jh] and lost with three of a kind, Sevens
Seat 7: Pepono101 folded on the River
Seat 8: Rad wings folded before Flop (didn't bet)
Seat 9: WeXx33 folded before Flop (didn't bet)



PokerStars Hand #228200412754:  Hold'em No Limit ($0.01/$0.02 USD) - 2021/07/10 14:58:35 PT [2021/07/10 17:58:35 ET]
Table 'Gabriella V' 9-max Seat #3 is the button
Seat 1: Novalis 11 ($1.98 in chips) 
Seat 2: 4opl1a ($2 in chips) 
Seat 3: viejoperro44 ($3.60 in chips) 
Seat 4: Dorex2007 ($3.98 in chips) 
Seat 5: K.Asatryan ($1.75 in chips) 
Seat 6: goggo19 ($2 in chips) 
Seat 7: Pepono101 ($1.34 in chips) 
Seat 8: Rad wings ($3.16 in chips) 
Seat 9: WeXx33 ($4.24 in chips) 
Dorex2007: posts small blind $0.01
K.Asatryan: posts big blind $0.02
goggo19: posts big blind $0.02
*** HOLE CARDS ***
Dealt to Dorex2007 [2s 7d]
goggo19: checks 
Pepono101: folds 
Rad wings: folds 
WeXx33: raises $0.08 to $0.10
Novalis 11: calls $0.10
4opl1a: folds 
viejoperro44: folds 
Dorex2007: folds 
K.Asatryan: folds 
goggo19: folds 
*** FLOP *** [Qs Jd 9d]
WeXx33: bets $0.12
Novalis 11: raises $1.76 to $1.88 and is all-in
WeXx33: folds 
Uncalled bet ($1.76) returned to Novalis 11
Novalis 11 collected $0.47 from pot
Novalis 11: doesn't show hand 
*** SUMMARY ***
Total pot $0.49 | Rake $0.02 
Board [Qs Jd 9d]
Seat 1: Novalis 11 collected ($0.47)
Seat 2: 4opl1a folded before Flop (didn't bet)
Seat 3: viejoperro44 (button) folded before Flop (didn't bet)
Seat 4: Dorex2007 (small blind) folded before Flop
Seat 5: K.Asatryan (big blind) folded before Flop
Seat 6: goggo19 folded before Flop (didn't bet)
Seat 7: Pepono101 folded before Flop (didn't bet)
Seat 8: Rad wings folded before Flop (didn't bet)
Seat 9: WeXx33 folded on the Flop



PokerStars Hand #228200426907:  Hold'em No Limit ($0.01/$0.02 USD) - 2021/07/10 14:59:20 PT [2021/07/10 17:59:20 ET]
Table 'Gabriella V' 9-max Seat #4 is the button
Seat 1: Novalis 11 ($2.23 in chips) 
Seat 2: 4opl1a ($2 in chips) 
Seat 3: viejoperro44 ($3.60 in chips) 
Seat 4: Dorex2007 ($3.97 in chips) 
Seat 5: K.Asatryan ($1.73 in chips) 
Seat 6: goggo19 ($2 in chips) 
Seat 7: Pepono101 ($1.34 in chips) 
Seat 8: Rad wings ($3.16 in chips) 
Seat 9: WeXx33 ($4.02 in chips) 
K.Asatryan: posts small blind $0.01
goggo19: posts big blind $0.02
*** HOLE CARDS ***
Dealt to Dorex2007 [Qd 2h]
Pepono101: folds 
Rad wings: folds 
WeXx33: folds 
Novalis 11: folds 
4opl1a: folds 
viejoperro44: folds 
Dorex2007: folds 
K.Asatryan: calls $0.01
goggo19: checks 
*** FLOP *** [9d Kd 3s]
K.Asatryan: bets $0.02
goggo19: folds 
Uncalled bet ($0.02) returned to K.Asatryan
K.Asatryan collected $0.04 from pot
K.Asatryan: doesn't show hand 
*** SUMMARY ***
Total pot $0.04 | Rake $0 
Board [9d Kd 3s]
Seat 1: Novalis 11 folded before Flop (didn't bet)
Seat 2: 4opl1a folded before Flop (didn't bet)
Seat 3: viejoperro44 folded before Flop (didn't bet)
Seat 4: Dorex2007 (button) folded before Flop (didn't bet)
Seat 5: K.Asatryan (small blind) collected ($0.04)
Seat 6: goggo19 (big blind) folded on the Flop
Seat 7: Pepono101 folded before Flop (didn't bet)
Seat 8: Rad wings folded before Flop (didn't bet)
Seat 9: WeXx33 folded before Flop (didn't bet)



PokerStars Hand #228200432914:  Hold'em No Limit ($0.01/$0.02 USD) - 2021/07/10 14:59:39 PT [2021/07/10 17:59:39 ET]
Table 'Gabriella V' 9-max Seat #5 is the button
Seat 1: Novalis 11 ($2.23 in chips) 
Seat 2: 4opl1a ($2 in chips) 
Seat 3: viejoperro44 ($3.60 in chips) 
Seat 4: Dorex2007 ($3.97 in chips) 
Seat 5: K.Asatryan ($1.75 in chips) 
Seat 6: goggo19 ($2 in chips) 
Seat 7: Pepono101 ($1.34 in chips) 
Seat 8: Rad wings ($3.16 in chips) 
Seat 9: WeXx33 ($4.02 in chips) 
goggo19: posts small blind $0.01
Pepono101: posts big blind $0.02
*** HOLE CARDS ***
Dealt to Dorex2007 [Td As]
Rad wings: folds 
Rad wings leaves the table
WeXx33: folds 
Novalis 11: folds 
4opl1a: folds 
viejoperro44: folds 
Millers1234 joins the table at seat #8 
Dorex2007: raises $0.04 to $0.06
K.Asatryan: folds 
goggo19: calls $0.05
Pepono101: folds 
*** FLOP *** [2d 9s 4d]
goggo19: checks 
Dorex2007: bets $0.14
goggo19: calls $0.14
*** TURN *** [2d 9s 4d] [6c]
goggo19: checks 
Dorex2007: bets $0.41
goggo19: calls $0.41
*** RIVER *** [2d 9s 4d 6c] [9d]
goggo19: checks 
Dorex2007: bets $0.60
goggo19: calls $0.60
*** SHOW DOWN ***
Dorex2007: shows [Td As] (a pair of Nines)
goggo19: shows [Tc Th] (two pair, Tens and Nines)
goggo19 collected $2.35 from pot
*** SUMMARY ***
Total pot $2.44 | Rake $0.09 
Board [2d 9s 4d 6c 9d]
Seat 1: Novalis 11 folded before Flop (didn't bet)
Seat 2: 4opl1a folded before Flop (didn't bet)
Seat 3: viejoperro44 folded before Flop (didn't bet)
Seat 4: Dorex2007 showed [Td As] and lost with a pair of Nines
Seat 5: K.Asatryan (button) folded before Flop (didn't bet)
Seat 6: goggo19 (small blind) showed [Tc Th] and won ($2.35) with two pair, Tens and Nines
Seat 7: Pepono101 (big blind) folded before Flop
Seat 8: Rad wings folded before Flop (didn't bet)
Seat 9: WeXx33 folded before Flop (didn't bet)



PokerStars Hand #228200449360:  Hold'em No Limit ($0.01/$0.02 USD) - 2021/07/10 15:00:31 PT [2021/07/10 18:00:31 ET]
Table 'Gabriella V' 9-max Seat #6 is the button
Seat 1: Novalis 11 ($2.23 in chips) 
Seat 2: 4opl1a ($2 in chips) 
Seat 3: viejoperro44 ($3.60 in chips) 
Seat 4: Dorex2007 ($2.76 in chips) 
Seat 5: K.Asatryan ($1.75 in chips) 
Seat 6: goggo19 ($3.14 in chips) 
Seat 9: WeXx33 ($4.02 in chips) 
Pepono101 has timed out
Pepono101: is sitting out 
Millers1234 will be allowed to play after the button
WeXx33: posts small blind $0.01
Novalis 11: posts big blind $0.02
*** HOLE CARDS ***
Dealt to Dorex2007 [5h 2h]
4opl1a: folds 
viejoperro44: folds 
Dorex2007: folds 
Pepono101 is disconnected 
K.Asatryan: folds 
goggo19: folds 
WeXx33: raises $0.04 to $0.06
Novalis 11: folds 
Uncalled bet ($0.04) returned to WeXx33
WeXx33 collected $0.04 from pot
WeXx33: doesn't show hand 
*** SUMMARY ***
Total pot $0.04 | Rake $0 
Seat 1: Novalis 11 (big blind) folded before Flop
Seat 2: 4opl1a folded before Flop (didn't bet)
Seat 3: viejoperro44 folded before Flop (didn't bet)
Seat 4: Dorex2007 folded before Flop (didn't bet)
Seat 5: K.Asatryan folded before Flop (didn't bet)
Seat 6: goggo19 (button) folded before Flop (didn't bet)
Seat 9: WeXx33 (small blind) collected ($0.04)



PokerStars Hand #228200457352:  Hold'em No Limit ($0.01/$0.02 USD) - 2021/07/10 15:00:54 PT [2021/07/10 18:00:54 ET]
Table 'Gabriella V' 9-max Seat #9 is the button
Seat 1: Novalis 11 ($2.21 in chips) 
Seat 2: 4opl1a ($2 in chips) 
Seat 3: viejoperro44 ($3.60 in chips) 
Seat 4: Dorex2007 ($2.76 in chips) 
Seat 5: K.Asatryan ($1.75 in chips) 
Seat 6: goggo19 ($3.14 in chips) 
Seat 8: Millers1234 ($2 in chips) 
Seat 9: WeXx33 ($4.04 in chips) 
Novalis 11: posts small blind $0.01
4opl1a: posts big blind $0.02
Millers1234: posts big blind $0.02
*** HOLE CARDS ***
Dealt to Dorex2007 [Kd 6c]
viejoperro44: folds 
Dorex2007: folds 
K.Asatryan: folds 
goggo19: folds 
Millers1234: raises $0.05 to $0.07
WeXx33: folds 
Novalis 11: folds 
4opl1a: folds 
Uncalled bet ($0.05) returned to Millers1234
Millers1234 collected $0.05 from pot
Millers1234: doesn't show hand 
*** SUMMARY ***
Total pot $0.05 | Rake $0 
Seat 1: Novalis 11 (small blind) folded before Flop
Seat 2: 4opl1a (big blind) folded before Flop
Seat 3: viejoperro44 folded before Flop (didn't bet)
Seat 4: Dorex2007 folded before Flop (didn't bet)
Seat 5: K.Asatryan folded before Flop (didn't bet)
Seat 6: goggo19 folded before Flop (didn't bet)
Seat 8: Millers1234 collected ($0.05)
Seat 9: WeXx33 (button) folded before Flop (didn't bet)



PokerStars Hand #228200464429:  Hold'em No Limit ($0.01/$0.02 USD) - 2021/07/10 15:01:14 PT [2021/07/10 18:01:14 ET]
Table 'Gabriella V' 9-max Seat #1 is the button
Seat 1: Novalis 11 ($2.20 in chips) 
Seat 2: 4opl1a ($2 in chips) 
Seat 3: viejoperro44 ($3.60 in chips) 
Seat 4: Dorex2007 ($2.76 in chips) 
Seat 5: K.Asatryan ($1.75 in chips) 
Seat 6: goggo19 ($3.14 in chips) 
Seat 8: Millers1234 ($2.03 in chips) 
Seat 9: WeXx33 ($4.04 in chips) 
4opl1a: posts small blind $0.01
viejoperro44: posts big blind $0.02
*** HOLE CARDS ***
Dealt to Dorex2007 [3d Td]
Dorex2007: folds 
K.Asatryan: folds 
goggo19: folds 
Millers1234: folds 
WeXx33: folds 
Novalis 11: calls $0.02
4opl1a: folds 
viejoperro44: checks 
*** FLOP *** [Kc 3c 6c]
viejoperro44: checks 
Novalis 11: checks 
*** TURN *** [Kc 3c 6c] [6d]
viejoperro44: checks 
Novalis 11: checks 
*** RIVER *** [Kc 3c 6c 6d] [Tc]
viejoperro44: checks 
Novalis 11: bets $0.02
viejoperro44: calls $0.02
*** SHOW DOWN ***
Novalis 11: shows [7c 7d] (a flush, King high)
viejoperro44: shows [Jc Qh] (a flush, King high - Jack higher)
viejoperro44 collected $0.09 from pot
*** SUMMARY ***
Total pot $0.09 | Rake $0 
Board [Kc 3c 6c 6d Tc]
Seat 1: Novalis 11 (button) showed [7c 7d] and lost with a flush, King high
Seat 2: 4opl1a (small blind) folded before Flop
Seat 3: viejoperro44 (big blind) showed [Jc Qh] and won ($0.09) with a flush, King high
Seat 4: Dorex2007 folded before Flop (didn't bet)
Seat 5: K.Asatryan folded before Flop (didn't bet)
Seat 6: goggo19 folded before Flop (didn't bet)
Seat 8: Millers1234 folded before Flop (didn't bet)
Seat 9: WeXx33 folded before Flop (didn't bet)



PokerStars Hand #228200483049:  Hold'em No Limit ($0.01/$0.02 USD) - 2021/07/10 15:02:02 PT [2021/07/10 18:02:02 ET]
Table 'Gabriella V' 9-max Seat #2 is the button
Seat 1: Novalis 11 ($2.16 in chips) 
Seat 2: 4opl1a ($2 in chips) 
Seat 3: viejoperro44 ($3.65 in chips) 
Seat 4: Dorex2007 ($2.76 in chips) 
Seat 5: K.Asatryan ($1.75 in chips) 
Seat 6: goggo19 ($3.14 in chips) 
Seat 8: Millers1234 ($2.03 in chips) 
Seat 9: WeXx33 ($4.04 in chips) 
viejoperro44: posts small blind $0.01
Dorex2007: posts big blind $0.02
*** HOLE CARDS ***
Dealt to Dorex2007 [5d 9d]
K.Asatryan: folds 
goggo19: folds 
Millers1234: raises $0.04 to $0.06
WeXx33: folds 
Novalis 11: folds 
4opl1a: folds 
viejoperro44: folds 
Dorex2007: folds 
Uncalled bet ($0.04) returned to Millers1234
Millers1234 collected $0.05 from pot
Millers1234: doesn't show hand 
*** SUMMARY ***
Total pot $0.05 | Rake $0 
Seat 1: Novalis 11 folded before Flop (didn't bet)
Seat 2: 4opl1a (button) folded before Flop (didn't bet)
Seat 3: viejoperro44 (small blind) folded before Flop
Seat 4: Dorex2007 (big blind) folded before Flop
Seat 5: K.Asatryan folded before Flop (didn't bet)
Seat 6: goggo19 folded before Flop (didn't bet)
Seat 8: Millers1234 collected ($0.05)
Seat 9: WeXx33 folded before Flop (didn't bet)



PokerStars Hand #228200490004:  Hold'em No Limit ($0.01/$0.02 USD) - 2021/07/10 15:02:20 PT [2021/07/10 18:02:20 ET]
Table 'Gabriella V' 9-max Seat #3 is the button
Seat 1: Novalis 11 ($2.16 in chips) 
Seat 2: 4opl1a ($2 in chips) 
Seat 3: viejoperro44 ($3.64 in chips) 
Seat 4: Dorex2007 ($2.74 in chips) 
Seat 5: K.Asatryan ($1.75 in chips) 
Seat 6: goggo19 ($3.14 in chips) 
Seat 7: Pepono101 ($1.32 in chips) 
Seat 8: Millers1234 ($2.06 in chips) 
Seat 9: WeXx33 ($4.04 in chips) 
Dorex2007: posts small blind $0.01
K.Asatryan: posts big blind $0.02
Pepono101: posts small blind $0.01
*** HOLE CARDS ***
Dealt to Dorex2007 [Jh 5c]
goggo19: folds 
Pepono101: raises $0.02 to $0.04
Millers1234: folds 
WeXx33: folds 
Novalis 11: folds 
4opl1a: folds 
viejoperro44: folds 
Dorex2007: folds 
K.Asatryan: folds 
Uncalled bet ($0.02) returned to Pepono101
Pepono101 collected $0.06 from pot
Pepono101: doesn't show hand 
*** SUMMARY ***
Total pot $0.06 | Rake $0 
Seat 1: Novalis 11 folded before Flop (didn't bet)
Seat 2: 4opl1a folded before Flop (didn't bet)
Seat 3: viejoperro44 (button) folded before Flop (didn't bet)
Seat 4: Dorex2007 (small blind) folded before Flop
Seat 5: K.Asatryan (big blind) folded before Flop
Seat 6: goggo19 folded before Flop (didn't bet)
Seat 7: Pepono101 collected ($0.06)
Seat 8: Millers1234 folded before Flop (didn't bet)
Seat 9: WeXx33 folded before Flop (didn't bet)



PokerStars Hand #228200498050:  Hold'em No Limit ($0.01/$0.02 USD) - 2021/07/10 15:02:41 PT [2021/07/10 18:02:41 ET]
Table 'Gabriella V' 9-max Seat #4 is the button
Seat 1: Novalis 11 ($2.16 in chips) 
Seat 2: 4opl1a ($2 in chips) 
Seat 3: viejoperro44 ($3.64 in chips) 
Seat 4: Dorex2007 ($2.73 in chips) 
Seat 5: K.Asatryan ($1.73 in chips) 
Seat 6: goggo19 ($3.14 in chips) 
Seat 7: Pepono101 ($1.35 in chips) 
Seat 8: Millers1234 ($2.06 in chips) 
Seat 9: WeXx33 ($4.04 in chips) 
K.Asatryan: posts small blind $0.01
goggo19: posts big blind $0.02
*** HOLE CARDS ***
Dealt to Dorex2007 [8c Ks]
Pepono101: folds 
Millers1234: folds 
WeXx33: folds 
Novalis 11: folds 
4opl1a: folds 
viejoperro44: folds 
Dorex2007: folds 
K.Asatryan: folds 
Uncalled bet ($0.01) returned to goggo19
goggo19 collected $0.02 from pot
*** SUMMARY ***
Total pot $0.02 | Rake $0 
Seat 1: Novalis 11 folded before Flop (didn't bet)
Seat 2: 4opl1a folded before Flop (didn't bet)
Seat 3: viejoperro44 folded before Flop (didn't bet)
Seat 4: Dorex2007 (button) folded before Flop (didn't bet)
Seat 5: K.Asatryan (small blind) folded before Flop
Seat 6: goggo19 (big blind) collected ($0.02)
Seat 7: Pepono101 folded before Flop (didn't bet)
Seat 8: Millers1234 folded before Flop (didn't bet)
Seat 9: WeXx33 folded before Flop (didn't bet)



PokerStars Hand #228200505878:  Hold'em No Limit ($0.01/$0.02 USD) - 2021/07/10 15:03:01 PT [2021/07/10 18:03:01 ET]
Table 'Gabriella V' 9-max Seat #5 is the button
Seat 1: Novalis 11 ($2.16 in chips) 
Seat 2: 4opl1a ($2 in chips) 
Seat 3: viejoperro44 ($3.64 in chips) 
Seat 4: Dorex2007 ($2.73 in chips) 
Seat 5: K.Asatryan ($1.72 in chips) 
Seat 6: goggo19 ($3.15 in chips) 
Seat 7: Pepono101 ($1.35 in chips) 
Seat 8: Millers1234 ($2.06 in chips) 
Seat 9: WeXx33 ($4.04 in chips) 
goggo19: posts small blind $0.01
Pepono101: posts big blind $0.02
*** HOLE CARDS ***
Dealt to Dorex2007 [2c 2h]
Millers1234: raises $0.04 to $0.06
WeXx33: folds 
Novalis 11: folds 
4opl1a: folds 
viejoperro44: folds 
Dorex2007: folds 
K.Asatryan: calls $0.06
goggo19: folds 
Pepono101: folds 
*** FLOP *** [5h 7s Jc]
Millers1234: checks 
K.Asatryan: checks 
*** TURN *** [5h 7s Jc] [8h]
Millers1234: checks 
K.Asatryan: checks 
*** RIVER *** [5h 7s Jc 8h] [7d]
Millers1234: checks 
K.Asatryan: checks 
*** SHOW DOWN ***
Millers1234: shows [Ts Ah] (a pair of Sevens)
K.Asatryan: shows [Qs Ac] (a pair of Sevens - Ace+Queen kicker)
K.Asatryan collected $0.14 from pot
*** SUMMARY ***
Total pot $0.15 | Rake $0.01 
Board [5h 7s Jc 8h 7d]
Seat 1: Novalis 11 folded before Flop (didn't bet)
Seat 2: 4opl1a folded before Flop (didn't bet)
Seat 3: viejoperro44 folded before Flop (didn't bet)
Seat 4: Dorex2007 folded before Flop (didn't bet)
Seat 5: K.Asatryan (button) showed [Qs Ac] and won ($0.14) with a pair of Sevens
Seat 6: goggo19 (small blind) folded before Flop
Seat 7: Pepono101 (big blind) folded before Flop
Seat 8: Millers1234 showed [Ts Ah] and lost with a pair of Sevens
Seat 9: WeXx33 folded before Flop (didn't bet)



PokerStars Hand #228200522726:  Hold'em No Limit ($0.01/$0.02 USD) - 2021/07/10 15:03:45 PT [2021/07/10 18:03:45 ET]
Table 'Gabriella V' 9-max Seat #6 is the button
Seat 1: Novalis 11 ($2.16 in chips) 
Seat 2: 4opl1a ($2 in chips) 
Seat 3: viejoperro44 ($3.64 in chips) 
Seat 4: Dorex2007 ($2.73 in chips) 
Seat 5: K.Asatryan ($1.80 in chips) 
Seat 6: goggo19 ($3.14 in chips) 
Seat 7: Pepono101 ($1.33 in chips) 
Seat 8: Millers1234 ($2 in chips) 
Seat 9: WeXx33 ($4.04 in chips) 
Pepono101: posts small blind $0.01
Millers1234: posts big blind $0.02
*** HOLE CARDS ***
Dealt to Dorex2007 [8h 6h]
WeXx33: folds 
Novalis 11: folds 
4opl1a: folds 
viejoperro44: folds 
Dorex2007: folds 
K.Asatryan: folds 
goggo19: folds 
Pepono101: calls $0.01
Millers1234: checks 
*** FLOP *** [4h Qd Ks]
Pepono101: checks 
Millers1234: checks 
*** TURN *** [4h Qd Ks] [Kd]
Pepono101: checks 
Millers1234: bets $0.03
Pepono101: folds 
Uncalled bet ($0.03) returned to Millers1234
Millers1234 collected $0.04 from pot
Millers1234: doesn't show hand 
*** SUMMARY ***
Total pot $0.04 | Rake $0 
Board [4h Qd Ks Kd]
Seat 1: Novalis 11 folded before Flop (didn't bet)
Seat 2: 4opl1a folded before Flop (didn't bet)
Seat 3: viejoperro44 folded before Flop (didn't bet)
Seat 4: Dorex2007 folded before Flop (didn't bet)
Seat 5: K.Asatryan folded before Flop (didn't bet)
Seat 6: goggo19 (button) folded before Flop (didn't bet)
Seat 7: Pepono101 (small blind) folded on the Turn
Seat 8: Millers1234 (big blind) collected ($0.04)
Seat 9: WeXx33 folded before Flop (didn't bet)



PokerStars Hand #228200536022:  Hold'em No Limit ($0.01/$0.02 USD) - 2021/07/10 15:04:21 PT [2021/07/10 18:04:21 ET]
Table 'Gabriella V' 9-max Seat #7 is the button
Seat 1: Novalis 11 ($2.16 in chips) 
Seat 2: 4opl1a ($2 in chips) 
Seat 3: viejoperro44 ($3.64 in chips) 
Seat 4: Dorex2007 ($2.73 in chips) 
Seat 5: K.Asatryan ($1.80 in chips) 
Seat 6: goggo19 ($3.14 in chips) 
Seat 7: Pepono101 ($1.31 in chips) 
Seat 8: Millers1234 ($2.02 in chips) 
Seat 9: WeXx33 ($4.04 in chips) 
Millers1234: posts small blind $0.01
WeXx33: posts big blind $0.02
*** HOLE CARDS ***
Dealt to Dorex2007 [Jh 6d]
Novalis 11: folds 
4opl1a: folds 
viejoperro44: folds 
Dorex2007: folds 
K.Asatryan: folds 
goggo19: folds 
Pepono101: raises $0.04 to $0.06
Millers1234: folds 
WeXx33: folds 
Uncalled bet ($0.04) returned to Pepono101
Pepono101 collected $0.05 from pot
Pepono101: doesn't show hand 
*** SUMMARY ***
Total pot $0.05 | Rake $0 
Seat 1: Novalis 11 folded before Flop (didn't bet)
Seat 2: 4opl1a folded before Flop (didn't bet)
Seat 3: viejoperro44 folded before Flop (didn't bet)
Seat 4: Dorex2007 folded before Flop (didn't bet)
Seat 5: K.Asatryan folded before Flop (didn't bet)
Seat 6: goggo19 folded before Flop (didn't bet)
Seat 7: Pepono101 (button) collected ($0.05)
Seat 8: Millers1234 (small blind) folded before Flop
Seat 9: WeXx33 (big blind) folded before Flop



PokerStars Hand #228200543249:  Hold'em No Limit ($0.01/$0.02 USD) - 2021/07/10 15:04:39 PT [2021/07/10 18:04:39 ET]
Table 'Gabriella V' 9-max Seat #8 is the button
Seat 1: Novalis 11 ($2.16 in chips) 
Seat 2: 4opl1a ($2 in chips) 
Seat 3: viejoperro44 ($3.64 in chips) 
Seat 4: Dorex2007 ($2.73 in chips) 
Seat 5: K.Asatryan ($1.80 in chips) 
Seat 6: goggo19 ($3.14 in chips) 
Seat 7: Pepono101 ($1.34 in chips) 
Seat 8: Millers1234 ($2.01 in chips) 
Seat 9: WeXx33 ($4.02 in chips) 
WeXx33: posts small blind $0.01
Novalis 11: posts big blind $0.02
*** HOLE CARDS ***
Dealt to Dorex2007 [5c Jc]
4opl1a: folds 
viejoperro44: folds 
Dorex2007: folds 
K.Asatryan: folds 
goggo19: folds 
Pepono101: folds 
Millers1234: folds 
WeXx33: raises $0.04 to $0.06
Novalis 11: calls $0.04
*** FLOP *** [Qc 8d Kd]
WeXx33: bets $0.06
Novalis 11: calls $0.06
*** TURN *** [Qc 8d Kd] [5s]
WeXx33: checks 
Novalis 11: checks 
*** RIVER *** [Qc 8d Kd 5s] [9s]
WeXx33: checks 
Novalis 11: checks 
*** SHOW DOWN ***
WeXx33: shows [Ad 5h] (a pair of Fives)
Novalis 11: shows [Ah Qd] (a pair of Queens)
Novalis 11 collected $0.23 from pot
*** SUMMARY ***
Total pot $0.24 | Rake $0.01 
Board [Qc 8d Kd 5s 9s]
Seat 1: Novalis 11 (big blind) showed [Ah Qd] and won ($0.23) with a pair of Queens
Seat 2: 4opl1a folded before Flop (didn't bet)
Seat 3: viejoperro44 folded before Flop (didn't bet)
Seat 4: Dorex2007 folded before Flop (didn't bet)
Seat 5: K.Asatryan folded before Flop (didn't bet)
Seat 6: goggo19 folded before Flop (didn't bet)
Seat 7: Pepono101 folded before Flop (didn't bet)
Seat 8: Millers1234 (button) folded before Flop (didn't bet)
Seat 9: WeXx33 (small blind) showed [Ad 5h] and lost with a pair of Fives



PokerStars Hand #228200558378:  Hold'em No Limit ($0.01/$0.02 USD) - 2021/07/10 15:05:18 PT [2021/07/10 18:05:18 ET]
Table 'Gabriella V' 9-max Seat #9 is the button
Seat 1: Novalis 11 ($2.27 in chips) 
Seat 2: 4opl1a ($2 in chips) 
Seat 3: viejoperro44 ($3.64 in chips) 
Seat 4: Dorex2007 ($2.73 in chips) 
Seat 5: K.Asatryan ($1.80 in chips) 
Seat 6: goggo19 ($3.14 in chips) 
Seat 7: Pepono101 ($1.34 in chips) 
Seat 8: Millers1234 ($2.01 in chips) 
Seat 9: WeXx33 ($3.90 in chips) 
Novalis 11: posts small blind $0.01
4opl1a: posts big blind $0.02
*** HOLE CARDS ***
Dealt to Dorex2007 [4s Qs]
viejoperro44: folds 
Dorex2007: folds 
K.Asatryan: raises $0.04 to $0.06
goggo19: folds 
Pepono101: folds 
Millers1234: folds 
WeXx33: folds 
Novalis 11: folds 
4opl1a: folds 
Uncalled bet ($0.04) returned to K.Asatryan
K.Asatryan collected $0.05 from pot
K.Asatryan: doesn't show hand 
*** SUMMARY ***
Total pot $0.05 | Rake $0 
Seat 1: Novalis 11 (small blind) folded before Flop
Seat 2: 4opl1a (big blind) folded before Flop
Seat 3: viejoperro44 folded before Flop (didn't bet)
Seat 4: Dorex2007 folded before Flop (didn't bet)
Seat 5: K.Asatryan collected ($0.05)
Seat 6: goggo19 folded before Flop (didn't bet)
Seat 7: Pepono101 folded before Flop (didn't bet)
Seat 8: Millers1234 folded before Flop (didn't bet)
Seat 9: WeXx33 (button) folded before Flop (didn't bet)



PokerStars Hand #228200570077:  Hold'em No Limit ($0.01/$0.02 USD) - 2021/07/10 15:05:42 PT [2021/07/10 18:05:42 ET]
Table 'Gabriella V' 9-max Seat #1 is the button
Seat 1: Novalis 11 ($2.26 in chips) 
Seat 2: 4opl1a ($2 in chips) 
Seat 4: Dorex2007 ($2.73 in chips) 
Seat 5: K.Asatryan ($1.83 in chips) 
Seat 6: goggo19 ($3.14 in chips) 
Seat 7: Pepono101 ($1.34 in chips) 
Seat 8: Millers1234 ($2.01 in chips) 
Seat 9: WeXx33 ($3.90 in chips) 
4opl1a: posts small blind $0.01
viejoperro44: is sitting out 
Dorex2007: posts big blind $0.02
*** HOLE CARDS ***
Dealt to Dorex2007 [Jc Ad]
K.Asatryan: folds 
goggo19: folds 
Pepono101: folds 
Millers1234: folds 
WeXx33: folds 
Novalis 11: folds 
4opl1a: raises $0.03 to $0.05
Dorex2007: calls $0.03
*** FLOP *** [4d Kd 7h]
4opl1a: bets $0.07
Dorex2007: folds 
Uncalled bet ($0.07) returned to 4opl1a
4opl1a collected $0.10 from pot
4opl1a: doesn't show hand 
*** SUMMARY ***
Total pot $0.10 | Rake $0 
Board [4d Kd 7h]
Seat 1: Novalis 11 (button) folded before Flop (didn't bet)
Seat 2: 4opl1a (small blind) collected ($0.10)
Seat 4: Dorex2007 (big blind) folded on the Flop
Seat 5: K.Asatryan folded before Flop (didn't bet)
Seat 6: goggo19 folded before Flop (didn't bet)
Seat 7: Pepono101 folded before Flop (didn't bet)
Seat 8: Millers1234 folded before Flop (didn't bet)
Seat 9: WeXx33 folded before Flop (didn't bet)



PokerStars Hand #228200579846:  Hold'em No Limit ($0.01/$0.02 USD) - 2021/07/10 15:06:07 PT [2021/07/10 18:06:07 ET]
Table 'Gabriella V' 9-max Seat #2 is the button
Seat 1: Novalis 11 ($2.26 in chips) 
Seat 2: 4opl1a ($2.05 in chips) 
Seat 4: Dorex2007 ($2.68 in chips) 
Seat 5: K.Asatryan ($1.83 in chips) 
Seat 6: goggo19 ($3.14 in chips) 
Seat 7: Pepono101 ($1.34 in chips) 
Seat 8: Millers1234 ($2.01 in chips) 
Seat 9: WeXx33 ($3.90 in chips) 
Dorex2007: posts small blind $0.01
K.Asatryan: posts big blind $0.02
*** HOLE CARDS ***
Dealt to Dorex2007 [7s Qc]
goggo19: folds 
Pepono101: folds 
Millers1234: folds 
WeXx33: raises $0.04 to $0.06
Novalis 11: calls $0.06
4opl1a: folds 
Dorex2007: folds 
K.Asatryan: folds 
*** FLOP *** [Kh 3d 6c]
WeXx33: checks 
Novalis 11: checks 
*** TURN *** [Kh 3d 6c] [Jc]
WeXx33: bets $0.07
Novalis 11: calls $0.07
*** RIVER *** [Kh 3d 6c Jc] [8d]
WeXx33: checks 
Novalis 11: checks 
*** SHOW DOWN ***
WeXx33: shows [2c Ac] (high card Ace)
Novalis 11: shows [Qh Js] (a pair of Jacks)
Novalis 11 collected $0.28 from pot
*** SUMMARY ***
Total pot $0.29 | Rake $0.01 
Board [Kh 3d 6c Jc 8d]
Seat 1: Novalis 11 showed [Qh Js] and won ($0.28) with a pair of Jacks
Seat 2: 4opl1a (button) folded before Flop (didn't bet)
Seat 4: Dorex2007 (small blind) folded before Flop
Seat 5: K.Asatryan (big blind) folded before Flop
Seat 6: goggo19 folded before Flop (didn't bet)
Seat 7: Pepono101 folded before Flop (didn't bet)
Seat 8: Millers1234 folded before Flop (didn't bet)
Seat 9: WeXx33 showed [2c Ac] and lost with high card Ace



PokerStars Hand #228200598435:  Hold'em No Limit ($0.01/$0.02 USD) - 2021/07/10 15:06:55 PT [2021/07/10 18:06:55 ET]
Table 'Gabriella V' 9-max Seat #4 is the button
Seat 1: Novalis 11 ($2.41 in chips) 
Seat 2: 4opl1a ($2.05 in chips) 
Seat 4: Dorex2007 ($2.67 in chips) 
Seat 5: K.Asatryan ($1.81 in chips) 
Seat 6: goggo19 ($3.14 in chips) 
Seat 7: Pepono101 ($1.34 in chips) 
Seat 8: Millers1234 ($2.01 in chips) 
Seat 9: WeXx33 ($3.77 in chips) 
K.Asatryan: posts small blind $0.01
goggo19: posts big blind $0.02
*** HOLE CARDS ***
Dealt to Dorex2007 [3h Js]
viejoperro44 leaves the table
Pepono101: folds 
Millers1234: folds 
WeXx33: folds 
Novalis 11: folds 
4opl1a: folds 
Dorex2007: folds 
K.Asatryan: raises $0.04 to $0.06
goggo19: folds 
Uncalled bet ($0.04) returned to K.Asatryan
K.Asatryan collected $0.04 from pot
K.Asatryan: doesn't show hand 
*** SUMMARY ***
Total pot $0.04 | Rake $0 
Seat 1: Novalis 11 folded before Flop (didn't bet)
Seat 2: 4opl1a folded before Flop (didn't bet)
Seat 4: Dorex2007 (button) folded before Flop (didn't bet)
Seat 5: K.Asatryan (small blind) collected ($0.04)
Seat 6: goggo19 (big blind) folded before Flop
Seat 7: Pepono101 folded before Flop (didn't bet)
Seat 8: Millers1234 folded before Flop (didn't bet)
Seat 9: WeXx33 folded before Flop (didn't bet)



PokerStars Hand #228200605580:  Hold'em No Limit ($0.01/$0.02 USD) - 2021/07/10 15:07:14 PT [2021/07/10 18:07:14 ET]
Table 'Gabriella V' 9-max Seat #5 is the button
Seat 1: Novalis 11 ($2.41 in chips) 
Seat 2: 4opl1a ($2.05 in chips) 
Seat 4: Dorex2007 ($2.67 in chips) 
Seat 5: K.Asatryan ($1.83 in chips) 
Seat 6: goggo19 ($3.12 in chips) 
Seat 7: Pepono101 ($1.34 in chips) 
Seat 8: Millers1234 ($2.01 in chips) 
Seat 9: WeXx33 ($3.77 in chips) 
goggo19: posts small blind $0.01
Pepono101: posts big blind $0.02
*** HOLE CARDS ***
Dealt to Dorex2007 [6s 6c]
Millers1234: folds 
WeXx33: folds 
Novalis 11: calls $0.02
4opl1a: folds 
Dorex2007: raises $0.02 to $0.04
POLLO ISRA75 joins the table at seat #3 
K.Asatryan: folds 
goggo19: folds 
Pepono101: calls $0.02
Novalis 11: calls $0.02
*** FLOP *** [7s 2h Qh]
Pepono101: checks 
Novalis 11: checks 
Dorex2007: checks 
*** TURN *** [7s 2h Qh] [8c]
Pepono101: bets $0.13
Novalis 11: calls $0.13
Dorex2007: folds 
*** RIVER *** [7s 2h Qh 8c] [Ts]
Pepono101: checks 
Novalis 11: bets $0.38
Pepono101: folds 
Uncalled bet ($0.38) returned to Novalis 11
Novalis 11 collected $0.38 from pot
Novalis 11: doesn't show hand 
*** SUMMARY ***
Total pot $0.39 | Rake $0.01 
Board [7s 2h Qh 8c Ts]
Seat 1: Novalis 11 collected ($0.38)
Seat 2: 4opl1a folded before Flop (didn't bet)
Seat 4: Dorex2007 folded on the Turn
Seat 5: K.Asatryan (button) folded before Flop (didn't bet)
Seat 6: goggo19 (small blind) folded before Flop
Seat 7: Pepono101 (big blind) folded on the River
Seat 8: Millers1234 folded before Flop (didn't bet)
Seat 9: WeXx33 folded before Flop (didn't bet)



PokerStars Hand #228200630982:  Hold'em No Limit ($0.01/$0.02 USD) - 2021/07/10 15:08:19 PT [2021/07/10 18:08:19 ET]
Table 'Gabriella V' 9-max Seat #6 is the button
Seat 1: Novalis 11 ($2.62 in chips) 
Seat 2: 4opl1a ($2.05 in chips) 
Seat 3: POLLO ISRA75 ($2 in chips) 
Seat 4: Dorex2007 ($2.63 in chips) 
Seat 5: K.Asatryan ($1.83 in chips) 
Seat 6: goggo19 ($3.11 in chips) 
Seat 7: Pepono101 ($1.17 in chips) 
Seat 8: Millers1234 ($2.01 in chips) 
Seat 9: WeXx33 ($3.77 in chips) 
Pepono101: posts small blind $0.01
Millers1234: posts big blind $0.02
POLLO ISRA75: posts big blind $0.02
*** HOLE CARDS ***
Dealt to Dorex2007 [Ad Qs]
WeXx33: folds 
Novalis 11: folds 
4opl1a: folds 
POLLO ISRA75: checks 
Novalis 11 leaves the table
Dorex2007: raises $0.06 to $0.08
K.Asatryan: folds 
megazanos joins the table at seat #1 
goggo19 has timed out
goggo19: folds 
Pepono101: calls $0.07
Millers1234: folds 
POLLO ISRA75: folds 
*** FLOP *** [5d 9d 7h]
Pepono101: checks 
Dorex2007: bets $0.19
Pepono101: folds 
Uncalled bet ($0.19) returned to Dorex2007
Dorex2007 collected $0.19 from pot
Dorex2007: doesn't show hand 
*** SUMMARY ***
Total pot $0.20 | Rake $0.01 
Board [5d 9d 7h]
Seat 1: Novalis 11 folded before Flop (didn't bet)
Seat 2: 4opl1a folded before Flop (didn't bet)
Seat 3: POLLO ISRA75 folded before Flop (didn't bet)
Seat 4: Dorex2007 collected ($0.19)
Seat 5: K.Asatryan folded before Flop (didn't bet)
Seat 6: goggo19 (button) folded before Flop (didn't bet)
Seat 7: Pepono101 (small blind) folded on the Flop
Seat 8: Millers1234 (big blind) folded before Flop
Seat 9: WeXx33 folded before Flop (didn't bet)



PokerStars Hand #228200654215:  Hold'em No Limit ($0.01/$0.02 USD) - 2021/07/10 15:09:19 PT [2021/07/10 18:09:19 ET]
Table 'Gabriella V' 9-max Seat #7 is the button
Seat 2: 4opl1a ($2.05 in chips) 
Seat 3: POLLO ISRA75 ($1.98 in chips) 
Seat 4: Dorex2007 ($2.74 in chips) 
Seat 5: K.Asatryan ($1.83 in chips) 
Seat 7: Pepono101 ($1.09 in chips) 
Seat 8: Millers1234 ($2 in chips) 
Seat 9: WeXx33 ($3.77 in chips) 
Millers1234: posts small blind $0.01
WeXx33: posts big blind $0.02
megazanos: sits out 
*** HOLE CARDS ***
Dealt to Dorex2007 [5d 5s]
4opl1a: folds 
POLLO ISRA75 has timed out
POLLO ISRA75: folds 
Dorex2007: raises $0.02 to $0.04
K.Asatryan: folds 
Pepono101: calls $0.04
Millers1234: folds 
WeXx33: folds 
*** FLOP *** [8h Ac 4h]
Dorex2007: checks 
Pepono101: checks 
*** TURN *** [8h Ac 4h] [3h]
Dorex2007: checks 
Pepono101: checks 
*** RIVER *** [8h Ac 4h 3h] [2d]
Dorex2007: checks 
Pepono101: bets $0.02
Dorex2007: raises $0.04 to $0.06
Pepono101: calls $0.04
*** SHOW DOWN ***
Dorex2007: shows [5d 5s] (a straight, Ace to Five)
Pepono101: shows [5h 3d] (a straight, Ace to Five)
Dorex2007 collected $0.11 from pot
Pepono101 collected $0.11 from pot
*** SUMMARY ***
Total pot $0.23 | Rake $0.01 
Board [8h Ac 4h 3h 2d]
Seat 2: 4opl1a folded before Flop (didn't bet)
Seat 3: POLLO ISRA75 folded before Flop (didn't bet)
Seat 4: Dorex2007 showed [5d 5s] and won ($0.11) with a straight, Ace to Five
Seat 5: K.Asatryan folded before Flop (didn't bet)
Seat 7: Pepono101 (button) showed [5h 3d] and won ($0.11) with a straight, Ace to Five
Seat 8: Millers1234 (small blind) folded before Flop
Seat 9: WeXx33 (big blind) folded before Flop



PokerStars Hand #228200680486:  Hold'em No Limit ($0.01/$0.02 USD) - 2021/07/10 15:10:27 PT [2021/07/10 18:10:27 ET]
Table 'Gabriella V' 9-max Seat #8 is the button
Seat 1: megazanos ($2 in chips) 
Seat 2: 4opl1a ($2.05 in chips) 
Seat 3: POLLO ISRA75 ($1.98 in chips) 
Seat 4: Dorex2007 ($2.75 in chips) 
Seat 5: K.Asatryan ($1.83 in chips) 
Seat 7: Pepono101 ($1.10 in chips) 
Seat 8: Millers1234 ($2 in chips) 
Seat 9: WeXx33 ($3.75 in chips) 
WeXx33: posts small blind $0.01
megazanos: posts big blind $0.02
*** HOLE CARDS ***
Dealt to Dorex2007 [Jh Kd]
4opl1a: folds 
POLLO ISRA75: calls $0.02
Dorex2007: raises $0.02 to $0.04
K.Asatryan: folds 
Pepono101: folds 
Millers1234: folds 
WeXx33: folds 
megazanos: folds 
POLLO ISRA75: calls $0.02
*** FLOP *** [Kh Qh 2d]
POLLO ISRA75: checks 
Dorex2007: checks 
*** TURN *** [Kh Qh 2d] [8h]
POLLO ISRA75: checks 
Dorex2007: bets $0.06
POLLO ISRA75: calls $0.06
*** RIVER *** [Kh Qh 2d 8h] [5c]
POLLO ISRA75: checks 
Dorex2007: checks 
*** SHOW DOWN ***
POLLO ISRA75: shows [Tc Kc] (a pair of Kings)
Dorex2007: shows [Jh Kd] (a pair of Kings - Queen+Jack kicker)
Dorex2007 collected $0.22 from pot
*** SUMMARY ***
Total pot $0.23 | Rake $0.01 
Board [Kh Qh 2d 8h 5c]
Seat 1: megazanos (big blind) folded before Flop
Seat 2: 4opl1a folded before Flop (didn't bet)
Seat 3: POLLO ISRA75 showed [Tc Kc] and lost with a pair of Kings
Seat 4: Dorex2007 showed [Jh Kd] and won ($0.22) with a pair of Kings
Seat 5: K.Asatryan folded before Flop (didn't bet)
Seat 7: Pepono101 folded before Flop (didn't bet)
Seat 8: Millers1234 (button) folded before Flop (didn't bet)
Seat 9: WeXx33 (small blind) folded before Flop



PokerStars Hand #228200705215:  Hold'em No Limit ($0.01/$0.02 USD) - 2021/07/10 15:11:32 PT [2021/07/10 18:11:32 ET]
Table 'Gabriella V' 9-max Seat #9 is the button
Seat 1: megazanos ($2 in chips) 
Seat 2: 4opl1a ($2.05 in chips) 
Seat 3: POLLO ISRA75 ($1.88 in chips) 
Seat 4: Dorex2007 ($2.87 in chips) 
Seat 5: K.Asatryan ($1.83 in chips) 
Seat 7: Pepono101 ($1.10 in chips) 
Seat 8: Millers1234 ($2 in chips) 
Seat 9: WeXx33 ($3.74 in chips) 
megazanos: posts small blind $0.01
4opl1a: posts big blind $0.02
*** HOLE CARDS ***
Dealt to Dorex2007 [3h 4c]
POLLO ISRA75: calls $0.02
Dorex2007: folds 
K.Asatryan: folds 
Pepono101: folds 
Millers1234: raises $0.07 to $0.09
WeXx33: folds 
megazanos: folds 
4opl1a: folds 
POLLO ISRA75: folds 
Uncalled bet ($0.07) returned to Millers1234
Millers1234 collected $0.07 from pot
Millers1234: doesn't show hand 
Dorex2007 said, "we've played too many hands to fall into your traps :)"
*** SUMMARY ***
Total pot $0.07 | Rake $0 
Seat 1: megazanos (small blind) folded before Flop
Seat 2: 4opl1a (big blind) folded before Flop
Seat 3: POLLO ISRA75 folded before Flop
Seat 4: Dorex2007 folded before Flop (didn't bet)
Seat 5: K.Asatryan folded before Flop (didn't bet)
Seat 7: Pepono101 folded before Flop (didn't bet)
Seat 8: Millers1234 collected ($0.07)
Seat 9: WeXx33 (button) folded before Flop (didn't bet)



PokerStars Hand #228200716674:  Hold'em No Limit ($0.01/$0.02 USD) - 2021/07/10 15:12:02 PT [2021/07/10 18:12:02 ET]
Table 'Gabriella V' 9-max Seat #1 is the button
Seat 1: megazanos ($2 in chips) 
Seat 2: 4opl1a ($2.03 in chips) 
Seat 3: POLLO ISRA75 ($1.86 in chips) 
Seat 4: Dorex2007 ($2.87 in chips) 
Seat 5: K.Asatryan ($1.83 in chips) 
Seat 7: Pepono101 ($1.10 in chips) 
Seat 8: Millers1234 ($2.05 in chips) 
Seat 9: WeXx33 ($3.74 in chips) 
4opl1a: posts small blind $0.01
POLLO ISRA75: posts big blind $0.02
*** HOLE CARDS ***
Dealt to Dorex2007 [Qs Tc]
Dorex2007: folds 
K.Asatryan: folds 
Pepono101: calls $0.02
Millers1234: folds 
WeXx33: folds 
megazanos: folds 
4opl1a: raises $0.05 to $0.07
POLLO ISRA75: folds 
Pepono101: calls $0.05
*** FLOP *** [4c 7d 5h]
4opl1a: bets $0.05
Pepono101: calls $0.05
*** TURN *** [4c 7d 5h] [8d]
4opl1a: checks 
Pepono101: checks 
*** RIVER *** [4c 7d 5h 8d] [Ah]
4opl1a: checks 
Pepono101: checks 
*** SHOW DOWN ***
4opl1a: shows [Kc Qh] (high card Ace)
Pepono101: shows [8s 9d] (a pair of Eights)
Pepono101 collected $0.25 from pot
*** SUMMARY ***
Total pot $0.26 | Rake $0.01 
Board [4c 7d 5h 8d Ah]
Seat 1: megazanos (button) folded before Flop (didn't bet)
Seat 2: 4opl1a (small blind) showed [Kc Qh] and lost with high card Ace
Seat 3: POLLO ISRA75 (big blind) folded before Flop
Seat 4: Dorex2007 folded before Flop (didn't bet)
Seat 5: K.Asatryan folded before Flop (didn't bet)
Seat 7: Pepono101 showed [8s 9d] and won ($0.25) with a pair of Eights
Seat 8: Millers1234 folded before Flop (didn't bet)
Seat 9: WeXx33 folded before Flop (didn't bet)



PokerStars Hand #228200738898:  Hold'em No Limit ($0.01/$0.02 USD) - 2021/07/10 15:13:00 PT [2021/07/10 18:13:00 ET]
Table 'Gabriella V' 9-max Seat #2 is the button
Seat 1: megazanos ($2 in chips) 
Seat 2: 4opl1a ($2 in chips) 
Seat 3: POLLO ISRA75 ($1.84 in chips) 
Seat 4: Dorex2007 ($2.87 in chips) 
Seat 5: K.Asatryan ($1.83 in chips) 
Seat 6: goggo19 ($3.11 in chips) 
Seat 7: Pepono101 ($1.23 in chips) 
Seat 8: Millers1234 ($2.05 in chips) 
Seat 9: WeXx33 ($3.74 in chips) 
POLLO ISRA75: posts small blind $0.01
Dorex2007: posts big blind $0.02
*** HOLE CARDS ***
Dealt to Dorex2007 [4h Ac]
K.Asatryan: folds 
goggo19: folds 
Pepono101: raises $0.02 to $0.04
Millers1234: folds 
WeXx33: folds 
megazanos: calls $0.04
4opl1a: folds 
POLLO ISRA75: calls $0.03
Dorex2007: folds 
*** FLOP *** [9h Ah 6d]
POLLO ISRA75: checks 
Pepono101: checks 
megazanos: checks 
*** TURN *** [9h Ah 6d] [2s]
POLLO ISRA75: checks 
Pepono101: bets $0.14
megazanos: folds 
POLLO ISRA75: folds 
Uncalled bet ($0.14) returned to Pepono101
Pepono101 collected $0.14 from pot
Pepono101: doesn't show hand 
*** SUMMARY ***
Total pot $0.14 | Rake $0 
Board [9h Ah 6d 2s]
Seat 1: megazanos folded on the Turn
Seat 2: 4opl1a (button) folded before Flop (didn't bet)
Seat 3: POLLO ISRA75 (small blind) folded on the Turn
Seat 4: Dorex2007 (big blind) folded before Flop
Seat 5: K.Asatryan folded before Flop (didn't bet)
Seat 6: goggo19 folded before Flop (didn't bet)
Seat 7: Pepono101 collected ($0.14)
Seat 8: Millers1234 folded before Flop (didn't bet)
Seat 9: WeXx33 folded before Flop (didn't bet)



PokerStars Hand #228200764641:  Hold'em No Limit ($0.01/$0.02 USD) - 2021/07/10 15:14:07 PT [2021/07/10 18:14:07 ET]
Table 'Gabriella V' 9-max Seat #3 is the button
Seat 1: megazanos ($2 in chips) 
Seat 2: 4opl1a ($2 in chips) 
Seat 3: POLLO ISRA75 ($1.80 in chips) 
Seat 4: Dorex2007 ($2.85 in chips) 
Seat 5: K.Asatryan ($1.83 in chips) 
Seat 6: goggo19 ($3.11 in chips) 
Seat 7: Pepono101 ($1.33 in chips) 
Seat 8: Millers1234 ($2.05 in chips) 
Seat 9: WeXx33 ($3.74 in chips) 
Dorex2007: posts small blind $0.01
K.Asatryan: posts big blind $0.02
*** HOLE CARDS ***
Dealt to Dorex2007 [4c 7h]
goggo19: folds 
Pepono101: folds 
Millers1234: folds 
WeXx33: folds 
megazanos: folds 
4opl1a: raises $0.03 to $0.05
POLLO ISRA75 has timed out
POLLO ISRA75: folds 
Dorex2007: folds 
K.Asatryan: folds 
Uncalled bet ($0.03) returned to 4opl1a
4opl1a collected $0.05 from pot
4opl1a: doesn't show hand 
*** SUMMARY ***
Total pot $0.05 | Rake $0 
Seat 1: megazanos folded before Flop (didn't bet)
Seat 2: 4opl1a collected ($0.05)
Seat 3: POLLO ISRA75 (button) folded before Flop (didn't bet)
Seat 4: Dorex2007 (small blind) folded before Flop
Seat 5: K.Asatryan (big blind) folded before Flop
Seat 6: goggo19 folded before Flop (didn't bet)
Seat 7: Pepono101 folded before Flop (didn't bet)
Seat 8: Millers1234 folded before Flop (didn't bet)
Seat 9: WeXx33 folded before Flop (didn't bet)



PokerStars Hand #228200780369:  Hold'em No Limit ($0.01/$0.02 USD) - 2021/07/10 15:14:48 PT [2021/07/10 18:14:48 ET]
Table 'Gabriella V' 9-max Seat #4 is the button
Seat 1: megazanos ($2 in chips) 
Seat 2: 4opl1a ($2.03 in chips) 
Seat 4: Dorex2007 ($2.84 in chips) 
Seat 5: K.Asatryan ($1.81 in chips) 
Seat 6: goggo19 ($3.11 in chips) 
Seat 7: Pepono101 ($1.33 in chips) 
Seat 8: Millers1234 ($2.05 in chips) 
Seat 9: WeXx33 ($3.74 in chips) 
K.Asatryan: posts small blind $0.01
goggo19: posts big blind $0.02
*** HOLE CARDS ***
Dealt to Dorex2007 [2d 5h]
Pepono101: folds 
Millers1234: folds 
WeXx33: folds 
megazanos: raises $0.04 to $0.06
4opl1a: folds 
Dorex2007: folds 
K.Asatryan: folds 
goggo19: folds 
Uncalled bet ($0.04) returned to megazanos
megazanos collected $0.05 from pot
megazanos: doesn't show hand 
*** SUMMARY ***
Total pot $0.05 | Rake $0 
Seat 1: megazanos collected ($0.05)
Seat 2: 4opl1a folded before Flop (didn't bet)
Seat 4: Dorex2007 (button) folded before Flop (didn't bet)
Seat 5: K.Asatryan (small blind) folded before Flop
Seat 6: goggo19 (big blind) folded before Flop
Seat 7: Pepono101 folded before Flop (didn't bet)
Seat 8: Millers1234 folded before Flop (didn't bet)
Seat 9: WeXx33 folded before Flop (didn't bet)



PokerStars Hand #228200787809:  Hold'em No Limit ($0.01/$0.02 USD) - 2021/07/10 15:15:08 PT [2021/07/10 18:15:08 ET]
Table 'Gabriella V' 9-max Seat #5 is the button
Seat 1: megazanos ($2.03 in chips) 
Seat 2: 4opl1a ($2.03 in chips) 
Seat 3: POLLO ISRA75 ($1.80 in chips) 
Seat 4: Dorex2007 ($2.84 in chips) 
Seat 5: K.Asatryan ($1.80 in chips) 
Seat 6: goggo19 ($3.09 in chips) 
Seat 7: Pepono101 ($1.33 in chips) 
Seat 8: Millers1234 ($2.05 in chips) 
Seat 9: WeXx33 ($3.74 in chips) 
goggo19: posts small blind $0.01
Pepono101: posts big blind $0.02
*** HOLE CARDS ***
Dealt to Dorex2007 [5d 5s]
Millers1234: folds 
WeXx33: folds 
megazanos: folds 
4opl1a: folds 
POLLO ISRA75: folds 
Dorex2007: raises $0.02 to $0.04
K.Asatryan: folds 
goggo19: calls $0.03
Pepono101: folds 
*** FLOP *** [4c Ks 7c]
goggo19: checks 
Dorex2007: bets $0.07
goggo19: folds 
Uncalled bet ($0.07) returned to Dorex2007
Dorex2007 collected $0.10 from pot
Dorex2007: doesn't show hand 
*** SUMMARY ***
Total pot $0.10 | Rake $0 
Board [4c Ks 7c]
Seat 1: megazanos folded before Flop (didn't bet)
Seat 2: 4opl1a folded before Flop (didn't bet)
Seat 3: POLLO ISRA75 folded before Flop (didn't bet)
Seat 4: Dorex2007 collected ($0.10)
Seat 5: K.Asatryan (button) folded before Flop (didn't bet)
Seat 6: goggo19 (small blind) folded on the Flop
Seat 7: Pepono101 (big blind) folded before Flop
Seat 8: Millers1234 folded before Flop (didn't bet)
Seat 9: WeXx33 folded before Flop (didn't bet)



PokerStars Hand #228200801212:  Hold'em No Limit ($0.01/$0.02 USD) - 2021/07/10 15:15:43 PT [2021/07/10 18:15:43 ET]
Table 'Gabriella V' 9-max Seat #6 is the button
Seat 1: megazanos ($2.03 in chips) 
Seat 2: 4opl1a ($2.03 in chips) 
Seat 3: POLLO ISRA75 ($1.80 in chips) 
Seat 4: Dorex2007 ($2.90 in chips) 
Seat 5: K.Asatryan ($1.80 in chips) 
Seat 6: goggo19 ($3.05 in chips) 
Seat 7: Pepono101 ($1.31 in chips) 
Seat 8: Millers1234 ($2.05 in chips) 
Seat 9: WeXx33 ($3.74 in chips) 
Pepono101: posts small blind $0.01
Millers1234: posts big blind $0.02
*** HOLE CARDS ***
Dealt to Dorex2007 [5c 6s]
WeXx33: folds 
megazanos: folds 
4opl1a: folds 
POLLO ISRA75: calls $0.02
Dorex2007: folds 
K.Asatryan: calls $0.02
goggo19: folds 
Pepono101: calls $0.01
Millers1234: checks 
*** FLOP *** [Qd 3c 9c]
Pepono101: checks 
Millers1234: checks 
POLLO ISRA75: checks 
K.Asatryan: checks 
*** TURN *** [Qd 3c 9c] [4h]
Pepono101: checks 
Millers1234: checks 
POLLO ISRA75: checks 
K.Asatryan: checks 
*** RIVER *** [Qd 3c 9c 4h] [Kh]
Pepono101: checks 
Millers1234: checks 
POLLO ISRA75: checks 
K.Asatryan: checks 
*** SHOW DOWN ***
Pepono101: shows [Js 4s] (a pair of Fours)
Millers1234: mucks hand 
POLLO ISRA75: shows [Ks 7s] (a pair of Kings)
K.Asatryan: mucks hand 
POLLO ISRA75 collected $0.08 from pot
*** SUMMARY ***
Total pot $0.08 | Rake $0 
Board [Qd 3c 9c 4h Kh]
Seat 1: megazanos folded before Flop (didn't bet)
Seat 2: 4opl1a folded before Flop (didn't bet)
Seat 3: POLLO ISRA75 showed [Ks 7s] and won ($0.08) with a pair of Kings
Seat 4: Dorex2007 folded before Flop (didn't bet)
Seat 5: K.Asatryan mucked [8d 8s]
Seat 6: goggo19 (button) folded before Flop (didn't bet)
Seat 7: Pepono101 (small blind) showed [Js 4s] and lost with a pair of Fours
Seat 8: Millers1234 (big blind) mucked [2h As]
Seat 9: WeXx33 folded before Flop (didn't bet)



PokerStars Hand #228200837696:  Hold'em No Limit ($0.01/$0.02 USD) - 2021/07/10 15:17:19 PT [2021/07/10 18:17:19 ET]
Table 'Gabriella V' 9-max Seat #7 is the button
Seat 1: megazanos ($2.03 in chips) 
Seat 2: 4opl1a ($2.03 in chips) 
Seat 3: POLLO ISRA75 ($1.86 in chips) 
Seat 4: Dorex2007 ($2.90 in chips) 
Seat 5: K.Asatryan ($1.78 in chips) 
Seat 6: goggo19 ($3.05 in chips) 
Seat 7: Pepono101 ($1.29 in chips) 
Seat 8: Millers1234 ($2.03 in chips) 
Seat 9: WeXx33 ($3.74 in chips) 
Millers1234: posts small blind $0.01
WeXx33: posts big blind $0.02
*** HOLE CARDS ***
Dealt to Dorex2007 [2s Js]
megazanos: raises $0.04 to $0.06
4opl1a: folds 
POLLO ISRA75: folds 
Dorex2007: folds 
K.Asatryan: folds 
goggo19: folds 
Pepono101: folds 
Millers1234: raises $0.14 to $0.20
WeXx33: folds 
megazanos: folds 
Uncalled bet ($0.14) returned to Millers1234
Millers1234 collected $0.14 from pot
Millers1234: doesn't show hand 
*** SUMMARY ***
Total pot $0.14 | Rake $0 
Seat 1: megazanos folded before Flop
Seat 2: 4opl1a folded before Flop (didn't bet)
Seat 3: POLLO ISRA75 folded before Flop (didn't bet)
Seat 4: Dorex2007 folded before Flop (didn't bet)
Seat 5: K.Asatryan folded before Flop (didn't bet)
Seat 6: goggo19 folded before Flop (didn't bet)
Seat 7: Pepono101 (button) folded before Flop (didn't bet)
Seat 8: Millers1234 (small blind) collected ($0.14)
Seat 9: WeXx33 (big blind) folded before Flop



PokerStars Hand #228200852081:  Hold'em No Limit ($0.01/$0.02 USD) - 2021/07/10 15:17:58 PT [2021/07/10 18:17:58 ET]
Table 'Gabriella V' 9-max Seat #8 is the button
Seat 1: megazanos ($2 in chips) 
Seat 2: 4opl1a ($2.03 in chips) 
Seat 3: POLLO ISRA75 ($1.86 in chips) 
Seat 4: Dorex2007 ($2.90 in chips) 
Seat 5: K.Asatryan ($1.78 in chips) 
Seat 6: goggo19 ($3.05 in chips) 
Seat 7: Pepono101 ($1.29 in chips) 
Seat 8: Millers1234 ($2.11 in chips) 
Seat 9: WeXx33 ($3.72 in chips) 
WeXx33: posts small blind $0.01
megazanos: posts big blind $0.02
*** HOLE CARDS ***
Dealt to Dorex2007 [Ac 4h]
4opl1a: folds 
POLLO ISRA75: folds 
Dorex2007: folds 
K.Asatryan: folds 
goggo19: folds 
Pepono101: raises $0.06 to $0.08
Millers1234: folds 
WeXx33: calls $0.07
megazanos: folds 
*** FLOP *** [4d As 3s]
WeXx33: bets $0.09
Pepono101: calls $0.09
*** TURN *** [4d As 3s] [8c]
WeXx33: bets $0.26
Pepono101: raises $0.86 to $1.12 and is all-in
WeXx33: calls $0.86
*** RIVER *** [4d As 3s 8c] [2h]
*** SHOW DOWN ***
WeXx33: shows [Ad Qd] (a pair of Aces)
Pepono101: shows [Ah Kd] (a pair of Aces - King kicker)
Pepono101 collected $2.51 from pot
*** SUMMARY ***
Total pot $2.60 | Rake $0.09 
Board [4d As 3s 8c 2h]
Seat 1: megazanos (big blind) folded before Flop
Seat 2: 4opl1a folded before Flop (didn't bet)
Seat 3: POLLO ISRA75 folded before Flop (didn't bet)
Seat 4: Dorex2007 folded before Flop (didn't bet)
Seat 5: K.Asatryan folded before Flop (didn't bet)
Seat 6: goggo19 folded before Flop (didn't bet)
Seat 7: Pepono101 showed [Ah Kd] and won ($2.51) with a pair of Aces
Seat 8: Millers1234 (button) folded before Flop (didn't bet)
Seat 9: WeXx33 (small blind) showed [Ad Qd] and lost with a pair of Aces



PokerStars Hand #228200880137:  Hold'em No Limit ($0.01/$0.02 USD) - 2021/07/10 15:19:12 PT [2021/07/10 18:19:12 ET]
Table 'Gabriella V' 9-max Seat #9 is the button
Seat 1: megazanos ($2 in chips) 
Seat 2: 4opl1a ($2.03 in chips) 
Seat 3: POLLO ISRA75 ($1.86 in chips) 
Seat 4: Dorex2007 ($2.90 in chips) 
Seat 5: K.Asatryan ($1.78 in chips) 
Seat 6: goggo19 ($3.05 in chips) 
Seat 7: Pepono101 ($2.51 in chips) 
Seat 8: Millers1234 ($2.11 in chips) 
Seat 9: WeXx33 ($2.43 in chips) 
megazanos: posts small blind $0.01
4opl1a: posts big blind $0.02
*** HOLE CARDS ***
Dealt to Dorex2007 [6c 7d]
POLLO ISRA75 has timed out
POLLO ISRA75: folds 
Dorex2007: folds 
K.Asatryan: folds 
goggo19: folds 
Pepono101 has timed out
Pepono101: folds 
Millers1234: raises $0.04 to $0.06
WeXx33: folds 
megazanos: folds 
4opl1a: calls $0.04
*** FLOP *** [3d 5s Qd]
4opl1a: bets $0.06
Millers1234: calls $0.06
*** TURN *** [3d 5s Qd] [8d]
4opl1a: bets $0.12
Millers1234: calls $0.12
*** RIVER *** [3d 5s Qd 8d] [7h]
4opl1a: bets $0.14
Millers1234: folds 
Uncalled bet ($0.14) returned to 4opl1a
4opl1a collected $0.47 from pot
4opl1a: doesn't show hand 
*** SUMMARY ***
Total pot $0.49 | Rake $0.02 
Board [3d 5s Qd 8d 7h]
Seat 1: megazanos (small blind) folded before Flop
Seat 2: 4opl1a (big blind) collected ($0.47)
Seat 3: POLLO ISRA75 folded before Flop (didn't bet)
Seat 4: Dorex2007 folded before Flop (didn't bet)
Seat 5: K.Asatryan folded before Flop (didn't bet)
Seat 6: goggo19 folded before Flop (didn't bet)
Seat 7: Pepono101 folded before Flop (didn't bet)
Seat 8: Millers1234 folded on the River
Seat 9: WeXx33 (button) folded before Flop (didn't bet)



PokerStars Hand #228200908860:  Hold'em No Limit ($0.01/$0.02 USD) - 2021/07/10 15:20:29 PT [2021/07/10 18:20:29 ET]
Table 'Gabriella V' 9-max Seat #1 is the button
Seat 1: megazanos ($2 in chips) 
Seat 2: 4opl1a ($2.26 in chips) 
Seat 3: POLLO ISRA75 ($1.86 in chips) 
Seat 4: Dorex2007 ($2.90 in chips) 
Seat 5: K.Asatryan ($1.78 in chips) 
Seat 6: goggo19 ($3.05 in chips) 
Seat 8: Millers1234 ($2 in chips) 
Seat 9: WeXx33 ($2.43 in chips) 
4opl1a: posts small blind $0.01
POLLO ISRA75: posts big blind $0.02
*** HOLE CARDS ***
Dealt to Dorex2007 [Jh 7c]
Dorex2007: folds 
K.Asatryan: folds 
goggo19: folds 
Millers1234: raises $0.04 to $0.06
WeXx33: folds 
megazanos: raises $0.12 to $0.18
4opl1a: raises $0.28 to $0.46
POLLO ISRA75: folds 
Millers1234: folds 
megazanos: folds 
Uncalled bet ($0.28) returned to 4opl1a
4opl1a collected $0.44 from pot
4opl1a: doesn't show hand 
*** SUMMARY ***
Total pot $0.44 | Rake $0 
Seat 1: megazanos (button) folded before Flop
Seat 2: 4opl1a (small blind) collected ($0.44)
Seat 3: POLLO ISRA75 (big blind) folded before Flop
Seat 4: Dorex2007 folded before Flop (didn't bet)
Seat 5: K.Asatryan folded before Flop (didn't bet)
Seat 6: goggo19 folded before Flop (didn't bet)
Seat 8: Millers1234 folded before Flop
Seat 9: WeXx33 folded before Flop (didn't bet)



PokerStars Hand #228200950596:  Hold'em No Limit ($0.01/$0.02 USD) - 2021/07/10 15:22:21 PT [2021/07/10 18:22:21 ET]
Table 'Gabriella V' 9-max Seat #6 is the button
Seat 1: megazanos ($2 in chips) 
Seat 2: 4opl1a ($2.52 in chips) 
Seat 3: POLLO ISRA75 ($1.86 in chips) 
Seat 4: Dorex2007 ($2.90 in chips) 
Seat 5: K.Asatryan ($1.81 in chips) 
Seat 6: goggo19 ($3.02 in chips) 
Seat 8: Millers1234 ($2 in chips) 
Seat 9: WeXx33 ($2.43 in chips) 
Millers1234: posts small blind $0.01
WeXx33: posts big blind $0.02
Dorex2007: posts small & big blinds $0.03
*** HOLE CARDS ***
Dealt to Dorex2007 [Kc As]
megazanos: folds 
4opl1a: folds 
POLLO ISRA75: folds 
Dorex2007: raises $0.04 to $0.06
K.Asatryan: folds 
goggo19: folds 
Millers1234: folds 
WeXx33: folds 
Uncalled bet ($0.04) returned to Dorex2007
Dorex2007 collected $0.06 from pot
Dorex2007: doesn't show hand 
*** SUMMARY ***
Total pot $0.06 | Rake $0 
Seat 1: megazanos folded before Flop (didn't bet)
Seat 2: 4opl1a folded before Flop (didn't bet)
Seat 3: POLLO ISRA75 folded before Flop (didn't bet)
Seat 4: Dorex2007 collected ($0.06)
Seat 5: K.Asatryan folded before Flop (didn't bet)
Seat 6: goggo19 (button) folded before Flop (didn't bet)
Seat 8: Millers1234 (small blind) folded before Flop
Seat 9: WeXx33 (big blind) folded before Flop



PokerStars Hand #228200958587:  Hold'em No Limit ($0.01/$0.02 USD) - 2021/07/10 15:22:42 PT [2021/07/10 18:22:42 ET]
Table 'Gabriella V' 9-max Seat #8 is the button
Seat 1: megazanos ($2 in chips) 
Seat 2: 4opl1a ($2.52 in chips) 
Seat 3: POLLO ISRA75 ($1.86 in chips) 
Seat 4: Dorex2007 ($2.93 in chips) 
Seat 5: K.Asatryan ($1.81 in chips) 
Seat 6: goggo19 ($3.02 in chips) 
Seat 8: Millers1234 ($2 in chips) 
Seat 9: WeXx33 ($2.41 in chips) 
WeXx33: posts small blind $0.01
megazanos: posts big blind $0.02
*** HOLE CARDS ***
Dealt to Dorex2007 [2h Jd]
4opl1a: folds 
POLLO ISRA75 has timed out
POLLO ISRA75: folds 
Dorex2007: folds 
K.Asatryan: folds 
goggo19: folds 
Millers1234: folds 
WeXx33: raises $0.04 to $0.06
megazanos: folds 
Uncalled bet ($0.04) returned to WeXx33
WeXx33 collected $0.04 from pot
WeXx33: doesn't show hand 
*** SUMMARY ***
Total pot $0.04 | Rake $0 
Seat 1: megazanos (big blind) folded before Flop
Seat 2: 4opl1a folded before Flop (didn't bet)
Seat 3: POLLO ISRA75 folded before Flop (didn't bet)
Seat 4: Dorex2007 folded before Flop (didn't bet)
Seat 5: K.Asatryan folded before Flop (didn't bet)
Seat 6: goggo19 folded before Flop (didn't bet)
Seat 8: Millers1234 (button) folded before Flop (didn't bet)
Seat 9: WeXx33 (small blind) collected ($0.04)



PokerStars Hand #228200968173:  Hold'em No Limit ($0.01/$0.02 USD) - 2021/07/10 15:23:08 PT [2021/07/10 18:23:08 ET]
Table 'Gabriella V' 9-max Seat #9 is the button
Seat 1: megazanos ($2 in chips) 
Seat 2: 4opl1a ($2.52 in chips) 
Seat 3: POLLO ISRA75 ($1.86 in chips) 
Seat 4: Dorex2007 ($2.93 in chips) 
Seat 5: K.Asatryan ($1.81 in chips) 
Seat 6: goggo19 ($3.02 in chips) 
Seat 8: Millers1234 ($2 in chips) 
Seat 9: WeXx33 ($2.43 in chips) 
megazanos: posts small blind $0.01
4opl1a: posts big blind $0.02
*** HOLE CARDS ***
Dealt to Dorex2007 [9h 6d]
POLLO ISRA75: folds 
Dorex2007: folds 
K.Asatryan: folds 
goggo19: folds 
Millers1234: raises $0.04 to $0.06
WeXx33: folds 
megazanos: raises $0.12 to $0.18
4opl1a: folds 
Millers1234: folds 
Uncalled bet ($0.12) returned to megazanos
megazanos collected $0.14 from pot
megazanos: doesn't show hand 
*** SUMMARY ***
Total pot $0.14 | Rake $0 
Seat 1: megazanos (small blind) collected ($0.14)
Seat 2: 4opl1a (big blind) folded before Flop
Seat 3: POLLO ISRA75 folded before Flop (didn't bet)
Seat 4: Dorex2007 folded before Flop (didn't bet)
Seat 5: K.Asatryan folded before Flop (didn't bet)
Seat 6: goggo19 folded before Flop (didn't bet)
Seat 8: Millers1234 folded before Flop
Seat 9: WeXx33 (button) folded before Flop (didn't bet)



PokerStars Hand #228200975894:  Hold'em No Limit ($0.01/$0.02 USD) - 2021/07/10 15:23:29 PT [2021/07/10 18:23:29 ET]
Table 'Gabriella V' 9-max Seat #1 is the button
Seat 1: megazanos ($2.08 in chips) 
Seat 2: 4opl1a ($2.50 in chips) 
Seat 3: POLLO ISRA75 ($1.86 in chips) 
Seat 4: Dorex2007 ($2.93 in chips) 
Seat 5: K.Asatryan ($1.81 in chips) 
Seat 6: goggo19 ($3.02 in chips) 
Seat 8: Millers1234 ($2 in chips) 
Seat 9: WeXx33 ($2.43 in chips) 
4opl1a: posts small blind $0.01
POLLO ISRA75: posts big blind $0.02
*** HOLE CARDS ***
Dealt to Dorex2007 [Qh 3s]
Dorex2007: folds 
K.Asatryan: folds 
goggo19: folds 
Millers1234: raises $0.04 to $0.06
WeXx33: folds 
megazanos: folds 
4opl1a: folds 
POLLO ISRA75: folds 
Uncalled bet ($0.04) returned to Millers1234
Millers1234 collected $0.05 from pot
Millers1234: doesn't show hand 
*** SUMMARY ***
Total pot $0.05 | Rake $0 
Seat 1: megazanos (button) folded before Flop (didn't bet)
Seat 2: 4opl1a (small blind) folded before Flop
Seat 3: POLLO ISRA75 (big blind) folded before Flop
Seat 4: Dorex2007 folded before Flop (didn't bet)
Seat 5: K.Asatryan folded before Flop (didn't bet)
Seat 6: goggo19 folded before Flop (didn't bet)
Seat 8: Millers1234 collected ($0.05)
Seat 9: WeXx33 folded before Flop (didn't bet)



PokerStars Hand #228200984739:  Hold'em No Limit ($0.01/$0.02 USD) - 2021/07/10 15:23:53 PT [2021/07/10 18:23:53 ET]
Table 'Gabriella V' 9-max Seat #2 is the button
Seat 1: megazanos ($2.08 in chips) 
Seat 2: 4opl1a ($2.49 in chips) 
Seat 3: POLLO ISRA75 ($1.84 in chips) 
Seat 4: Dorex2007 ($2.93 in chips) 
Seat 5: K.Asatryan ($1.81 in chips) 
Seat 6: goggo19 ($3.02 in chips) 
Seat 8: Millers1234 ($2.03 in chips) 
Seat 9: WeXx33 ($2.43 in chips) 
POLLO ISRA75: posts small blind $0.01
Dorex2007: posts big blind $0.02
*** HOLE CARDS ***
Dealt to Dorex2007 [7h Kc]
K.Asatryan: folds 
goggo19: folds 
Millers1234: folds 
WeXx33: folds 
megazanos: folds 
4opl1a: raises $0.03 to $0.05
POLLO ISRA75: calls $0.04
Dorex2007: folds 
*** FLOP *** [7c Jh Qs]
POLLO ISRA75: checks 
4opl1a: checks 
*** TURN *** [7c Jh Qs] [9c]
Millers1234 leaves the table
POLLO ISRA75: checks 
4opl1a: checks 
*** RIVER *** [7c Jh Qs 9c] [2c]
POLLO ISRA75: checks 
4opl1a: checks 
*** SHOW DOWN ***
POLLO ISRA75: shows [Ac Td] (high card Ace)
4opl1a: shows [5s 5h] (a pair of Fives)
4opl1a collected $0.12 from pot
*** SUMMARY ***
Total pot $0.12 | Rake $0 
Board [7c Jh Qs 9c 2c]
Seat 1: megazanos folded before Flop (didn't bet)
Seat 2: 4opl1a (button) showed [5s 5h] and won ($0.12) with a pair of Fives
Seat 3: POLLO ISRA75 (small blind) showed [Ac Td] and lost with high card Ace
Seat 4: Dorex2007 (big blind) folded before Flop
Seat 5: K.Asatryan folded before Flop (didn't bet)
Seat 6: goggo19 folded before Flop (didn't bet)
Seat 8: Millers1234 folded before Flop (didn't bet)
Seat 9: WeXx33 folded before Flop (didn't bet)



PokerStars Hand #228201020352:  Hold'em No Limit ($0.01/$0.02 USD) - 2021/07/10 15:25:18 PT [2021/07/10 18:25:18 ET]
Table 'Gabriella V' 9-max Seat #3 is the button
Seat 1: megazanos ($2.08 in chips) 
Seat 2: 4opl1a ($2.56 in chips) 
Seat 3: POLLO ISRA75 ($1.79 in chips) 
Seat 4: Dorex2007 ($2.91 in chips) 
Seat 5: K.Asatryan ($1.81 in chips) 
Seat 6: goggo19 ($3.02 in chips) 
Seat 9: WeXx33 ($2.43 in chips) 
Dorex2007: posts small blind $0.01
K.Asatryan: posts big blind $0.02
*** HOLE CARDS ***
Dealt to Dorex2007 [Qd Js]
goggo19: folds 
WeXx33: folds 
megazanos: folds 
4opl1a: raises $0.02 to $0.04
POLLO ISRA75: folds 
Dorex2007: calls $0.03
K.Asatryan: folds 
*** FLOP *** [Ks 4s 3s]
G_E_M_P_S_A joins the table at seat #8 
Dorex2007: bets $0.10
4opl1a: folds 
Uncalled bet ($0.10) returned to Dorex2007
Dorex2007 collected $0.10 from pot
Dorex2007: doesn't show hand 
*** SUMMARY ***
Total pot $0.10 | Rake $0 
Board [Ks 4s 3s]
Seat 1: megazanos folded before Flop (didn't bet)
Seat 2: 4opl1a folded on the Flop
Seat 3: POLLO ISRA75 (button) folded before Flop (didn't bet)
Seat 4: Dorex2007 (small blind) collected ($0.10)
Seat 5: K.Asatryan (big blind) folded before Flop
Seat 6: goggo19 folded before Flop (didn't bet)
Seat 9: WeXx33 folded before Flop (didn't bet)



PokerStars Hand #228201031164:  Hold'em No Limit ($0.01/$0.02 USD) - 2021/07/10 15:25:48 PT [2021/07/10 18:25:48 ET]
Table 'Gabriella V' 9-max Seat #4 is the button
Seat 1: megazanos ($2.08 in chips) 
Seat 2: 4opl1a ($2.52 in chips) 
Seat 3: POLLO ISRA75 ($1.79 in chips) 
Seat 4: Dorex2007 ($2.97 in chips) 
Seat 5: K.Asatryan ($1.79 in chips) 
Seat 6: goggo19 ($3.02 in chips) 
Seat 9: WeXx33 ($2.43 in chips) 
K.Asatryan: posts small blind $0.01
goggo19: posts big blind $0.02
G_E_M_P_S_A: sits out 
*** HOLE CARDS ***
Dealt to Dorex2007 [5d 8d]
WeXx33: folds 
megazanos: raises $0.04 to $0.06
4opl1a: folds 
POLLO ISRA75: folds 
Dorex2007: folds 
K.Asatryan: folds 
goggo19: folds 
Uncalled bet ($0.04) returned to megazanos
megazanos collected $0.05 from pot
megazanos: doesn't show hand 
*** SUMMARY ***
Total pot $0.05 | Rake $0 
Seat 1: megazanos collected ($0.05)
Seat 2: 4opl1a folded before Flop (didn't bet)
Seat 3: POLLO ISRA75 folded before Flop (didn't bet)
Seat 4: Dorex2007 (button) folded before Flop (didn't bet)
Seat 5: K.Asatryan (small blind) folded before Flop
Seat 6: goggo19 (big blind) folded before Flop
Seat 9: WeXx33 folded before Flop (didn't bet)



PokerStars Hand #228201037555:  Hold'em No Limit ($0.01/$0.02 USD) - 2021/07/10 15:26:05 PT [2021/07/10 18:26:05 ET]
Table 'Gabriella V' 9-max Seat #5 is the button
Seat 1: megazanos ($2.11 in chips) 
Seat 2: 4opl1a ($2.52 in chips) 
Seat 3: POLLO ISRA75 ($1.79 in chips) 
Seat 4: Dorex2007 ($2.97 in chips) 
Seat 5: K.Asatryan ($1.78 in chips) 
Seat 6: goggo19 ($3 in chips) 
Seat 8: G_E_M_P_S_A ($1.44 in chips) 
Seat 9: WeXx33 ($2.43 in chips) 
goggo19: posts small blind $0.01
G_E_M_P_S_A: posts big blind $0.02
*** HOLE CARDS ***
Dealt to Dorex2007 [3d Tc]
WeXx33: folds 
megazanos: folds 
4opl1a: folds 
POLLO ISRA75: folds 
Dorex2007: folds 
K.Asatryan: folds 
goggo19: raises $0.02 to $0.04
G_E_M_P_S_A: calls $0.02
*** FLOP *** [As Ah 3h]
goggo19: checks 
G_E_M_P_S_A: bets $0.06
goggo19: folds 
Uncalled bet ($0.06) returned to G_E_M_P_S_A
G_E_M_P_S_A collected $0.08 from pot
G_E_M_P_S_A: doesn't show hand 
*** SUMMARY ***
Total pot $0.08 | Rake $0 
Board [As Ah 3h]
Seat 1: megazanos folded before Flop (didn't bet)
Seat 2: 4opl1a folded before Flop (didn't bet)
Seat 3: POLLO ISRA75 folded before Flop (didn't bet)
Seat 4: Dorex2007 folded before Flop (didn't bet)
Seat 5: K.Asatryan (button) folded before Flop (didn't bet)
Seat 6: goggo19 (small blind) folded on the Flop
Seat 8: G_E_M_P_S_A (big blind) collected ($0.08)
Seat 9: WeXx33 folded before Flop (didn't bet)



PokerStars Hand #228201047698:  Hold'em No Limit ($0.01/$0.02 USD) - 2021/07/10 15:26:33 PT [2021/07/10 18:26:33 ET]
Table 'Gabriella V' 9-max Seat #6 is the button
Seat 1: megazanos ($2.11 in chips) 
Seat 2: 4opl1a ($2.52 in chips) 
Seat 3: POLLO ISRA75 ($1.79 in chips) 
Seat 4: Dorex2007 ($2.97 in chips) 
Seat 5: K.Asatryan ($1.78 in chips) 
Seat 6: goggo19 ($2.96 in chips) 
Seat 8: G_E_M_P_S_A ($1.48 in chips) 
Seat 9: WeXx33 ($2.43 in chips) 
G_E_M_P_S_A: posts small blind $0.01
WeXx33: posts big blind $0.02
*** HOLE CARDS ***
Dealt to Dorex2007 [Ks Jc]
megazanos: folds 
4opl1a: folds 
POLLO ISRA75: folds 
Dorex2007: raises $0.02 to $0.04
K.Asatryan: folds 
goggo19: folds 
G_E_M_P_S_A: folds 
WeXx33: folds 
Uncalled bet ($0.02) returned to Dorex2007
Dorex2007 collected $0.05 from pot
Dorex2007: doesn't show hand 
*** SUMMARY ***
Total pot $0.05 | Rake $0 
Seat 1: megazanos folded before Flop (didn't bet)
Seat 2: 4opl1a folded before Flop (didn't bet)
Seat 3: POLLO ISRA75 folded before Flop (didn't bet)
Seat 4: Dorex2007 collected ($0.05)
Seat 5: K.Asatryan folded before Flop (didn't bet)
Seat 6: goggo19 (button) folded before Flop (didn't bet)
Seat 8: G_E_M_P_S_A (small blind) folded before Flop
Seat 9: WeXx33 (big blind) folded before Flop



PokerStars Hand #228201054931:  Hold'em No Limit ($0.01/$0.02 USD) - 2021/07/10 15:26:52 PT [2021/07/10 18:26:52 ET]
Table 'Gabriella V' 9-max Seat #8 is the button
Seat 1: megazanos ($2.11 in chips) 
Seat 2: 4opl1a ($2.52 in chips) 
Seat 3: POLLO ISRA75 ($1.79 in chips) 
Seat 4: Dorex2007 ($3 in chips) 
Seat 5: K.Asatryan ($1.78 in chips) 
Seat 6: goggo19 ($2.96 in chips) 
Seat 8: G_E_M_P_S_A ($1.47 in chips) 
Seat 9: WeXx33 ($2.41 in chips) 
WeXx33: posts small blind $0.01
megazanos: posts big blind $0.02
*** HOLE CARDS ***
Dealt to Dorex2007 [Kh Th]
4opl1a: folds 
POLLO ISRA75: folds 
Dorex2007: raises $0.02 to $0.04
K.Asatryan: folds 
goggo19: folds 
G_E_M_P_S_A: calls $0.04
WeXx33: raises $0.16 to $0.20
megazanos: folds 
Dorex2007: folds 
G_E_M_P_S_A: folds 
Uncalled bet ($0.16) returned to WeXx33
WeXx33 collected $0.14 from pot
WeXx33: doesn't show hand 
*** SUMMARY ***
Total pot $0.14 | Rake $0 
Seat 1: megazanos (big blind) folded before Flop
Seat 2: 4opl1a folded before Flop (didn't bet)
Seat 3: POLLO ISRA75 folded before Flop (didn't bet)
Seat 4: Dorex2007 folded before Flop
Seat 5: K.Asatryan folded before Flop (didn't bet)
Seat 6: goggo19 folded before Flop (didn't bet)
Seat 8: G_E_M_P_S_A (button) folded before Flop
Seat 9: WeXx33 (small blind) collected ($0.14)



PokerStars Hand #228201068111:  Hold'em No Limit ($0.01/$0.02 USD) - 2021/07/10 15:27:16 PT [2021/07/10 18:27:16 ET]
Table 'Gabriella V' 9-max Seat #9 is the button
Seat 1: megazanos ($2.09 in chips) 
Seat 2: 4opl1a ($2.52 in chips) 
Seat 3: POLLO ISRA75 ($1.79 in chips) 
Seat 4: Dorex2007 ($2.96 in chips) 
Seat 5: K.Asatryan ($1.78 in chips) 
Seat 6: goggo19 ($2.96 in chips) 
Seat 7: Pepono101 ($2.51 in chips) 
Seat 8: G_E_M_P_S_A ($1.43 in chips) 
Seat 9: WeXx33 ($2.51 in chips) 
megazanos: posts small blind $0.01
4opl1a: posts big blind $0.02
Pepono101: posts small & big blinds $0.03
*** HOLE CARDS ***
Dealt to Dorex2007 [Qd 5d]
POLLO ISRA75: folds 
Dorex2007: folds 
K.Asatryan: folds 
goggo19: calls $0.02
Pepono101: checks 
G_E_M_P_S_A: folds 
WeXx33: folds 
megazanos: folds 
4opl1a: checks 
*** FLOP *** [9s 6h 8h]
4opl1a: bets $0.08
goggo19: folds 
Pepono101: folds 
Uncalled bet ($0.08) returned to 4opl1a
4opl1a collected $0.08 from pot
4opl1a: doesn't show hand 
*** SUMMARY ***
Total pot $0.08 | Rake $0 
Board [9s 6h 8h]
Seat 1: megazanos (small blind) folded before Flop
Seat 2: 4opl1a (big blind) collected ($0.08)
Seat 3: POLLO ISRA75 folded before Flop (didn't bet)
Seat 4: Dorex2007 folded before Flop (didn't bet)
Seat 5: K.Asatryan folded before Flop (didn't bet)
Seat 6: goggo19 folded on the Flop
Seat 7: Pepono101 folded on the Flop (didn't bet)
Seat 8: G_E_M_P_S_A folded before Flop (didn't bet)
Seat 9: WeXx33 (button) folded before Flop (didn't bet)



PokerStars Hand #228201079809:  Hold'em No Limit ($0.01/$0.02 USD) - 2021/07/10 15:27:48 PT [2021/07/10 18:27:48 ET]
Table 'Gabriella V' 9-max Seat #1 is the button
Seat 1: megazanos ($2.08 in chips) 
Seat 2: 4opl1a ($2.58 in chips) 
Seat 3: POLLO ISRA75 ($1.79 in chips) 
Seat 4: Dorex2007 ($2.96 in chips) 
Seat 5: K.Asatryan ($1.78 in chips) 
Seat 6: goggo19 ($2.94 in chips) 
Seat 7: Pepono101 ($2.48 in chips) 
Seat 8: G_E_M_P_S_A ($1.43 in chips) 
Seat 9: WeXx33 ($2.51 in chips) 
4opl1a: posts small blind $0.01
POLLO ISRA75: posts big blind $0.02
*** HOLE CARDS ***
Dealt to Dorex2007 [7h Kh]
Dorex2007: folds 
K.Asatryan: folds 
goggo19: raises $0.06 to $0.08
Pepono101: folds 
G_E_M_P_S_A: folds 
WeXx33: folds 
megazanos: folds 
4opl1a: folds 
POLLO ISRA75: folds 
Uncalled bet ($0.06) returned to goggo19
goggo19 collected $0.05 from pot
*** SUMMARY ***
Total pot $0.05 | Rake $0 
Seat 1: megazanos (button) folded before Flop (didn't bet)
Seat 2: 4opl1a (small blind) folded before Flop
Seat 3: POLLO ISRA75 (big blind) folded before Flop
Seat 4: Dorex2007 folded before Flop (didn't bet)
Seat 5: K.Asatryan folded before Flop (didn't bet)
Seat 6: goggo19 collected ($0.05)
Seat 7: Pepono101 folded before Flop (didn't bet)
Seat 8: G_E_M_P_S_A folded before Flop (didn't bet)
Seat 9: WeXx33 folded before Flop (didn't bet)



PokerStars Hand #228201089303:  Hold'em No Limit ($0.01/$0.02 USD) - 2021/07/10 15:28:14 PT [2021/07/10 18:28:14 ET]
Table 'Gabriella V' 9-max Seat #2 is the button
Seat 1: megazanos ($2.08 in chips) 
Seat 2: 4opl1a ($2.57 in chips) 
Seat 3: POLLO ISRA75 ($1.77 in chips) 
Seat 4: Dorex2007 ($2.96 in chips) 
Seat 5: K.Asatryan ($1.78 in chips) 
Seat 6: goggo19 ($2.97 in chips) 
Seat 7: Pepono101 ($2.48 in chips) 
Seat 8: G_E_M_P_S_A ($1.43 in chips) 
Seat 9: WeXx33 ($2.51 in chips) 
POLLO ISRA75: posts small blind $0.01
Dorex2007: posts big blind $0.02
*** HOLE CARDS ***
Dealt to Dorex2007 [5c 2s]
K.Asatryan: folds 
goggo19: folds 
Pepono101: folds 
G_E_M_P_S_A: folds 
WeXx33: folds 
megazanos: folds 
4opl1a: folds 
POLLO ISRA75: calls $0.01
Dorex2007: checks 
*** FLOP *** [6c 3s 2d]
POLLO ISRA75: checks 
Dorex2007: checks 
*** TURN *** [6c 3s 2d] [Ad]
POLLO ISRA75: checks 
Dorex2007: checks 
*** RIVER *** [6c 3s 2d Ad] [Tc]
POLLO ISRA75: bets $0.04
Dorex2007: folds 
Uncalled bet ($0.04) returned to POLLO ISRA75
POLLO ISRA75 collected $0.04 from pot
*** SUMMARY ***
Total pot $0.04 | Rake $0 
Board [6c 3s 2d Ad Tc]
Seat 1: megazanos folded before Flop (didn't bet)
Seat 2: 4opl1a (button) folded before Flop (didn't bet)
Seat 3: POLLO ISRA75 (small blind) collected ($0.04)
Seat 4: Dorex2007 (big blind) folded on the River
Seat 5: K.Asatryan folded before Flop (didn't bet)
Seat 6: goggo19 folded before Flop (didn't bet)
Seat 7: Pepono101 folded before Flop (didn't bet)
Seat 8: G_E_M_P_S_A folded before Flop (didn't bet)
Seat 9: WeXx33 folded before Flop (didn't bet)



PokerStars Hand #228201109057:  Hold'em No Limit ($0.01/$0.02 USD) - 2021/07/10 15:29:08 PT [2021/07/10 18:29:08 ET]
Table 'Gabriella V' 9-max Seat #3 is the button
Seat 1: megazanos ($2.08 in chips) 
Seat 2: 4opl1a ($2.57 in chips) 
Seat 3: POLLO ISRA75 ($1.79 in chips) 
Seat 4: Dorex2007 ($2.94 in chips) 
Seat 5: K.Asatryan ($1.78 in chips) 
Seat 6: goggo19 ($2.97 in chips) 
Seat 7: Pepono101 ($2.48 in chips) 
Seat 8: G_E_M_P_S_A ($1.43 in chips) 
Seat 9: WeXx33 ($2.51 in chips) 
Dorex2007: posts small blind $0.01
K.Asatryan: posts big blind $0.02
*** HOLE CARDS ***
Dealt to Dorex2007 [Qh 3s]
goggo19: folds 
Pepono101: folds 
G_E_M_P_S_A: folds 
WeXx33: folds 
megazanos: raises $0.04 to $0.06
4opl1a: folds 
POLLO ISRA75: folds 
Dorex2007: folds 
K.Asatryan: folds 
Uncalled bet ($0.04) returned to megazanos
megazanos collected $0.05 from pot
megazanos: doesn't show hand 
*** SUMMARY ***
Total pot $0.05 | Rake $0 
Seat 1: megazanos collected ($0.05)
Seat 2: 4opl1a folded before Flop (didn't bet)
Seat 3: POLLO ISRA75 (button) folded before Flop (didn't bet)
Seat 4: Dorex2007 (small blind) folded before Flop
Seat 5: K.Asatryan (big blind) folded before Flop
Seat 6: goggo19 folded before Flop (didn't bet)
Seat 7: Pepono101 folded before Flop (didn't bet)
Seat 8: G_E_M_P_S_A folded before Flop (didn't bet)
Seat 9: WeXx33 folded before Flop (didn't bet)



PokerStars Hand #228201121937:  Hold'em No Limit ($0.01/$0.02 USD) - 2021/07/10 15:29:44 PT [2021/07/10 18:29:44 ET]
Table 'Gabriella V' 9-max Seat #4 is the button
Seat 1: megazanos ($2.11 in chips) 
Seat 2: 4opl1a ($2.57 in chips) 
Seat 3: POLLO ISRA75 ($1.79 in chips) 
Seat 4: Dorex2007 ($2.93 in chips) 
Seat 5: K.Asatryan ($1.76 in chips) 
Seat 6: goggo19 ($2.97 in chips) 
Seat 7: Pepono101 ($2.48 in chips) 
Seat 8: G_E_M_P_S_A ($1.43 in chips) 
Seat 9: WeXx33 ($2.51 in chips) 
K.Asatryan: posts small blind $0.01
goggo19: posts big blind $0.02
*** HOLE CARDS ***
Dealt to Dorex2007 [4h Qc]
Pepono101: calls $0.02
G_E_M_P_S_A: folds 
WeXx33: folds 
megazanos: folds 
4opl1a: folds 
POLLO ISRA75: calls $0.02
Dorex2007: folds 
K.Asatryan: folds 
goggo19: checks 
*** FLOP *** [6d 4c 9h]
goggo19: checks 
Pepono101: checks 
POLLO ISRA75: checks 
*** TURN *** [6d 4c 9h] [Qh]
goggo19: checks 
Pepono101: checks 
POLLO ISRA75: bets $0.04
goggo19: folds 
Pepono101: calls $0.04
*** RIVER *** [6d 4c 9h Qh] [7s]
Pepono101: checks 
POLLO ISRA75: checks 
*** SHOW DOWN ***
Pepono101: shows [Ts Jc] (high card Queen)
POLLO ISRA75: shows [Jd Th] (high card Queen)
Pepono101 collected $0.07 from pot
POLLO ISRA75 collected $0.07 from pot
*** SUMMARY ***
Total pot $0.15 | Rake $0.01 
Board [6d 4c 9h Qh 7s]
Seat 1: megazanos folded before Flop (didn't bet)
Seat 2: 4opl1a folded before Flop (didn't bet)
Seat 3: POLLO ISRA75 showed [Jd Th] and won ($0.07) with high card Queen
Seat 4: Dorex2007 (button) folded before Flop (didn't bet)
Seat 5: K.Asatryan (small blind) folded before Flop
Seat 6: goggo19 (big blind) folded on the Turn
Seat 7: Pepono101 showed [Ts Jc] and won ($0.07) with high card Queen
Seat 8: G_E_M_P_S_A folded before Flop (didn't bet)
Seat 9: WeXx33 folded before Flop (didn't bet)



PokerStars Hand #228201160591:  Hold'em No Limit ($0.01/$0.02 USD) - 2021/07/10 15:31:27 PT [2021/07/10 18:31:27 ET]
Table 'Gabriella V' 9-max Seat #5 is the button
Seat 1: megazanos ($2.11 in chips) 
Seat 2: 4opl1a ($2.57 in chips) 
Seat 3: POLLO ISRA75 ($1.80 in chips) 
Seat 4: Dorex2007 ($2.93 in chips) 
Seat 5: K.Asatryan ($1.75 in chips) 
Seat 6: goggo19 ($2.95 in chips) 
Seat 7: Pepono101 ($2.49 in chips) 
Seat 8: G_E_M_P_S_A ($1.43 in chips) 
Seat 9: WeXx33 ($2.51 in chips) 
goggo19: posts small blind $0.01
Pepono101: posts big blind $0.02
*** HOLE CARDS ***
Dealt to Dorex2007 [4s Js]
G_E_M_P_S_A: folds 
WeXx33: folds 
megazanos: folds 
4opl1a: folds 
POLLO ISRA75: folds 
Dorex2007: folds 
K.Asatryan: raises $0.04 to $0.06
goggo19: folds 
Pepono101: folds 
Uncalled bet ($0.04) returned to K.Asatryan
K.Asatryan collected $0.05 from pot
K.Asatryan: doesn't show hand 
*** SUMMARY ***
Total pot $0.05 | Rake $0 
Seat 1: megazanos folded before Flop (didn't bet)
Seat 2: 4opl1a folded before Flop (didn't bet)
Seat 3: POLLO ISRA75 folded before Flop (didn't bet)
Seat 4: Dorex2007 folded before Flop (didn't bet)
Seat 5: K.Asatryan (button) collected ($0.05)
Seat 6: goggo19 (small blind) folded before Flop
Seat 7: Pepono101 (big blind) folded before Flop
Seat 8: G_E_M_P_S_A folded before Flop (didn't bet)
Seat 9: WeXx33 folded before Flop (didn't bet)



PokerStars Hand #228201175166:  Hold'em No Limit ($0.01/$0.02 USD) - 2021/07/10 15:32:06 PT [2021/07/10 18:32:06 ET]
Table 'Gabriella V' 9-max Seat #6 is the button
Seat 1: megazanos ($2.11 in chips) 
Seat 2: 4opl1a ($2.57 in chips) 
Seat 3: POLLO ISRA75 ($1.80 in chips) 
Seat 4: Dorex2007 ($2.93 in chips) 
Seat 5: K.Asatryan ($1.78 in chips) 
Seat 6: goggo19 ($2.94 in chips) 
Seat 7: Pepono101 ($2.47 in chips) 
Seat 8: G_E_M_P_S_A ($1.43 in chips) 
Seat 9: WeXx33 ($2.51 in chips) 
Pepono101: posts small blind $0.01
G_E_M_P_S_A: posts big blind $0.02
*** HOLE CARDS ***
Dealt to Dorex2007 [6d Kd]
WeXx33: folds 
megazanos: folds 
4opl1a: folds 
POLLO ISRA75: folds 
Dorex2007: folds 
K.Asatryan: folds 
goggo19: raises $0.04 to $0.06
Pepono101: folds 
G_E_M_P_S_A: calls $0.04
*** FLOP *** [Ad 5d 5s]
G_E_M_P_S_A: bets $0.06
goggo19: raises $0.16 to $0.22
G_E_M_P_S_A: calls $0.16
*** TURN *** [Ad 5d 5s] [7c]
G_E_M_P_S_A: checks 
goggo19: bets $0.40
G_E_M_P_S_A: folds 
Uncalled bet ($0.40) returned to goggo19
goggo19 collected $0.55 from pot
*** SUMMARY ***
Total pot $0.57 | Rake $0.02 
Board [Ad 5d 5s 7c]
Seat 1: megazanos folded before Flop (didn't bet)
Seat 2: 4opl1a folded before Flop (didn't bet)
Seat 3: POLLO ISRA75 folded before Flop (didn't bet)
Seat 4: Dorex2007 folded before Flop (didn't bet)
Seat 5: K.Asatryan folded before Flop (didn't bet)
Seat 6: goggo19 (button) collected ($0.55)
Seat 7: Pepono101 (small blind) folded before Flop
Seat 8: G_E_M_P_S_A (big blind) folded on the Turn
Seat 9: WeXx33 folded before Flop (didn't bet)



PokerStars Hand #228201198510:  Hold'em No Limit ($0.01/$0.02 USD) - 2021/07/10 15:32:45 PT [2021/07/10 18:32:45 ET]
Table 'Gabriella V' 9-max Seat #7 is the button
Seat 1: megazanos ($2.11 in chips) 
Seat 2: 4opl1a ($2.57 in chips) 
Seat 3: POLLO ISRA75 ($1.80 in chips) 
Seat 4: Dorex2007 ($2.93 in chips) 
Seat 5: K.Asatryan ($1.78 in chips) 
Seat 6: goggo19 ($3.21 in chips) 
Seat 7: Pepono101 ($2.46 in chips) 
Seat 8: G_E_M_P_S_A ($1.15 in chips) 
Seat 9: WeXx33 ($2.51 in chips) 
G_E_M_P_S_A: posts small blind $0.01
WeXx33: posts big blind $0.02
*** HOLE CARDS ***
Dealt to Dorex2007 [Ac As]
megazanos: folds 
4opl1a: folds 
megazanos leaves the table
POLLO ISRA75: folds 
Dorex2007: raises $0.04 to $0.06
K.Asatryan: calls $0.06
goggo19: folds 
Pepono101: folds 
G_E_M_P_S_A: folds 
WeXx33: folds 
*** FLOP *** [2c 5s 6d]
Dorex2007: checks 
K.Asatryan: checks 
*** TURN *** [2c 5s 6d] [9d]
Dorex2007: bets $0.14
konzept030 joins the table at seat #1 
K.Asatryan: folds 
Uncalled bet ($0.14) returned to Dorex2007
Dorex2007 collected $0.14 from pot
Dorex2007: doesn't show hand 
*** SUMMARY ***
Total pot $0.15 | Rake $0.01 
Board [2c 5s 6d 9d]
Seat 1: megazanos folded before Flop (didn't bet)
Seat 2: 4opl1a folded before Flop (didn't bet)
Seat 3: POLLO ISRA75 folded before Flop (didn't bet)
Seat 4: Dorex2007 collected ($0.14)
Seat 5: K.Asatryan folded on the Turn
Seat 6: goggo19 folded before Flop (didn't bet)
Seat 7: Pepono101 (button) folded before Flop (didn't bet)
Seat 8: G_E_M_P_S_A (small blind) folded before Flop
Seat 9: WeXx33 (big blind) folded before Flop



PokerStars Hand #228201221405:  Hold'em No Limit ($0.01/$0.02 USD) - 2021/07/10 15:33:28 PT [2021/07/10 18:33:28 ET]
Table 'Gabriella V' 9-max Seat #8 is the button
Seat 1: konzept030 ($2 in chips) 
Seat 2: 4opl1a ($2.57 in chips) 
Seat 3: POLLO ISRA75 ($1.80 in chips) 
Seat 4: Dorex2007 ($3.01 in chips) 
Seat 5: K.Asatryan ($1.72 in chips) 
Seat 6: goggo19 ($3.21 in chips) 
Seat 7: Pepono101 ($2.46 in chips) 
Seat 8: G_E_M_P_S_A ($1.14 in chips) 
Seat 9: WeXx33 ($2.49 in chips) 
WeXx33: posts small blind $0.01
konzept030: posts big blind $0.02
*** HOLE CARDS ***
Dealt to Dorex2007 [9h Jc]
4opl1a: folds 
POLLO ISRA75: calls $0.02
Dorex2007: folds 
K.Asatryan: raises $0.06 to $0.08
goggo19: calls $0.08
Pepono101: calls $0.08
G_E_M_P_S_A: folds 
WeXx33: folds 
konzept030: folds 
POLLO ISRA75: calls $0.06
*** FLOP *** [Ah 3c 5s]
POLLO ISRA75: checks 
K.Asatryan: bets $0.26
goggo19: folds 
Pepono101: folds 
POLLO ISRA75: folds 
Uncalled bet ($0.26) returned to K.Asatryan
K.Asatryan collected $0.34 from pot
K.Asatryan: doesn't show hand 
*** SUMMARY ***
Total pot $0.35 | Rake $0.01 
Board [Ah 3c 5s]
Seat 1: konzept030 (big blind) folded before Flop
Seat 2: 4opl1a folded before Flop (didn't bet)
Seat 3: POLLO ISRA75 folded on the Flop
Seat 4: Dorex2007 folded before Flop (didn't bet)
Seat 5: K.Asatryan collected ($0.34)
Seat 6: goggo19 folded on the Flop
Seat 7: Pepono101 folded on the Flop
Seat 8: G_E_M_P_S_A (button) folded before Flop (didn't bet)
Seat 9: WeXx33 (small blind) folded before Flop



PokerStars Hand #228201249105:  Hold'em No Limit ($0.01/$0.02 USD) - 2021/07/10 15:34:37 PT [2021/07/10 18:34:37 ET]
Table 'Gabriella V' 9-max Seat #9 is the button
Seat 1: konzept030 ($1.98 in chips) 
Seat 2: 4opl1a ($2.57 in chips) 
Seat 3: POLLO ISRA75 ($1.72 in chips) 
Seat 4: Dorex2007 ($3.01 in chips) 
Seat 5: K.Asatryan ($1.98 in chips) 
Seat 6: goggo19 ($3.13 in chips) 
Seat 7: Pepono101 ($2.38 in chips) 
Seat 8: G_E_M_P_S_A ($1.14 in chips) 
Seat 9: WeXx33 ($2.48 in chips) 
konzept030: posts small blind $0.01
4opl1a: posts big blind $0.02
*** HOLE CARDS ***
Dealt to Dorex2007 [8s Js]
POLLO ISRA75 has timed out
POLLO ISRA75: folds 
Dorex2007: folds 
K.Asatryan: calls $0.02
goggo19: folds 
Pepono101: raises $0.07 to $0.09
G_E_M_P_S_A: folds 
WeXx33: folds 
konzept030: folds 
4opl1a: folds 
K.Asatryan: folds 
Uncalled bet ($0.07) returned to Pepono101
Pepono101 collected $0.07 from pot
Pepono101: doesn't show hand 
*** SUMMARY ***
Total pot $0.07 | Rake $0 
Seat 1: konzept030 (small blind) folded before Flop
Seat 2: 4opl1a (big blind) folded before Flop
Seat 3: POLLO ISRA75 folded before Flop (didn't bet)
Seat 4: Dorex2007 folded before Flop (didn't bet)
Seat 5: K.Asatryan folded before Flop
Seat 6: goggo19 folded before Flop (didn't bet)
Seat 7: Pepono101 collected ($0.07)
Seat 8: G_E_M_P_S_A folded before Flop (didn't bet)
Seat 9: WeXx33 (button) folded before Flop (didn't bet)



PokerStars Hand #228201263191:  Hold'em No Limit ($0.01/$0.02 USD) - 2021/07/10 15:35:15 PT [2021/07/10 18:35:15 ET]
Table 'Gabriella V' 9-max Seat #1 is the button
Seat 1: konzept030 ($1.97 in chips) 
Seat 2: 4opl1a ($2.55 in chips) 
Seat 3: POLLO ISRA75 ($1.72 in chips) 
Seat 4: Dorex2007 ($3.01 in chips) 
Seat 5: K.Asatryan ($1.96 in chips) 
Seat 6: goggo19 ($3.13 in chips) 
Seat 7: Pepono101 ($2.43 in chips) 
Seat 8: G_E_M_P_S_A ($1.14 in chips) 
Seat 9: WeXx33 ($2.48 in chips) 
4opl1a: posts small blind $0.01
POLLO ISRA75: posts big blind $0.02
*** HOLE CARDS ***
Dealt to Dorex2007 [Jc 3d]
Dorex2007: folds 
K.Asatryan: folds 
goggo19: folds 
Pepono101: calls $0.02
G_E_M_P_S_A: folds 
WeXx33: folds 
konzept030: folds 
4opl1a: folds 
POLLO ISRA75: checks 
*** FLOP *** [7d 4d 6d]
POLLO ISRA75: checks 
Pepono101: checks 
*** TURN *** [7d 4d 6d] [Ad]
POLLO ISRA75: checks 
Pepono101: checks 
*** RIVER *** [7d 4d 6d Ad] [Th]
POLLO ISRA75: checks 
Pepono101: checks 
*** SHOW DOWN ***
POLLO ISRA75: shows [9s Qh] (high card Ace)
Pepono101: shows [Js 7s] (a pair of Sevens)
Pepono101 collected $0.05 from pot
*** SUMMARY ***
Total pot $0.05 | Rake $0 
Board [7d 4d 6d Ad Th]
Seat 1: konzept030 (button) folded before Flop (didn't bet)
Seat 2: 4opl1a (small blind) folded before Flop
Seat 3: POLLO ISRA75 (big blind) showed [9s Qh] and lost with high card Ace
Seat 4: Dorex2007 folded before Flop (didn't bet)
Seat 5: K.Asatryan folded before Flop (didn't bet)
Seat 6: goggo19 folded before Flop (didn't bet)
Seat 7: Pepono101 showed [Js 7s] and won ($0.05) with a pair of Sevens
Seat 8: G_E_M_P_S_A folded before Flop (didn't bet)
Seat 9: WeXx33 folded before Flop (didn't bet)



PokerStars Hand #228201282300:  Hold'em No Limit ($0.01/$0.02 USD) - 2021/07/10 15:36:06 PT [2021/07/10 18:36:06 ET]
Table 'Gabriella V' 9-max Seat #2 is the button
Seat 1: konzept030 ($1.97 in chips) 
Seat 2: 4opl1a ($2.54 in chips) 
Seat 3: POLLO ISRA75 ($1.70 in chips) 
Seat 4: Dorex2007 ($3.01 in chips) 
Seat 5: K.Asatryan ($1.96 in chips) 
Seat 6: goggo19 ($3.13 in chips) 
Seat 7: Pepono101 ($2.46 in chips) 
Seat 8: G_E_M_P_S_A ($1.14 in chips) 
Seat 9: WeXx33 ($2.48 in chips) 
POLLO ISRA75: posts small blind $0.01
Dorex2007: posts big blind $0.02
*** HOLE CARDS ***
Dealt to Dorex2007 [Kc Ks]
K.Asatryan: folds 
goggo19: folds 
Pepono101: folds 
G_E_M_P_S_A: folds 
WeXx33: raises $0.04 to $0.06
konzept030: folds 
4opl1a: folds 
POLLO ISRA75: folds 
Dorex2007: raises $0.10 to $0.16
WeXx33: calls $0.10
*** FLOP *** [7d Jc 6d]
Dorex2007: checks 
WeXx33: bets $0.16
Dorex2007: raises $0.64 to $0.80
WeXx33: folds 
Uncalled bet ($0.64) returned to Dorex2007
Dorex2007 collected $0.63 from pot
Dorex2007: doesn't show hand 
*** SUMMARY ***
Total pot $0.65 | Rake $0.02 
Board [7d Jc 6d]
Seat 1: konzept030 folded before Flop (didn't bet)
Seat 2: 4opl1a (button) folded before Flop (didn't bet)
Seat 3: POLLO ISRA75 (small blind) folded before Flop
Seat 4: Dorex2007 (big blind) collected ($0.63)
Seat 5: K.Asatryan folded before Flop (didn't bet)
Seat 6: goggo19 folded before Flop (didn't bet)
Seat 7: Pepono101 folded before Flop (didn't bet)
Seat 8: G_E_M_P_S_A folded before Flop (didn't bet)
Seat 9: WeXx33 folded on the Flop



PokerStars Hand #228201301442:  Hold'em No Limit ($0.01/$0.02 USD) - 2021/07/10 15:36:57 PT [2021/07/10 18:36:57 ET]
Table 'Gabriella V' 9-max Seat #3 is the button
Seat 1: konzept030 ($1.97 in chips) 
Seat 2: 4opl1a ($2.54 in chips) 
Seat 3: POLLO ISRA75 ($1.69 in chips) 
Seat 4: Dorex2007 ($3.32 in chips) 
Seat 5: K.Asatryan ($1.96 in chips) 
Seat 6: goggo19 ($3.13 in chips) 
Seat 7: Pepono101 ($2.46 in chips) 
Seat 8: G_E_M_P_S_A ($1.14 in chips) 
Seat 9: WeXx33 ($2.16 in chips) 
Dorex2007: posts small blind $0.01
K.Asatryan: posts big blind $0.02
*** HOLE CARDS ***
Dealt to Dorex2007 [6c 6s]
goggo19: calls $0.02
Pepono101: folds 
G_E_M_P_S_A: folds 
WeXx33: folds 
konzept030: folds 
4opl1a: raises $0.05 to $0.07
POLLO ISRA75: calls $0.07
Dorex2007: folds 
K.Asatryan: folds 
goggo19: calls $0.05
*** FLOP *** [Th 2s 6h]
goggo19: checks 
4opl1a: bets $0.15
POLLO ISRA75: folds 
goggo19: folds 
Uncalled bet ($0.15) returned to 4opl1a
4opl1a collected $0.23 from pot
4opl1a: doesn't show hand 
*** SUMMARY ***
Total pot $0.24 | Rake $0.01 
Board [Th 2s 6h]
Seat 1: konzept030 folded before Flop (didn't bet)
Seat 2: 4opl1a collected ($0.23)
Seat 3: POLLO ISRA75 (button) folded on the Flop
Seat 4: Dorex2007 (small blind) folded before Flop
Seat 5: K.Asatryan (big blind) folded before Flop
Seat 6: goggo19 folded on the Flop
Seat 7: Pepono101 folded before Flop (didn't bet)
Seat 8: G_E_M_P_S_A folded before Flop (didn't bet)
Seat 9: WeXx33 folded before Flop (didn't bet)



PokerStars Hand #228201319292:  Hold'em No Limit ($0.01/$0.02 USD) - 2021/07/10 15:37:36 PT [2021/07/10 18:37:36 ET]
Table 'Gabriella V' 9-max Seat #4 is the button
Seat 1: konzept030 ($1.97 in chips) 
Seat 2: 4opl1a ($2.70 in chips) 
Seat 3: POLLO ISRA75 ($1.62 in chips) 
Seat 4: Dorex2007 ($3.31 in chips) 
Seat 5: K.Asatryan ($1.94 in chips) 
Seat 6: goggo19 ($3.06 in chips) 
Seat 7: Pepono101 ($2.46 in chips) 
Seat 8: G_E_M_P_S_A ($1.14 in chips) 
Seat 9: WeXx33 ($2.16 in chips) 
K.Asatryan: posts small blind $0.01
goggo19: posts big blind $0.02
*** HOLE CARDS ***
Dealt to Dorex2007 [9h 7d]
Pepono101: folds 
G_E_M_P_S_A: folds 
WeXx33: folds 
konzept030: folds 
4opl1a: folds 
POLLO ISRA75 is disconnected 
POLLO ISRA75 has timed out while being disconnected
POLLO ISRA75: folds 
Dorex2007: folds 
K.Asatryan: calls $0.01
goggo19: checks 
*** FLOP *** [2d Tc 5d]
K.Asatryan: checks 
goggo19: checks 
*** TURN *** [2d Tc 5d] [Ac]
K.Asatryan: checks 
goggo19: checks 
*** RIVER *** [2d Tc 5d Ac] [Jd]
K.Asatryan: checks 
goggo19: checks 
*** SHOW DOWN ***
K.Asatryan: shows [9c 8h] (high card Ace)
goggo19: mucks hand 
K.Asatryan collected $0.04 from pot
*** SUMMARY ***
Total pot $0.04 | Rake $0 
Board [2d Tc 5d Ac Jd]
Seat 1: konzept030 folded before Flop (didn't bet)
Seat 2: 4opl1a folded before Flop (didn't bet)
Seat 3: POLLO ISRA75 folded before Flop (didn't bet)
Seat 4: Dorex2007 (button) folded before Flop (didn't bet)
Seat 5: K.Asatryan (small blind) showed [9c 8h] and won ($0.04) with high card Ace
Seat 6: goggo19 (big blind) mucked [8d 3c]
Seat 7: Pepono101 folded before Flop (didn't bet)
Seat 8: G_E_M_P_S_A folded before Flop (didn't bet)
Seat 9: WeXx33 folded before Flop (didn't bet)



PokerStars Hand #228201339914:  Hold'em No Limit ($0.01/$0.02 USD) - 2021/07/10 15:38:34 PT [2021/07/10 18:38:34 ET]
Table 'Gabriella V' 9-max Seat #5 is the button
Seat 1: konzept030 ($1.97 in chips) 
Seat 2: 4opl1a ($2.70 in chips) 
Seat 4: Dorex2007 ($3.31 in chips) 
Seat 5: K.Asatryan ($1.96 in chips) 
Seat 6: goggo19 ($3.04 in chips) 
Seat 7: Pepono101 ($2.46 in chips) 
Seat 8: G_E_M_P_S_A ($1.14 in chips) 
Seat 9: WeXx33 ($2.16 in chips) 
goggo19: posts small blind $0.01
Pepono101: posts big blind $0.02
*** HOLE CARDS ***
Dealt to Dorex2007 [Qs 5h]
G_E_M_P_S_A: folds 
WeXx33: folds 
konzept030: folds 
4opl1a: folds 
Dorex2007: folds 
K.Asatryan: raises $0.04 to $0.06
goggo19: folds 
Pepono101: calls $0.04
*** FLOP *** [3c 7h 9d]
Pepono101: checks 
K.Asatryan: checks 
*** TURN *** [3c 7h 9d] [Ks]
Pepono101: checks 
K.Asatryan: checks 
*** RIVER *** [3c 7h 9d Ks] [8c]
Pepono101: checks 
K.Asatryan: checks 
*** SHOW DOWN ***
Pepono101: shows [2d 4d] (high card King)
K.Asatryan: shows [Qd Ts] (high card King - Queen kicker)
K.Asatryan collected $0.13 from pot
*** SUMMARY ***
Total pot $0.13 | Rake $0 
Board [3c 7h 9d Ks 8c]
Seat 1: konzept030 folded before Flop (didn't bet)
Seat 2: 4opl1a folded before Flop (didn't bet)
Seat 4: Dorex2007 folded before Flop (didn't bet)
Seat 5: K.Asatryan (button) showed [Qd Ts] and won ($0.13) with high card King
Seat 6: goggo19 (small blind) folded before Flop
Seat 7: Pepono101 (big blind) showed [2d 4d] and lost with high card King
Seat 8: G_E_M_P_S_A folded before Flop (didn't bet)
Seat 9: WeXx33 folded before Flop (didn't bet)



PokerStars Hand #228201357640:  Hold'em No Limit ($0.01/$0.02 USD) - 2021/07/10 15:39:22 PT [2021/07/10 18:39:22 ET]
Table 'Gabriella V' 9-max Seat #6 is the button
Seat 1: konzept030 ($1.97 in chips) 
Seat 2: 4opl1a ($2.70 in chips) 
Seat 3: POLLO ISRA75 ($1.62 in chips) 
Seat 4: Dorex2007 ($3.31 in chips) 
Seat 5: K.Asatryan ($2.03 in chips) 
Seat 6: goggo19 ($3.03 in chips) 
Seat 7: Pepono101 ($2.40 in chips) 
Seat 8: G_E_M_P_S_A ($1.14 in chips) 
Seat 9: WeXx33 ($2.16 in chips) 
Pepono101: posts small blind $0.01
G_E_M_P_S_A: posts big blind $0.02
*** HOLE CARDS ***
Dealt to Dorex2007 [Jc Tc]
WeXx33: folds 
konzept030: calls $0.02
4opl1a: folds 
POLLO ISRA75: calls $0.02
Dorex2007: calls $0.02
K.Asatryan: calls $0.02
goggo19: calls $0.02
Pepono101: calls $0.01
G_E_M_P_S_A: checks 
*** FLOP *** [Th Qh Jh]
Pepono101: checks 
G_E_M_P_S_A: checks 
konzept030: checks 
POLLO ISRA75: checks 
Dorex2007: checks 
K.Asatryan: checks 
goggo19: checks 
*** TURN *** [Th Qh Jh] [9h]
Pepono101: checks 
G_E_M_P_S_A: checks 
konzept030: checks 
POLLO ISRA75: checks 
Dorex2007: bets $0.07
K.Asatryan: folds 
goggo19: folds 
Pepono101: folds 
G_E_M_P_S_A: folds 
konzept030: folds 
POLLO ISRA75: folds 
Uncalled bet ($0.07) returned to Dorex2007
Dorex2007 collected $0.14 from pot
Dorex2007: doesn't show hand 
*** SUMMARY ***
Total pot $0.14 | Rake $0 
Board [Th Qh Jh 9h]
Seat 1: konzept030 folded on the Turn
Seat 2: 4opl1a folded before Flop (didn't bet)
Seat 3: POLLO ISRA75 folded on the Turn
Seat 4: Dorex2007 collected ($0.14)
Seat 5: K.Asatryan folded on the Turn
Seat 6: goggo19 (button) folded on the Turn
Seat 7: Pepono101 (small blind) folded on the Turn
Seat 8: G_E_M_P_S_A (big blind) folded on the Turn
Seat 9: WeXx33 folded before Flop (didn't bet)



PokerStars Hand #228201396185:  Hold'em No Limit ($0.01/$0.02 USD) - 2021/07/10 15:40:54 PT [2021/07/10 18:40:54 ET]
Table 'Gabriella V' 9-max Seat #7 is the button
Seat 1: konzept030 ($1.95 in chips) 
Seat 2: 4opl1a ($2.70 in chips) 
Seat 3: POLLO ISRA75 ($1.60 in chips) 
Seat 4: Dorex2007 ($3.43 in chips) 
Seat 5: K.Asatryan ($2.01 in chips) 
Seat 6: goggo19 ($3.01 in chips) 
Seat 7: Pepono101 ($2.38 in chips) 
Seat 8: G_E_M_P_S_A ($1.12 in chips) 
Seat 9: WeXx33 ($2.16 in chips) 
G_E_M_P_S_A: posts small blind $0.01
WeXx33: posts big blind $0.02
*** HOLE CARDS ***
Dealt to Dorex2007 [Ac Js]
konzept030: calls $0.02
4opl1a: folds 
POLLO ISRA75: calls $0.02
Dorex2007: calls $0.02
K.Asatryan: folds 
goggo19: folds 
Pepono101: folds 
G_E_M_P_S_A: raises $1.10 to $1.12 and is all-in
WeXx33: folds 
konzept030: folds 
POLLO ISRA75: folds 
Dorex2007: folds 
Uncalled bet ($1.10) returned to G_E_M_P_S_A
G_E_M_P_S_A collected $0.10 from pot
G_E_M_P_S_A: doesn't show hand 
*** SUMMARY ***
Total pot $0.10 | Rake $0 
Seat 1: konzept030 folded before Flop
Seat 2: 4opl1a folded before Flop (didn't bet)
Seat 3: POLLO ISRA75 folded before Flop
Seat 4: Dorex2007 folded before Flop
Seat 5: K.Asatryan folded before Flop (didn't bet)
Seat 6: goggo19 folded before Flop (didn't bet)
Seat 7: Pepono101 (button) folded before Flop (didn't bet)
Seat 8: G_E_M_P_S_A (small blind) collected ($0.10)
Seat 9: WeXx33 (big blind) folded before Flop



PokerStars Hand #228201411113:  Hold'em No Limit ($0.01/$0.02 USD) - 2021/07/10 15:41:35 PT [2021/07/10 18:41:35 ET]
Table 'Gabriella V' 9-max Seat #8 is the button
Seat 2: 4opl1a ($2.70 in chips) 
Seat 3: POLLO ISRA75 ($1.58 in chips) 
Seat 4: Dorex2007 ($3.41 in chips) 
Seat 5: K.Asatryan ($2.01 in chips) 
Seat 6: goggo19 ($3.01 in chips) 
Seat 7: Pepono101 ($2.38 in chips) 
Seat 8: G_E_M_P_S_A ($1.20 in chips) 
Seat 9: WeXx33 ($2.14 in chips) 
WeXx33: posts small blind $0.01
konzept030: is sitting out 
konzept030 leaves the table
4opl1a: posts big blind $0.02
*** HOLE CARDS ***
Dealt to Dorex2007 [5h 5c]
POLLO ISRA75: calls $0.02
Dorex2007: raises $0.02 to $0.04
K.Asatryan: folds 
goggo19: raises $0.08 to $0.12
Pepono101: folds 
G_E_M_P_S_A: folds 
WeXx33: calls $0.11
4opl1a: folds 
POLLO ISRA75: folds 
Dorex2007: folds 
*** FLOP *** [2c 6d 2s]
WeXx33: checks 
goggo19: checks 
*** TURN *** [2c 6d 2s] [5d]
WeXx33: bets $0.16
goggo19: folds 
Uncalled bet ($0.16) returned to WeXx33
WeXx33 collected $0.31 from pot
WeXx33: doesn't show hand 
*** SUMMARY ***
Total pot $0.32 | Rake $0.01 
Board [2c 6d 2s 5d]
Seat 2: 4opl1a (big blind) folded before Flop
Seat 3: POLLO ISRA75 folded before Flop
Seat 4: Dorex2007 folded before Flop
Seat 5: K.Asatryan folded before Flop (didn't bet)
Seat 6: goggo19 folded on the Turn
Seat 7: Pepono101 folded before Flop (didn't bet)
Seat 8: G_E_M_P_S_A (button) folded before Flop (didn't bet)
Seat 9: WeXx33 (small blind) collected ($0.31)



PokerStars Hand #228201434601:  Hold'em No Limit ($0.01/$0.02 USD) - 2021/07/10 15:42:40 PT [2021/07/10 18:42:40 ET]
Table 'Gabriella V' 9-max Seat #9 is the button
Seat 2: 4opl1a ($2.68 in chips) 
Seat 3: POLLO ISRA75 ($1.56 in chips) 
Seat 4: Dorex2007 ($3.37 in chips) 
Seat 5: K.Asatryan ($2.01 in chips) 
Seat 6: goggo19 ($2.89 in chips) 
Seat 7: Pepono101 ($2.38 in chips) 
Seat 8: G_E_M_P_S_A ($1.20 in chips) 
Seat 9: WeXx33 ($2.33 in chips) 
4opl1a: posts small blind $0.01
POLLO ISRA75: posts big blind $0.02
*** HOLE CARDS ***
Dealt to Dorex2007 [Ks 2s]
Dorex2007: folds 
K.Asatryan: raises $0.04 to $0.06
goggo19: folds 
Pepono101: folds 
G_E_M_P_S_A: folds 
WeXx33: folds 
4opl1a: folds 
POLLO ISRA75: folds 
Uncalled bet ($0.04) returned to K.Asatryan
K.Asatryan collected $0.05 from pot
K.Asatryan: doesn't show hand 
*** SUMMARY ***
Total pot $0.05 | Rake $0 
Seat 2: 4opl1a (small blind) folded before Flop
Seat 3: POLLO ISRA75 (big blind) folded before Flop
Seat 4: Dorex2007 folded before Flop (didn't bet)
Seat 5: K.Asatryan collected ($0.05)
Seat 6: goggo19 folded before Flop (didn't bet)
Seat 7: Pepono101 folded before Flop (didn't bet)
Seat 8: G_E_M_P_S_A folded before Flop (didn't bet)
Seat 9: WeXx33 (button) folded before Flop (didn't bet)



PokerStars Hand #228201445398:  Hold'em No Limit ($0.01/$0.02 USD) - 2021/07/10 15:43:10 PT [2021/07/10 18:43:10 ET]
Table 'Gabriella V' 9-max Seat #2 is the button
Seat 2: 4opl1a ($2.67 in chips) 
Seat 3: POLLO ISRA75 ($1.54 in chips) 
Seat 4: Dorex2007 ($3.37 in chips) 
Seat 5: K.Asatryan ($2.04 in chips) 
Seat 6: goggo19 ($2.89 in chips) 
Seat 7: Pepono101 ($2.38 in chips) 
Seat 8: G_E_M_P_S_A ($1.20 in chips) 
Seat 9: WeXx33 ($2.33 in chips) 
POLLO ISRA75: posts small blind $0.01
Dorex2007: posts big blind $0.02
*** HOLE CARDS ***
Dealt to Dorex2007 [3c 7d]
K.Asatryan: folds 
goggo19: calls $0.02
Pepono101: raises $0.07 to $0.09
G_E_M_P_S_A: folds 
WeXx33: calls $0.09
4opl1a: folds 
POLLO ISRA75: folds 
seferreyra joins the table at seat #1 
Dorex2007: folds 
goggo19: calls $0.07
*** FLOP *** [Jc 9s 4s]
goggo19: checks 
Pepono101: checks 
WeXx33: checks 
*** TURN *** [Jc 9s 4s] [7h]
goggo19: checks 
Pepono101: bets $0.29
WeXx33: folds 
goggo19: folds 
Uncalled bet ($0.29) returned to Pepono101
Pepono101 collected $0.29 from pot
Pepono101: doesn't show hand 
*** SUMMARY ***
Total pot $0.30 | Rake $0.01 
Board [Jc 9s 4s 7h]
Seat 2: 4opl1a (button) folded before Flop (didn't bet)
Seat 3: POLLO ISRA75 (small blind) folded before Flop
Seat 4: Dorex2007 (big blind) folded before Flop
Seat 5: K.Asatryan folded before Flop (didn't bet)
Seat 6: goggo19 folded on the Turn
Seat 7: Pepono101 collected ($0.29)
Seat 8: G_E_M_P_S_A folded before Flop (didn't bet)
Seat 9: WeXx33 folded on the Turn



PokerStars Hand #228201468130:  Hold'em No Limit ($0.01/$0.02 USD) - 2021/07/10 15:43:57 PT [2021/07/10 18:43:57 ET]
Table 'Gabriella V' 9-max Seat #3 is the button
Seat 2: 4opl1a ($2.67 in chips) 
Seat 3: POLLO ISRA75 ($1.53 in chips) 
Seat 4: Dorex2007 ($3.35 in chips) 
Seat 5: K.Asatryan ($2.04 in chips) 
Seat 6: goggo19 ($2.80 in chips) 
Seat 7: Pepono101 ($2.58 in chips) 
Seat 8: G_E_M_P_S_A ($1.20 in chips) 
Seat 9: WeXx33 ($2.24 in chips) 
Dorex2007: posts small blind $0.01
K.Asatryan: posts big blind $0.02
seferreyra: sits out 
*** HOLE CARDS ***
Dealt to Dorex2007 [7c 3s]
goggo19: folds 
Pepono101: calls $0.02
G_E_M_P_S_A: folds 
WeXx33: folds 
4opl1a: folds 
POLLO ISRA75: folds 
Dorex2007: folds 
K.Asatryan: checks 
*** FLOP *** [Th 4d 5d]
K.Asatryan: checks 
Pepono101: checks 
*** TURN *** [Th 4d 5d] [Qd]
K.Asatryan: checks 
Pepono101: bets $0.05
K.Asatryan: folds 
Uncalled bet ($0.05) returned to Pepono101
Pepono101 collected $0.05 from pot
Pepono101: doesn't show hand 
*** SUMMARY ***
Total pot $0.05 | Rake $0 
Board [Th 4d 5d Qd]
Seat 2: 4opl1a folded before Flop (didn't bet)
Seat 3: POLLO ISRA75 (button) folded before Flop (didn't bet)
Seat 4: Dorex2007 (small blind) folded before Flop
Seat 5: K.Asatryan (big blind) folded on the Turn
Seat 6: goggo19 folded before Flop (didn't bet)
Seat 7: Pepono101 collected ($0.05)
Seat 8: G_E_M_P_S_A folded before Flop (didn't bet)
Seat 9: WeXx33 folded before Flop (didn't bet)



PokerStars Hand #228201483442:  Hold'em No Limit ($0.01/$0.02 USD) - 2021/07/10 15:44:40 PT [2021/07/10 18:44:40 ET]
Table 'Gabriella V' 9-max Seat #4 is the button
Seat 2: 4opl1a ($2.67 in chips) 
Seat 3: POLLO ISRA75 ($1.53 in chips) 
Seat 4: Dorex2007 ($3.34 in chips) 
Seat 5: K.Asatryan ($2.02 in chips) 
Seat 6: goggo19 ($2.80 in chips) 
Seat 7: Pepono101 ($2.61 in chips) 
Seat 8: G_E_M_P_S_A ($1.20 in chips) 
Seat 9: WeXx33 ($2.24 in chips) 
K.Asatryan: posts small blind $0.01
goggo19: posts big blind $0.02
seferreyra: sits out 
*** HOLE CARDS ***
Dealt to Dorex2007 [6d 2d]
Pepono101: raises $0.02 to $0.04
G_E_M_P_S_A: folds 
WeXx33: folds 
4opl1a: folds 
POLLO ISRA75: calls $0.04
Dorex2007: folds 
K.Asatryan: folds 
goggo19: folds 
*** FLOP *** [8s Kh Td]
Pepono101: bets $0.11
POLLO ISRA75: folds 
Uncalled bet ($0.11) returned to Pepono101
Pepono101 collected $0.11 from pot
Pepono101: doesn't show hand 
*** SUMMARY ***
Total pot $0.11 | Rake $0 
Board [8s Kh Td]
Seat 2: 4opl1a folded before Flop (didn't bet)
Seat 3: POLLO ISRA75 folded on the Flop
Seat 4: Dorex2007 (button) folded before Flop (didn't bet)
Seat 5: K.Asatryan (small blind) folded before Flop
Seat 6: goggo19 (big blind) folded before Flop
Seat 7: Pepono101 collected ($0.11)
Seat 8: G_E_M_P_S_A folded before Flop (didn't bet)
Seat 9: WeXx33 folded before Flop (didn't bet)



PokerStars Hand #228201499845:  Hold'em No Limit ($0.01/$0.02 USD) - 2021/07/10 15:45:25 PT [2021/07/10 18:45:25 ET]
Table 'Gabriella V' 9-max Seat #5 is the button
Seat 2: 4opl1a ($2.67 in chips) 
Seat 3: POLLO ISRA75 ($1.49 in chips) 
Seat 4: Dorex2007 ($3.34 in chips) 
Seat 5: K.Asatryan ($2.01 in chips) 
Seat 6: goggo19 ($2.78 in chips) 
Seat 7: Pepono101 ($2.68 in chips) 
Seat 8: G_E_M_P_S_A ($1.20 in chips) 
Seat 9: WeXx33 ($2.24 in chips) 
goggo19: posts small blind $0.01
Pepono101: posts big blind $0.02
seferreyra: sits out 
*** HOLE CARDS ***
Dealt to Dorex2007 [5c 3d]
G_E_M_P_S_A: folds 
WeXx33: folds 
4opl1a: folds 
POLLO ISRA75: calls $0.02
Dorex2007: folds 
K.Asatryan: raises $0.06 to $0.08
goggo19: folds 
Pepono101: folds 
POLLO ISRA75: calls $0.06
*** FLOP *** [Jd 3h As]
POLLO ISRA75: checks 
K.Asatryan: bets $0.09
POLLO ISRA75: calls $0.09
*** TURN *** [Jd 3h As] [8d]
POLLO ISRA75: checks 
K.Asatryan: bets $0.20
POLLO ISRA75 has timed out
POLLO ISRA75: folds 
Uncalled bet ($0.20) returned to K.Asatryan
K.Asatryan collected $0.36 from pot
K.Asatryan: doesn't show hand 
*** SUMMARY ***
Total pot $0.37 | Rake $0.01 
Board [Jd 3h As 8d]
Seat 2: 4opl1a folded before Flop (didn't bet)
Seat 3: POLLO ISRA75 folded on the Turn
Seat 4: Dorex2007 folded before Flop (didn't bet)
Seat 5: K.Asatryan (button) collected ($0.36)
Seat 6: goggo19 (small blind) folded before Flop
Seat 7: Pepono101 (big blind) folded before Flop
Seat 8: G_E_M_P_S_A folded before Flop (didn't bet)
Seat 9: WeXx33 folded before Flop (didn't bet)



PokerStars Hand #228201560072:  Hold'em No Limit ($0.01/$0.02 USD) - 2021/07/10 15:47:56 PT [2021/07/10 18:47:56 ET]
Table 'Gabriella V' 9-max Seat #7 is the button
Seat 2: 4opl1a ($2.67 in chips) 
Seat 4: Dorex2007 ($3.34 in chips) 
Seat 5: K.Asatryan ($2.20 in chips) 
Seat 7: Pepono101 ($2.66 in chips) 
Seat 8: G_E_M_P_S_A ($1.20 in chips) 
Seat 9: WeXx33 ($2.24 in chips) 
G_E_M_P_S_A: posts small blind $0.01
WeXx33: posts big blind $0.02
seferreyra has timed out
seferreyra: is sitting out 
*** HOLE CARDS ***
Dealt to Dorex2007 [Td 7h]
4opl1a: folds 
Dorex2007: folds 
K.Asatryan: calls $0.02
Pepono101: calls $0.02
G_E_M_P_S_A: calls $0.01
WeXx33: checks 
*** FLOP *** [Qc 7s 5s]
G_E_M_P_S_A: checks 
WeXx33: checks 
K.Asatryan: checks 
Pepono101: bets $0.08
goggo19 leaves the table
G_E_M_P_S_A: folds 
DJ.Flench joins the table at seat #6 
WeXx33: folds 
K.Asatryan: folds 
Uncalled bet ($0.08) returned to Pepono101
Pepono101 collected $0.08 from pot
Pepono101: doesn't show hand 
*** SUMMARY ***
Total pot $0.08 | Rake $0 
Board [Qc 7s 5s]
Seat 2: 4opl1a folded before Flop (didn't bet)
Seat 4: Dorex2007 folded before Flop (didn't bet)
Seat 5: K.Asatryan folded on the Flop
Seat 7: Pepono101 (button) collected ($0.08)
Seat 8: G_E_M_P_S_A (small blind) folded on the Flop
Seat 9: WeXx33 (big blind) folded on the Flop



PokerStars Hand #228201580525:  Hold'em No Limit ($0.01/$0.02 USD) - 2021/07/10 15:48:54 PT [2021/07/10 18:48:54 ET]
Table 'Gabriella V' 9-max Seat #8 is the button
Seat 1: seferreyra ($2 in chips) 
Seat 2: 4opl1a ($2.67 in chips) 
Seat 3: POLLO ISRA75 ($1.32 in chips) 
Seat 4: Dorex2007 ($3.34 in chips) 
Seat 5: K.Asatryan ($2.18 in chips) 
Seat 7: Pepono101 ($2.72 in chips) 
Seat 8: G_E_M_P_S_A ($1.18 in chips) 
Seat 9: WeXx33 ($2.22 in chips) 
WeXx33: posts small blind $0.01
seferreyra: posts big blind $0.02
DJ.Flench: sits out 
*** HOLE CARDS ***
Dealt to Dorex2007 [Ah 3s]
4opl1a: folds 
POLLO ISRA75: calls $0.02
Dorex2007: folds 
K.Asatryan: folds 
Pepono101: folds 
G_E_M_P_S_A: folds 
WeXx33: raises $0.04 to $0.06
seferreyra: folds 
POLLO ISRA75: calls $0.04
*** FLOP *** [6s Td Jd]
WeXx33: bets $0.07
POLLO ISRA75: folds 
Uncalled bet ($0.07) returned to WeXx33
WeXx33 collected $0.14 from pot
WeXx33: doesn't show hand 
*** SUMMARY ***
Total pot $0.14 | Rake $0 
Board [6s Td Jd]
Seat 1: seferreyra (big blind) folded before Flop
Seat 2: 4opl1a folded before Flop (didn't bet)
Seat 3: POLLO ISRA75 folded on the Flop
Seat 4: Dorex2007 folded before Flop (didn't bet)
Seat 5: K.Asatryan folded before Flop (didn't bet)
Seat 7: Pepono101 folded before Flop (didn't bet)
Seat 8: G_E_M_P_S_A (button) folded before Flop (didn't bet)
Seat 9: WeXx33 (small blind) collected ($0.14)



PokerStars Hand #228201592122:  Hold'em No Limit ($0.01/$0.02 USD) - 2021/07/10 15:49:26 PT [2021/07/10 18:49:26 ET]
Table 'Gabriella V' 9-max Seat #9 is the button
Seat 1: seferreyra ($1.98 in chips) 
Seat 2: 4opl1a ($2.67 in chips) 
Seat 3: POLLO ISRA75 ($1.26 in chips) 
Seat 4: Dorex2007 ($3.34 in chips) 
Seat 5: K.Asatryan ($2.18 in chips) 
Seat 7: Pepono101 ($2.72 in chips) 
Seat 8: G_E_M_P_S_A ($1.18 in chips) 
Seat 9: WeXx33 ($2.30 in chips) 
seferreyra: posts small blind $0.01
4opl1a: posts big blind $0.02
DJ.Flench: sits out 
*** HOLE CARDS ***
Dealt to Dorex2007 [Jh 2c]
POLLO ISRA75: folds 
Dorex2007: folds 
K.Asatryan: folds 
Pepono101: folds 
G_E_M_P_S_A: folds 
WeXx33: raises $0.04 to $0.06
seferreyra: calls $0.05
4opl1a: folds 
*** FLOP *** [8h 4c 5c]
seferreyra: checks 
WeXx33: checks 
*** TURN *** [8h 4c 5c] [Ad]
seferreyra: bets $0.09
4opl1a leaves the table
WeXx33: folds 
Uncalled bet ($0.09) returned to seferreyra
seferreyra collected $0.14 from pot
seferreyra: doesn't show hand 
*** SUMMARY ***
Total pot $0.14 | Rake $0 
Board [8h 4c 5c Ad]
Seat 1: seferreyra (small blind) collected ($0.14)
Seat 2: 4opl1a (big blind) folded before Flop
Seat 3: POLLO ISRA75 folded before Flop (didn't bet)
Seat 4: Dorex2007 folded before Flop (didn't bet)
Seat 5: K.Asatryan folded before Flop (didn't bet)
Seat 7: Pepono101 folded before Flop (didn't bet)
Seat 8: G_E_M_P_S_A folded before Flop (didn't bet)
Seat 9: WeXx33 (button) folded on the Turn



PokerStars Hand #228201610369:  Hold'em No Limit ($0.01/$0.02 USD) - 2021/07/10 15:50:18 PT [2021/07/10 18:50:18 ET]
Table 'Gabriella V' 9-max Seat #1 is the button
Seat 1: seferreyra ($2.06 in chips) 
Seat 3: POLLO ISRA75 ($1.26 in chips) 
Seat 4: Dorex2007 ($3.34 in chips) 
Seat 5: K.Asatryan ($2.18 in chips) 
Seat 7: Pepono101 ($2.72 in chips) 
Seat 8: G_E_M_P_S_A ($1.18 in chips) 
Seat 9: WeXx33 ($2.24 in chips) 
POLLO ISRA75: posts small blind $0.01
Dorex2007: posts big blind $0.02
DJ.Flench: sits out 
*** HOLE CARDS ***
Dealt to Dorex2007 [8h Js]
K.Asatryan: calls $0.02
Pepono101: folds 
G_E_M_P_S_A: folds 
WeXx33: folds 
seferreyra: raises $0.04 to $0.06
POLLO ISRA75: calls $0.05
Yuri Colmerauer joins the table at seat #2 
Dorex2007: folds 
K.Asatryan: calls $0.04
*** FLOP *** [8d Kc 2d]
POLLO ISRA75: checks 
K.Asatryan: checks 
seferreyra: checks 
*** TURN *** [8d Kc 2d] [Qh]
POLLO ISRA75: bets $0.19
K.Asatryan: folds 
seferreyra: folds 
Uncalled bet ($0.19) returned to POLLO ISRA75
POLLO ISRA75 collected $0.19 from pot
*** SUMMARY ***
Total pot $0.20 | Rake $0.01 
Board [8d Kc 2d Qh]
Seat 1: seferreyra (button) folded on the Turn
Seat 3: POLLO ISRA75 (small blind) collected ($0.19)
Seat 4: Dorex2007 (big blind) folded before Flop
Seat 5: K.Asatryan folded on the Turn
Seat 7: Pepono101 folded before Flop (didn't bet)
Seat 8: G_E_M_P_S_A folded before Flop (didn't bet)
Seat 9: WeXx33 folded before Flop (didn't bet)



PokerStars Hand #228201627707:  Hold'em No Limit ($0.01/$0.02 USD) - 2021/07/10 15:51:07 PT [2021/07/10 18:51:07 ET]
Table 'Gabriella V' 9-max Seat #3 is the button
Seat 1: seferreyra ($2 in chips) 
Seat 3: POLLO ISRA75 ($1.39 in chips) 
Seat 4: Dorex2007 ($3.32 in chips) 
Seat 5: K.Asatryan ($2.12 in chips) 
Seat 7: Pepono101 ($2.72 in chips) 
Seat 8: G_E_M_P_S_A ($1.18 in chips) 
Seat 9: WeXx33 ($2.24 in chips) 
Dorex2007: posts small blind $0.01
K.Asatryan: posts big blind $0.02
DJ.Flench: sits out 
Yuri Colmerauer: sits out 
*** HOLE CARDS ***
Dealt to Dorex2007 [Ah 4s]
Pepono101: raises $0.02 to $0.04
G_E_M_P_S_A: folds 
WeXx33: folds 
seferreyra: folds 
POLLO ISRA75: folds 
Dorex2007: folds 
K.Asatryan: folds 
Uncalled bet ($0.02) returned to Pepono101
Pepono101 collected $0.05 from pot
Pepono101: doesn't show hand 
*** SUMMARY ***
Total pot $0.05 | Rake $0 
Seat 1: seferreyra folded before Flop (didn't bet)
Seat 3: POLLO ISRA75 (button) folded before Flop (didn't bet)
Seat 4: Dorex2007 (small blind) folded before Flop
Seat 5: K.Asatryan (big blind) folded before Flop
Seat 7: Pepono101 collected ($0.05)
Seat 8: G_E_M_P_S_A folded before Flop (didn't bet)
Seat 9: WeXx33 folded before Flop (didn't bet)



PokerStars Hand #228201635819:  Hold'em No Limit ($0.01/$0.02 USD) - 2021/07/10 15:51:30 PT [2021/07/10 18:51:30 ET]
Table 'Gabriella V' 9-max Seat #4 is the button
Seat 1: seferreyra ($2 in chips) 
Seat 3: POLLO ISRA75 ($1.39 in chips) 
Seat 4: Dorex2007 ($3.31 in chips) 
Seat 5: K.Asatryan ($2.10 in chips) 
Seat 6: DJ.Flench ($2 in chips) 
Seat 7: Pepono101 ($2.75 in chips) 
Seat 8: G_E_M_P_S_A ($1.18 in chips) 
Seat 9: WeXx33 ($2.24 in chips) 
K.Asatryan: posts small blind $0.01
DJ.Flench: posts big blind $0.02
Yuri Colmerauer: sits out 
*** HOLE CARDS ***
Dealt to Dorex2007 [Ah 8c]
Pepono101: calls $0.02
G_E_M_P_S_A: folds 
WeXx33: folds 
seferreyra: folds 
POLLO ISRA75: folds 
Dorex2007: folds 
K.Asatryan: folds 
DJ.Flench: raises $0.10 to $0.12
Pepono101: calls $0.10
*** FLOP *** [Ac Kh As]
DJ.Flench: checks 
Pepono101: checks 
*** TURN *** [Ac Kh As] [4s]
DJ.Flench: checks 
Pepono101: bets $0.24
DJ.Flench: folds 
Uncalled bet ($0.24) returned to Pepono101
Pepono101 collected $0.24 from pot
Pepono101: doesn't show hand 
*** SUMMARY ***
Total pot $0.25 | Rake $0.01 
Board [Ac Kh As 4s]
Seat 1: seferreyra folded before Flop (didn't bet)
Seat 3: POLLO ISRA75 folded before Flop (didn't bet)
Seat 4: Dorex2007 (button) folded before Flop (didn't bet)
Seat 5: K.Asatryan (small blind) folded before Flop
Seat 6: DJ.Flench (big blind) folded on the Turn
Seat 7: Pepono101 collected ($0.24)
Seat 8: G_E_M_P_S_A folded before Flop (didn't bet)
Seat 9: WeXx33 folded before Flop (didn't bet)



PokerStars Hand #228201654169:  Hold'em No Limit ($0.01/$0.02 USD) - 2021/07/10 15:52:23 PT [2021/07/10 18:52:23 ET]
Table 'Gabriella V' 9-max Seat #5 is the button
Seat 1: seferreyra ($2 in chips) 
Seat 3: POLLO ISRA75 ($1.39 in chips) 
Seat 4: Dorex2007 ($3.31 in chips) 
Seat 5: K.Asatryan ($2.09 in chips) 
Seat 6: DJ.Flench ($2 in chips) 
Seat 7: Pepono101 ($2.87 in chips) 
Seat 8: G_E_M_P_S_A ($1.18 in chips) 
Seat 9: WeXx33 ($2.24 in chips) 
DJ.Flench: posts small blind $0.01
Pepono101: posts big blind $0.02
Yuri Colmerauer: sits out 
*** HOLE CARDS ***
Dealt to Dorex2007 [9h 7d]
G_E_M_P_S_A: folds 
WeXx33: raises $0.04 to $0.06
seferreyra: folds 
POLLO ISRA75: calls $0.06
Dorex2007: folds 
K.Asatryan: folds 
DJ.Flench: folds 
Pepono101: calls $0.04
*** FLOP *** [Ac Kh 7h]
Pepono101: checks 
WeXx33: bets $0.14
POLLO ISRA75: folds 
Pepono101: folds 
Uncalled bet ($0.14) returned to WeXx33
WeXx33 collected $0.18 from pot
WeXx33: doesn't show hand 
*** SUMMARY ***
Total pot $0.19 | Rake $0.01 
Board [Ac Kh 7h]
Seat 1: seferreyra folded before Flop (didn't bet)
Seat 3: POLLO ISRA75 folded on the Flop
Seat 4: Dorex2007 folded before Flop (didn't bet)
Seat 5: K.Asatryan (button) folded before Flop (didn't bet)
Seat 6: DJ.Flench (small blind) folded before Flop
Seat 7: Pepono101 (big blind) folded on the Flop
Seat 8: G_E_M_P_S_A folded before Flop (didn't bet)
Seat 9: WeXx33 collected ($0.18)



PokerStars Hand #228201670488:  Hold'em No Limit ($0.01/$0.02 USD) - 2021/07/10 15:53:10 PT [2021/07/10 18:53:10 ET]
Table 'Gabriella V' 9-max Seat #6 is the button
Seat 1: seferreyra ($2 in chips) 
Seat 3: POLLO ISRA75 ($1.33 in chips) 
Seat 4: Dorex2007 ($3.31 in chips) 
Seat 5: K.Asatryan ($2.09 in chips) 
Seat 6: DJ.Flench ($2 in chips) 
Seat 7: Pepono101 ($2.81 in chips) 
Seat 8: G_E_M_P_S_A ($1.18 in chips) 
Seat 9: WeXx33 ($2.36 in chips) 
Pepono101: posts small blind $0.01
G_E_M_P_S_A: posts big blind $0.02
Yuri Colmerauer: sits out 
*** HOLE CARDS ***
Dealt to Dorex2007 [3d Qd]
WeXx33: folds 
seferreyra: folds 
POLLO ISRA75: folds 
Dorex2007: folds 
K.Asatryan: raises $0.04 to $0.06
DJ.Flench: folds 
Pepono101: folds 
G_E_M_P_S_A: folds 
Uncalled bet ($0.04) returned to K.Asatryan
K.Asatryan collected $0.05 from pot
K.Asatryan: doesn't show hand 
*** SUMMARY ***
Total pot $0.05 | Rake $0 
Seat 1: seferreyra folded before Flop (didn't bet)
Seat 3: POLLO ISRA75 folded before Flop (didn't bet)
Seat 4: Dorex2007 folded before Flop (didn't bet)
Seat 5: K.Asatryan collected ($0.05)
Seat 6: DJ.Flench (button) folded before Flop (didn't bet)
Seat 7: Pepono101 (small blind) folded before Flop
Seat 8: G_E_M_P_S_A (big blind) folded before Flop
Seat 9: WeXx33 folded before Flop (didn't bet)



PokerStars Hand #228201684063:  Hold'em No Limit ($0.01/$0.02 USD) - 2021/07/10 15:53:49 PT [2021/07/10 18:53:49 ET]
Table 'Gabriella V' 9-max Seat #7 is the button
Seat 1: seferreyra ($2 in chips) 
Seat 3: POLLO ISRA75 ($1.33 in chips) 
Seat 4: Dorex2007 ($3.31 in chips) 
Seat 5: K.Asatryan ($2.12 in chips) 
Seat 6: DJ.Flench ($2 in chips) 
Seat 7: Pepono101 ($2.80 in chips) 
Seat 8: G_E_M_P_S_A ($1.16 in chips) 
Seat 9: WeXx33 ($2.36 in chips) 
G_E_M_P_S_A: posts small blind $0.01
WeXx33: posts big blind $0.02
Yuri Colmerauer: sits out 
*** HOLE CARDS ***
Dealt to Dorex2007 [9d Jd]
seferreyra: folds 
POLLO ISRA75: calls $0.02
Dorex2007: folds 
K.Asatryan: folds 
DJ.Flench: folds 
Pepono101: folds 
G_E_M_P_S_A: folds 
WeXx33: checks 
*** FLOP *** [4c 2c 5c]
WeXx33: bets $0.04
POLLO ISRA75: folds 
Uncalled bet ($0.04) returned to WeXx33
WeXx33 collected $0.05 from pot
WeXx33: doesn't show hand 
*** SUMMARY ***
Total pot $0.05 | Rake $0 
Board [4c 2c 5c]
Seat 1: seferreyra folded before Flop (didn't bet)
Seat 3: POLLO ISRA75 folded on the Flop
Seat 4: Dorex2007 folded before Flop (didn't bet)
Seat 5: K.Asatryan folded before Flop (didn't bet)
Seat 6: DJ.Flench folded before Flop (didn't bet)
Seat 7: Pepono101 (button) folded before Flop (didn't bet)
Seat 8: G_E_M_P_S_A (small blind) folded before Flop
Seat 9: WeXx33 (big blind) collected ($0.05)



PokerStars Hand #228201704879:  Hold'em No Limit ($0.01/$0.02 USD) - 2021/07/10 15:54:48 PT [2021/07/10 18:54:48 ET]
Table 'Gabriella V' 9-max Seat #8 is the button
Seat 1: seferreyra ($2 in chips) 
Seat 3: POLLO ISRA75 ($1.31 in chips) 
Seat 4: Dorex2007 ($3.31 in chips) 
Seat 5: K.Asatryan ($2.12 in chips) 
Seat 6: DJ.Flench ($2 in chips) 
Seat 7: Pepono101 ($2.80 in chips) 
Seat 8: G_E_M_P_S_A ($1.15 in chips) 
Seat 9: WeXx33 ($2.39 in chips) 
WeXx33: posts small blind $0.01
seferreyra: posts big blind $0.02
Yuri Colmerauer: sits out 
*** HOLE CARDS ***
Dealt to Dorex2007 [8c Js]
POLLO ISRA75 has timed out
POLLO ISRA75: folds 
Dorex2007: folds 
K.Asatryan: folds 
DJ.Flench: raises $0.03 to $0.05
Pepono101: calls $0.05
G_E_M_P_S_A: calls $0.05
WeXx33: folds 
seferreyra: folds 
*** FLOP *** [7c 5s Ad]
DJ.Flench: checks 
Pepono101: bets $0.17
G_E_M_P_S_A: folds 
DJ.Flench: folds 
Uncalled bet ($0.17) returned to Pepono101
Pepono101 collected $0.17 from pot
Pepono101: doesn't show hand 
*** SUMMARY ***
Total pot $0.18 | Rake $0.01 
Board [7c 5s Ad]
Seat 1: seferreyra (big blind) folded before Flop
Seat 3: POLLO ISRA75 folded before Flop (didn't bet)
Seat 4: Dorex2007 folded before Flop (didn't bet)
Seat 5: K.Asatryan folded before Flop (didn't bet)
Seat 6: DJ.Flench folded on the Flop
Seat 7: Pepono101 collected ($0.17)
Seat 8: G_E_M_P_S_A (button) folded on the Flop
Seat 9: WeXx33 (small blind) folded before Flop



PokerStars Hand #228201717609:  Hold'em No Limit ($0.01/$0.02 USD) - 2021/07/10 15:55:27 PT [2021/07/10 18:55:27 ET]
Table 'Gabriella V' 9-max Seat #9 is the button
Seat 3: POLLO ISRA75 ($1.31 in chips) 
Seat 4: Dorex2007 ($3.31 in chips) 
Seat 5: K.Asatryan ($2.12 in chips) 
Seat 6: DJ.Flench ($2 in chips) 
Seat 7: Pepono101 ($2.92 in chips) 
Seat 8: G_E_M_P_S_A ($1.10 in chips) 
Seat 9: WeXx33 ($2.38 in chips) 
seferreyra has timed out
seferreyra: is sitting out 
Yuri Colmerauer will be allowed to play after the button
POLLO ISRA75: posts small blind $0.01
Dorex2007: posts big blind $0.02
*** HOLE CARDS ***
Dealt to Dorex2007 [4d Js]
K.Asatryan: folds 
DJ.Flench: folds 
Pepono101: raises $0.02 to $0.04
G_E_M_P_S_A: folds 
WeXx33: folds 
POLLO ISRA75: calls $0.03
Dorex2007: folds 
*** FLOP *** [8d 6s Tc]
seferreyra is disconnected 
POLLO ISRA75: checks 
Pepono101: checks 
*** TURN *** [8d 6s Tc] [3h]
POLLO ISRA75: checks 
Pepono101: checks 
*** RIVER *** [8d 6s Tc 3h] [9s]
POLLO ISRA75: bets $1.27 and is all-in
Pepono101: folds 
Uncalled bet ($1.27) returned to POLLO ISRA75
POLLO ISRA75 collected $0.10 from pot
*** SUMMARY ***
Total pot $0.10 | Rake $0 
Board [8d 6s Tc 3h 9s]
Seat 3: POLLO ISRA75 (small blind) collected ($0.10)
Seat 4: Dorex2007 (big blind) folded before Flop
Seat 5: K.Asatryan folded before Flop (didn't bet)
Seat 6: DJ.Flench folded before Flop (didn't bet)
Seat 7: Pepono101 folded on the River
Seat 8: G_E_M_P_S_A folded before Flop (didn't bet)
Seat 9: WeXx33 (button) folded before Flop (didn't bet)



PokerStars Hand #228201745888:  Hold'em No Limit ($0.01/$0.02 USD) - 2021/07/10 15:57:08 PT [2021/07/10 18:57:08 ET]
Table 'Gabriella V' 9-max Seat #3 is the button
Seat 1: seferreyra ($1.98 in chips) 
Seat 3: POLLO ISRA75 ($1.37 in chips) 
Seat 4: Dorex2007 ($3.29 in chips) 
Seat 5: K.Asatryan ($2.12 in chips) 
Seat 6: DJ.Flench ($2 in chips) 
Seat 7: Pepono101 ($2.88 in chips) 
Seat 8: G_E_M_P_S_A ($1.10 in chips) 
Seat 9: WeXx33 ($2.38 in chips) 
Dorex2007: posts small blind $0.01
K.Asatryan: posts big blind $0.02
seferreyra: posts small blind $0.01
Yuri Colmerauer: sits out 
*** HOLE CARDS ***
Dealt to Dorex2007 [2c Kc]
DJ.Flench: folds 
Pepono101: raises $0.02 to $0.04
G_E_M_P_S_A: folds 
WeXx33: folds 
seferreyra: calls $0.04
POLLO ISRA75: folds 
Dorex2007: folds 
K.Asatryan: folds 
*** FLOP *** [5s 7d 4d]
Pepono101: checks 
seferreyra: bets $0.10
Pepono101: calls $0.10
*** TURN *** [5s 7d 4d] [6d]
Pepono101: checks 
seferreyra: checks 
*** RIVER *** [5s 7d 4d 6d] [Qh]
Pepono101: bets $0.31
seferreyra: calls $0.31
*** SHOW DOWN ***
Pepono101: shows [9d Kd] (a flush, King high)
seferreyra: mucks hand 
Pepono101 collected $0.91 from pot
*** SUMMARY ***
Total pot $0.94 | Rake $0.03 
Board [5s 7d 4d 6d Qh]
Seat 1: seferreyra mucked [6h 3h]
Seat 3: POLLO ISRA75 (button) folded before Flop (didn't bet)
Seat 4: Dorex2007 (small blind) folded before Flop
Seat 5: K.Asatryan (big blind) folded before Flop
Seat 6: DJ.Flench folded before Flop (didn't bet)
Seat 7: Pepono101 showed [9d Kd] and won ($0.91) with a flush, King high
Seat 8: G_E_M_P_S_A folded before Flop (didn't bet)
Seat 9: WeXx33 folded before Flop (didn't bet)



PokerStars Hand #228201767890:  Hold'em No Limit ($0.01/$0.02 USD) - 2021/07/10 15:58:27 PT [2021/07/10 18:58:27 ET]
Table 'Gabriella V' 9-max Seat #4 is the button
Seat 1: seferreyra ($1.52 in chips) 
Seat 3: POLLO ISRA75 ($1.37 in chips) 
Seat 4: Dorex2007 ($3.28 in chips) 
Seat 5: K.Asatryan ($2.10 in chips) 
Seat 6: DJ.Flench ($2 in chips) 
Seat 7: Pepono101 ($3.34 in chips) 
Seat 8: G_E_M_P_S_A ($1.10 in chips) 
Seat 9: WeXx33 ($2.38 in chips) 
K.Asatryan: posts small blind $0.01
DJ.Flench: posts big blind $0.02
Yuri Colmerauer: sits out 
*** HOLE CARDS ***
Dealt to Dorex2007 [8c 2h]
Pepono101: folds 
G_E_M_P_S_A: folds 
WeXx33: raises $0.04 to $0.06
seferreyra: calls $0.06
POLLO ISRA75 has timed out
POLLO ISRA75: folds 
Dorex2007: folds 
K.Asatryan: folds 
DJ.Flench: folds 
*** FLOP *** [4s 4d 3c]
WeXx33: bets $0.07
POLLO ISRA75 is disconnected 
seferreyra: calls $0.07
*** TURN *** [4s 4d 3c] [4c]
WeXx33: bets $0.08
seferreyra: calls $0.08
*** RIVER *** [4s 4d 3c 4c] [9c]
WeXx33: bets $0.13
seferreyra: folds 
Uncalled bet ($0.13) returned to WeXx33
WeXx33 collected $0.43 from pot
WeXx33: doesn't show hand 
*** SUMMARY ***
Total pot $0.45 | Rake $0.02 
Board [4s 4d 3c 4c 9c]
Seat 1: seferreyra folded on the River
Seat 3: POLLO ISRA75 folded before Flop (didn't bet)
Seat 4: Dorex2007 (button) folded before Flop (didn't bet)
Seat 5: K.Asatryan (small blind) folded before Flop
Seat 6: DJ.Flench (big blind) folded before Flop
Seat 7: Pepono101 folded before Flop (didn't bet)
Seat 8: G_E_M_P_S_A folded before Flop (didn't bet)
Seat 9: WeXx33 collected ($0.43)



PokerStars Hand #228201801747:  Hold'em No Limit ($0.01/$0.02 USD) - 2021/07/10 15:59:58 PT [2021/07/10 18:59:58 ET]
Table 'Gabriella V' 9-max Seat #5 is the button
Seat 1: seferreyra ($1.31 in chips) 
Seat 3: POLLO ISRA75 ($1.37 in chips) 
Seat 4: Dorex2007 ($3.28 in chips) 
Seat 5: K.Asatryan ($2.09 in chips) 
Seat 6: DJ.Flench ($2 in chips) 
Seat 7: Pepono101 ($3.34 in chips) 
Seat 8: G_E_M_P_S_A ($1.10 in chips) 
Seat 9: WeXx33 ($2.60 in chips) 
DJ.Flench: posts small blind $0.01
Pepono101: posts big blind $0.02
Yuri Colmerauer: sits out 
*** HOLE CARDS ***
Dealt to Dorex2007 [7h 5s]
G_E_M_P_S_A: raises $0.04 to $0.06
WeXx33: folds 
seferreyra: folds 
POLLO ISRA75: folds 
Dorex2007: folds 
seferreyra leaves the table
K.Asatryan: raises $0.12 to $0.18
DJ.Flench: folds 
Pepono101 has timed out
Pepono101: folds 
G_E_M_P_S_A: folds 
Uncalled bet ($0.12) returned to K.Asatryan
K.Asatryan collected $0.15 from pot
K.Asatryan: doesn't show hand 
*** SUMMARY ***
Total pot $0.15 | Rake $0 
Seat 1: seferreyra folded before Flop (didn't bet)
Seat 3: POLLO ISRA75 folded before Flop (didn't bet)
Seat 4: Dorex2007 folded before Flop (didn't bet)
Seat 5: K.Asatryan (button) collected ($0.15)
Seat 6: DJ.Flench (small blind) folded before Flop
Seat 7: Pepono101 (big blind) folded before Flop
Seat 8: G_E_M_P_S_A folded before Flop
Seat 9: WeXx33 folded before Flop (didn't bet)



PokerStars Hand #228201824711:  Hold'em No Limit ($0.01/$0.02 USD) - 2021/07/10 16:01:15 PT [2021/07/10 19:01:15 ET]
Table 'Gabriella V' 9-max Seat #6 is the button
Seat 3: POLLO ISRA75 ($1.37 in chips) 
Seat 4: Dorex2007 ($3.28 in chips) 
Seat 5: K.Asatryan ($2.18 in chips) 
Seat 6: DJ.Flench ($2 in chips) 
Seat 8: G_E_M_P_S_A ($1.04 in chips) 
Seat 9: WeXx33 ($2.60 in chips) 
G_E_M_P_S_A: posts small blind $0.01
WeXx33: posts big blind $0.02
Yuri Colmerauer: sits out 
*** HOLE CARDS ***
Dealt to Dorex2007 [Jh 3s]
POLLO ISRA75: folds 
Dorex2007: folds 
K.Asatryan: raises $0.04 to $0.06
DJ.Flench: folds 
G_E_M_P_S_A: folds 
WeXx33: folds 
Uncalled bet ($0.04) returned to K.Asatryan
K.Asatryan collected $0.05 from pot
K.Asatryan: doesn't show hand 
*** SUMMARY ***
Total pot $0.05 | Rake $0 
Seat 3: POLLO ISRA75 folded before Flop (didn't bet)
Seat 4: Dorex2007 folded before Flop (didn't bet)
Seat 5: K.Asatryan collected ($0.05)
Seat 6: DJ.Flench (button) folded before Flop (didn't bet)
Seat 8: G_E_M_P_S_A (small blind) folded before Flop
Seat 9: WeXx33 (big blind) folded before Flop



PokerStars Hand #228201830752:  Hold'em No Limit ($0.01/$0.02 USD) - 2021/07/10 16:01:33 PT [2021/07/10 19:01:33 ET]
Table 'Gabriella V' 9-max Seat #8 is the button
Seat 2: Yuri Colmerauer ($2 in chips) 
Seat 3: POLLO ISRA75 ($1.37 in chips) 
Seat 4: Dorex2007 ($3.28 in chips) 
Seat 5: K.Asatryan ($2.21 in chips) 
Seat 6: DJ.Flench ($2 in chips) 
Seat 8: G_E_M_P_S_A ($1.03 in chips) 
Seat 9: WeXx33 ($2.58 in chips) 
WeXx33: posts small blind $0.01
Yuri Colmerauer: posts big blind $0.02
*** HOLE CARDS ***
Dealt to Dorex2007 [3d 5d]
POLLO ISRA75: folds 
Dorex2007: folds 
K.Asatryan: folds 
DJ.Flench: folds 
G_E_M_P_S_A: folds 
WeXx33: folds 
Uncalled bet ($0.01) returned to Yuri Colmerauer
Yuri Colmerauer collected $0.02 from pot
Yuri Colmerauer: doesn't show hand 
*** SUMMARY ***
Total pot $0.02 | Rake $0 
Seat 2: Yuri Colmerauer (big blind) collected ($0.02)
Seat 3: POLLO ISRA75 folded before Flop (didn't bet)
Seat 4: Dorex2007 folded before Flop (didn't bet)
Seat 5: K.Asatryan folded before Flop (didn't bet)
Seat 6: DJ.Flench folded before Flop (didn't bet)
Seat 8: G_E_M_P_S_A (button) folded before Flop (didn't bet)
Seat 9: WeXx33 (small blind) folded before Flop



PokerStars Hand #228201836194:  Hold'em No Limit ($0.01/$0.02 USD) - 2021/07/10 16:01:49 PT [2021/07/10 19:01:49 ET]
Table 'Gabriella V' 9-max Seat #9 is the button
Seat 2: Yuri Colmerauer ($2.01 in chips) 
Seat 3: POLLO ISRA75 ($1.37 in chips) 
Seat 4: Dorex2007 ($3.28 in chips) 
Seat 5: K.Asatryan ($2.21 in chips) 
Seat 6: DJ.Flench ($2 in chips) 
Seat 8: G_E_M_P_S_A ($1.03 in chips) 
Seat 9: WeXx33 ($2.57 in chips) 
Yuri Colmerauer: posts small blind $0.01
POLLO ISRA75: posts big blind $0.02
*** HOLE CARDS ***
Dealt to Dorex2007 [9s As]
Dorex2007: folds 
K.Asatryan: folds 
DJ.Flench: folds 
G_E_M_P_S_A: folds 
WeXx33: folds 
Yuri Colmerauer: folds 
Uncalled bet ($0.01) returned to POLLO ISRA75
POLLO ISRA75 collected $0.02 from pot
*** SUMMARY ***
Total pot $0.02 | Rake $0 
Seat 2: Yuri Colmerauer (small blind) folded before Flop
Seat 3: POLLO ISRA75 (big blind) collected ($0.02)
Seat 4: Dorex2007 folded before Flop (didn't bet)
Seat 5: K.Asatryan folded before Flop (didn't bet)
Seat 6: DJ.Flench folded before Flop (didn't bet)
Seat 8: G_E_M_P_S_A folded before Flop (didn't bet)
Seat 9: WeXx33 (button) folded before Flop (didn't bet)



PokerStars Hand #228201842983:  Hold'em No Limit ($0.01/$0.02 USD) - 2021/07/10 16:02:09 PT [2021/07/10 19:02:09 ET]
Table 'Gabriella V' 9-max Seat #2 is the button
Seat 2: Yuri Colmerauer ($2 in chips) 
Seat 3: POLLO ISRA75 ($1.38 in chips) 
Seat 4: Dorex2007 ($3.28 in chips) 
Seat 5: K.Asatryan ($2.21 in chips) 
Seat 6: DJ.Flench ($2 in chips) 
Seat 8: G_E_M_P_S_A ($1.03 in chips) 
Seat 9: WeXx33 ($2.57 in chips) 
POLLO ISRA75: posts small blind $0.01
Dorex2007: posts big blind $0.02
*** HOLE CARDS ***
Dealt to Dorex2007 [3s Js]
K.Asatryan: folds 
DJ.Flench: folds 
G_E_M_P_S_A: folds 
WeXx33: folds 
Yuri Colmerauer: folds 
POLLO ISRA75: folds 
Uncalled bet ($0.01) returned to Dorex2007
Dorex2007 collected $0.02 from pot
Dorex2007: doesn't show hand 
*** SUMMARY ***
Total pot $0.02 | Rake $0 
Seat 2: Yuri Colmerauer (button) folded before Flop (didn't bet)
Seat 3: POLLO ISRA75 (small blind) folded before Flop
Seat 4: Dorex2007 (big blind) collected ($0.02)
Seat 5: K.Asatryan folded before Flop (didn't bet)
Seat 6: DJ.Flench folded before Flop (didn't bet)
Seat 8: G_E_M_P_S_A folded before Flop (didn't bet)
Seat 9: WeXx33 folded before Flop (didn't bet)



PokerStars Hand #228201846672:  Hold'em No Limit ($0.01/$0.02 USD) - 2021/07/10 16:02:20 PT [2021/07/10 19:02:20 ET]
Table 'Gabriella V' 9-max Seat #3 is the button
Seat 2: Yuri Colmerauer ($2 in chips) 
Seat 3: POLLO ISRA75 ($1.37 in chips) 
Seat 4: Dorex2007 ($3.29 in chips) 
Seat 5: K.Asatryan ($2.21 in chips) 
Seat 6: DJ.Flench ($2 in chips) 
Seat 8: G_E_M_P_S_A ($1.03 in chips) 
Seat 9: WeXx33 ($2.57 in chips) 
Dorex2007: posts small blind $0.01
K.Asatryan: posts big blind $0.02
*** HOLE CARDS ***
Dealt to Dorex2007 [Kd 3s]
DJ.Flench: raises $0.03 to $0.05
G_E_M_P_S_A: calls $0.05
WeXx33: folds 
Yuri Colmerauer: folds 
POLLO ISRA75: folds 
Dorex2007: folds 
K.Asatryan: folds 
*** FLOP *** [9d Ac Jd]
DJ.Flench: checks 
WeXx33 leaves the table
G_E_M_P_S_A: bets $0.08
DJ.Flench: folds 
Uncalled bet ($0.08) returned to G_E_M_P_S_A
G_E_M_P_S_A collected $0.13 from pot
G_E_M_P_S_A: doesn't show hand 
*** SUMMARY ***
Total pot $0.13 | Rake $0 
Board [9d Ac Jd]
Seat 2: Yuri Colmerauer folded before Flop (didn't bet)
Seat 3: POLLO ISRA75 (button) folded before Flop (didn't bet)
Seat 4: Dorex2007 (small blind) folded before Flop
Seat 5: K.Asatryan (big blind) folded before Flop
Seat 6: DJ.Flench folded on the Flop
Seat 8: G_E_M_P_S_A collected ($0.13)
Seat 9: WeXx33 folded before Flop (didn't bet)



PokerStars Hand #228201865297:  Hold'em No Limit ($0.01/$0.02 USD) - 2021/07/10 16:02:54 PT [2021/07/10 19:02:54 ET]
Table 'Gabriella V' 9-max Seat #4 is the button
Seat 2: Yuri Colmerauer ($2 in chips) 
Seat 3: POLLO ISRA75 ($1.37 in chips) 
Seat 4: Dorex2007 ($3.28 in chips) 
Seat 5: K.Asatryan ($2.19 in chips) 
Seat 6: DJ.Flench ($2 in chips) 
Seat 8: G_E_M_P_S_A ($1.11 in chips) 
K.Asatryan: posts small blind $0.01
DJ.Flench: posts big blind $0.02
*** HOLE CARDS ***
Dealt to Dorex2007 [8d 5s]
G_E_M_P_S_A: folds 
Yuri Colmerauer: folds 
POLLO ISRA75: calls $0.02
Dorex2007: folds 
K.Asatryan: folds 
DJ.Flench: checks 
*** FLOP *** [9s Ah 2h]
DJ.Flench: checks 
POLLO ISRA75: bets $0.03
DJ.Flench: folds 
Uncalled bet ($0.03) returned to POLLO ISRA75
POLLO ISRA75 collected $0.05 from pot
POLLO ISRA75: doesn't show hand 
*** SUMMARY ***
Total pot $0.05 | Rake $0 
Board [9s Ah 2h]
Seat 2: Yuri Colmerauer folded before Flop (didn't bet)
Seat 3: POLLO ISRA75 collected ($0.05)
Seat 4: Dorex2007 (button) folded before Flop (didn't bet)
Seat 5: K.Asatryan (small blind) folded before Flop
Seat 6: DJ.Flench (big blind) folded on the Flop
Seat 8: G_E_M_P_S_A folded before Flop (didn't bet)



PokerStars Hand #228201873205:  Hold'em No Limit ($0.01/$0.02 USD) - 2021/07/10 16:03:17 PT [2021/07/10 19:03:17 ET]
Table 'Gabriella V' 9-max Seat #5 is the button
Seat 2: Yuri Colmerauer ($2 in chips) 
Seat 3: POLLO ISRA75 ($1.40 in chips) 
Seat 4: Dorex2007 ($3.28 in chips) 
Seat 5: K.Asatryan ($2.18 in chips) 
Seat 6: DJ.Flench ($2 in chips) 
Seat 8: G_E_M_P_S_A ($1.11 in chips) 
DJ.Flench: posts small blind $0.01
G_E_M_P_S_A: posts big blind $0.02
*** HOLE CARDS ***
Dealt to Dorex2007 [Td Ad]
Yuri Colmerauer: raises $0.04 to $0.06
POLLO ISRA75: folds 
Dorex2007: calls $0.06
K.Asatryan: folds 
DJ.Flench: folds 
G_E_M_P_S_A: folds 
*** FLOP *** [4h 7h Qc]
Yuri Colmerauer: checks 
Dorex2007: checks 
*** TURN *** [4h 7h Qc] [7d]
Yuri Colmerauer: bets $0.08
Dorex2007: folds 
Uncalled bet ($0.08) returned to Yuri Colmerauer
Yuri Colmerauer collected $0.14 from pot
Yuri Colmerauer: doesn't show hand 
*** SUMMARY ***
Total pot $0.15 | Rake $0.01 
Board [4h 7h Qc 7d]
Seat 2: Yuri Colmerauer collected ($0.14)
Seat 3: POLLO ISRA75 folded before Flop (didn't bet)
Seat 4: Dorex2007 folded on the Turn
Seat 5: K.Asatryan (button) folded before Flop (didn't bet)
Seat 6: DJ.Flench (small blind) folded before Flop
Seat 8: G_E_M_P_S_A (big blind) folded before Flop



PokerStars Hand #228201881901:  Hold'em No Limit ($0.01/$0.02 USD) - 2021/07/10 16:03:43 PT [2021/07/10 19:03:43 ET]
Table 'Gabriella V' 9-max Seat #6 is the button
Seat 2: Yuri Colmerauer ($2.08 in chips) 
Seat 3: POLLO ISRA75 ($1.40 in chips) 
Seat 4: Dorex2007 ($3.22 in chips) 
Seat 5: K.Asatryan ($2.18 in chips) 
Seat 6: DJ.Flench ($2 in chips) 
Seat 8: G_E_M_P_S_A ($1.09 in chips) 
G_E_M_P_S_A: posts small blind $0.01
Yuri Colmerauer: posts big blind $0.02
*** HOLE CARDS ***
Dealt to Dorex2007 [3d As]
POLLO ISRA75: folds 
Dorex2007: folds 
K.Asatryan: folds 
DJ.Flench: folds 
G_E_M_P_S_A: raises $0.06 to $0.08
Yuri Colmerauer: folds 
Uncalled bet ($0.06) returned to G_E_M_P_S_A
G_E_M_P_S_A collected $0.04 from pot
G_E_M_P_S_A: doesn't show hand 
*** SUMMARY ***
Total pot $0.04 | Rake $0 
Seat 2: Yuri Colmerauer (big blind) folded before Flop
Seat 3: POLLO ISRA75 folded before Flop (didn't bet)
Seat 4: Dorex2007 folded before Flop (didn't bet)
Seat 5: K.Asatryan folded before Flop (didn't bet)
Seat 6: DJ.Flench (button) folded before Flop (didn't bet)
Seat 8: G_E_M_P_S_A (small blind) collected ($0.04)



PokerStars Hand #228201888567:  Hold'em No Limit ($0.01/$0.02 USD) - 2021/07/10 16:04:02 PT [2021/07/10 19:04:02 ET]
Table 'Gabriella V' 9-max Seat #8 is the button
Seat 2: Yuri Colmerauer ($2.06 in chips) 
Seat 3: POLLO ISRA75 ($1.40 in chips) 
Seat 4: Dorex2007 ($3.22 in chips) 
Seat 5: K.Asatryan ($2.18 in chips) 
Seat 6: DJ.Flench ($2 in chips) 
Seat 8: G_E_M_P_S_A ($1.11 in chips) 
Yuri Colmerauer: posts small blind $0.01
POLLO ISRA75: posts big blind $0.02
*** HOLE CARDS ***
Dealt to Dorex2007 [Th 5s]
Dorex2007: folds 
K.Asatryan: calls $0.02
DJ.Flench: folds 
G_E_M_P_S_A: folds 
Yuri Colmerauer: raises $0.06 to $0.08
POLLO ISRA75: folds 
K.Asatryan: calls $0.06
*** FLOP *** [9s 2d Ad]
Yuri Colmerauer: bets $0.09
K.Asatryan: folds 
Uncalled bet ($0.09) returned to Yuri Colmerauer
Yuri Colmerauer collected $0.17 from pot
Yuri Colmerauer: doesn't show hand 
*** SUMMARY ***
Total pot $0.18 | Rake $0.01 
Board [9s 2d Ad]
Seat 2: Yuri Colmerauer (small blind) collected ($0.17)
Seat 3: POLLO ISRA75 (big blind) folded before Flop
Seat 4: Dorex2007 folded before Flop (didn't bet)
Seat 5: K.Asatryan folded on the Flop
Seat 6: DJ.Flench folded before Flop (didn't bet)
Seat 8: G_E_M_P_S_A (button) folded before Flop (didn't bet)



PokerStars Hand #228201896788:  Hold'em No Limit ($0.01/$0.02 USD) - 2021/07/10 16:04:27 PT [2021/07/10 19:04:27 ET]
Table 'Gabriella V' 9-max Seat #2 is the button
Seat 2: Yuri Colmerauer ($2.15 in chips) 
Seat 3: POLLO ISRA75 ($1.38 in chips) 
Seat 4: Dorex2007 ($3.22 in chips) 
Seat 5: K.Asatryan ($2.10 in chips) 
Seat 6: DJ.Flench ($2 in chips) 
Seat 8: G_E_M_P_S_A ($1.11 in chips) 
POLLO ISRA75: posts small blind $0.01
Dorex2007: posts big blind $0.02
*** HOLE CARDS ***
Dealt to Dorex2007 [9c 4s]
K.Asatryan: folds 
K.Asatryan leaves the table
DJ.Flench: folds 
G_E_M_P_S_A: folds 
Yuri Colmerauer: folds 
POLLO ISRA75: calls $0.01
Dorex2007: checks 
*** FLOP *** [2c 4h 2s]
POLLO ISRA75: checks 
Dorex2007: checks 
*** TURN *** [2c 4h 2s] [Ah]
POLLO ISRA75: checks 
Dorex2007: checks 
*** RIVER *** [2c 4h 2s Ah] [8s]
POLLO ISRA75: checks 
Dorex2007: checks 
*** SHOW DOWN ***
POLLO ISRA75: shows [8d Td] (two pair, Eights and Deuces)
Dorex2007: mucks hand 
POLLO ISRA75 collected $0.04 from pot
*** SUMMARY ***
Total pot $0.04 | Rake $0 
Board [2c 4h 2s Ah 8s]
Seat 2: Yuri Colmerauer (button) folded before Flop (didn't bet)
Seat 3: POLLO ISRA75 (small blind) showed [8d Td] and won ($0.04) with two pair, Eights and Deuces
Seat 4: Dorex2007 (big blind) mucked [9c 4s]
Seat 5: K.Asatryan folded before Flop (didn't bet)
Seat 6: DJ.Flench folded before Flop (didn't bet)
Seat 8: G_E_M_P_S_A folded before Flop (didn't bet)



PokerStars Hand #228201913694:  Hold'em No Limit ($0.01/$0.02 USD) - 2021/07/10 16:05:17 PT [2021/07/10 19:05:17 ET]
Table 'Gabriella V' 9-max Seat #3 is the button
Seat 2: Yuri Colmerauer ($2.15 in chips) 
Seat 3: POLLO ISRA75 ($1.40 in chips) 
Seat 4: Dorex2007 ($3.20 in chips) 
Seat 6: DJ.Flench ($2 in chips) 
Seat 8: G_E_M_P_S_A ($1.11 in chips) 
Dorex2007: posts small blind $0.01
DJ.Flench: posts big blind $0.02
*** HOLE CARDS ***
Dealt to Dorex2007 [Jd 4c]
G_E_M_P_S_A: raises $1.09 to $1.11 and is all-in
Yuri Colmerauer: folds 
POLLO ISRA75: folds 
Dorex2007: folds 
DJ.Flench: folds 
Uncalled bet ($1.09) returned to G_E_M_P_S_A
G_E_M_P_S_A collected $0.05 from pot
G_E_M_P_S_A: doesn't show hand 
*** SUMMARY ***
Total pot $0.05 | Rake $0 
Seat 2: Yuri Colmerauer folded before Flop (didn't bet)
Seat 3: POLLO ISRA75 (button) folded before Flop (didn't bet)
Seat 4: Dorex2007 (small blind) folded before Flop
Seat 6: DJ.Flench (big blind) folded before Flop
Seat 8: G_E_M_P_S_A collected ($0.05)



PokerStars Hand #228201918723:  Hold'em No Limit ($0.01/$0.02 USD) - 2021/07/10 16:05:31 PT [2021/07/10 19:05:31 ET]
Table 'Gabriella V' 9-max Seat #4 is the button
Seat 2: Yuri Colmerauer ($2.15 in chips) 
Seat 3: POLLO ISRA75 ($1.40 in chips) 
Seat 4: Dorex2007 ($3.19 in chips) 
Seat 6: DJ.Flench ($2 in chips) 
DJ.Flench: posts small blind $0.01
G_E_M_P_S_A: is sitting out 
Yuri Colmerauer: posts big blind $0.02
*** HOLE CARDS ***
Dealt to Dorex2007 [Ac Ah]
G_E_M_P_S_A leaves the table
POLLO ISRA75: folds 
Dorex2007: raises $0.04 to $0.06
DJ.Flench: folds 
Yuri Colmerauer: folds 
Uncalled bet ($0.04) returned to Dorex2007
Dorex2007 collected $0.05 from pot
Dorex2007: doesn't show hand 
*** SUMMARY ***
Total pot $0.05 | Rake $0 
Seat 2: Yuri Colmerauer (big blind) folded before Flop
Seat 3: POLLO ISRA75 folded before Flop (didn't bet)
Seat 4: Dorex2007 (button) collected ($0.05)
Seat 6: DJ.Flench (small blind) folded before Flop



