PokerStars Hand #230363699293:  Hold'em No Limit ($0.01/$0.02 USD) - 2021/10/04 19:58:02 PT [2021/10/04 22:58:02 ET]
Table 'Lyyli II' 9-max Seat #3 is the button
Seat 1: 1malish88 ($5.49 in chips) 
Seat 2: Dorex2007 ($2 in chips) 
Seat 3: edoschenko ($1.93 in chips) 
Seat 5: speedmato ($1.44 in chips) 
Seat 6: 79MAURO ($1.95 in chips) 
Seat 7: CEOSpoker ($1.69 in chips) 
Seat 8: Nastysha184 ($2.20 in chips) 
Seat 9: Franks247 ($0.77 in chips) 
speedmato: posts small blind $0.01
79MAURO: posts big blind $0.02
Dorex2007: posts big blind $0.02
*** HOLE CARDS ***
Dealt to Dorex2007 [2d Js]
CEOSpoker: folds 
Nastysha184: raises $0.02 to $0.04
Franks247: folds 
1malish88: folds 
Dorex2007: folds 
edoschenko: folds 
speedmato: folds 
79MAURO: folds 
Uncalled bet ($0.02) returned to Nastysha184
Nastysha184 collected $0.07 from pot
*** SUMMARY ***
Total pot $0.07 | Rake $0 
Seat 1: 1malish88 folded before Flop (didn't bet)
Seat 2: Dorex2007 folded before Flop (didn't bet)
Seat 3: edoschenko (button) folded before Flop (didn't bet)
Seat 5: speedmato (small blind) folded before Flop
Seat 6: 79MAURO (big blind) folded before Flop
Seat 7: CEOSpoker folded before Flop (didn't bet)
Seat 8: Nastysha184 collected ($0.07)
Seat 9: Franks247 folded before Flop (didn't bet)



PokerStars Hand #230363703413:  Hold'em No Limit ($0.01/$0.02 USD) - 2021/10/04 19:58:29 PT [2021/10/04 22:58:29 ET]
Table 'Lyyli II' 9-max Seat #5 is the button
Seat 2: Dorex2007 ($1.98 in chips) 
Seat 3: edoschenko ($1.93 in chips) 
Seat 5: speedmato ($1.43 in chips) 
Seat 6: 79MAURO ($1.93 in chips) 
Seat 7: CEOSpoker ($1.69 in chips) 
Seat 8: Nastysha184 ($2.25 in chips) 
Seat 9: Franks247 ($0.77 in chips) 
79MAURO: posts small blind $0.01
CEOSpoker: posts big blind $0.02
chacalay1: sits out 
*** HOLE CARDS ***
Dealt to Dorex2007 [8c As]
Nastysha184: folds 
Franks247: folds 
Dorex2007: folds 
1malish88 is disconnected 
edoschenko: raises $0.05 to $0.07
speedmato: folds 
79MAURO: calls $0.06
CEOSpoker: calls $0.05
*** FLOP *** [3c Kh Kd]
79MAURO: bets $0.20
CEOSpoker: calls $0.20
edoschenko: folds 
*** TURN *** [3c Kh Kd] [Qh]
79MAURO: bets $0.59
CEOSpoker: raises $0.83 to $1.42 and is all-in
79MAURO: calls $0.83
*** RIVER *** [3c Kh Kd Qh] [Ks]
*** SHOW DOWN ***
79MAURO: shows [3h 3s] (a full house, Kings full of Threes)
CEOSpoker: shows [Kc 5c] (four of a kind, Kings)
79MAURO cashed out the hand for $2.78 | Cash Out Fee $0.03
CEOSpoker cashed out the hand for $0.51 | Cash Out Fee $0.01
*** SUMMARY ***
Total pot $3.45 | Rake $0.12 
Board [3c Kh Kd Qh Ks]
Seat 2: Dorex2007 folded before Flop (didn't bet)
Seat 3: edoschenko folded on the Flop
Seat 5: speedmato (button) folded before Flop (didn't bet)
Seat 6: 79MAURO (small blind) showed [3h 3s] and lost with a full house, Kings full of Threes (cashed out).
Seat 7: CEOSpoker (big blind) showed [Kc 5c] and won ($3.33) with four of a kind, Kings (pot not awarded as player cashed out)
Seat 8: Nastysha184 folded before Flop (didn't bet)
Seat 9: Franks247 folded before Flop (didn't bet)



PokerStars Hand #230363711316:  Hold'em No Limit ($0.01/$0.02 USD) - 2021/10/04 19:59:21 PT [2021/10/04 22:59:21 ET]
Table 'Lyyli II' 9-max Seat #6 is the button
Seat 2: Dorex2007 ($1.98 in chips) 
Seat 3: edoschenko ($1.86 in chips) 
Seat 5: speedmato ($1.43 in chips) 
Seat 6: 79MAURO ($3.02 in chips) 
Seat 7: CEOSpoker ($0.51 in chips) 
Seat 8: Nastysha184 ($2.25 in chips) 
Seat 9: Franks247 ($0.77 in chips) 
CEOSpoker: posts small blind $0.01
Nastysha184: posts big blind $0.02
chacalay1: sits out 
*** HOLE CARDS ***
Dealt to Dorex2007 [5d 4d]
CEOSpoker said, "HHAHAHAHA"
Franks247: folds 
Dorex2007: folds 
edoschenko: folds 
speedmato: calls $0.02
79MAURO: calls $0.02
CEOSpoker: calls $0.01
Nastysha184: checks 
*** FLOP *** [Qh Tc 6c]
CEOSpoker: bets $0.05
Nastysha184: folds 
speedmato: folds 
79MAURO: folds 
Uncalled bet ($0.05) returned to CEOSpoker
CEOSpoker collected $0.08 from pot
CEOSpoker: doesn't show hand 
*** SUMMARY ***
Total pot $0.08 | Rake $0 
Board [Qh Tc 6c]
Seat 2: Dorex2007 folded before Flop (didn't bet)
Seat 3: edoschenko folded before Flop (didn't bet)
Seat 5: speedmato folded on the Flop
Seat 6: 79MAURO (button) folded on the Flop
Seat 7: CEOSpoker (small blind) collected ($0.08)
Seat 8: Nastysha184 (big blind) folded on the Flop
Seat 9: Franks247 folded before Flop (didn't bet)



PokerStars Hand #230363717593:  Hold'em No Limit ($0.01/$0.02 USD) - 2021/10/04 20:00:02 PT [2021/10/04 23:00:02 ET]
Table 'Lyyli II' 9-max Seat #7 is the button
Seat 2: Dorex2007 ($1.98 in chips) 
Seat 3: edoschenko ($1.86 in chips) 
Seat 5: speedmato ($1.41 in chips) 
Seat 6: 79MAURO ($3 in chips) 
Seat 7: CEOSpoker ($0.57 in chips) 
Seat 8: Nastysha184 ($2.23 in chips) 
Seat 9: Franks247 ($0.77 in chips) 
Nastysha184: posts small blind $0.01
Franks247: posts big blind $0.02
chacalay1: sits out 
*** HOLE CARDS ***
Dealt to Dorex2007 [4h Jc]
Dorex2007: folds 
edoschenko: folds 
speedmato: folds 
79MAURO: folds 
CEOSpoker: folds 
CEOSpoker leaves the table
Nastysha184: raises $0.02 to $0.04
Franks247: calls $0.02
*** FLOP *** [Ts 2c 8h]
Nastysha184: bets $0.04
Franks247: folds 
Uncalled bet ($0.04) returned to Nastysha184
Nastysha184 collected $0.08 from pot
*** SUMMARY ***
Total pot $0.08 | Rake $0 
Board [Ts 2c 8h]
Seat 2: Dorex2007 folded before Flop (didn't bet)
Seat 3: edoschenko folded before Flop (didn't bet)
Seat 5: speedmato folded before Flop (didn't bet)
Seat 6: 79MAURO folded before Flop (didn't bet)
Seat 7: CEOSpoker (button) folded before Flop (didn't bet)
Seat 8: Nastysha184 (small blind) collected ($0.08)
Seat 9: Franks247 (big blind) folded on the Flop



PokerStars Hand #230363721725:  Hold'em No Limit ($0.01/$0.02 USD) - 2021/10/04 20:00:29 PT [2021/10/04 23:00:29 ET]
Table 'Lyyli II' 9-max Seat #8 is the button
Seat 2: Dorex2007 ($1.98 in chips) 
Seat 3: edoschenko ($1.86 in chips) 
Seat 5: speedmato ($1.41 in chips) 
Seat 6: 79MAURO ($3 in chips) 
Seat 8: Nastysha184 ($2.27 in chips) 
Seat 9: Franks247 ($0.73 in chips) 
Franks247: posts small blind $0.01
Dorex2007: posts big blind $0.02
chacalay1: sits out 
*** HOLE CARDS ***
Dealt to Dorex2007 [Td 9c]
edoschenko: folds 
Paty Doll726 joins the table at seat #7 
speedmato has timed out
speedmato: folds 
79MAURO: folds 
Nastysha184: folds 
Franks247: folds 
Uncalled bet ($0.01) returned to Dorex2007
Dorex2007 collected $0.02 from pot
Dorex2007: doesn't show hand 
*** SUMMARY ***
Total pot $0.02 | Rake $0 
Seat 2: Dorex2007 (big blind) collected ($0.02)
Seat 3: edoschenko folded before Flop (didn't bet)
Seat 5: speedmato folded before Flop (didn't bet)
Seat 6: 79MAURO folded before Flop (didn't bet)
Seat 8: Nastysha184 (button) folded before Flop (didn't bet)
Seat 9: Franks247 (small blind) folded before Flop



PokerStars Hand #230363725314:  Hold'em No Limit ($0.01/$0.02 USD) - 2021/10/04 20:00:50 PT [2021/10/04 23:00:50 ET]
Table 'Lyyli II' 9-max Seat #9 is the button
Seat 2: Dorex2007 ($1.99 in chips) 
Seat 3: edoschenko ($1.86 in chips) 
Seat 5: speedmato ($1.41 in chips) 
Seat 6: 79MAURO ($3 in chips) 
Seat 8: Nastysha184 ($2.27 in chips) 
Seat 9: Franks247 ($0.72 in chips) 
Dorex2007: posts small blind $0.01
edoschenko: posts big blind $0.02
chacalay1: sits out 
Paty Doll726: sits out 
*** HOLE CARDS ***
Dealt to Dorex2007 [Qh Ac]
speedmato: folds 
79MAURO: folds 
Nastysha184: folds 
Franks247: folds 
79MAURO leaves the table
Dorex2007: raises $0.06 to $0.08
mvscdrqcdl joins the table at seat #6 
edoschenko: folds 
Uncalled bet ($0.06) returned to Dorex2007
Dorex2007 collected $0.04 from pot
Dorex2007: doesn't show hand 
*** SUMMARY ***
Total pot $0.04 | Rake $0 
Seat 2: Dorex2007 (small blind) collected ($0.04)
Seat 3: edoschenko (big blind) folded before Flop
Seat 5: speedmato folded before Flop (didn't bet)
Seat 6: 79MAURO folded before Flop (didn't bet)
Seat 8: Nastysha184 folded before Flop (didn't bet)
Seat 9: Franks247 (button) folded before Flop (didn't bet)



PokerStars Hand #230363730178:  Hold'em No Limit ($0.01/$0.02 USD) - 2021/10/04 20:01:18 PT [2021/10/04 23:01:18 ET]
Table 'Lyyli II' 9-max Seat #2 is the button
Seat 2: Dorex2007 ($2.01 in chips) 
Seat 3: edoschenko ($1.84 in chips) 
Seat 4: chacalay1 ($1.60 in chips) 
Seat 5: speedmato ($1.41 in chips) 
Seat 8: Nastysha184 ($2.27 in chips) 
Seat 9: Franks247 ($0.72 in chips) 
edoschenko: posts small blind $0.01
chacalay1: posts big blind $0.02
mvscdrqcdl: sits out 
Paty Doll726: sits out 
*** HOLE CARDS ***
Dealt to Dorex2007 [Js 5s]
speedmato: folds 
Nastysha184: folds 
Franks247: folds 
Dorex2007: folds 
edoschenko: raises $0.04 to $0.06
chacalay1: calls $0.04
*** FLOP *** [9s 7c 3d]
edoschenko: checks 
chacalay1: checks 
*** TURN *** [9s 7c 3d] [5h]
edoschenko: checks 
chacalay1: bets $0.12
edoschenko: folds 
Uncalled bet ($0.12) returned to chacalay1
chacalay1 collected $0.12 from pot
chacalay1: doesn't show hand 
*** SUMMARY ***
Total pot $0.12 | Rake $0 
Board [9s 7c 3d 5h]
Seat 2: Dorex2007 (button) folded before Flop (didn't bet)
Seat 3: edoschenko (small blind) folded on the Turn
Seat 4: chacalay1 (big blind) collected ($0.12)
Seat 5: speedmato folded before Flop (didn't bet)
Seat 8: Nastysha184 folded before Flop (didn't bet)
Seat 9: Franks247 folded before Flop (didn't bet)



PokerStars Hand #230363737121:  Hold'em No Limit ($0.01/$0.02 USD) - 2021/10/04 20:01:58 PT [2021/10/04 23:01:58 ET]
Table 'Lyyli II' 9-max Seat #3 is the button
Seat 2: Dorex2007 ($2.01 in chips) 
Seat 3: edoschenko ($1.78 in chips) 
Seat 4: chacalay1 ($1.66 in chips) 
Seat 5: speedmato ($1.41 in chips) 
Seat 8: Nastysha184 ($2.27 in chips) 
Seat 9: Franks247 ($0.72 in chips) 
chacalay1: posts small blind $0.01
speedmato: posts big blind $0.02
mvscdrqcdl: sits out 
Paty Doll726: sits out 
*** HOLE CARDS ***
Dealt to Dorex2007 [Jc 6d]
Nastysha184: folds 
Franks247: folds 
Dorex2007: folds 
edoschenko: raises $0.05 to $0.07
chacalay1: folds 
speedmato: folds 
Uncalled bet ($0.05) returned to edoschenko
edoschenko collected $0.05 from pot
*** SUMMARY ***
Total pot $0.05 | Rake $0 
Seat 2: Dorex2007 folded before Flop (didn't bet)
Seat 3: edoschenko (button) collected ($0.05)
Seat 4: chacalay1 (small blind) folded before Flop
Seat 5: speedmato (big blind) folded before Flop
Seat 8: Nastysha184 folded before Flop (didn't bet)
Seat 9: Franks247 folded before Flop (didn't bet)



PokerStars Hand #230363743009:  Hold'em No Limit ($0.01/$0.02 USD) - 2021/10/04 20:02:31 PT [2021/10/04 23:02:31 ET]
Table 'Lyyli II' 9-max Seat #4 is the button
Seat 2: Dorex2007 ($2.01 in chips) 
Seat 3: edoschenko ($1.81 in chips) 
Seat 4: chacalay1 ($1.65 in chips) 
Seat 5: speedmato ($1.39 in chips) 
Seat 6: mvscdrqcdl ($2 in chips) 
Seat 8: Nastysha184 ($2.27 in chips) 
Seat 9: Franks247 ($0.72 in chips) 
speedmato: posts small blind $0.01
mvscdrqcdl: posts big blind $0.02
Paty Doll726: sits out 
*** HOLE CARDS ***
Dealt to Dorex2007 [9s 8d]
Nastysha184: folds 
Franks247: calls $0.02
Dorex2007: folds 
edoschenko: folds 
chacalay1: raises $0.04 to $0.06
speedmato: folds 
mvscdrqcdl: folds 
Franks247: folds 
Uncalled bet ($0.04) returned to chacalay1
speedmato leaves the table
chacalay1 collected $0.07 from pot
chacalay1: doesn't show hand 
*** SUMMARY ***
Total pot $0.07 | Rake $0 
Seat 2: Dorex2007 folded before Flop (didn't bet)
Seat 3: edoschenko folded before Flop (didn't bet)
Seat 4: chacalay1 (button) collected ($0.07)
Seat 5: speedmato (small blind) folded before Flop
Seat 6: mvscdrqcdl (big blind) folded before Flop
Seat 8: Nastysha184 folded before Flop (didn't bet)
Seat 9: Franks247 folded before Flop



PokerStars Hand #230363751415:  Hold'em No Limit ($0.01/$0.02 USD) - 2021/10/04 20:03:19 PT [2021/10/04 23:03:19 ET]
Table 'Lyyli II' 9-max Seat #6 is the button
Seat 1: 1malish88 ($5.49 in chips) 
Seat 2: Dorex2007 ($2.01 in chips) 
Seat 3: edoschenko ($1.81 in chips) 
Seat 4: chacalay1 ($1.70 in chips) 
Seat 6: mvscdrqcdl ($1.98 in chips) 
Seat 8: Nastysha184 ($2.27 in chips) 
Seat 9: Franks247 ($0.70 in chips) 
Nastysha184: posts small blind $0.01
Franks247: posts big blind $0.02
1malish88: posts small & big blinds $0.03
*** HOLE CARDS ***
Dealt to Dorex2007 [3h 6h]
1malish88: checks 
Dorex2007: folds 
edoschenko: folds 
chacalay1: folds 
mvscdrqcdl: folds 
Nastysha184: calls $0.01
Franks247: checks 
*** FLOP *** [9c Th 2d]
Nastysha184: checks 
Franks247: checks 
1malish88: bets $0.04
Nastysha184: folds 
credesa joins the table at seat #5 
Franks247: folds 
Uncalled bet ($0.04) returned to 1malish88
1malish88 collected $0.07 from pot
1malish88: doesn't show hand 
*** SUMMARY ***
Total pot $0.07 | Rake $0 
Board [9c Th 2d]
Seat 1: 1malish88 collected ($0.07)
Seat 2: Dorex2007 folded before Flop (didn't bet)
Seat 3: edoschenko folded before Flop (didn't bet)
Seat 4: chacalay1 folded before Flop (didn't bet)
Seat 6: mvscdrqcdl (button) folded before Flop (didn't bet)
Seat 8: Nastysha184 (small blind) folded on the Flop
Seat 9: Franks247 (big blind) folded on the Flop



PokerStars Hand #230363757119:  Hold'em No Limit ($0.01/$0.02 USD) - 2021/10/04 20:03:52 PT [2021/10/04 23:03:52 ET]
Table 'Lyyli II' 9-max Seat #8 is the button
Seat 1: 1malish88 ($5.53 in chips) 
Seat 2: Dorex2007 ($2.01 in chips) 
Seat 3: edoschenko ($1.81 in chips) 
Seat 4: chacalay1 ($1.70 in chips) 
Seat 6: mvscdrqcdl ($1.98 in chips) 
Seat 7: Paty Doll726 ($0.80 in chips) 
Seat 8: Nastysha184 ($2.25 in chips) 
Seat 9: Franks247 ($0.68 in chips) 
Franks247: posts small blind $0.01
1malish88: posts big blind $0.02
credesa: sits out 
Paty Doll726: posts big blind $0.02
*** HOLE CARDS ***
Dealt to Dorex2007 [5d 5c]
Dorex2007: folds 
edoschenko: folds 
chacalay1: folds 
mvscdrqcdl: calls $0.02
Paty Doll726: checks 
Nastysha184: folds 
Franks247: folds 
1malish88: checks 
*** FLOP *** [3s 7s 6h]
1malish88: checks 
mvscdrqcdl: checks 
Paty Doll726: checks 
*** TURN *** [3s 7s 6h] [6c]
1malish88: checks 
mvscdrqcdl: bets $0.06
Paty Doll726: calls $0.06
1malish88: folds 
*** RIVER *** [3s 7s 6h 6c] [Jh]
mvscdrqcdl: bets $0.08
Paty Doll726: calls $0.08
*** SHOW DOWN ***
mvscdrqcdl: shows [Ts Jd] (two pair, Jacks and Sixes)
Paty Doll726: mucks hand 
mvscdrqcdl collected $0.34 from pot
*** SUMMARY ***
Total pot $0.35 | Rake $0.01 
Board [3s 7s 6h 6c Jh]
Seat 1: 1malish88 (big blind) folded on the Turn
Seat 2: Dorex2007 folded before Flop (didn't bet)
Seat 3: edoschenko folded before Flop (didn't bet)
Seat 4: chacalay1 folded before Flop (didn't bet)
Seat 6: mvscdrqcdl showed [Ts Jd] and won ($0.34) with two pair, Jacks and Sixes
Seat 7: Paty Doll726 mucked [As Kd]
Seat 8: Nastysha184 (button) folded before Flop (didn't bet)
Seat 9: Franks247 (small blind) folded before Flop



PokerStars Hand #230363766341:  Hold'em No Limit ($0.01/$0.02 USD) - 2021/10/04 20:04:45 PT [2021/10/04 23:04:45 ET]
Table 'Lyyli II' 9-max Seat #9 is the button
Seat 1: 1malish88 ($5.51 in chips) 
Seat 2: Dorex2007 ($2.01 in chips) 
Seat 3: edoschenko ($1.81 in chips) 
Seat 4: chacalay1 ($1.70 in chips) 
Seat 6: mvscdrqcdl ($2.16 in chips) 
Seat 7: Paty Doll726 ($0.64 in chips) 
Seat 8: Nastysha184 ($2.25 in chips) 
Seat 9: Franks247 ($0.67 in chips) 
1malish88: posts small blind $0.01
Dorex2007: posts big blind $0.02
credesa: sits out 
*** HOLE CARDS ***
Dealt to Dorex2007 [5d As]
edoschenko: folds 
chacalay1: folds 
mvscdrqcdl: folds 
Paty Doll726: calls $0.02
Nastysha184: folds 
Franks247: calls $0.02
1malish88: folds 
Dorex2007: checks 
*** FLOP *** [2s 6c 4h]
Dorex2007: checks 
Paty Doll726: checks 
Franks247: checks 
*** TURN *** [2s 6c 4h] [8c]
Dorex2007: bets $0.05
Paty Doll726: folds 
Franks247: folds 
Uncalled bet ($0.05) returned to Dorex2007
Dorex2007 collected $0.07 from pot
Dorex2007: doesn't show hand 
*** SUMMARY ***
Total pot $0.07 | Rake $0 
Board [2s 6c 4h 8c]
Seat 1: 1malish88 (small blind) folded before Flop
Seat 2: Dorex2007 (big blind) collected ($0.07)
Seat 3: edoschenko folded before Flop (didn't bet)
Seat 4: chacalay1 folded before Flop (didn't bet)
Seat 6: mvscdrqcdl folded before Flop (didn't bet)
Seat 7: Paty Doll726 folded on the Turn
Seat 8: Nastysha184 folded before Flop (didn't bet)
Seat 9: Franks247 (button) folded on the Turn



PokerStars Hand #230363771453:  Hold'em No Limit ($0.01/$0.02 USD) - 2021/10/04 20:05:14 PT [2021/10/04 23:05:14 ET]
Table 'Lyyli II' 9-max Seat #1 is the button
Seat 1: 1malish88 ($5.50 in chips) 
Seat 2: Dorex2007 ($2.06 in chips) 
Seat 3: edoschenko ($1.81 in chips) 
Seat 4: chacalay1 ($1.70 in chips) 
Seat 6: mvscdrqcdl ($2.16 in chips) 
Seat 7: Paty Doll726 ($0.62 in chips) 
Seat 8: Nastysha184 ($2.25 in chips) 
Seat 9: Franks247 ($0.65 in chips) 
Dorex2007: posts small blind $0.01
edoschenko: posts big blind $0.02
credesa: sits out 
*** HOLE CARDS ***
Dealt to Dorex2007 [Td 6c]
chacalay1 has timed out
chacalay1: folds 
mvscdrqcdl: folds 
Paty Doll726: folds 
Nastysha184: folds 
Franks247: folds 
1malish88: folds 
Dorex2007: folds 
Uncalled bet ($0.01) returned to edoschenko
edoschenko collected $0.02 from pot
*** SUMMARY ***
Total pot $0.02 | Rake $0 
Seat 1: 1malish88 (button) folded before Flop (didn't bet)
Seat 2: Dorex2007 (small blind) folded before Flop
Seat 3: edoschenko (big blind) collected ($0.02)
Seat 4: chacalay1 folded before Flop (didn't bet)
Seat 6: mvscdrqcdl folded before Flop (didn't bet)
Seat 7: Paty Doll726 folded before Flop (didn't bet)
Seat 8: Nastysha184 folded before Flop (didn't bet)
Seat 9: Franks247 folded before Flop (didn't bet)



PokerStars Hand #230363776348:  Hold'em No Limit ($0.01/$0.02 USD) - 2021/10/04 20:05:42 PT [2021/10/04 23:05:42 ET]
Table 'Lyyli II' 9-max Seat #2 is the button
Seat 1: 1malish88 ($5.50 in chips) 
Seat 2: Dorex2007 ($2.05 in chips) 
Seat 3: edoschenko ($1.82 in chips) 
Seat 5: credesa ($0.80 in chips) 
Seat 6: mvscdrqcdl ($2.16 in chips) 
Seat 7: Paty Doll726 ($0.80 in chips) 
Seat 8: Nastysha184 ($2.25 in chips) 
Seat 9: Franks247 ($0.65 in chips) 
edoschenko: posts small blind $0.01
credesa: posts big blind $0.02
*** HOLE CARDS ***
Dealt to Dorex2007 [5d Kh]
mvscdrqcdl: folds 
Paty Doll726: folds 
Nastysha184 has timed out
Nastysha184: folds 
Franks247: calls $0.02
1malish88: folds 
Dorex2007: folds 
edoschenko: calls $0.01
credesa: checks 
*** FLOP *** [Ac 7c 8s]
edoschenko: checks 
credesa: checks 
Franks247: checks 
*** TURN *** [Ac 7c 8s] [2h]
edoschenko: checks 
credesa: bets $0.04
Franks247: folds 
edoschenko: folds 
Uncalled bet ($0.04) returned to credesa
credesa collected $0.06 from pot
credesa: doesn't show hand 
*** SUMMARY ***
Total pot $0.06 | Rake $0 
Board [Ac 7c 8s 2h]
Seat 1: 1malish88 folded before Flop (didn't bet)
Seat 2: Dorex2007 (button) folded before Flop (didn't bet)
Seat 3: edoschenko (small blind) folded on the Turn
Seat 5: credesa (big blind) collected ($0.06)
Seat 6: mvscdrqcdl folded before Flop (didn't bet)
Seat 7: Paty Doll726 folded before Flop (didn't bet)
Seat 8: Nastysha184 folded before Flop (didn't bet)
Seat 9: Franks247 folded on the Turn



PokerStars Hand #230363786388:  Hold'em No Limit ($0.01/$0.02 USD) - 2021/10/04 20:06:38 PT [2021/10/04 23:06:38 ET]
Table 'Lyyli II' 9-max Seat #3 is the button
Seat 1: 1malish88 ($5.50 in chips) 
Seat 2: Dorex2007 ($2.05 in chips) 
Seat 3: edoschenko ($1.80 in chips) 
Seat 5: credesa ($0.84 in chips) 
Seat 6: mvscdrqcdl ($2.16 in chips) 
Seat 7: Paty Doll726 ($0.80 in chips) 
Seat 8: Nastysha184 ($2.25 in chips) 
Seat 9: Franks247 ($0.63 in chips) 
credesa: posts small blind $0.01
mvscdrqcdl: posts big blind $0.02
*** HOLE CARDS ***
Dealt to Dorex2007 [Tc 7h]
Paty Doll726: folds 
Nastysha184: folds 
Franks247: folds 
1malish88 has timed out
1malish88: folds 
Dorex2007: folds 
edoschenko: folds 
credesa: folds 
Uncalled bet ($0.01) returned to mvscdrqcdl
mvscdrqcdl collected $0.02 from pot
mvscdrqcdl: doesn't show hand 
*** SUMMARY ***
Total pot $0.02 | Rake $0 
Seat 1: 1malish88 folded before Flop (didn't bet)
Seat 2: Dorex2007 folded before Flop (didn't bet)
Seat 3: edoschenko (button) folded before Flop (didn't bet)
Seat 5: credesa (small blind) folded before Flop
Seat 6: mvscdrqcdl (big blind) collected ($0.02)
Seat 7: Paty Doll726 folded before Flop (didn't bet)
Seat 8: Nastysha184 folded before Flop (didn't bet)
Seat 9: Franks247 folded before Flop (didn't bet)



PokerStars Hand #230363794834:  Hold'em No Limit ($0.01/$0.02 USD) - 2021/10/04 20:07:12 PT [2021/10/04 23:07:12 ET]
Table 'Lyyli II' 9-max Seat #5 is the button
Seat 2: Dorex2007 ($2.05 in chips) 
Seat 3: edoschenko ($1.80 in chips) 
Seat 5: credesa ($0.83 in chips) 
Seat 6: mvscdrqcdl ($2.17 in chips) 
Seat 7: Paty Doll726 ($0.80 in chips) 
Seat 8: Nastysha184 ($2.25 in chips) 
Seat 9: Franks247 ($0.63 in chips) 
mvscdrqcdl: posts small blind $0.01
1malish88 is disconnected 
Paty Doll726 is connected 
Paty Doll726: posts big blind $0.02
*** HOLE CARDS ***
Dealt to Dorex2007 [Ah 7d]
Nastysha184: folds 
Franks247: calls $0.02
Dorex2007: folds 
edoschenko: folds 
credesa: raises $0.04 to $0.06
mvscdrqcdl: calls $0.05
Paty Doll726: calls $0.04
Franks247: calls $0.04
*** FLOP *** [Td Js 3s]
mvscdrqcdl: bets $0.04
Paty Doll726: folds 
Franks247: raises $0.31 to $0.35
credesa: raises $0.42 to $0.77 and is all-in
mvscdrqcdl: folds 
Franks247: calls $0.22 and is all-in
Uncalled bet ($0.20) returned to credesa
*** TURN *** [Td Js 3s] [7s]
*** RIVER *** [Td Js 3s 7s] [6h]
*** SHOW DOWN ***
Franks247: shows [Jh Ts] (two pair, Jacks and Tens)
credesa: shows [As Tc] (a pair of Tens)
Franks247 cashed out the hand for $1.12 | Cash Out Fee $0.01
*** SUMMARY ***
Total pot $1.42 | Rake $0.05 
Board [Td Js 3s 7s 6h]
Seat 2: Dorex2007 folded before Flop (didn't bet)
Seat 3: edoschenko folded before Flop (didn't bet)
Seat 5: credesa (button) showed [As Tc] and lost with a pair of Tens
Seat 6: mvscdrqcdl (small blind) folded on the Flop
Seat 7: Paty Doll726 (big blind) folded on the Flop
Seat 8: Nastysha184 folded before Flop (didn't bet)
Seat 9: Franks247 showed [Jh Ts] and won ($1.37) with two pair, Jacks and Tens (pot not awarded as player cashed out)



PokerStars Hand #230363811328:  Hold'em No Limit ($0.01/$0.02 USD) - 2021/10/04 20:08:48 PT [2021/10/04 23:08:48 ET]
Table 'Lyyli II' 9-max Seat #6 is the button
Seat 2: Dorex2007 ($2.05 in chips) 
Seat 3: edoschenko ($1.80 in chips) 
Seat 5: credesa ($0.20 in chips) 
Seat 6: mvscdrqcdl ($2.07 in chips) 
Seat 7: Paty Doll726 ($0.74 in chips) 
Seat 8: Nastysha184 ($2.25 in chips) 
Seat 9: Franks247 ($1.12 in chips) 
Paty Doll726: posts small blind $0.01
Nastysha184: posts big blind $0.02
*** HOLE CARDS ***
Dealt to Dorex2007 [7h 3d]
Franks247: calls $0.02
Dorex2007: folds 
edoschenko: folds 
credesa: raises $0.04 to $0.06
mvscdrqcdl: calls $0.06
Paty Doll726: folds 
Nastysha184: calls $0.04
Franks247: calls $0.04
*** FLOP *** [Td 4d 8h]
Nastysha184: checks 
Franks247: checks 
credesa: bets $0.14 and is all-in
mvscdrqcdl: folds 
Nastysha184: calls $0.14
Franks247: folds 
*** TURN *** [Td 4d 8h] [7s]
*** RIVER *** [Td 4d 8h 7s] [9h]
*** SHOW DOWN ***
Nastysha184: shows [8s Qs] (a pair of Eights)
credesa: shows [Tc Qc] (a pair of Tens)
credesa collected $0.51 from pot
*** SUMMARY ***
Total pot $0.53 | Rake $0.02 
Board [Td 4d 8h 7s 9h]
Seat 2: Dorex2007 folded before Flop (didn't bet)
Seat 3: edoschenko folded before Flop (didn't bet)
Seat 5: credesa showed [Tc Qc] and won ($0.51) with a pair of Tens
Seat 6: mvscdrqcdl (button) folded on the Flop
Seat 7: Paty Doll726 (small blind) folded before Flop
Seat 8: Nastysha184 (big blind) showed [8s Qs] and lost with a pair of Eights
Seat 9: Franks247 folded on the Flop



PokerStars Hand #230363821922:  Hold'em No Limit ($0.01/$0.02 USD) - 2021/10/04 20:09:50 PT [2021/10/04 23:09:50 ET]
Table 'Lyyli II' 9-max Seat #7 is the button
Seat 2: Dorex2007 ($2.05 in chips) 
Seat 3: edoschenko ($1.80 in chips) 
Seat 5: credesa ($2 in chips) 
Seat 6: mvscdrqcdl ($2.01 in chips) 
Seat 7: Paty Doll726 ($0.73 in chips) 
Seat 8: Nastysha184 ($2.05 in chips) 
Seat 9: Franks247 ($1.06 in chips) 
Nastysha184: posts small blind $0.01
Franks247: posts big blind $0.02
chacalay1: sits out 
*** HOLE CARDS ***
Dealt to Dorex2007 [9h 5c]
Dorex2007: folds 
edoschenko: folds 
credesa: raises $0.04 to $0.06
mvscdrqcdl: folds 
Paty Doll726: folds 
Nastysha184: calls $0.05
Franks247: folds 
*** FLOP *** [Ks Ac 2s]
Nastysha184: checks 
credesa: bets $0.07
Nastysha184: calls $0.07
*** TURN *** [Ks Ac 2s] [6h]
Nastysha184: checks 
credesa: checks 
*** RIVER *** [Ks Ac 2s 6h] [7s]
Nastysha184: bets $0.12
credesa: folds 
Uncalled bet ($0.12) returned to Nastysha184
Nastysha184 collected $0.27 from pot
*** SUMMARY ***
Total pot $0.28 | Rake $0.01 
Board [Ks Ac 2s 6h 7s]
Seat 2: Dorex2007 folded before Flop (didn't bet)
Seat 3: edoschenko folded before Flop (didn't bet)
Seat 5: credesa folded on the River
Seat 6: mvscdrqcdl folded before Flop (didn't bet)
Seat 7: Paty Doll726 (button) folded before Flop (didn't bet)
Seat 8: Nastysha184 (small blind) collected ($0.27)
Seat 9: Franks247 (big blind) folded before Flop



PokerStars Hand #230363828907:  Hold'em No Limit ($0.01/$0.02 USD) - 2021/10/04 20:10:30 PT [2021/10/04 23:10:30 ET]
Table 'Lyyli II' 9-max Seat #8 is the button
Seat 2: Dorex2007 ($2.05 in chips) 
Seat 3: edoschenko ($1.80 in chips) 
Seat 5: credesa ($1.87 in chips) 
Seat 6: mvscdrqcdl ($2.01 in chips) 
Seat 7: Paty Doll726 ($0.73 in chips) 
Seat 8: Nastysha184 ($2.19 in chips) 
Seat 9: Franks247 ($1.04 in chips) 
Franks247: posts small blind $0.01
Dorex2007: posts big blind $0.02
chacalay1: sits out 
*** HOLE CARDS ***
Dealt to Dorex2007 [Ad 6s]
edoschenko: folds 
credesa: raises $0.04 to $0.06
mvscdrqcdl: calls $0.06
Paty Doll726: folds 
Nastysha184: folds 
Nastysha184 leaves the table
Franks247: calls $0.05
Dorex2007: folds 
*** FLOP *** [Ac 2s Kh]
Franks247: checks 
credesa: bets $0.10
mvscdrqcdl: folds 
Franks247: folds 
Uncalled bet ($0.10) returned to credesa
credesa collected $0.19 from pot
credesa: doesn't show hand 
*** SUMMARY ***
Total pot $0.20 | Rake $0.01 
Board [Ac 2s Kh]
Seat 2: Dorex2007 (big blind) folded before Flop
Seat 3: edoschenko folded before Flop (didn't bet)
Seat 5: credesa collected ($0.19)
Seat 6: mvscdrqcdl folded on the Flop
Seat 7: Paty Doll726 folded before Flop (didn't bet)
Seat 8: Nastysha184 (button) folded before Flop (didn't bet)
Seat 9: Franks247 (small blind) folded on the Flop



PokerStars Hand #230363834180:  Hold'em No Limit ($0.01/$0.02 USD) - 2021/10/04 20:11:01 PT [2021/10/04 23:11:01 ET]
Table 'Lyyli II' 9-max Seat #9 is the button
Seat 2: Dorex2007 ($2.03 in chips) 
Seat 3: edoschenko ($1.80 in chips) 
Seat 5: credesa ($2 in chips) 
Seat 6: mvscdrqcdl ($1.95 in chips) 
Seat 7: Paty Doll726 ($0.73 in chips) 
Seat 9: Franks247 ($0.98 in chips) 
Dorex2007: posts small blind $0.01
edoschenko: posts big blind $0.02
chacalay1: sits out 
*** HOLE CARDS ***
Dealt to Dorex2007 [Ah 3h]
credesa: folds 
mvscdrqcdl: folds 
Paty Doll726: folds 
Franks247: folds 
Dorex2007: raises $0.04 to $0.06
edoschenko: folds 
Uncalled bet ($0.04) returned to Dorex2007
Dorex2007 collected $0.04 from pot
Dorex2007: doesn't show hand 
*** SUMMARY ***
Total pot $0.04 | Rake $0 
Seat 2: Dorex2007 (small blind) collected ($0.04)
Seat 3: edoschenko (big blind) folded before Flop
Seat 5: credesa folded before Flop (didn't bet)
Seat 6: mvscdrqcdl folded before Flop (didn't bet)
Seat 7: Paty Doll726 folded before Flop (didn't bet)
Seat 9: Franks247 (button) folded before Flop (didn't bet)



PokerStars Hand #230363836986:  Hold'em No Limit ($0.01/$0.02 USD) - 2021/10/04 20:11:17 PT [2021/10/04 23:11:17 ET]
Table 'Lyyli II' 9-max Seat #2 is the button
Seat 2: Dorex2007 ($2.05 in chips) 
Seat 3: edoschenko ($1.78 in chips) 
Seat 4: chacalay1 ($1.70 in chips) 
Seat 5: credesa ($2 in chips) 
Seat 6: mvscdrqcdl ($1.95 in chips) 
Seat 7: Paty Doll726 ($0.73 in chips) 
Seat 9: Franks247 ($0.98 in chips) 
edoschenko: posts small blind $0.01
chacalay1: posts big blind $0.02
*** HOLE CARDS ***
Dealt to Dorex2007 [Ac Tc]
credesa: folds 
mvscdrqcdl: calls $0.02
Paty Doll726: calls $0.02
Franks247: calls $0.02
Dorex2007: raises $0.14 to $0.16
abajah joins the table at seat #8 
edoschenko: folds 
chacalay1: folds 
mvscdrqcdl: folds 
Paty Doll726: raises $0.57 to $0.73 and is all-in
Franks247: folds 
Dorex2007: calls $0.57
*** FLOP *** [6s Kc 7h]
*** TURN *** [6s Kc 7h] [Kh]
*** RIVER *** [6s Kc 7h Kh] [Th]
*** SHOW DOWN ***
Paty Doll726: shows [Jh Jc] (two pair, Kings and Jacks)
Dorex2007: shows [Ac Tc] (two pair, Kings and Tens)
Paty Doll726 cashed out the hand for $1 | Cash Out Fee $0.01
*** SUMMARY ***
Total pot $1.53 | Rake $0.05 
Board [6s Kc 7h Kh Th]
Seat 2: Dorex2007 (button) showed [Ac Tc] and lost with two pair, Kings and Tens
Seat 3: edoschenko (small blind) folded before Flop
Seat 4: chacalay1 (big blind) folded before Flop
Seat 5: credesa folded before Flop (didn't bet)
Seat 6: mvscdrqcdl folded before Flop
Seat 7: Paty Doll726 showed [Jh Jc] and won ($1.48) with two pair, Kings and Jacks (pot not awarded as player cashed out)
Seat 9: Franks247 folded before Flop



PokerStars Hand #230363847760:  Hold'em No Limit ($0.01/$0.02 USD) - 2021/10/04 20:12:21 PT [2021/10/04 23:12:21 ET]
Table 'Lyyli II' 9-max Seat #3 is the button
Seat 2: Dorex2007 ($1.32 in chips) 
Seat 3: edoschenko ($1.77 in chips) 
Seat 4: chacalay1 ($1.68 in chips) 
Seat 5: credesa ($2 in chips) 
Seat 6: mvscdrqcdl ($1.93 in chips) 
Seat 7: Paty Doll726 ($1 in chips) 
Seat 9: Franks247 ($0.96 in chips) 
chacalay1: posts small blind $0.01
credesa: posts big blind $0.02
abajah: sits out 
*** HOLE CARDS ***
Dealt to Dorex2007 [Kd 4h]
mvscdrqcdl: raises $0.04 to $0.06
Paty Doll726: folds 
Franks247: folds 
Dorex2007: folds 
edoschenko: folds 
chacalay1: folds 
credesa: calls $0.04
*** FLOP *** [Js Qc 3h]
credesa: checks 
mvscdrqcdl: checks 
*** TURN *** [Js Qc 3h] [4c]
credesa: checks 
mvscdrqcdl: checks 
*** RIVER *** [Js Qc 3h 4c] [6s]
credesa: checks 
mvscdrqcdl: checks 
*** SHOW DOWN ***
credesa: shows [7c 8d] (high card Queen)
mvscdrqcdl: shows [9s 5s] (high card Queen - Jack+Nine kicker)
mvscdrqcdl collected $0.13 from pot
*** SUMMARY ***
Total pot $0.13 | Rake $0 
Board [Js Qc 3h 4c 6s]
Seat 2: Dorex2007 folded before Flop (didn't bet)
Seat 3: edoschenko (button) folded before Flop (didn't bet)
Seat 4: chacalay1 (small blind) folded before Flop
Seat 5: credesa (big blind) showed [7c 8d] and lost with high card Queen
Seat 6: mvscdrqcdl showed [9s 5s] and won ($0.13) with high card Queen
Seat 7: Paty Doll726 folded before Flop (didn't bet)
Seat 9: Franks247 folded before Flop (didn't bet)



PokerStars Hand #230363854321:  Hold'em No Limit ($0.01/$0.02 USD) - 2021/10/04 20:12:59 PT [2021/10/04 23:12:59 ET]
Table 'Lyyli II' 9-max Seat #4 is the button
Seat 2: Dorex2007 ($2 in chips) 
Seat 3: edoschenko ($1.77 in chips) 
Seat 4: chacalay1 ($1.67 in chips) 
Seat 5: credesa ($1.94 in chips) 
Seat 6: mvscdrqcdl ($2 in chips) 
Seat 7: Paty Doll726 ($1 in chips) 
Seat 9: Franks247 ($0.96 in chips) 
credesa: posts small blind $0.01
mvscdrqcdl: posts big blind $0.02
abajah: sits out 
*** HOLE CARDS ***
Dealt to Dorex2007 [7c Jc]
Paty Doll726: folds 
Franks247: folds 
Dorex2007: folds 
edoschenko: folds 
chacalay1: raises $0.04 to $0.06
credesa: raises $0.12 to $0.18
mvscdrqcdl: folds 
chacalay1: folds 
Uncalled bet ($0.12) returned to credesa
credesa collected $0.14 from pot
credesa: doesn't show hand 
*** SUMMARY ***
Total pot $0.14 | Rake $0 
Seat 2: Dorex2007 folded before Flop (didn't bet)
Seat 3: edoschenko folded before Flop (didn't bet)
Seat 4: chacalay1 (button) folded before Flop
Seat 5: credesa (small blind) collected ($0.14)
Seat 6: mvscdrqcdl (big blind) folded before Flop
Seat 7: Paty Doll726 folded before Flop (didn't bet)
Seat 9: Franks247 folded before Flop (didn't bet)



PokerStars Hand #230363859732:  Hold'em No Limit ($0.01/$0.02 USD) - 2021/10/04 20:13:31 PT [2021/10/04 23:13:31 ET]
Table 'Lyyli II' 9-max Seat #5 is the button
Seat 2: Dorex2007 ($2 in chips) 
Seat 3: edoschenko ($1.77 in chips) 
Seat 4: chacalay1 ($1.61 in chips) 
Seat 5: credesa ($2.02 in chips) 
Seat 6: mvscdrqcdl ($1.98 in chips) 
Seat 7: Paty Doll726 ($1 in chips) 
Seat 9: Franks247 ($0.96 in chips) 
mvscdrqcdl: posts small blind $0.01
Paty Doll726: posts big blind $0.02
abajah: sits out 
*** HOLE CARDS ***
Dealt to Dorex2007 [5d 6h]
Franks247: folds 
Dorex2007: folds 
edoschenko: folds 
chacalay1: raises $0.04 to $0.06
credesa: calls $0.06
mvscdrqcdl: folds 
Paty Doll726: calls $0.04
*** FLOP *** [3d 2h Jc]
Paty Doll726: checks 
chacalay1: checks 
credesa: checks 
*** TURN *** [3d 2h Jc] [Qd]
Paty Doll726: checks 
chacalay1: bets $0.18
credesa: folds 
Paty Doll726: folds 
Uncalled bet ($0.18) returned to chacalay1
chacalay1 collected $0.18 from pot
chacalay1: doesn't show hand 
*** SUMMARY ***
Total pot $0.19 | Rake $0.01 
Board [3d 2h Jc Qd]
Seat 2: Dorex2007 folded before Flop (didn't bet)
Seat 3: edoschenko folded before Flop (didn't bet)
Seat 4: chacalay1 collected ($0.18)
Seat 5: credesa (button) folded on the Turn
Seat 6: mvscdrqcdl (small blind) folded before Flop
Seat 7: Paty Doll726 (big blind) folded on the Turn
Seat 9: Franks247 folded before Flop (didn't bet)



PokerStars Hand #230363877402:  Hold'em No Limit ($0.01/$0.02 USD) - 2021/10/04 20:14:22 PT [2021/10/04 23:14:22 ET]
Table 'Lyyli II' 9-max Seat #6 is the button
Seat 2: Dorex2007 ($2 in chips) 
Seat 3: edoschenko ($1.77 in chips) 
Seat 4: chacalay1 ($1.73 in chips) 
Seat 5: credesa ($1.96 in chips) 
Seat 6: mvscdrqcdl ($1.97 in chips) 
Seat 7: Paty Doll726 ($0.94 in chips) 
Seat 8: abajah ($0.80 in chips) 
Seat 9: Franks247 ($0.96 in chips) 
Paty Doll726: posts small blind $0.01
abajah: posts big blind $0.02
*** HOLE CARDS ***
Dealt to Dorex2007 [Tc Qh]
Franks247: folds 
Dorex2007: folds 
edoschenko: folds 
chacalay1: folds 
credesa: raises $0.04 to $0.06
mvscdrqcdl: calls $0.06
Paty Doll726: folds 
abajah: folds 
*** FLOP *** [Ks 2s 4d]
credesa: bets $0.07
mvscdrqcdl: calls $0.07
*** TURN *** [Ks 2s 4d] [9c]
credesa: bets $0.14
mvscdrqcdl: calls $0.14
*** RIVER *** [Ks 2s 4d 9c] [Ah]
credesa: bets $0.28
mvscdrqcdl: folds 
Uncalled bet ($0.28) returned to credesa
credesa collected $0.55 from pot
credesa: doesn't show hand 
*** SUMMARY ***
Total pot $0.57 | Rake $0.02 
Board [Ks 2s 4d 9c Ah]
Seat 2: Dorex2007 folded before Flop (didn't bet)
Seat 3: edoschenko folded before Flop (didn't bet)
Seat 4: chacalay1 folded before Flop (didn't bet)
Seat 5: credesa collected ($0.55)
Seat 6: mvscdrqcdl (button) folded on the River
Seat 7: Paty Doll726 (small blind) folded before Flop
Seat 8: abajah (big blind) folded before Flop
Seat 9: Franks247 folded before Flop (didn't bet)



PokerStars Hand #230363886644:  Hold'em No Limit ($0.01/$0.02 USD) - 2021/10/04 20:15:16 PT [2021/10/04 23:15:16 ET]
Table 'Lyyli II' 9-max Seat #7 is the button
Seat 2: Dorex2007 ($2 in chips) 
Seat 3: edoschenko ($1.77 in chips) 
Seat 4: chacalay1 ($1.73 in chips) 
Seat 5: credesa ($2.24 in chips) 
Seat 6: mvscdrqcdl ($1.70 in chips) 
Seat 7: Paty Doll726 ($0.93 in chips) 
Seat 8: abajah ($0.78 in chips) 
Seat 9: Franks247 ($0.96 in chips) 
abajah: posts small blind $0.01
Franks247: posts big blind $0.02
*** HOLE CARDS ***
Dealt to Dorex2007 [6c Qs]
Dorex2007: folds 
edoschenko: folds 
chacalay1: raises $0.04 to $0.06
credesa: folds 
mvscdrqcdl: folds 
Paty Doll726: folds 
abajah: folds 
Franks247: folds 
Uncalled bet ($0.04) returned to chacalay1
chacalay1 collected $0.05 from pot
chacalay1: doesn't show hand 
*** SUMMARY ***
Total pot $0.05 | Rake $0 
Seat 2: Dorex2007 folded before Flop (didn't bet)
Seat 3: edoschenko folded before Flop (didn't bet)
Seat 4: chacalay1 collected ($0.05)
Seat 5: credesa folded before Flop (didn't bet)
Seat 6: mvscdrqcdl folded before Flop (didn't bet)
Seat 7: Paty Doll726 (button) folded before Flop (didn't bet)
Seat 8: abajah (small blind) folded before Flop
Seat 9: Franks247 (big blind) folded before Flop



PokerStars Hand #230363890580:  Hold'em No Limit ($0.01/$0.02 USD) - 2021/10/04 20:15:40 PT [2021/10/04 23:15:40 ET]
Table 'Lyyli II' 9-max Seat #8 is the button
Seat 2: Dorex2007 ($2 in chips) 
Seat 3: edoschenko ($1.77 in chips) 
Seat 4: chacalay1 ($1.76 in chips) 
Seat 5: credesa ($2.24 in chips) 
Seat 6: mvscdrqcdl ($1.70 in chips) 
Seat 7: Paty Doll726 ($0.93 in chips) 
Seat 8: abajah ($0.77 in chips) 
Seat 9: Franks247 ($0.94 in chips) 
Franks247: posts small blind $0.01
Dorex2007: posts big blind $0.02
*** HOLE CARDS ***
Dealt to Dorex2007 [Ks 8d]
edoschenko: folds 
chacalay1: folds 
credesa: folds 
mvscdrqcdl: folds 
Paty Doll726: folds 
abajah: calls $0.02
Franks247: folds 
Dorex2007: checks 
*** FLOP *** [3s Kc 3c]
Dorex2007: bets $0.05
abajah: calls $0.05
*** TURN *** [3s Kc 3c] [9h]
Dorex2007: bets $0.14
abajah: calls $0.14
*** RIVER *** [3s Kc 3c 9h] [5d]
Dorex2007: bets $0.27
abajah: calls $0.27
*** SHOW DOWN ***
Dorex2007: shows [Ks 8d] (two pair, Kings and Threes)
abajah: mucks hand 
Dorex2007 collected $0.94 from pot
*** SUMMARY ***
Total pot $0.97 | Rake $0.03 
Board [3s Kc 3c 9h 5d]
Seat 2: Dorex2007 (big blind) showed [Ks 8d] and won ($0.94) with two pair, Kings and Threes
Seat 3: edoschenko folded before Flop (didn't bet)
Seat 4: chacalay1 folded before Flop (didn't bet)
Seat 5: credesa folded before Flop (didn't bet)
Seat 6: mvscdrqcdl folded before Flop (didn't bet)
Seat 7: Paty Doll726 folded before Flop (didn't bet)
Seat 8: abajah (button) mucked [9c Tc]
Seat 9: Franks247 (small blind) folded before Flop



PokerStars Hand #230363898056:  Hold'em No Limit ($0.01/$0.02 USD) - 2021/10/04 20:16:23 PT [2021/10/04 23:16:23 ET]
Table 'Lyyli II' 9-max Seat #9 is the button
Seat 2: Dorex2007 ($2.46 in chips) 
Seat 3: edoschenko ($1.77 in chips) 
Seat 4: chacalay1 ($1.76 in chips) 
Seat 5: credesa ($2.24 in chips) 
Seat 6: mvscdrqcdl ($2 in chips) 
Seat 7: Paty Doll726 ($0.93 in chips) 
Seat 8: abajah ($0.29 in chips) 
Seat 9: Franks247 ($0.93 in chips) 
Dorex2007: posts small blind $0.01
edoschenko: posts big blind $0.02
*** HOLE CARDS ***
Dealt to Dorex2007 [Jh 3h]
chacalay1: raises $0.06 to $0.08
credesa: calls $0.08
mvscdrqcdl: folds 
Paty Doll726: folds 
abajah: folds 
Franks247: folds 
Dorex2007: folds 
edoschenko: folds 
*** FLOP *** [Js 8h 8c]
chacalay1: bets $0.18
credesa: raises $0.18 to $0.36
chacalay1: calls $0.18
*** TURN *** [Js 8h 8c] [9c]
chacalay1: checks 
1malish88 leaves the table
credesa: bets $0.44
chacalay1 said, "tenes j"
chacalay1: folds 
Uncalled bet ($0.44) returned to credesa
credesa collected $0.88 from pot
credesa: doesn't show hand 
*** SUMMARY ***
Total pot $0.91 | Rake $0.03 
Board [Js 8h 8c 9c]
Seat 2: Dorex2007 (small blind) folded before Flop
Seat 3: edoschenko (big blind) folded before Flop
Seat 4: chacalay1 folded on the Turn
Seat 5: credesa collected ($0.88)
Seat 6: mvscdrqcdl folded before Flop (didn't bet)
Seat 7: Paty Doll726 folded before Flop (didn't bet)
Seat 8: abajah folded before Flop (didn't bet)
Seat 9: Franks247 (button) folded before Flop (didn't bet)



PokerStars Hand #230363917326:  Hold'em No Limit ($0.01/$0.02 USD) - 2021/10/04 20:17:43 PT [2021/10/04 23:17:43 ET]
Table 'Lyyli II' 9-max Seat #2 is the button
Seat 2: Dorex2007 ($2.45 in chips) 
Seat 3: edoschenko ($1.75 in chips) 
Seat 4: chacalay1 ($1.32 in chips) 
Seat 5: credesa ($2.68 in chips) 
Seat 6: mvscdrqcdl ($2 in chips) 
Seat 7: Paty Doll726 ($0.93 in chips) 
Seat 8: abajah ($0.29 in chips) 
Seat 9: Franks247 ($0.93 in chips) 
edoschenko: posts small blind $0.01
chacalay1: posts big blind $0.02
*** HOLE CARDS ***
Dealt to Dorex2007 [2h Qd]
credesa said, "lastima hermano"
chacalay1 said, "lleva"
credesa: folds 
mvscdrqcdl: folds 
Paty Doll726: folds 
abajah: calls $0.02
Franks247: calls $0.02
Dorex2007: folds 
edoschenko: folds 
chacalay1: checks 
*** FLOP *** [6d Jh Ts]
chacalay1: checks 
abajah: checks 
Franks247: checks 
*** TURN *** [6d Jh Ts] [Qs]
chacalay1 said, "yo te lo dije de buena onda"
chacalay1: checks 
abajah: bets $0.02
Franks247: folds 
chacalay1: calls $0.02
*** RIVER *** [6d Jh Ts Qs] [6s]
chacalay1: checks 
abajah: bets $0.02
chacalay1: folds 
Uncalled bet ($0.02) returned to abajah
abajah collected $0.11 from pot
abajah: doesn't show hand 
*** SUMMARY ***
Total pot $0.11 | Rake $0 
Board [6d Jh Ts Qs 6s]
Seat 2: Dorex2007 (button) folded before Flop (didn't bet)
Seat 3: edoschenko (small blind) folded before Flop
Seat 4: chacalay1 (big blind) folded on the River
Seat 5: credesa folded before Flop (didn't bet)
Seat 6: mvscdrqcdl folded before Flop (didn't bet)
Seat 7: Paty Doll726 folded before Flop (didn't bet)
Seat 8: abajah collected ($0.11)
Seat 9: Franks247 folded on the Turn



PokerStars Hand #230363941920:  Hold'em No Limit ($0.01/$0.02 USD) - 2021/10/04 20:20:08 PT [2021/10/04 23:20:08 ET]
Table 'Lyyli II' 9-max Seat #5 is the button
Seat 1: VLAD798 ($0.78 in chips) 
Seat 2: Dorex2007 ($2.45 in chips) 
Seat 3: edoschenko ($1.72 in chips) 
Seat 4: chacalay1 ($1.62 in chips) 
Seat 5: credesa ($2.64 in chips) 
Seat 6: mvscdrqcdl ($2.10 in chips) 
Seat 7: Paty Doll726 ($0.91 in chips) 
Seat 8: abajah ($0.40 in chips) 
Seat 9: Franks247 ($0.91 in chips) 
mvscdrqcdl: posts small blind $0.01
Paty Doll726: posts big blind $0.02
*** HOLE CARDS ***
Dealt to Dorex2007 [6h 9h]
abajah: calls $0.02
Franks247 has timed out
Franks247: folds 
VLAD798: folds 
Dorex2007: folds 
edoschenko: folds 
chacalay1: raises $0.04 to $0.06
credesa: folds 
mvscdrqcdl: folds 
Paty Doll726: folds 
abajah: calls $0.04
*** FLOP *** [3h Jc 5d]
abajah: checks 
chacalay1: bets $1.56 and is all-in
abajah: folds 
Uncalled bet ($1.56) returned to chacalay1
chacalay1 collected $0.14 from pot
chacalay1: doesn't show hand 
*** SUMMARY ***
Total pot $0.15 | Rake $0.01 
Board [3h Jc 5d]
Seat 1: VLAD798 folded before Flop (didn't bet)
Seat 2: Dorex2007 folded before Flop (didn't bet)
Seat 3: edoschenko folded before Flop (didn't bet)
Seat 4: chacalay1 collected ($0.14)
Seat 5: credesa (button) folded before Flop (didn't bet)
Seat 6: mvscdrqcdl (small blind) folded before Flop
Seat 7: Paty Doll726 (big blind) folded before Flop
Seat 8: abajah folded on the Flop
Seat 9: Franks247 folded before Flop (didn't bet)



PokerStars Hand #230363950648:  Hold'em No Limit ($0.01/$0.02 USD) - 2021/10/04 20:20:59 PT [2021/10/04 23:20:59 ET]
Table 'Lyyli II' 9-max Seat #6 is the button
Seat 1: VLAD798 ($0.78 in chips) 
Seat 2: Dorex2007 ($2.45 in chips) 
Seat 3: edoschenko ($1.72 in chips) 
Seat 4: chacalay1 ($1.70 in chips) 
Seat 5: credesa ($2.64 in chips) 
Seat 6: mvscdrqcdl ($2.09 in chips) 
Seat 7: Paty Doll726 ($0.89 in chips) 
Seat 8: abajah ($0.34 in chips) 
Seat 9: Franks247 ($0.91 in chips) 
Paty Doll726: posts small blind $0.01
abajah: posts big blind $0.02
*** HOLE CARDS ***
Dealt to Dorex2007 [4s 2d]
Franks247: folds 
VLAD798: folds 
Dorex2007: folds 
edoschenko: folds 
Franks247 leaves the table
chacalay1: raises $0.08 to $0.10
credesa said, "lastima hermano"
credesa has timed out
credesa: folds 
mvscdrqcdl: folds 
Paty Doll726: folds 
abajah: folds 
Uncalled bet ($0.08) returned to chacalay1
chacalay1 collected $0.05 from pot
chacalay1: doesn't show hand 
*** SUMMARY ***
Total pot $0.05 | Rake $0 
Seat 1: VLAD798 folded before Flop (didn't bet)
Seat 2: Dorex2007 folded before Flop (didn't bet)
Seat 3: edoschenko folded before Flop (didn't bet)
Seat 4: chacalay1 collected ($0.05)
Seat 5: credesa folded before Flop (didn't bet)
Seat 6: mvscdrqcdl (button) folded before Flop (didn't bet)
Seat 7: Paty Doll726 (small blind) folded before Flop
Seat 8: abajah (big blind) folded before Flop
Seat 9: Franks247 folded before Flop (didn't bet)



PokerStars Hand #230363957389:  Hold'em No Limit ($0.01/$0.02 USD) - 2021/10/04 20:21:38 PT [2021/10/04 23:21:38 ET]
Table 'Lyyli II' 9-max Seat #7 is the button
Seat 1: VLAD798 ($0.78 in chips) 
Seat 2: Dorex2007 ($2.45 in chips) 
Seat 3: edoschenko ($1.72 in chips) 
Seat 4: chacalay1 ($1.73 in chips) 
Seat 5: credesa ($2.64 in chips) 
Seat 6: mvscdrqcdl ($2.09 in chips) 
Seat 7: Paty Doll726 ($0.88 in chips) 
Seat 8: abajah ($0.32 in chips) 
abajah: posts small blind $0.01
VLAD798: posts big blind $0.02
*** HOLE CARDS ***
Dealt to Dorex2007 [2h 8d]
Dorex2007: folds 
edoschenko: folds 
credesa said, "casi voy allin"
chacalay1: folds 
credesa: folds 
mvscdrqcdl: raises $0.04 to $0.06
credesa said, "se me fue el tiempo"
Paty Doll726: calls $0.06
abajah: raises $0.26 to $0.32 and is all-in
VLAD798: folds 
mvscdrqcdl: folds 
Paty Doll726: folds 
Uncalled bet ($0.26) returned to abajah
abajah collected $0.20 from pot
abajah: doesn't show hand 
*** SUMMARY ***
Total pot $0.20 | Rake $0 
Seat 1: VLAD798 (big blind) folded before Flop
Seat 2: Dorex2007 folded before Flop (didn't bet)
Seat 3: edoschenko folded before Flop (didn't bet)
Seat 4: chacalay1 folded before Flop (didn't bet)
Seat 5: credesa folded before Flop (didn't bet)
Seat 6: mvscdrqcdl folded before Flop
Seat 7: Paty Doll726 (button) folded before Flop
Seat 8: abajah (small blind) collected ($0.20)



PokerStars Hand #230363962848:  Hold'em No Limit ($0.01/$0.02 USD) - 2021/10/04 20:22:11 PT [2021/10/04 23:22:11 ET]
Table 'Lyyli II' 9-max Seat #8 is the button
Seat 1: VLAD798 ($0.76 in chips) 
Seat 2: Dorex2007 ($2.45 in chips) 
Seat 3: edoschenko ($1.72 in chips) 
Seat 4: chacalay1 ($1.73 in chips) 
Seat 5: credesa ($2.64 in chips) 
Seat 6: mvscdrqcdl ($2.03 in chips) 
Seat 7: Paty Doll726 ($0.82 in chips) 
Seat 8: abajah ($0.46 in chips) 
VLAD798: posts small blind $0.01
Dorex2007: posts big blind $0.02
*** HOLE CARDS ***
Dealt to Dorex2007 [Td 3d]
edoschenko: folds 
chacalay1 said, "jj"
chacalay1: folds 
credesa: folds 
mvscdrqcdl: folds 
Paty Doll726: calls $0.02
abajah: calls $0.02
VLAD798: raises $0.02 to $0.04
Dorex2007: folds 
Paty Doll726: calls $0.02
abajah: calls $0.02
*** FLOP *** [5h 2s Ah]
VLAD798: bets $0.08
Paty Doll726: folds 
abajah: folds 
Uncalled bet ($0.08) returned to VLAD798
VLAD798 collected $0.14 from pot
*** SUMMARY ***
Total pot $0.14 | Rake $0 
Board [5h 2s Ah]
Seat 1: VLAD798 (small blind) collected ($0.14)
Seat 2: Dorex2007 (big blind) folded before Flop
Seat 3: edoschenko folded before Flop (didn't bet)
Seat 4: chacalay1 folded before Flop (didn't bet)
Seat 5: credesa folded before Flop (didn't bet)
Seat 6: mvscdrqcdl folded before Flop (didn't bet)
Seat 7: Paty Doll726 folded on the Flop
Seat 8: abajah (button) folded on the Flop



PokerStars Hand #230363968431:  Hold'em No Limit ($0.01/$0.02 USD) - 2021/10/04 20:22:43 PT [2021/10/04 23:22:43 ET]
Table 'Lyyli II' 9-max Seat #1 is the button
Seat 1: VLAD798 ($0.86 in chips) 
Seat 2: Dorex2007 ($2.43 in chips) 
Seat 3: edoschenko ($1.72 in chips) 
Seat 4: chacalay1 ($1.73 in chips) 
Seat 5: credesa ($2.64 in chips) 
Seat 6: mvscdrqcdl ($2.03 in chips) 
Seat 7: Paty Doll726 ($0.78 in chips) 
Seat 8: abajah ($0.42 in chips) 
Dorex2007: posts small blind $0.01
edoschenko: posts big blind $0.02
*** HOLE CARDS ***
Dealt to Dorex2007 [Ks 9c]
chacalay1: folds 
Chrispapdnb joins the table at seat #9 
credesa said, "imposible"
credesa: folds 
mvscdrqcdl: calls $0.02
Paty Doll726: folds 
abajah: folds 
VLAD798: folds 
Dorex2007: folds 
edoschenko: checks 
*** FLOP *** [Kd 6d Jd]
edoschenko: checks 
mvscdrqcdl: checks 
*** TURN *** [Kd 6d Jd] [Js]
edoschenko: checks 
mvscdrqcdl: checks 
*** RIVER *** [Kd 6d Jd Js] [5h]
edoschenko: checks 
mvscdrqcdl: checks 
*** SHOW DOWN ***
edoschenko: shows [Ac Th] (a pair of Jacks)
mvscdrqcdl: shows [3h 3s] (two pair, Jacks and Threes)
mvscdrqcdl collected $0.05 from pot
*** SUMMARY ***
Total pot $0.05 | Rake $0 
Board [Kd 6d Jd Js 5h]
Seat 1: VLAD798 (button) folded before Flop (didn't bet)
Seat 2: Dorex2007 (small blind) folded before Flop
Seat 3: edoschenko (big blind) showed [Ac Th] and lost with a pair of Jacks
Seat 4: chacalay1 folded before Flop (didn't bet)
Seat 5: credesa folded before Flop (didn't bet)
Seat 6: mvscdrqcdl showed [3h 3s] and won ($0.05) with two pair, Jacks and Threes
Seat 7: Paty Doll726 folded before Flop (didn't bet)
Seat 8: abajah folded before Flop (didn't bet)



PokerStars Hand #230363973221:  Hold'em No Limit ($0.01/$0.02 USD) - 2021/10/04 20:23:12 PT [2021/10/04 23:23:12 ET]
Table 'Lyyli II' 9-max Seat #2 is the button
Seat 1: VLAD798 ($0.86 in chips) 
Seat 2: Dorex2007 ($2.42 in chips) 
Seat 3: edoschenko ($1.70 in chips) 
Seat 4: chacalay1 ($1.73 in chips) 
Seat 5: credesa ($2.64 in chips) 
Seat 6: mvscdrqcdl ($2.06 in chips) 
Seat 7: Paty Doll726 ($0.78 in chips) 
Seat 8: abajah ($0.42 in chips) 
Seat 9: Chrispapdnb ($1.60 in chips) 
edoschenko: posts small blind $0.01
chacalay1: posts big blind $0.02
Chrispapdnb: posts big blind $0.02
*** HOLE CARDS ***
Dealt to Dorex2007 [8h Ac]
credesa: raises $0.04 to $0.06
mvscdrqcdl: calls $0.06
Paty Doll726: raises $0.72 to $0.78 and is all-in
abajah: folds 
Chrispapdnb: folds 
VLAD798: folds 
Dorex2007: folds 
edoschenko: folds 
chacalay1: folds 
credesa: calls $0.72
mvscdrqcdl: folds 
*** FLOP *** [3d 6c Kh]
*** TURN *** [3d 6c Kh] [5h]
*** RIVER *** [3d 6c Kh 5h] [2h]
*** SHOW DOWN ***
credesa: shows [5c 4c] (a straight, Deuce to Six)
Paty Doll726: shows [Jh Jd] (a pair of Jacks)
credesa collected $1.61 from pot
Paty Doll726 cashed out the hand for $1.22 | Cash Out Fee $0.01
*** SUMMARY ***
Total pot $1.67 | Rake $0.06 
Board [3d 6c Kh 5h 2h]
Seat 1: VLAD798 folded before Flop (didn't bet)
Seat 2: Dorex2007 (button) folded before Flop (didn't bet)
Seat 3: edoschenko (small blind) folded before Flop
Seat 4: chacalay1 (big blind) folded before Flop
Seat 5: credesa showed [5c 4c] and won ($1.61) with a straight, Deuce to Six
Seat 6: mvscdrqcdl folded before Flop
Seat 7: Paty Doll726 showed [Jh Jd] and lost with a pair of Jacks (cashed out).
Seat 8: abajah folded before Flop (didn't bet)
Seat 9: Chrispapdnb folded before Flop (didn't bet)



PokerStars Hand #230363980060:  Hold'em No Limit ($0.01/$0.02 USD) - 2021/10/04 20:23:52 PT [2021/10/04 23:23:52 ET]
Table 'Lyyli II' 9-max Seat #3 is the button
Seat 1: VLAD798 ($0.86 in chips) 
Seat 2: Dorex2007 ($2.42 in chips) 
Seat 3: edoschenko ($1.69 in chips) 
Seat 4: chacalay1 ($1.71 in chips) 
Seat 5: credesa ($3.47 in chips) 
Seat 6: mvscdrqcdl ($2 in chips) 
Seat 7: Paty Doll726 ($1.22 in chips) 
Seat 8: abajah ($0.42 in chips) 
Seat 9: Chrispapdnb ($1.58 in chips) 
chacalay1: posts small blind $0.01
credesa: posts big blind $0.02
*** HOLE CARDS ***
Dealt to Dorex2007 [3s 7c]
mvscdrqcdl: folds 
credesa said, "bendito mouse"
Paty Doll726: calls $0.02
abajah: folds 
Chrispapdnb: calls $0.02
VLAD798: raises $0.02 to $0.04
Dorex2007: folds 
edoschenko: calls $0.04
chacalay1: folds 
credesa said, "lo siento"
credesa: calls $0.02
Paty Doll726: calls $0.02
Chrispapdnb: calls $0.02
*** FLOP *** [5d 4d 4s]
credesa: checks 
credesa said, "tengo el 4 de trebol"
Paty Doll726 said, "eu ganhei fofo"
Paty Doll726: checks 
Chrispapdnb: checks 
VLAD798: bets $0.10
edoschenko: raises $0.20 to $0.30
credesa: folds 
Paty Doll726 said, "saquei"
Paty Doll726: folds 
Chrispapdnb: folds 
VLAD798: calls $0.20
*** TURN *** [5d 4d 4s] [Qd]
VLAD798: checks 
edoschenko: bets $0.78
VLAD798: folds 
Uncalled bet ($0.78) returned to edoschenko
edoschenko collected $0.78 from pot
*** SUMMARY ***
Total pot $0.81 | Rake $0.03 
Board [5d 4d 4s Qd]
Seat 1: VLAD798 folded on the Turn
Seat 2: Dorex2007 folded before Flop (didn't bet)
Seat 3: edoschenko (button) collected ($0.78)
Seat 4: chacalay1 (small blind) folded before Flop
Seat 5: credesa (big blind) folded on the Flop
Seat 6: mvscdrqcdl folded before Flop (didn't bet)
Seat 7: Paty Doll726 folded on the Flop
Seat 8: abajah folded before Flop (didn't bet)
Seat 9: Chrispapdnb folded on the Flop



PokerStars Hand #230363995733:  Hold'em No Limit ($0.01/$0.02 USD) - 2021/10/04 20:25:25 PT [2021/10/04 23:25:25 ET]
Table 'Lyyli II' 9-max Seat #4 is the button
Seat 1: VLAD798 ($0.52 in chips) 
Seat 2: Dorex2007 ($2.42 in chips) 
Seat 4: chacalay1 ($1.70 in chips) 
Seat 5: credesa ($3.43 in chips) 
Seat 6: mvscdrqcdl ($2 in chips) 
Seat 7: Paty Doll726 ($1.18 in chips) 
Seat 8: abajah ($0.42 in chips) 
Seat 9: Chrispapdnb ($1.54 in chips) 
credesa: posts small blind $0.01
mvscdrqcdl: posts big blind $0.02
*** HOLE CARDS ***
Dealt to Dorex2007 [Ad Jh]
Paty Doll726: folds 
abajah: calls $0.02
Chrispapdnb: folds 
VLAD798: folds 
Dorex2007: raises $0.04 to $0.06
chacalay1: folds 
credesa: folds 
mvscdrqcdl: folds 
abajah: calls $0.04
*** FLOP *** [4h 3c 7h]
abajah: checks 
Dorex2007: bets $0.14
abajah: folds 
Uncalled bet ($0.14) returned to Dorex2007
Dorex2007 collected $0.14 from pot
Dorex2007: doesn't show hand 
*** SUMMARY ***
Total pot $0.15 | Rake $0.01 
Board [4h 3c 7h]
Seat 1: VLAD798 folded before Flop (didn't bet)
Seat 2: Dorex2007 collected ($0.14)
Seat 4: chacalay1 (button) folded before Flop (didn't bet)
Seat 5: credesa (small blind) folded before Flop
Seat 6: mvscdrqcdl (big blind) folded before Flop
Seat 7: Paty Doll726 folded before Flop (didn't bet)
Seat 8: abajah folded on the Flop
Seat 9: Chrispapdnb folded before Flop (didn't bet)



PokerStars Hand #230364002511:  Hold'em No Limit ($0.01/$0.02 USD) - 2021/10/04 20:26:05 PT [2021/10/04 23:26:05 ET]
Table 'Lyyli II' 9-max Seat #5 is the button
Seat 1: VLAD798 ($0.52 in chips) 
Seat 2: Dorex2007 ($2.50 in chips) 
Seat 4: chacalay1 ($1.70 in chips) 
Seat 5: credesa ($3.42 in chips) 
Seat 6: mvscdrqcdl ($1.98 in chips) 
Seat 7: Paty Doll726 ($1.18 in chips) 
Seat 8: abajah ($0.36 in chips) 
Seat 9: Chrispapdnb ($1.54 in chips) 
mvscdrqcdl: posts small blind $0.01
Paty Doll726: posts big blind $0.02
*** HOLE CARDS ***
Dealt to Dorex2007 [8d Jd]
abajah: calls $0.02
Chrispapdnb: folds 
VLAD798: folds 
Dorex2007: folds 
chacalay1: folds 
credesa: raises $0.04 to $0.06
mvscdrqcdl: folds 
Paty Doll726: folds 
abajah: calls $0.04
*** FLOP *** [7h 7d Td]
abajah: bets $0.07
credesa: folds 
Uncalled bet ($0.07) returned to abajah
abajah collected $0.14 from pot
abajah: doesn't show hand 
*** SUMMARY ***
Total pot $0.15 | Rake $0.01 
Board [7h 7d Td]
Seat 1: VLAD798 folded before Flop (didn't bet)
Seat 2: Dorex2007 folded before Flop (didn't bet)
Seat 4: chacalay1 folded before Flop (didn't bet)
Seat 5: credesa (button) folded on the Flop
Seat 6: mvscdrqcdl (small blind) folded before Flop
Seat 7: Paty Doll726 (big blind) folded before Flop
Seat 8: abajah collected ($0.14)
Seat 9: Chrispapdnb folded before Flop (didn't bet)



PokerStars Hand #230364006652:  Hold'em No Limit ($0.01/$0.02 USD) - 2021/10/04 20:26:30 PT [2021/10/04 23:26:30 ET]
Table 'Lyyli II' 9-max Seat #6 is the button
Seat 1: VLAD798 ($0.52 in chips) 
Seat 2: Dorex2007 ($2.50 in chips) 
Seat 4: chacalay1 ($1.70 in chips) 
Seat 5: credesa ($3.36 in chips) 
Seat 6: mvscdrqcdl ($1.97 in chips) 
Seat 7: Paty Doll726 ($1.16 in chips) 
Seat 8: abajah ($0.44 in chips) 
Seat 9: Chrispapdnb ($1.54 in chips) 
Paty Doll726: posts small blind $0.01
abajah: posts big blind $0.02
*** HOLE CARDS ***
Dealt to Dorex2007 [4h 7s]
Chrispapdnb: folds 
VLAD798: folds 
Dorex2007: folds 
Paty Doll726 said, "logo vamos all de novo"
chacalay1: folds 
credesa: folds 
mvscdrqcdl: raises $0.04 to $0.06
Paty Doll726: folds 
abajah: calls $0.04
*** FLOP *** [8h 4s Kh]
abajah: bets $0.38 and is all-in
mvscdrqcdl: calls $0.38
*** TURN *** [8h 4s Kh] [8s]
*** RIVER *** [8h 4s Kh 8s] [2d]
*** SHOW DOWN ***
abajah: shows [4c 8c] (a full house, Eights full of Fours)
mvscdrqcdl: shows [Kc Jd] (two pair, Kings and Eights)
abajah collected $0.86 from pot
*** SUMMARY ***
Total pot $0.89 | Rake $0.03 
Board [8h 4s Kh 8s 2d]
Seat 1: VLAD798 folded before Flop (didn't bet)
Seat 2: Dorex2007 folded before Flop (didn't bet)
Seat 4: chacalay1 folded before Flop (didn't bet)
Seat 5: credesa folded before Flop (didn't bet)
Seat 6: mvscdrqcdl (button) showed [Kc Jd] and lost with two pair, Kings and Eights
Seat 7: Paty Doll726 (small blind) folded before Flop
Seat 8: abajah (big blind) showed [4c 8c] and won ($0.86) with a full house, Eights full of Fours
Seat 9: Chrispapdnb folded before Flop (didn't bet)



PokerStars Hand #230364013203:  Hold'em No Limit ($0.01/$0.02 USD) - 2021/10/04 20:27:10 PT [2021/10/04 23:27:10 ET]
Table 'Lyyli II' 9-max Seat #7 is the button
Seat 1: VLAD798 ($0.52 in chips) 
Seat 2: Dorex2007 ($2.50 in chips) 
Seat 4: chacalay1 ($1.70 in chips) 
Seat 5: credesa ($3.36 in chips) 
Seat 6: mvscdrqcdl ($1.53 in chips) 
Seat 7: Paty Doll726 ($1.15 in chips) 
Seat 8: abajah ($0.86 in chips) 
Seat 9: Chrispapdnb ($1.54 in chips) 
abajah: posts small blind $0.01
Chrispapdnb: posts big blind $0.02
*** HOLE CARDS ***
Dealt to Dorex2007 [4c Kh]
credesa said, "|-)"
VLAD798: raises $0.02 to $0.04
Dorex2007: folds 
chacalay1: folds 
credesa: calls $0.04
mvscdrqcdl: calls $0.04
Paty Doll726: folds 
abajah: calls $0.03
Chrispapdnb: folds 
*** FLOP *** [7d 8h 8s]
Paty Doll726 said, ":P"
abajah: checks 
VLAD798: bets $0.12
credesa: calls $0.12
mvscdrqcdl: folds 
abajah: folds 
*** TURN *** [7d 8h 8s] [5h]
VLAD798: bets $0.36 and is all-in
credesa: calls $0.36
*** RIVER *** [7d 8h 8s 5h] [4d]
*** SHOW DOWN ***
VLAD798: shows [6h 6c] (a straight, Four to Eight)
credesa: shows [8c Jc] (three of a kind, Eights)
VLAD798 collected $1.10 from pot
*** SUMMARY ***
Total pot $1.14 | Rake $0.04 
Board [7d 8h 8s 5h 4d]
Seat 1: VLAD798 showed [6h 6c] and won ($1.10) with a straight, Four to Eight
Seat 2: Dorex2007 folded before Flop (didn't bet)
Seat 4: chacalay1 folded before Flop (didn't bet)
Seat 5: credesa showed [8c Jc] and lost with three of a kind, Eights
Seat 6: mvscdrqcdl folded on the Flop
Seat 7: Paty Doll726 (button) folded before Flop (didn't bet)
Seat 8: abajah (small blind) folded on the Flop
Seat 9: Chrispapdnb (big blind) folded before Flop



PokerStars Hand #230364020155:  Hold'em No Limit ($0.01/$0.02 USD) - 2021/10/04 20:27:53 PT [2021/10/04 23:27:53 ET]
Table 'Lyyli II' 9-max Seat #8 is the button
Seat 1: VLAD798 ($1.10 in chips) 
Seat 2: Dorex2007 ($2.50 in chips) 
Seat 4: chacalay1 ($1.70 in chips) 
Seat 5: credesa ($2.84 in chips) 
Seat 6: mvscdrqcdl ($1.96 in chips) 
Seat 7: Paty Doll726 ($1.15 in chips) 
Seat 8: abajah ($0.82 in chips) 
Seat 9: Chrispapdnb ($1.52 in chips) 
Chrispapdnb: posts small blind $0.01
VLAD798: posts big blind $0.02
*** HOLE CARDS ***
Dealt to Dorex2007 [Jh 4c]
Dorex2007: folds 
chacalay1: raises $0.04 to $0.06
credesa: folds 
mvscdrqcdl: calls $0.06
Paty Doll726: folds 
abajah: folds 
Chrispapdnb: folds 
VLAD798: folds 
*** FLOP *** [5s 7d 3s]
chacalay1: bets $0.08
mvscdrqcdl: folds 
Uncalled bet ($0.08) returned to chacalay1
chacalay1 collected $0.14 from pot
chacalay1: doesn't show hand 
*** SUMMARY ***
Total pot $0.15 | Rake $0.01 
Board [5s 7d 3s]
Seat 1: VLAD798 (big blind) folded before Flop
Seat 2: Dorex2007 folded before Flop (didn't bet)
Seat 4: chacalay1 collected ($0.14)
Seat 5: credesa folded before Flop (didn't bet)
Seat 6: mvscdrqcdl folded on the Flop
Seat 7: Paty Doll726 folded before Flop (didn't bet)
Seat 8: abajah (button) folded before Flop (didn't bet)
Seat 9: Chrispapdnb (small blind) folded before Flop



PokerStars Hand #230364026582:  Hold'em No Limit ($0.01/$0.02 USD) - 2021/10/04 20:28:32 PT [2021/10/04 23:28:32 ET]
Table 'Lyyli II' 9-max Seat #9 is the button
Seat 1: VLAD798 ($1.08 in chips) 
Seat 2: Dorex2007 ($2.50 in chips) 
Seat 4: chacalay1 ($1.78 in chips) 
Seat 5: credesa ($2.84 in chips) 
Seat 6: mvscdrqcdl ($1.90 in chips) 
Seat 7: Paty Doll726 ($1.15 in chips) 
Seat 8: abajah ($0.82 in chips) 
Seat 9: Chrispapdnb ($1.51 in chips) 
VLAD798: posts small blind $0.01
Dorex2007: posts big blind $0.02
*** HOLE CARDS ***
Dealt to Dorex2007 [7d Ah]
chacalay1: raises $0.04 to $0.06
credesa: folds 
mvscdrqcdl: folds 
Paty Doll726: folds 
abajah: folds 
Chrispapdnb: folds 
VLAD798: folds 
Dorex2007: folds 
Uncalled bet ($0.04) returned to chacalay1
chacalay1 collected $0.05 from pot
chacalay1: doesn't show hand 
*** SUMMARY ***
Total pot $0.05 | Rake $0 
Seat 1: VLAD798 (small blind) folded before Flop
Seat 2: Dorex2007 (big blind) folded before Flop
Seat 4: chacalay1 collected ($0.05)
Seat 5: credesa folded before Flop (didn't bet)
Seat 6: mvscdrqcdl folded before Flop (didn't bet)
Seat 7: Paty Doll726 folded before Flop (didn't bet)
Seat 8: abajah folded before Flop (didn't bet)
Seat 9: Chrispapdnb (button) folded before Flop (didn't bet)



PokerStars Hand #230364028733:  Hold'em No Limit ($0.01/$0.02 USD) - 2021/10/04 20:28:46 PT [2021/10/04 23:28:46 ET]
Table 'Lyyli II' 9-max Seat #1 is the button
Seat 1: VLAD798 ($1.07 in chips) 
Seat 2: Dorex2007 ($2.48 in chips) 
Seat 4: chacalay1 ($1.81 in chips) 
Seat 5: credesa ($2.84 in chips) 
Seat 6: mvscdrqcdl ($1.90 in chips) 
Seat 7: Paty Doll726 ($1.15 in chips) 
Seat 8: abajah ($0.82 in chips) 
Seat 9: Chrispapdnb ($1.51 in chips) 
Dorex2007: posts small blind $0.01
chacalay1: posts big blind $0.02
*** HOLE CARDS ***
Dealt to Dorex2007 [8d 6d]
credesa: raises $0.04 to $0.06
mvscdrqcdl: folds 
Paty Doll726: folds 
abajah: folds 
Chrispapdnb: folds 
VLAD798: calls $0.06
Dorex2007: folds 
chacalay1: folds 
*** FLOP *** [Ac Qd 2h]
credesa: bets $0.07
VLAD798: calls $0.07
*** TURN *** [Ac Qd 2h] [Qs]
credesa: checks 
VLAD798: bets $0.12
credesa: folds 
Uncalled bet ($0.12) returned to VLAD798
VLAD798 collected $0.28 from pot
*** SUMMARY ***
Total pot $0.29 | Rake $0.01 
Board [Ac Qd 2h Qs]
Seat 1: VLAD798 (button) collected ($0.28)
Seat 2: Dorex2007 (small blind) folded before Flop
Seat 4: chacalay1 (big blind) folded before Flop
Seat 5: credesa folded on the Turn
Seat 6: mvscdrqcdl folded before Flop (didn't bet)
Seat 7: Paty Doll726 folded before Flop (didn't bet)
Seat 8: abajah folded before Flop (didn't bet)
Seat 9: Chrispapdnb folded before Flop (didn't bet)



PokerStars Hand #230364034833:  Hold'em No Limit ($0.01/$0.02 USD) - 2021/10/04 20:29:24 PT [2021/10/04 23:29:24 ET]
Table 'Lyyli II' 9-max Seat #2 is the button
Seat 1: VLAD798 ($1.22 in chips) 
Seat 2: Dorex2007 ($2.47 in chips) 
Seat 4: chacalay1 ($1.79 in chips) 
Seat 5: credesa ($2.71 in chips) 
Seat 6: mvscdrqcdl ($1.90 in chips) 
Seat 7: Paty Doll726 ($1.15 in chips) 
Seat 8: abajah ($0.82 in chips) 
Seat 9: Chrispapdnb ($1.51 in chips) 
chacalay1: posts small blind $0.01
credesa: posts big blind $0.02
*** HOLE CARDS ***
Dealt to Dorex2007 [7s 8s]
mvscdrqcdl: folds 
Paty Doll726: folds 
abajah: folds 
Chrispapdnb: folds 
VLAD798: folds 
Dorex2007: raises $0.04 to $0.06
chacalay1: folds 
credesa: calls $0.04
*** FLOP *** [Ac As Qd]
credesa: checks 
Dorex2007: checks 
*** TURN *** [Ac As Qd] [2s]
credesa: checks 
Dorex2007: bets $0.13
credesa: calls $0.13
*** RIVER *** [Ac As Qd 2s] [Ad]
credesa: bets $0.19
Dorex2007: folds 
Uncalled bet ($0.19) returned to credesa
credesa collected $0.38 from pot
credesa: doesn't show hand 
*** SUMMARY ***
Total pot $0.39 | Rake $0.01 
Board [Ac As Qd 2s Ad]
Seat 1: VLAD798 folded before Flop (didn't bet)
Seat 2: Dorex2007 (button) folded on the River
Seat 4: chacalay1 (small blind) folded before Flop
Seat 5: credesa (big blind) collected ($0.38)
Seat 6: mvscdrqcdl folded before Flop (didn't bet)
Seat 7: Paty Doll726 folded before Flop (didn't bet)
Seat 8: abajah folded before Flop (didn't bet)
Seat 9: Chrispapdnb folded before Flop (didn't bet)



PokerStars Hand #230364041061:  Hold'em No Limit ($0.01/$0.02 USD) - 2021/10/04 20:30:03 PT [2021/10/04 23:30:03 ET]
Table 'Lyyli II' 9-max Seat #4 is the button
Seat 1: VLAD798 ($1.22 in chips) 
Seat 2: Dorex2007 ($2.28 in chips) 
Seat 4: chacalay1 ($1.78 in chips) 
Seat 5: credesa ($2.90 in chips) 
Seat 6: mvscdrqcdl ($1.90 in chips) 
Seat 7: Paty Doll726 ($1.15 in chips) 
Seat 8: abajah ($0.82 in chips) 
Seat 9: Chrispapdnb ($1.51 in chips) 
credesa: posts small blind $0.01
mvscdrqcdl: posts big blind $0.02
edoschenko: sits out 
*** HOLE CARDS ***
Dealt to Dorex2007 [Ac 3d]
Paty Doll726: folds 
abajah: folds 
Chrispapdnb: folds 
Chrispapdnb leaves the table
VLAD798: folds 
Dorex2007: folds 
chacalay1: raises $0.04 to $0.06
credesa: folds 
mvscdrqcdl: folds 
Uncalled bet ($0.04) returned to chacalay1
chacalay1 collected $0.05 from pot
chacalay1: doesn't show hand 
*** SUMMARY ***
Total pot $0.05 | Rake $0 
Seat 1: VLAD798 folded before Flop (didn't bet)
Seat 2: Dorex2007 folded before Flop (didn't bet)
Seat 4: chacalay1 (button) collected ($0.05)
Seat 5: credesa (small blind) folded before Flop
Seat 6: mvscdrqcdl (big blind) folded before Flop
Seat 7: Paty Doll726 folded before Flop (didn't bet)
Seat 8: abajah folded before Flop (didn't bet)
Seat 9: Chrispapdnb folded before Flop (didn't bet)



PokerStars Hand #230364043804:  Hold'em No Limit ($0.01/$0.02 USD) - 2021/10/04 20:30:19 PT [2021/10/04 23:30:19 ET]
Table 'Lyyli II' 9-max Seat #5 is the button
Seat 1: VLAD798 ($1.22 in chips) 
Seat 2: Dorex2007 ($2.28 in chips) 
Seat 4: chacalay1 ($1.81 in chips) 
Seat 5: credesa ($2.89 in chips) 
Seat 6: mvscdrqcdl ($1.88 in chips) 
Seat 7: Paty Doll726 ($1.15 in chips) 
Seat 8: abajah ($0.82 in chips) 
mvscdrqcdl: posts small blind $0.01
Paty Doll726: posts big blind $0.02
edoschenko: sits out 
*** HOLE CARDS ***
Dealt to Dorex2007 [Ks Tc]
abajah: folds 
VLAD798: folds 
Dorex2007: folds 
chacalay1: folds 
credesa: raises $0.04 to $0.06
mvscdrqcdl: calls $0.05
Paty Doll726: folds 
*** FLOP *** [As 7c Kd]
mvscdrqcdl: checks 
credesa: checks 
*** TURN *** [As 7c Kd] [Qh]
mvscdrqcdl: checks 
credesa: bets $0.07
mvscdrqcdl: calls $0.07
*** RIVER *** [As 7c Kd Qh] [7s]
mvscdrqcdl: checks 
credesa: bets $0.14
mvscdrqcdl: calls $0.14
*** SHOW DOWN ***
credesa: shows [Kc 9s] (two pair, Kings and Sevens)
mvscdrqcdl: shows [6h Kh] (two pair, Kings and Sevens)
mvscdrqcdl collected $0.27 from pot
credesa collected $0.27 from pot
*** SUMMARY ***
Total pot $0.56 | Rake $0.02 
Board [As 7c Kd Qh 7s]
Seat 1: VLAD798 folded before Flop (didn't bet)
Seat 2: Dorex2007 folded before Flop (didn't bet)
Seat 4: chacalay1 folded before Flop (didn't bet)
Seat 5: credesa (button) showed [Kc 9s] and won ($0.27) with two pair, Kings and Sevens
Seat 6: mvscdrqcdl (small blind) showed [6h Kh] and won ($0.27) with two pair, Kings and Sevens
Seat 7: Paty Doll726 (big blind) folded before Flop
Seat 8: abajah folded before Flop (didn't bet)



PokerStars Hand #230364049576:  Hold'em No Limit ($0.01/$0.02 USD) - 2021/10/04 20:30:55 PT [2021/10/04 23:30:55 ET]
Table 'Lyyli II' 9-max Seat #6 is the button
Seat 1: VLAD798 ($1.22 in chips) 
Seat 2: Dorex2007 ($2.28 in chips) 
Seat 4: chacalay1 ($1.81 in chips) 
Seat 5: credesa ($2.89 in chips) 
Seat 6: mvscdrqcdl ($1.88 in chips) 
Seat 7: Paty Doll726 ($1.13 in chips) 
Seat 8: abajah ($0.82 in chips) 
Paty Doll726: posts small blind $0.01
abajah: posts big blind $0.02
edoschenko: sits out 
*** HOLE CARDS ***
Dealt to Dorex2007 [Qs 2s]
VLAD798: folds 
Dorex2007: folds 
VLAD798 leaves the table
chacalay1: raises $0.08 to $0.10
credesa: folds 
mvscdrqcdl: folds 
Paty Doll726: folds 
abajah: folds 
Uncalled bet ($0.08) returned to chacalay1
chacalay1 collected $0.05 from pot
chacalay1: doesn't show hand 
*** SUMMARY ***
Total pot $0.05 | Rake $0 
Seat 1: VLAD798 folded before Flop (didn't bet)
Seat 2: Dorex2007 folded before Flop (didn't bet)
Seat 4: chacalay1 collected ($0.05)
Seat 5: credesa folded before Flop (didn't bet)
Seat 6: mvscdrqcdl (button) folded before Flop (didn't bet)
Seat 7: Paty Doll726 (small blind) folded before Flop
Seat 8: abajah (big blind) folded before Flop



PokerStars Hand #230364052608:  Hold'em No Limit ($0.01/$0.02 USD) - 2021/10/04 20:31:15 PT [2021/10/04 23:31:15 ET]
Table 'Lyyli II' 9-max Seat #7 is the button
Seat 2: Dorex2007 ($2.28 in chips) 
Seat 4: chacalay1 ($1.84 in chips) 
Seat 5: credesa ($2.89 in chips) 
Seat 6: mvscdrqcdl ($1.88 in chips) 
Seat 7: Paty Doll726 ($1.12 in chips) 
Seat 8: abajah ($0.80 in chips) 
abajah: posts small blind $0.01
Dorex2007: posts big blind $0.02
edoschenko: sits out 
*** HOLE CARDS ***
Dealt to Dorex2007 [2c 6c]
chacalay1: folds 
credesa: folds 
mvscdrqcdl: folds 
Paty Doll726: folds 
abajah: calls $0.01
Dorex2007: checks 
*** FLOP *** [9h 3c 7d]
abajah: checks 
Dorex2007: checks 
*** TURN *** [9h 3c 7d] [As]
abajah: checks 
Dorex2007: bets $0.04
abajah: folds 
Uncalled bet ($0.04) returned to Dorex2007
Dorex2007 collected $0.04 from pot
Dorex2007: doesn't show hand 
*** SUMMARY ***
Total pot $0.04 | Rake $0 
Board [9h 3c 7d As]
Seat 2: Dorex2007 (big blind) collected ($0.04)
Seat 4: chacalay1 folded before Flop (didn't bet)
Seat 5: credesa folded before Flop (didn't bet)
Seat 6: mvscdrqcdl folded before Flop (didn't bet)
Seat 7: Paty Doll726 (button) folded before Flop (didn't bet)
Seat 8: abajah (small blind) folded on the Turn



PokerStars Hand #230364056413:  Hold'em No Limit ($0.01/$0.02 USD) - 2021/10/04 20:31:38 PT [2021/10/04 23:31:38 ET]
Table 'Lyyli II' 9-max Seat #8 is the button
Seat 2: Dorex2007 ($2.30 in chips) 
Seat 3: edoschenko ($2.13 in chips) 
Seat 4: chacalay1 ($1.84 in chips) 
Seat 5: credesa ($2.89 in chips) 
Seat 6: mvscdrqcdl ($1.88 in chips) 
Seat 7: Paty Doll726 ($1.12 in chips) 
Seat 8: abajah ($0.78 in chips) 
Dorex2007: posts small blind $0.01
edoschenko: posts big blind $0.02
*** HOLE CARDS ***
Dealt to Dorex2007 [Jd Qc]
chacalay1: folds 
credesa: raises $0.04 to $0.06
mvscdrqcdl: folds 
Paty Doll726: folds 
abajah: calls $0.06
Dorex2007: folds 
edoschenko: folds 
*** FLOP *** [4h 8c 9s]
credesa: bets $0.07
abajah: folds 
Uncalled bet ($0.07) returned to credesa
credesa collected $0.14 from pot
credesa: doesn't show hand 
*** SUMMARY ***
Total pot $0.15 | Rake $0.01 
Board [4h 8c 9s]
Seat 2: Dorex2007 (small blind) folded before Flop
Seat 3: edoschenko (big blind) folded before Flop
Seat 4: chacalay1 folded before Flop (didn't bet)
Seat 5: credesa collected ($0.14)
Seat 6: mvscdrqcdl folded before Flop (didn't bet)
Seat 7: Paty Doll726 folded before Flop (didn't bet)
Seat 8: abajah (button) folded on the Flop



PokerStars Hand #230364060697:  Hold'em No Limit ($0.01/$0.02 USD) - 2021/10/04 20:32:04 PT [2021/10/04 23:32:04 ET]
Table 'Lyyli II' 9-max Seat #2 is the button
Seat 2: Dorex2007 ($2.29 in chips) 
Seat 3: edoschenko ($2.11 in chips) 
Seat 4: chacalay1 ($1.84 in chips) 
Seat 5: credesa ($2.97 in chips) 
Seat 6: mvscdrqcdl ($1.88 in chips) 
Seat 7: Paty Doll726 ($1.12 in chips) 
Seat 8: abajah ($0.72 in chips) 
edoschenko: posts small blind $0.01
chacalay1: posts big blind $0.02
*** HOLE CARDS ***
Dealt to Dorex2007 [8s 6d]
credesa: folds 
mvscdrqcdl: folds 
Paty Doll726: folds 
abajah: folds 
Dorex2007: folds 
edoschenko: raises $0.04 to $0.06
chacalay1: folds 
Uncalled bet ($0.04) returned to edoschenko
edoschenko collected $0.04 from pot
*** SUMMARY ***
Total pot $0.04 | Rake $0 
Seat 2: Dorex2007 (button) folded before Flop (didn't bet)
Seat 3: edoschenko (small blind) collected ($0.04)
Seat 4: chacalay1 (big blind) folded before Flop
Seat 5: credesa folded before Flop (didn't bet)
Seat 6: mvscdrqcdl folded before Flop (didn't bet)
Seat 7: Paty Doll726 folded before Flop (didn't bet)
Seat 8: abajah folded before Flop (didn't bet)



PokerStars Hand #230364063774:  Hold'em No Limit ($0.01/$0.02 USD) - 2021/10/04 20:32:23 PT [2021/10/04 23:32:23 ET]
Table 'Lyyli II' 9-max Seat #3 is the button
Seat 2: Dorex2007 ($2.29 in chips) 
Seat 3: edoschenko ($2.13 in chips) 
Seat 4: chacalay1 ($1.82 in chips) 
Seat 5: credesa ($2.97 in chips) 
Seat 6: mvscdrqcdl ($1.88 in chips) 
Seat 7: Paty Doll726 ($1.12 in chips) 
Seat 8: abajah ($0.72 in chips) 
chacalay1: posts small blind $0.01
credesa: posts big blind $0.02
*** HOLE CARDS ***
Dealt to Dorex2007 [4s 7d]
mvscdrqcdl: folds 
Paty Doll726 has timed out
Paty Doll726: folds 
abajah: calls $0.02
Dorex2007: folds 
edoschenko: folds 
Paty Doll726 leaves the table
chacalay1: calls $0.01
credesa: checks 
*** FLOP *** [Ac Qc Kh]
chacalay1: checks 
credesa: checks 
abajah: checks 
*** TURN *** [Ac Qc Kh] [6c]
chacalay1: checks 
credesa: checks 
abajah: checks 
*** RIVER *** [Ac Qc Kh 6c] [Qh]
chacalay1: bets $0.06
credesa: folds 
abajah: calls $0.06
*** SHOW DOWN ***
chacalay1: shows [Qd 7s] (three of a kind, Queens)
abajah: mucks hand 
chacalay1 collected $0.17 from pot
*** SUMMARY ***
Total pot $0.18 | Rake $0.01 
Board [Ac Qc Kh 6c Qh]
Seat 2: Dorex2007 folded before Flop (didn't bet)
Seat 3: edoschenko (button) folded before Flop (didn't bet)
Seat 4: chacalay1 (small blind) showed [Qd 7s] and won ($0.17) with three of a kind, Queens
Seat 5: credesa (big blind) folded on the River
Seat 6: mvscdrqcdl folded before Flop (didn't bet)
Seat 7: Paty Doll726 folded before Flop (didn't bet)
Seat 8: abajah mucked [5c 6s]



PokerStars Hand #230364072682:  Hold'em No Limit ($0.01/$0.02 USD) - 2021/10/04 20:33:18 PT [2021/10/04 23:33:18 ET]
Table 'Lyyli II' 9-max Seat #4 is the button
Seat 2: Dorex2007 ($2.29 in chips) 
Seat 3: edoschenko ($2.13 in chips) 
Seat 4: chacalay1 ($1.91 in chips) 
Seat 5: credesa ($2.95 in chips) 
Seat 8: abajah ($0.64 in chips) 
credesa: posts small blind $0.01
mvscdrqcdl: is sitting out 
abajah: posts big blind $0.02
*** HOLE CARDS ***
Dealt to Dorex2007 [6d 8s]
Dorex2007: folds 
edoschenko: folds 
chacalay1: folds 
credesa: raises $0.04 to $0.06
abajah: calls $0.04
*** FLOP *** [Tc Qd Th]
credesa: bets $0.06
abajah: raises $0.06 to $0.12
credesa: raises $2.77 to $2.89 and is all-in
abajah: folds 
Uncalled bet ($2.77) returned to credesa
credesa collected $0.35 from pot
credesa: doesn't show hand 
*** SUMMARY ***
Total pot $0.36 | Rake $0.01 
Board [Tc Qd Th]
Seat 2: Dorex2007 folded before Flop (didn't bet)
Seat 3: edoschenko folded before Flop (didn't bet)
Seat 4: chacalay1 (button) folded before Flop (didn't bet)
Seat 5: credesa (small blind) collected ($0.35)
Seat 8: abajah (big blind) folded on the Flop



PokerStars Hand #230364077156:  Hold'em No Limit ($0.01/$0.02 USD) - 2021/10/04 20:33:46 PT [2021/10/04 23:33:46 ET]
Table 'Lyyli II' 9-max Seat #5 is the button
Seat 2: Dorex2007 ($2.29 in chips) 
Seat 3: edoschenko ($2.13 in chips) 
Seat 4: chacalay1 ($1.91 in chips) 
Seat 5: credesa ($3.12 in chips) 
Seat 8: abajah ($0.46 in chips) 
abajah: posts small blind $0.01
Dorex2007: posts big blind $0.02
*** HOLE CARDS ***
Dealt to Dorex2007 [8d 9h]
edoschenko: folds 
chacalay1: folds 
credesa: raises $0.04 to $0.06
abajah: folds 
Dorex2007: folds 
Uncalled bet ($0.04) returned to credesa
credesa collected $0.05 from pot
credesa: doesn't show hand 
*** SUMMARY ***
Total pot $0.05 | Rake $0 
Seat 2: Dorex2007 (big blind) folded before Flop
Seat 3: edoschenko folded before Flop (didn't bet)
Seat 4: chacalay1 folded before Flop (didn't bet)
Seat 5: credesa (button) collected ($0.05)
Seat 8: abajah (small blind) folded before Flop



PokerStars Hand #230364080432:  Hold'em No Limit ($0.01/$0.02 USD) - 2021/10/04 20:34:07 PT [2021/10/04 23:34:07 ET]
Table 'Lyyli II' 9-max Seat #8 is the button
Seat 2: Dorex2007 ($2.27 in chips) 
Seat 3: edoschenko ($2.13 in chips) 
Seat 4: chacalay1 ($1.91 in chips) 
Seat 5: credesa ($3.15 in chips) 
Seat 8: abajah ($0.45 in chips) 
Dorex2007: posts small blind $0.01
edoschenko: posts big blind $0.02
*** HOLE CARDS ***
Dealt to Dorex2007 [Ac Jd]
chacalay1: folds 
credesa: folds 
abajah: calls $0.02
Dorex2007: calls $0.01
edoschenko: raises $0.06 to $0.08
abajah: folds 
Dorex2007: calls $0.06
*** FLOP *** [Kc Kd Kh]
Dorex2007: checks 
edoschenko: checks 
*** TURN *** [Kc Kd Kh] [Td]
Dorex2007: bets $0.17
edoschenko: folds 
Uncalled bet ($0.17) returned to Dorex2007
Dorex2007 collected $0.17 from pot
Dorex2007: doesn't show hand 
*** SUMMARY ***
Total pot $0.18 | Rake $0.01 
Board [Kc Kd Kh Td]
Seat 2: Dorex2007 (small blind) collected ($0.17)
Seat 3: edoschenko (big blind) folded on the Turn
Seat 4: chacalay1 folded before Flop (didn't bet)
Seat 5: credesa folded before Flop (didn't bet)
Seat 8: abajah (button) folded before Flop



PokerStars Hand #230364086390:  Hold'em No Limit ($0.01/$0.02 USD) - 2021/10/04 20:34:44 PT [2021/10/04 23:34:44 ET]
Table 'Lyyli II' 9-max Seat #2 is the button
Seat 2: Dorex2007 ($2.36 in chips) 
Seat 3: edoschenko ($2.05 in chips) 
Seat 4: chacalay1 ($1.91 in chips) 
Seat 5: credesa ($3.15 in chips) 
Seat 8: abajah ($0.43 in chips) 
edoschenko: posts small blind $0.01
chacalay1: posts big blind $0.02
*** HOLE CARDS ***
Dealt to Dorex2007 [Kh Kd]
credesa: folds 
abajah: folds 
credesa leaves the table
Dorex2007: raises $0.04 to $0.06
edoschenko: folds 
chacalay1: raises $0.14 to $0.20
abajah leaves the table
Dorex2007: raises $0.54 to $0.74
chacalay1: folds 
Uncalled bet ($0.54) returned to Dorex2007
Dorex2007 collected $0.41 from pot
Dorex2007: doesn't show hand 
*** SUMMARY ***
Total pot $0.41 | Rake $0 
Seat 2: Dorex2007 (button) collected ($0.41)
Seat 3: edoschenko (small blind) folded before Flop
Seat 4: chacalay1 (big blind) folded before Flop
Seat 5: credesa folded before Flop (didn't bet)
Seat 8: abajah folded before Flop (didn't bet)



PokerStars Hand #230364095176:  Hold'em No Limit ($0.01/$0.02 USD) - 2021/10/04 20:35:24 PT [2021/10/04 23:35:24 ET]
Table 'Lyyli II' 9-max Seat #3 is the button
Seat 2: Dorex2007 ($2.57 in chips) 
Seat 3: edoschenko ($2.04 in chips) 
Seat 4: chacalay1 ($1.71 in chips) 
chacalay1: posts small blind $0.01
Dorex2007: posts big blind $0.02
*** HOLE CARDS ***
Dealt to Dorex2007 [8h 2d]
edoschenko: folds 
chacalay1: calls $0.01
Dorex2007: checks 
*** FLOP *** [9h 2h 6d]
Urban1970 joins the table at seat #1 
chacalay1: checks 
Dorex2007: checks 
*** TURN *** [9h 2h 6d] [4d]
chacalay1: checks 
Dorex2007: checks 
*** RIVER *** [9h 2h 6d 4d] [6h]
chacalay1: checks 
Dorex2007: bets $0.04
chacalay1: folds 
Uncalled bet ($0.04) returned to Dorex2007
Dorex2007 collected $0.04 from pot
Dorex2007: doesn't show hand 
*** SUMMARY ***
Total pot $0.04 | Rake $0 
Board [9h 2h 6d 4d 6h]
Seat 2: Dorex2007 (big blind) collected ($0.04)
Seat 3: edoschenko (button) folded before Flop (didn't bet)
Seat 4: chacalay1 (small blind) folded on the River



PokerStars Hand #230364101354:  Hold'em No Limit ($0.01/$0.02 USD) - 2021/10/04 20:36:03 PT [2021/10/04 23:36:03 ET]
Table 'Lyyli II' 9-max Seat #4 is the button
Seat 2: Dorex2007 ($2.59 in chips) 
Seat 3: edoschenko ($2.04 in chips) 
Seat 4: chacalay1 ($1.69 in chips) 
Dorex2007: posts small blind $0.01
edoschenko: posts big blind $0.02
*** HOLE CARDS ***
Dealt to Dorex2007 [Ah 4s]
galliena joins the table at seat #7 
chacalay1: folds 
Dorex2007: folds 
Uncalled bet ($0.01) returned to edoschenko
edoschenko collected $0.02 from pot
*** SUMMARY ***
Total pot $0.02 | Rake $0 
Seat 2: Dorex2007 (small blind) folded before Flop
Seat 3: edoschenko (big blind) collected ($0.02)
Seat 4: chacalay1 (button) folded before Flop (didn't bet)



