PokerStars Hand #227543230534:  Hold'em No Limit ($0.01/$0.02 USD) - 2021/06/13 0:38:12 PT [2021/06/13 3:38:12 ET]
Table 'Harmonia' 9-max Seat #9 is the button
Seat 1: VVNWIN ($1.18 in chips) 
Seat 2: thirteenzz13 ($2.30 in chips) 
Seat 3: RookieBoyKK ($1 in chips) 
Seat 4: zpnaibz ($1.04 in chips) 
Seat 5: deniss932 ($0.91 in chips) 
Seat 6: Tokkenpaul62 ($1.44 in chips) 
Seat 7: Dorex2007 ($2 in chips) 
Seat 8: rfirfibyvb[f ($2 in chips) 
Seat 9: OptimusFrenzy ($1.95 in chips) 
VVNWIN: posts small blind $0.01
thirteenzz13: posts big blind $0.02
Dorex2007: posts big blind $0.02
*** HOLE CARDS ***
Dealt to Dorex2007 [5h 4h]
RookieBoyKK: folds 
zpnaibz: raises $0.02 to $0.04
deniss932: folds 
Tokkenpaul62: folds 
Dorex2007: calls $0.02
rfirfibyvb[f: folds 
OptimusFrenzy: folds 
VVNWIN: calls $0.03
thirteenzz13: raises $0.02 to $0.06
zpnaibz: calls $0.02
Dorex2007: calls $0.02
VVNWIN: calls $0.02
*** FLOP *** [Ts 3c Jd]
VVNWIN: checks 
thirteenzz13: bets $0.12
zpnaibz: folds 
Dorex2007: folds 
VVNWIN: folds 
Uncalled bet ($0.12) returned to thirteenzz13
thirteenzz13 collected $0.23 from pot
thirteenzz13: doesn't show hand 
*** SUMMARY ***
Total pot $0.24 | Rake $0.01 
Board [Ts 3c Jd]
Seat 1: VVNWIN (small blind) folded on the Flop
Seat 2: thirteenzz13 (big blind) collected ($0.23)
Seat 3: RookieBoyKK folded before Flop (didn't bet)
Seat 4: zpnaibz folded on the Flop
Seat 5: deniss932 folded before Flop (didn't bet)
Seat 6: Tokkenpaul62 folded before Flop (didn't bet)
Seat 7: Dorex2007 folded on the Flop
Seat 8: rfirfibyvb[f folded before Flop (didn't bet)
Seat 9: OptimusFrenzy (button) folded before Flop (didn't bet)



PokerStars Hand #227543239495:  Hold'em No Limit ($0.01/$0.02 USD) - 2021/06/13 0:39:08 PT [2021/06/13 3:39:08 ET]
Table 'Harmonia' 9-max Seat #1 is the button
Seat 1: VVNWIN ($1.12 in chips) 
Seat 2: thirteenzz13 ($2.47 in chips) 
Seat 3: RookieBoyKK ($1 in chips) 
Seat 4: zpnaibz ($0.98 in chips) 
Seat 5: deniss932 ($0.91 in chips) 
Seat 6: Tokkenpaul62 ($1.44 in chips) 
Seat 7: Dorex2007 ($1.94 in chips) 
Seat 8: rfirfibyvb[f ($2 in chips) 
Seat 9: OptimusFrenzy ($1.95 in chips) 
thirteenzz13: posts small blind $0.01
RookieBoyKK: posts big blind $0.02
*** HOLE CARDS ***
Dealt to Dorex2007 [4c 8d]
zpnaibz: folds 
deniss932: raises $0.04 to $0.06
Tokkenpaul62: folds 
Dorex2007: folds 
rfirfibyvb[f: folds 
OptimusFrenzy: folds 
VVNWIN: folds 
thirteenzz13: calls $0.05
RookieBoyKK: calls $0.04
*** FLOP *** [Kh Kd Qc]
thirteenzz13: bets $0.09
RookieBoyKK: calls $0.09
deniss932: calls $0.09
*** TURN *** [Kh Kd Qc] [9d]
thirteenzz13: checks 
RookieBoyKK: bets $0.15
deniss932: folds 
thirteenzz13: folds 
Uncalled bet ($0.15) returned to RookieBoyKK
RookieBoyKK collected $0.43 from pot
*** SUMMARY ***
Total pot $0.45 | Rake $0.02 
Board [Kh Kd Qc 9d]
Seat 1: VVNWIN (button) folded before Flop (didn't bet)
Seat 2: thirteenzz13 (small blind) folded on the Turn
Seat 3: RookieBoyKK (big blind) collected ($0.43)
Seat 4: zpnaibz folded before Flop (didn't bet)
Seat 5: deniss932 folded on the Turn
Seat 6: Tokkenpaul62 folded before Flop (didn't bet)
Seat 7: Dorex2007 folded before Flop (didn't bet)
Seat 8: rfirfibyvb[f folded before Flop (didn't bet)
Seat 9: OptimusFrenzy folded before Flop (didn't bet)



PokerStars Hand #227543253157:  Hold'em No Limit ($0.01/$0.02 USD) - 2021/06/13 0:40:31 PT [2021/06/13 3:40:31 ET]
Table 'Harmonia' 9-max Seat #2 is the button
Seat 1: VVNWIN ($1.12 in chips) 
Seat 2: thirteenzz13 ($2.32 in chips) 
Seat 3: RookieBoyKK ($1.28 in chips) 
Seat 4: zpnaibz ($0.98 in chips) 
Seat 5: deniss932 ($0.76 in chips) 
Seat 6: Tokkenpaul62 ($1.44 in chips) 
Seat 7: Dorex2007 ($1.94 in chips) 
Seat 8: rfirfibyvb[f ($2 in chips) 
Seat 9: OptimusFrenzy ($1.95 in chips) 
RookieBoyKK: posts small blind $0.01
zpnaibz: posts big blind $0.02
*** HOLE CARDS ***
Dealt to Dorex2007 [3h 4c]
deniss932: folds 
deniss932 leaves the table
Tokkenpaul62: folds 
Dorex2007: folds 
rfirfibyvb[f: folds 
OptimusFrenzy: calls $0.02
VVNWIN: calls $0.02
thirteenzz13: calls $0.02
Vyzychy joins the table at seat #5 
RookieBoyKK: calls $0.01
zpnaibz is connected 
zpnaibz has timed out
zpnaibz: checks 
*** FLOP *** [6s Ks Kd]
RookieBoyKK: bets $0.02
zpnaibz: folds 
OptimusFrenzy: raises $0.02 to $0.04
VVNWIN: folds 
thirteenzz13: calls $0.04
RookieBoyKK: calls $0.02
*** TURN *** [6s Ks Kd] [Td]
RookieBoyKK: checks 
OptimusFrenzy: bets $0.24
thirteenzz13: folds 
zpnaibz is disconnected 
RookieBoyKK: calls $0.24
*** RIVER *** [6s Ks Kd Td] [3s]
RookieBoyKK: checks 
OptimusFrenzy: bets $0.96
RookieBoyKK: raises $0.02 to $0.98 and is all-in
OptimusFrenzy: calls $0.02
*** SHOW DOWN ***
RookieBoyKK: shows [7s Ts] (a flush, King high)
OptimusFrenzy: shows [Kc Qh] (three of a kind, Kings)
RookieBoyKK collected $2.57 from pot
*** SUMMARY ***
Total pot $2.66 | Rake $0.09 
Board [6s Ks Kd Td 3s]
Seat 1: VVNWIN folded on the Flop
Seat 2: thirteenzz13 (button) folded on the Turn
Seat 3: RookieBoyKK (small blind) showed [7s Ts] and won ($2.57) with a flush, King high
Seat 4: zpnaibz (big blind) folded on the Flop
Seat 5: deniss932 folded before Flop (didn't bet)
Seat 6: Tokkenpaul62 folded before Flop (didn't bet)
Seat 7: Dorex2007 folded before Flop (didn't bet)
Seat 8: rfirfibyvb[f folded before Flop (didn't bet)
Seat 9: OptimusFrenzy showed [Kc Qh] and lost with three of a kind, Kings



PokerStars Hand #227543283626:  Hold'em No Limit ($0.01/$0.02 USD) - 2021/06/13 0:43:34 PT [2021/06/13 3:43:34 ET]
Table 'Harmonia' 9-max Seat #3 is the button
Seat 1: VVNWIN ($1.10 in chips) 
Seat 2: thirteenzz13 ($2.26 in chips) 
Seat 3: RookieBoyKK ($2.57 in chips) 
Seat 4: zpnaibz ($0.96 in chips) 
Seat 5: Vyzychy ($2 in chips) 
Seat 6: Tokkenpaul62 ($1.44 in chips) 
Seat 7: Dorex2007 ($1.94 in chips) 
Seat 8: rfirfibyvb[f ($2 in chips) 
Seat 9: OptimusFrenzy ($0.67 in chips) 
zpnaibz: posts small blind $0.01
Vyzychy: posts big blind $0.02
*** HOLE CARDS ***
Dealt to Dorex2007 [8s 6c]
Tokkenpaul62: folds 
Dorex2007: folds 
rfirfibyvb[f: folds 
OptimusFrenzy: folds 
OptimusFrenzy leaves the table
VVNWIN: folds 
thirteenzz13: folds 
RookieBoyKK: calls $0.02
zpnaibz: folds 
Johnny10170 joins the table at seat #9 
Vyzychy: checks 
*** FLOP *** [Jh Qc Qh]
Vyzychy: checks 
RookieBoyKK: checks 
*** TURN *** [Jh Qc Qh] [5c]
Vyzychy: checks 
RookieBoyKK: checks 
*** RIVER *** [Jh Qc Qh 5c] [5h]
Vyzychy: checks 
RookieBoyKK: bets $0.05
Vyzychy: calls $0.05
*** SHOW DOWN ***
RookieBoyKK: shows [9h 4h] (a flush, Queen high)
Vyzychy: shows [Th Kh] (a flush, King high)
Vyzychy collected $0.14 from pot
*** SUMMARY ***
Total pot $0.15 | Rake $0.01 
Board [Jh Qc Qh 5c 5h]
Seat 1: VVNWIN folded before Flop (didn't bet)
Seat 2: thirteenzz13 folded before Flop (didn't bet)
Seat 3: RookieBoyKK (button) showed [9h 4h] and lost with a flush, Queen high
Seat 4: zpnaibz (small blind) folded before Flop
Seat 5: Vyzychy (big blind) showed [Th Kh] and won ($0.14) with a flush, King high
Seat 6: Tokkenpaul62 folded before Flop (didn't bet)
Seat 7: Dorex2007 folded before Flop (didn't bet)
Seat 8: rfirfibyvb[f folded before Flop (didn't bet)
Seat 9: OptimusFrenzy folded before Flop (didn't bet)



PokerStars Hand #227543292480:  Hold'em No Limit ($0.01/$0.02 USD) - 2021/06/13 0:44:28 PT [2021/06/13 3:44:28 ET]
Table 'Harmonia' 9-max Seat #4 is the button
Seat 1: VVNWIN ($1.10 in chips) 
Seat 2: thirteenzz13 ($2.26 in chips) 
Seat 3: RookieBoyKK ($2.50 in chips) 
Seat 4: zpnaibz ($0.95 in chips) 
Seat 5: Vyzychy ($2.07 in chips) 
Seat 6: Tokkenpaul62 ($1.44 in chips) 
Seat 7: Dorex2007 ($1.94 in chips) 
Seat 8: rfirfibyvb[f ($2 in chips) 
Seat 9: Johnny10170 ($2 in chips) 
Vyzychy: posts small blind $0.01
Tokkenpaul62: posts big blind $0.02
Johnny10170: posts big blind $0.02
*** HOLE CARDS ***
Dealt to Dorex2007 [5d Ts]
Dorex2007: folds 
rfirfibyvb[f: folds 
Johnny10170: checks 
VVNWIN: calls $0.02
thirteenzz13: folds 
RookieBoyKK: raises $0.08 to $0.10
zpnaibz has timed out
zpnaibz: folds 
Vyzychy: folds 
Tokkenpaul62: folds 
Johnny10170: folds 
VVNWIN: calls $0.08
*** FLOP *** [As 7c 5c]
VVNWIN: checks 
RookieBoyKK: bets $0.10
VVNWIN: folds 
Uncalled bet ($0.10) returned to RookieBoyKK
RookieBoyKK collected $0.24 from pot
*** SUMMARY ***
Total pot $0.25 | Rake $0.01 
Board [As 7c 5c]
Seat 1: VVNWIN folded on the Flop
Seat 2: thirteenzz13 folded before Flop (didn't bet)
Seat 3: RookieBoyKK collected ($0.24)
Seat 4: zpnaibz (button) folded before Flop (didn't bet)
Seat 5: Vyzychy (small blind) folded before Flop
Seat 6: Tokkenpaul62 (big blind) folded before Flop
Seat 7: Dorex2007 folded before Flop (didn't bet)
Seat 8: rfirfibyvb[f folded before Flop (didn't bet)
Seat 9: Johnny10170 folded before Flop (didn't bet)



PokerStars Hand #227543302757:  Hold'em No Limit ($0.01/$0.02 USD) - 2021/06/13 0:45:30 PT [2021/06/13 3:45:30 ET]
Table 'Harmonia' 9-max Seat #5 is the button
Seat 1: VVNWIN ($1 in chips) 
Seat 2: thirteenzz13 ($2.26 in chips) 
Seat 3: RookieBoyKK ($2.64 in chips) 
Seat 4: zpnaibz ($0.95 in chips) 
Seat 5: Vyzychy ($2.06 in chips) 
Seat 6: Tokkenpaul62 ($1.42 in chips) 
Seat 7: Dorex2007 ($1.94 in chips) 
Seat 9: Johnny10170 ($1.98 in chips) 
Tokkenpaul62: posts small blind $0.01
Dorex2007: posts big blind $0.02
*** HOLE CARDS ***
Dealt to Dorex2007 [5c 8h]
Johnny10170: folds 
VVNWIN: folds 
thirteenzz13: folds 
RookieBoyKK: calls $0.02
zpnaibz has timed out
zpnaibz: folds 
Vyzychy: folds 
Tokkenpaul62: calls $0.01
Dorex2007: checks 
*** FLOP *** [As Js Tc]
Tokkenpaul62: checks 
Dorex2007: checks 
RookieBoyKK: bets $0.06
Tokkenpaul62: folds 
Dorex2007: folds 
Uncalled bet ($0.06) returned to RookieBoyKK
RookieBoyKK collected $0.06 from pot
*** SUMMARY ***
Total pot $0.06 | Rake $0 
Board [As Js Tc]
Seat 1: VVNWIN folded before Flop (didn't bet)
Seat 2: thirteenzz13 folded before Flop (didn't bet)
Seat 3: RookieBoyKK collected ($0.06)
Seat 4: zpnaibz folded before Flop (didn't bet)
Seat 5: Vyzychy (button) folded before Flop (didn't bet)
Seat 6: Tokkenpaul62 (small blind) folded on the Flop
Seat 7: Dorex2007 (big blind) folded on the Flop
Seat 9: Johnny10170 folded before Flop (didn't bet)



PokerStars Hand #227543312424:  Hold'em No Limit ($0.01/$0.02 USD) - 2021/06/13 0:46:29 PT [2021/06/13 3:46:29 ET]
Table 'Harmonia' 9-max Seat #6 is the button
Seat 1: VVNWIN ($1 in chips) 
Seat 2: thirteenzz13 ($2.26 in chips) 
Seat 3: RookieBoyKK ($2.68 in chips) 
Seat 4: zpnaibz ($0.95 in chips) 
Seat 5: Vyzychy ($2.06 in chips) 
Seat 6: Tokkenpaul62 ($1.40 in chips) 
Seat 7: Dorex2007 ($1.92 in chips) 
Seat 9: Johnny10170 ($1.98 in chips) 
Dorex2007: posts small blind $0.01
Johnny10170: posts big blind $0.02
*** HOLE CARDS ***
Dealt to Dorex2007 [As 4s]
VVNWIN: folds 
thirteenzz13: raises $0.02 to $0.04
RookieBoyKK: folds 
zpnaibz has timed out
zpnaibz: folds 
Vyzychy: folds 
Tokkenpaul62: calls $0.04
Dorex2007: folds 
Johnny10170: calls $0.02
*** FLOP *** [9s 9c 7s]
Johnny10170: checks 
thirteenzz13: bets $0.07
Tokkenpaul62: folds 
Johnny10170: folds 
Uncalled bet ($0.07) returned to thirteenzz13
thirteenzz13 collected $0.13 from pot
thirteenzz13: doesn't show hand 
*** SUMMARY ***
Total pot $0.13 | Rake $0 
Board [9s 9c 7s]
Seat 1: VVNWIN folded before Flop (didn't bet)
Seat 2: thirteenzz13 collected ($0.13)
Seat 3: RookieBoyKK folded before Flop (didn't bet)
Seat 4: zpnaibz folded before Flop (didn't bet)
Seat 5: Vyzychy folded before Flop (didn't bet)
Seat 6: Tokkenpaul62 (button) folded on the Flop
Seat 7: Dorex2007 (small blind) folded before Flop
Seat 9: Johnny10170 (big blind) folded on the Flop



PokerStars Hand #227543323140:  Hold'em No Limit ($0.01/$0.02 USD) - 2021/06/13 0:47:32 PT [2021/06/13 3:47:32 ET]
Table 'Harmonia' 9-max Seat #7 is the button
Seat 1: VVNWIN ($1 in chips) 
Seat 2: thirteenzz13 ($2.35 in chips) 
Seat 3: RookieBoyKK ($2.68 in chips) 
Seat 4: zpnaibz ($0.95 in chips) 
Seat 5: Vyzychy ($2.06 in chips) 
Seat 6: Tokkenpaul62 ($1.36 in chips) 
Seat 7: Dorex2007 ($1.91 in chips) 
Seat 9: Johnny10170 ($1.94 in chips) 
Johnny10170: posts small blind $0.01
VVNWIN: posts big blind $0.02
*** HOLE CARDS ***
Dealt to Dorex2007 [4h 7c]
thirteenzz13: folds 
RookieBoyKK: raises $0.03 to $0.05
zpnaibz: raises $0.13 to $0.18
Vyzychy: folds 
Tokkenpaul62: folds 
Dorex2007: folds 
Johnny10170: folds 
VVNWIN: folds 
RookieBoyKK: raises $0.13 to $0.31
zpnaibz: raises $0.64 to $0.95 and is all-in
RookieBoyKK: calls $0.64
*** FLOP *** [Qs Kh 5c]
*** TURN *** [Qs Kh 5c] [Js]
*** RIVER *** [Qs Kh 5c Js] [7h]
*** SHOW DOWN ***
RookieBoyKK: shows [Ac Ad] (a pair of Aces)
zpnaibz: shows [As Ah] (a pair of Aces)
RookieBoyKK collected $0.93 from pot
zpnaibz collected $0.93 from pot
*** SUMMARY ***
Total pot $1.93 | Rake $0.07 
Board [Qs Kh 5c Js 7h]
Seat 1: VVNWIN (big blind) folded before Flop
Seat 2: thirteenzz13 folded before Flop (didn't bet)
Seat 3: RookieBoyKK showed [Ac Ad] and won ($0.93) with a pair of Aces
Seat 4: zpnaibz showed [As Ah] and won ($0.93) with a pair of Aces
Seat 5: Vyzychy folded before Flop (didn't bet)
Seat 6: Tokkenpaul62 folded before Flop (didn't bet)
Seat 7: Dorex2007 (button) folded before Flop (didn't bet)
Seat 9: Johnny10170 (small blind) folded before Flop



PokerStars Hand #227543338245:  Hold'em No Limit ($0.01/$0.02 USD) - 2021/06/13 0:48:47 PT [2021/06/13 3:48:47 ET]
Table 'Harmonia' 9-max Seat #9 is the button
Seat 1: VVNWIN ($0.98 in chips) 
Seat 2: thirteenzz13 ($2.35 in chips) 
Seat 3: RookieBoyKK ($2.66 in chips) 
Seat 4: zpnaibz ($0.93 in chips) 
Seat 5: Vyzychy ($2.06 in chips) 
Seat 6: Tokkenpaul62 ($1.36 in chips) 
Seat 7: Dorex2007 ($1.91 in chips) 
Seat 9: Johnny10170 ($1.93 in chips) 
VVNWIN: posts small blind $0.01
thirteenzz13: posts big blind $0.02
rfirfibyvb[f: sits out 
*** HOLE CARDS ***
Dealt to Dorex2007 [2h 4c]
RookieBoyKK: folds 
zpnaibz: raises $0.02 to $0.04
Vyzychy: folds 
Tokkenpaul62: folds 
Dorex2007: folds 
Johnny10170: folds 
VVNWIN: folds 
thirteenzz13: folds 
Uncalled bet ($0.02) returned to zpnaibz
zpnaibz collected $0.05 from pot
zpnaibz: doesn't show hand 
*** SUMMARY ***
Total pot $0.05 | Rake $0 
Seat 1: VVNWIN (small blind) folded before Flop
Seat 2: thirteenzz13 (big blind) folded before Flop
Seat 3: RookieBoyKK folded before Flop (didn't bet)
Seat 4: zpnaibz collected ($0.05)
Seat 5: Vyzychy folded before Flop (didn't bet)
Seat 6: Tokkenpaul62 folded before Flop (didn't bet)
Seat 7: Dorex2007 folded before Flop (didn't bet)
Seat 9: Johnny10170 (button) folded before Flop (didn't bet)



PokerStars Hand #227543343536:  Hold'em No Limit ($0.01/$0.02 USD) - 2021/06/13 0:49:19 PT [2021/06/13 3:49:19 ET]
Table 'Harmonia' 9-max Seat #1 is the button
Seat 1: VVNWIN ($0.97 in chips) 
Seat 2: thirteenzz13 ($2.33 in chips) 
Seat 3: RookieBoyKK ($2.66 in chips) 
Seat 4: zpnaibz ($0.96 in chips) 
Seat 5: Vyzychy ($2.06 in chips) 
Seat 6: Tokkenpaul62 ($1.36 in chips) 
Seat 7: Dorex2007 ($1.91 in chips) 
Seat 9: Johnny10170 ($1.93 in chips) 
thirteenzz13: posts small blind $0.01
RookieBoyKK: posts big blind $0.02
rfirfibyvb[f: sits out 
*** HOLE CARDS ***
Dealt to Dorex2007 [5s Ad]
zpnaibz: folds 
Vyzychy: folds 
Tokkenpaul62: calls $0.02
Dorex2007: folds 
Johnny10170: folds 
VVNWIN: folds 
thirteenzz13: calls $0.01
RookieBoyKK: checks 
*** FLOP *** [Qs Th Kc]
thirteenzz13: checks 
RookieBoyKK: bets $0.02
Tokkenpaul62: folds 
thirteenzz13: calls $0.02
*** TURN *** [Qs Th Kc] [6h]
thirteenzz13: checks 
RookieBoyKK: bets $0.04
thirteenzz13: folds 
Uncalled bet ($0.04) returned to RookieBoyKK
RookieBoyKK collected $0.10 from pot
*** SUMMARY ***
Total pot $0.10 | Rake $0 
Board [Qs Th Kc 6h]
Seat 1: VVNWIN (button) folded before Flop (didn't bet)
Seat 2: thirteenzz13 (small blind) folded on the Turn
Seat 3: RookieBoyKK (big blind) collected ($0.10)
Seat 4: zpnaibz folded before Flop (didn't bet)
Seat 5: Vyzychy folded before Flop (didn't bet)
Seat 6: Tokkenpaul62 folded on the Flop
Seat 7: Dorex2007 folded before Flop (didn't bet)
Seat 9: Johnny10170 folded before Flop (didn't bet)



PokerStars Hand #227543355779:  Hold'em No Limit ($0.01/$0.02 USD) - 2021/06/13 0:50:32 PT [2021/06/13 3:50:32 ET]
Table 'Harmonia' 9-max Seat #2 is the button
Seat 1: VVNWIN ($0.97 in chips) 
Seat 2: thirteenzz13 ($2.29 in chips) 
Seat 3: RookieBoyKK ($2.72 in chips) 
Seat 4: zpnaibz ($0.96 in chips) 
Seat 5: Vyzychy ($2.06 in chips) 
Seat 6: Tokkenpaul62 ($1.34 in chips) 
Seat 7: Dorex2007 ($1.91 in chips) 
Seat 9: Johnny10170 ($2 in chips) 
RookieBoyKK: posts small blind $0.01
zpnaibz: posts big blind $0.02
rfirfibyvb[f: sits out 
*** HOLE CARDS ***
Dealt to Dorex2007 [5d 9h]
Vyzychy: folds 
Tokkenpaul62: raises $0.05 to $0.07
Dorex2007: folds 
Johnny10170: folds 
VVNWIN: folds 
thirteenzz13: folds 
RookieBoyKK: calls $0.06
zpnaibz: calls $0.05
*** FLOP *** [2h 4d Kd]
RookieBoyKK: checks 
zpnaibz: checks 
Tokkenpaul62: bets $0.20
RookieBoyKK: calls $0.20
zpnaibz: folds 
*** TURN *** [2h 4d Kd] [3h]
RookieBoyKK: checks 
Tokkenpaul62: bets $1.07 and is all-in
RookieBoyKK: calls $1.07
*** RIVER *** [2h 4d Kd 3h] [5c]
*** SHOW DOWN ***
RookieBoyKK: shows [7d Ad] (a straight, Ace to Five)
Tokkenpaul62: shows [Ah Ac] (a straight, Ace to Five)
RookieBoyKK collected $1.33 from pot
Tokkenpaul62 collected $1.32 from pot
*** SUMMARY ***
Total pot $2.75 | Rake $0.10 
Board [2h 4d Kd 3h 5c]
Seat 1: VVNWIN folded before Flop (didn't bet)
Seat 2: thirteenzz13 (button) folded before Flop (didn't bet)
Seat 3: RookieBoyKK (small blind) showed [7d Ad] and won ($1.33) with a straight, Ace to Five
Seat 4: zpnaibz (big blind) folded on the Flop
Seat 5: Vyzychy folded before Flop (didn't bet)
Seat 6: Tokkenpaul62 showed [Ah Ac] and won ($1.32) with a straight, Ace to Five
Seat 7: Dorex2007 folded before Flop (didn't bet)
Seat 9: Johnny10170 folded before Flop (didn't bet)



PokerStars Hand #227543378742:  Hold'em No Limit ($0.01/$0.02 USD) - 2021/06/13 0:52:48 PT [2021/06/13 3:52:48 ET]
Table 'Harmonia' 9-max Seat #3 is the button
Seat 1: VVNWIN ($0.97 in chips) 
Seat 2: thirteenzz13 ($2.29 in chips) 
Seat 3: RookieBoyKK ($2.71 in chips) 
Seat 4: zpnaibz ($0.89 in chips) 
Seat 5: Vyzychy ($2.06 in chips) 
Seat 6: Tokkenpaul62 ($1.32 in chips) 
Seat 7: Dorex2007 ($1.91 in chips) 
Seat 9: Johnny10170 ($2 in chips) 
zpnaibz: posts small blind $0.01
Vyzychy: posts big blind $0.02
rfirfibyvb[f: sits out 
*** HOLE CARDS ***
Dealt to Dorex2007 [8c 7s]
Tokkenpaul62: folds 
Dorex2007: folds 
Johnny10170: folds 
VVNWIN: folds 
thirteenzz13: raises $0.02 to $0.04
RookieBoyKK: calls $0.04
zpnaibz: raises $0.85 to $0.89 and is all-in
Vyzychy: folds 
thirteenzz13: folds 
RookieBoyKK: folds 
Uncalled bet ($0.85) returned to zpnaibz
zpnaibz collected $0.14 from pot
zpnaibz: doesn't show hand 
*** SUMMARY ***
Total pot $0.14 | Rake $0 
Seat 1: VVNWIN folded before Flop (didn't bet)
Seat 2: thirteenzz13 folded before Flop
Seat 3: RookieBoyKK (button) folded before Flop
Seat 4: zpnaibz (small blind) collected ($0.14)
Seat 5: Vyzychy (big blind) folded before Flop
Seat 6: Tokkenpaul62 folded before Flop (didn't bet)
Seat 7: Dorex2007 folded before Flop (didn't bet)
Seat 9: Johnny10170 folded before Flop (didn't bet)



PokerStars Hand #227543387383:  Hold'em No Limit ($0.01/$0.02 USD) - 2021/06/13 0:53:39 PT [2021/06/13 3:53:39 ET]
Table 'Harmonia' 9-max Seat #4 is the button
Seat 1: VVNWIN ($0.97 in chips) 
Seat 2: thirteenzz13 ($2.25 in chips) 
Seat 3: RookieBoyKK ($2.67 in chips) 
Seat 4: zpnaibz ($0.99 in chips) 
Seat 5: Vyzychy ($2.04 in chips) 
Seat 6: Tokkenpaul62 ($1.32 in chips) 
Seat 7: Dorex2007 ($1.91 in chips) 
Seat 9: Johnny10170 ($2 in chips) 
Vyzychy: posts small blind $0.01
Tokkenpaul62: posts big blind $0.02
rfirfibyvb[f: sits out 
*** HOLE CARDS ***
Dealt to Dorex2007 [6d 7c]
Dorex2007: folds 
Johnny10170: folds 
VVNWIN: folds 
thirteenzz13: folds 
RookieBoyKK: folds 
zpnaibz has timed out
zpnaibz: folds 
Vyzychy: raises $0.02 to $0.04
Tokkenpaul62: folds 
Uncalled bet ($0.02) returned to Vyzychy
Vyzychy collected $0.04 from pot
Vyzychy: doesn't show hand 
*** SUMMARY ***
Total pot $0.04 | Rake $0 
Seat 1: VVNWIN folded before Flop (didn't bet)
Seat 2: thirteenzz13 folded before Flop (didn't bet)
Seat 3: RookieBoyKK folded before Flop (didn't bet)
Seat 4: zpnaibz (button) folded before Flop (didn't bet)
Seat 5: Vyzychy (small blind) collected ($0.04)
Seat 6: Tokkenpaul62 (big blind) folded before Flop
Seat 7: Dorex2007 folded before Flop (didn't bet)
Seat 9: Johnny10170 folded before Flop (didn't bet)



PokerStars Hand #227543393638:  Hold'em No Limit ($0.01/$0.02 USD) - 2021/06/13 0:54:16 PT [2021/06/13 3:54:16 ET]
Table 'Harmonia' 9-max Seat #5 is the button
Seat 1: VVNWIN ($0.97 in chips) 
Seat 2: thirteenzz13 ($2.25 in chips) 
Seat 3: RookieBoyKK ($2.67 in chips) 
Seat 5: Vyzychy ($2.06 in chips) 
Seat 6: Tokkenpaul62 ($1.30 in chips) 
Seat 7: Dorex2007 ($1.91 in chips) 
Seat 9: Johnny10170 ($2 in chips) 
Tokkenpaul62: posts small blind $0.01
Dorex2007: posts big blind $0.02
rfirfibyvb[f: sits out 
*** HOLE CARDS ***
Dealt to Dorex2007 [7c 3h]
Johnny10170: folds 
VVNWIN: folds 
thirteenzz13: raises $0.02 to $0.04
RookieBoyKK: folds 
Vyzychy: folds 
Tokkenpaul62: folds 
Dorex2007: folds 
Uncalled bet ($0.02) returned to thirteenzz13
thirteenzz13 collected $0.05 from pot
thirteenzz13: doesn't show hand 
*** SUMMARY ***
Total pot $0.05 | Rake $0 
Seat 1: VVNWIN folded before Flop (didn't bet)
Seat 2: thirteenzz13 collected ($0.05)
Seat 3: RookieBoyKK folded before Flop (didn't bet)
Seat 5: Vyzychy (button) folded before Flop (didn't bet)
Seat 6: Tokkenpaul62 (small blind) folded before Flop
Seat 7: Dorex2007 (big blind) folded before Flop
Seat 9: Johnny10170 folded before Flop (didn't bet)



PokerStars Hand #227543397587:  Hold'em No Limit ($0.01/$0.02 USD) - 2021/06/13 0:54:39 PT [2021/06/13 3:54:39 ET]
Table 'Harmonia' 9-max Seat #6 is the button
Seat 1: VVNWIN ($0.97 in chips) 
Seat 2: thirteenzz13 ($2.28 in chips) 
Seat 3: RookieBoyKK ($2.67 in chips) 
Seat 4: zpnaibz ($0.99 in chips) 
Seat 5: Vyzychy ($2.06 in chips) 
Seat 6: Tokkenpaul62 ($1.29 in chips) 
Seat 7: Dorex2007 ($1.89 in chips) 
Seat 8: rfirfibyvb[f ($2 in chips) 
Seat 9: Johnny10170 ($2 in chips) 
Dorex2007: posts small blind $0.01
rfirfibyvb[f: posts big blind $0.02
*** HOLE CARDS ***
Dealt to Dorex2007 [9c Ac]
Johnny10170: folds 
VVNWIN: folds 
thirteenzz13: calls $0.02
RookieBoyKK: folds 
zpnaibz has timed out
zpnaibz: folds 
Vyzychy: folds 
Tokkenpaul62: calls $0.02
Dorex2007: calls $0.01
rfirfibyvb[f: checks 
*** FLOP *** [Kd Jh 2d]
Dorex2007: checks 
rfirfibyvb[f: checks 
thirteenzz13: checks 
Tokkenpaul62: checks 
*** TURN *** [Kd Jh 2d] [9s]
Dorex2007: checks 
rfirfibyvb[f: checks 
thirteenzz13: bets $0.02
Tokkenpaul62: folds 
Dorex2007: calls $0.02
rfirfibyvb[f: folds 
*** RIVER *** [Kd Jh 2d 9s] [4s]
Dorex2007: checks 
thirteenzz13: bets $0.06
Dorex2007: folds 
Uncalled bet ($0.06) returned to thirteenzz13
thirteenzz13 collected $0.12 from pot
thirteenzz13: doesn't show hand 
*** SUMMARY ***
Total pot $0.12 | Rake $0 
Board [Kd Jh 2d 9s 4s]
Seat 1: VVNWIN folded before Flop (didn't bet)
Seat 2: thirteenzz13 collected ($0.12)
Seat 3: RookieBoyKK folded before Flop (didn't bet)
Seat 4: zpnaibz folded before Flop (didn't bet)
Seat 5: Vyzychy folded before Flop (didn't bet)
Seat 6: Tokkenpaul62 (button) folded on the Turn
Seat 7: Dorex2007 (small blind) folded on the River
Seat 8: rfirfibyvb[f (big blind) folded on the Turn
Seat 9: Johnny10170 folded before Flop (didn't bet)



PokerStars Hand #227543408284:  Hold'em No Limit ($0.01/$0.02 USD) - 2021/06/13 0:55:48 PT [2021/06/13 3:55:48 ET]
Table 'Harmonia' 9-max Seat #7 is the button
Seat 2: thirteenzz13 ($2.36 in chips) 
Seat 3: RookieBoyKK ($2.67 in chips) 
Seat 4: zpnaibz ($0.99 in chips) 
Seat 5: Vyzychy ($2.06 in chips) 
Seat 7: Dorex2007 ($1.85 in chips) 
Seat 8: rfirfibyvb[f ($2 in chips) 
Seat 9: Johnny10170 ($2 in chips) 
rfirfibyvb[f: posts small blind $0.01
Johnny10170: posts big blind $0.02
*** HOLE CARDS ***
Dealt to Dorex2007 [Js Ac]
thirteenzz13: folds 
RookieBoyKK: folds 
zpnaibz: folds 
Vyzychy: folds 
Dorex2007: raises $0.02 to $0.04
rfirfibyvb[f: calls $0.03
Johnny10170: folds 
*** FLOP *** [2s Kh Ad]
rfirfibyvb[f: checks 
Dorex2007: bets $0.05
rfirfibyvb[f: calls $0.05
*** TURN *** [2s Kh Ad] [Td]
rfirfibyvb[f: checks 
Dorex2007: checks 
*** RIVER *** [2s Kh Ad Td] [6c]
rfirfibyvb[f: checks 
Dorex2007: checks 
*** SHOW DOWN ***
rfirfibyvb[f: shows [Th Qc] (a pair of Tens)
Dorex2007: shows [Js Ac] (a pair of Aces)
Dorex2007 collected $0.19 from pot
*** SUMMARY ***
Total pot $0.20 | Rake $0.01 
Board [2s Kh Ad Td 6c]
Seat 2: thirteenzz13 folded before Flop (didn't bet)
Seat 3: RookieBoyKK folded before Flop (didn't bet)
Seat 4: zpnaibz folded before Flop (didn't bet)
Seat 5: Vyzychy folded before Flop (didn't bet)
Seat 7: Dorex2007 (button) showed [Js Ac] and won ($0.19) with a pair of Aces
Seat 8: rfirfibyvb[f (small blind) showed [Th Qc] and lost with a pair of Tens
Seat 9: Johnny10170 (big blind) folded before Flop



PokerStars Hand #227543418448:  Hold'em No Limit ($0.01/$0.02 USD) - 2021/06/13 0:56:56 PT [2021/06/13 3:56:56 ET]
Table 'Harmonia' 9-max Seat #8 is the button
Seat 3: RookieBoyKK ($2.67 in chips) 
Seat 4: zpnaibz ($0.99 in chips) 
Seat 5: Vyzychy ($2.06 in chips) 
Seat 7: Dorex2007 ($1.95 in chips) 
Seat 8: rfirfibyvb[f ($2 in chips) 
Seat 9: Johnny10170 ($1.98 in chips) 
Johnny10170: posts small blind $0.01
thirteenzz13: is sitting out 
RookieBoyKK: posts big blind $0.02
*** HOLE CARDS ***
Dealt to Dorex2007 [Ac 6h]
thirteenzz13 leaves the table
zpnaibz has timed out
zpnaibz: folds 
Vyzychy: raises $0.04 to $0.06
Dorex2007: folds 
rfirfibyvb[f: raises $0.12 to $0.18
Johnny10170: folds 
RookieBoyKK: folds 
Vyzychy: folds 
Uncalled bet ($0.12) returned to rfirfibyvb[f
rfirfibyvb[f collected $0.15 from pot
rfirfibyvb[f: doesn't show hand 
*** SUMMARY ***
Total pot $0.15 | Rake $0 
Seat 3: RookieBoyKK (big blind) folded before Flop
Seat 4: zpnaibz folded before Flop (didn't bet)
Seat 5: Vyzychy folded before Flop
Seat 7: Dorex2007 folded before Flop (didn't bet)
Seat 8: rfirfibyvb[f (button) collected ($0.15)
Seat 9: Johnny10170 (small blind) folded before Flop



PokerStars Hand #227543426295:  Hold'em No Limit ($0.01/$0.02 USD) - 2021/06/13 0:57:49 PT [2021/06/13 3:57:49 ET]
Table 'Harmonia' 9-max Seat #9 is the button
Seat 3: RookieBoyKK ($2.65 in chips) 
Seat 4: zpnaibz ($0.99 in chips) 
Seat 5: Vyzychy ($2 in chips) 
Seat 7: Dorex2007 ($1.95 in chips) 
Seat 8: rfirfibyvb[f ($2.09 in chips) 
Seat 9: Johnny10170 ($1.97 in chips) 
RookieBoyKK: posts small blind $0.01
zpnaibz: posts big blind $0.02
*** HOLE CARDS ***
Dealt to Dorex2007 [9h 6d]
Vyzychy: folds 
Dorex2007: calls $0.02
rfirfibyvb[f: folds 
Johnny10170: folds 
RookieBoyKK: calls $0.01
zpnaibz: raises $0.04 to $0.06
Dorex2007: calls $0.04
RookieBoyKK: calls $0.04
*** FLOP *** [4c 6s 4s]
RookieBoyKK: checks 
zpnaibz: bets $0.08
Dorex2007: calls $0.08
qwerty113456 joins the table at seat #2 
RookieBoyKK: folds 
*** TURN *** [4c 6s 4s] [5d]
Tokkenpaul62 leaves the table
zpnaibz: bets $0.16
Dorex2007: calls $0.16
*** RIVER *** [4c 6s 4s 5d] [5s]
Strdn joins the table at seat #6 
zpnaibz: checks 
Dorex2007: bets $0.32
zpnaibz: folds 
Uncalled bet ($0.32) returned to Dorex2007
Dorex2007 collected $0.64 from pot
Dorex2007: doesn't show hand 
*** SUMMARY ***
Total pot $0.66 | Rake $0.02 
Board [4c 6s 4s 5d 5s]
Seat 3: RookieBoyKK (small blind) folded on the Flop
Seat 4: zpnaibz (big blind) folded on the River
Seat 5: Vyzychy folded before Flop (didn't bet)
Seat 7: Dorex2007 collected ($0.64)
Seat 8: rfirfibyvb[f folded before Flop (didn't bet)
Seat 9: Johnny10170 (button) folded before Flop (didn't bet)



PokerStars Hand #227543442923:  Hold'em No Limit ($0.01/$0.02 USD) - 2021/06/13 0:59:41 PT [2021/06/13 3:59:41 ET]
Table 'Harmonia' 9-max Seat #3 is the button
Seat 3: RookieBoyKK ($2.59 in chips) 
Seat 4: zpnaibz ($0.69 in chips) 
Seat 5: Vyzychy ($2 in chips) 
Seat 7: Dorex2007 ($2.29 in chips) 
Seat 8: rfirfibyvb[f ($2.09 in chips) 
Seat 9: Johnny10170 ($2 in chips) 
zpnaibz: posts small blind $0.01
Vyzychy: posts big blind $0.02
Strdn: sits out 
VVNWIN: sits out 
qwerty113456: sits out 
*** HOLE CARDS ***
Dealt to Dorex2007 [Jc 6d]
Dorex2007: folds 
rfirfibyvb[f: raises $0.04 to $0.06
Johnny10170: folds 
RookieBoyKK: raises $0.06 to $0.12
zpnaibz: raises $0.06 to $0.18
Vyzychy: folds 
rfirfibyvb[f: folds 
RookieBoyKK: raises $0.14 to $0.32
zpnaibz: calls $0.14
*** FLOP *** [6c 8h 5d]
zpnaibz: checks 
RookieBoyKK: bets $0.37
zpnaibz: calls $0.37 and is all-in
*** TURN *** [6c 8h 5d] [Th]
*** RIVER *** [6c 8h 5d Th] [5h]
*** SHOW DOWN ***
zpnaibz: shows [Qc Qh] (two pair, Queens and Fives)
RookieBoyKK: shows [Ah Ad] (two pair, Aces and Fives)
RookieBoyKK collected $1.41 from pot
*** SUMMARY ***
Total pot $1.46 | Rake $0.05 
Board [6c 8h 5d Th 5h]
Seat 3: RookieBoyKK (button) showed [Ah Ad] and won ($1.41) with two pair, Aces and Fives
Seat 4: zpnaibz (small blind) showed [Qc Qh] and lost with two pair, Queens and Fives
Seat 5: Vyzychy (big blind) folded before Flop
Seat 7: Dorex2007 folded before Flop (didn't bet)
Seat 8: rfirfibyvb[f folded before Flop
Seat 9: Johnny10170 folded before Flop (didn't bet)



PokerStars Hand #227543456846:  Hold'em No Limit ($0.01/$0.02 USD) - 2021/06/13 1:01:10 PT [2021/06/13 4:01:10 ET]
Table 'Harmonia' 9-max Seat #5 is the button
Seat 2: qwerty113456 ($2 in chips) 
Seat 3: RookieBoyKK ($3.31 in chips) 
Seat 5: Vyzychy ($2 in chips) 
Seat 7: Dorex2007 ($2.29 in chips) 
Seat 8: rfirfibyvb[f ($2.03 in chips) 
Seat 9: Johnny10170 ($2 in chips) 
Dorex2007: posts small blind $0.01
rfirfibyvb[f: posts big blind $0.02
VVNWIN: sits out 
qwerty113456: posts big blind $0.02
*** HOLE CARDS ***
Dealt to Dorex2007 [6c 9h]
Johnny10170: folds 
qwerty113456: raises $0.02 to $0.04
zpnaibz leaves the table
RookieBoyKK has timed out
RookieBoyKK: folds 
Vyzychy: folds 
Dorex2007: folds 
rfirfibyvb[f: folds 
Uncalled bet ($0.02) returned to qwerty113456
qwerty113456 collected $0.05 from pot
qwerty113456: doesn't show hand 
*** SUMMARY ***
Total pot $0.05 | Rake $0 
Seat 2: qwerty113456 collected ($0.05)
Seat 3: RookieBoyKK folded before Flop (didn't bet)
Seat 5: Vyzychy (button) folded before Flop (didn't bet)
Seat 7: Dorex2007 (small blind) folded before Flop
Seat 8: rfirfibyvb[f (big blind) folded before Flop
Seat 9: Johnny10170 folded before Flop (didn't bet)



PokerStars Hand #227543460982:  Hold'em No Limit ($0.01/$0.02 USD) - 2021/06/13 1:01:35 PT [2021/06/13 4:01:35 ET]
Table 'Harmonia' 9-max Seat #7 is the button
Seat 2: qwerty113456 ($2.03 in chips) 
Seat 3: RookieBoyKK ($3.31 in chips) 
Seat 5: Vyzychy ($2 in chips) 
Seat 7: Dorex2007 ($2.28 in chips) 
Seat 8: rfirfibyvb[f ($2.01 in chips) 
Seat 9: Johnny10170 ($2 in chips) 
rfirfibyvb[f: posts small blind $0.01
Johnny10170: posts big blind $0.02
VVNWIN: sits out 
Strdn: sits out 
*** HOLE CARDS ***
Dealt to Dorex2007 [8d Js]
qwerty113456: calls $0.02
RookieBoyKK: folds 
Vyzychy: folds 
Dorex2007: folds 
RookieBoyKK leaves the table
rfirfibyvb[f: calls $0.01
Johnny10170: checks 
*** FLOP *** [Kd Qd Qh]
rfirfibyvb[f: checks 
Johnny10170: checks 
qwerty113456: bets $0.06
rfirfibyvb[f: folds 
Johnny10170: folds 
Uncalled bet ($0.06) returned to qwerty113456
qwerty113456 collected $0.06 from pot
qwerty113456: doesn't show hand 
*** SUMMARY ***
Total pot $0.06 | Rake $0 
Board [Kd Qd Qh]
Seat 2: qwerty113456 collected ($0.06)
Seat 3: RookieBoyKK folded before Flop (didn't bet)
Seat 5: Vyzychy folded before Flop (didn't bet)
Seat 7: Dorex2007 (button) folded before Flop (didn't bet)
Seat 8: rfirfibyvb[f (small blind) folded on the Flop
Seat 9: Johnny10170 (big blind) folded on the Flop



PokerStars Hand #227543466339:  Hold'em No Limit ($0.01/$0.02 USD) - 2021/06/13 1:02:08 PT [2021/06/13 4:02:08 ET]
Table 'Harmonia' 9-max Seat #8 is the button
Seat 1: VVNWIN ($0.97 in chips) 
Seat 2: qwerty113456 ($2.07 in chips) 
Seat 5: Vyzychy ($2 in chips) 
Seat 7: Dorex2007 ($2.28 in chips) 
Seat 8: rfirfibyvb[f ($2 in chips) 
Seat 9: Johnny10170 ($1.98 in chips) 
Johnny10170: posts small blind $0.01
VVNWIN: posts big blind $0.02
Strdn: sits out 
*** HOLE CARDS ***
Dealt to Dorex2007 [5s Tc]
qwerty113456: calls $0.02
Vyzychy: folds 
vasiliy1188 joins the table at seat #4 
Dorex2007: folds 
rfirfibyvb[f: folds 
Johnny10170: folds 
VVNWIN: checks 
*** FLOP *** [2d 9d Qd]
VVNWIN: bets $0.04
qwerty113456: calls $0.04
*** TURN *** [2d 9d Qd] [Kh]
VVNWIN: checks 
qwerty113456: bets $0.07
VVNWIN: folds 
Uncalled bet ($0.07) returned to qwerty113456
qwerty113456 collected $0.13 from pot
qwerty113456: doesn't show hand 
*** SUMMARY ***
Total pot $0.13 | Rake $0 
Board [2d 9d Qd Kh]
Seat 1: VVNWIN (big blind) folded on the Turn
Seat 2: qwerty113456 collected ($0.13)
Seat 5: Vyzychy folded before Flop (didn't bet)
Seat 7: Dorex2007 folded before Flop (didn't bet)
Seat 8: rfirfibyvb[f (button) folded before Flop (didn't bet)
Seat 9: Johnny10170 (small blind) folded before Flop



PokerStars Hand #227543473082:  Hold'em No Limit ($0.01/$0.02 USD) - 2021/06/13 1:02:48 PT [2021/06/13 4:02:48 ET]
Table 'Harmonia' 9-max Seat #9 is the button
Seat 1: VVNWIN ($0.91 in chips) 
Seat 2: qwerty113456 ($2.14 in chips) 
Seat 5: Vyzychy ($2 in chips) 
Seat 7: Dorex2007 ($2.28 in chips) 
Seat 8: rfirfibyvb[f ($2 in chips) 
Seat 9: Johnny10170 ($1.97 in chips) 
VVNWIN: posts small blind $0.01
qwerty113456: posts big blind $0.02
vasiliy1188: sits out 
Strdn: sits out 
*** HOLE CARDS ***
Dealt to Dorex2007 [Ts 5h]
Vyzychy: folds 
Dorex2007: folds 
rfirfibyvb[f: folds 
Johnny10170: raises $0.02 to $0.04
noborin joins the table at seat #3 
VVNWIN: calls $0.03
qwerty113456: calls $0.02
*** FLOP *** [4c 6h 8d]
VVNWIN: checks 
qwerty113456: checks 
Johnny10170: checks 
*** TURN *** [4c 6h 8d] [Js]
VVNWIN: checks 
qwerty113456: checks 
Johnny10170: checks 
*** RIVER *** [4c 6h 8d Js] [7s]
VVNWIN: checks 
qwerty113456: checks 
Johnny10170: checks 
*** SHOW DOWN ***
VVNWIN: shows [Ah Th] (high card Ace)
qwerty113456: shows [4h 8c] (two pair, Eights and Fours)
Johnny10170: mucks hand 
qwerty113456 collected $0.12 from pot
*** SUMMARY ***
Total pot $0.12 | Rake $0 
Board [4c 6h 8d Js 7s]
Seat 1: VVNWIN (small blind) showed [Ah Th] and lost with high card Ace
Seat 2: qwerty113456 (big blind) showed [4h 8c] and won ($0.12) with two pair, Eights and Fours
Seat 5: Vyzychy folded before Flop (didn't bet)
Seat 7: Dorex2007 folded before Flop (didn't bet)
Seat 8: rfirfibyvb[f folded before Flop (didn't bet)
Seat 9: Johnny10170 (button) mucked [As 2s]



PokerStars Hand #227543483956:  Hold'em No Limit ($0.01/$0.02 USD) - 2021/06/13 1:03:51 PT [2021/06/13 4:03:51 ET]
Table 'Harmonia' 9-max Seat #1 is the button
Seat 1: VVNWIN ($0.87 in chips) 
Seat 2: qwerty113456 ($2.22 in chips) 
Seat 3: noborin ($1 in chips) 
Seat 5: Vyzychy ($2 in chips) 
Seat 7: Dorex2007 ($2.28 in chips) 
Seat 8: rfirfibyvb[f ($2 in chips) 
Seat 9: Johnny10170 ($1.93 in chips) 
qwerty113456: posts small blind $0.01
noborin: posts big blind $0.02
vasiliy1188: sits out 
Strdn: sits out 
*** HOLE CARDS ***
Dealt to Dorex2007 [6s Ah]
Vyzychy: folds 
Dorex2007: folds 
rfirfibyvb[f: folds 
Johnny10170: folds 
VVNWIN has timed out
VVNWIN: folds 
qwerty113456: raises $0.02 to $0.04
noborin: calls $0.02
*** FLOP *** [Tc Ac 4c]
qwerty113456: bets $0.02
noborin: calls $0.02
*** TURN *** [Tc Ac 4c] [2h]
qwerty113456: bets $0.02
noborin: calls $0.02
*** RIVER *** [Tc Ac 4c 2h] [4s]
qwerty113456: bets $0.08
noborin: folds 
Uncalled bet ($0.08) returned to qwerty113456
qwerty113456 collected $0.15 from pot
qwerty113456: doesn't show hand 
*** SUMMARY ***
Total pot $0.16 | Rake $0.01 
Board [Tc Ac 4c 2h 4s]
Seat 1: VVNWIN (button) folded before Flop (didn't bet)
Seat 2: qwerty113456 (small blind) collected ($0.15)
Seat 3: noborin (big blind) folded on the River
Seat 5: Vyzychy folded before Flop (didn't bet)
Seat 7: Dorex2007 folded before Flop (didn't bet)
Seat 8: rfirfibyvb[f folded before Flop (didn't bet)
Seat 9: Johnny10170 folded before Flop (didn't bet)



PokerStars Hand #227543490570:  Hold'em No Limit ($0.01/$0.02 USD) - 2021/06/13 1:04:28 PT [2021/06/13 4:04:28 ET]
Table 'Harmonia' 9-max Seat #2 is the button
Seat 2: qwerty113456 ($2.29 in chips) 
Seat 3: noborin ($0.92 in chips) 
Seat 4: vasiliy1188 ($1.60 in chips) 
Seat 5: Vyzychy ($2 in chips) 
Seat 7: Dorex2007 ($2.28 in chips) 
Seat 8: rfirfibyvb[f ($2 in chips) 
Seat 9: Johnny10170 ($1.93 in chips) 
noborin: posts small blind $0.01
vasiliy1188: posts big blind $0.02
Strdn: sits out 
*** HOLE CARDS ***
Dealt to Dorex2007 [9c Ah]
Vyzychy: folds 
Dorex2007: folds 
rfirfibyvb[f: raises $0.04 to $0.06
Johnny10170: calls $0.06
qwerty113456: calls $0.06
noborin: calls $0.05
vasiliy1188: folds 
*** FLOP *** [6h 3s 2c]
noborin: checks 
rfirfibyvb[f: checks 
Johnny10170: bets $0.13
qwerty113456: raises $0.13 to $0.26
noborin: folds 
rfirfibyvb[f: folds 
Johnny10170: raises $0.39 to $0.65
qwerty113456: folds 
Uncalled bet ($0.39) returned to Johnny10170
Johnny10170 collected $0.75 from pot
Johnny10170: doesn't show hand 
*** SUMMARY ***
Total pot $0.78 | Rake $0.03 
Board [6h 3s 2c]
Seat 2: qwerty113456 (button) folded on the Flop
Seat 3: noborin (small blind) folded on the Flop
Seat 4: vasiliy1188 (big blind) folded before Flop
Seat 5: Vyzychy folded before Flop (didn't bet)
Seat 7: Dorex2007 folded before Flop (didn't bet)
Seat 8: rfirfibyvb[f folded on the Flop
Seat 9: Johnny10170 collected ($0.75)



PokerStars Hand #227543499993:  Hold'em No Limit ($0.01/$0.02 USD) - 2021/06/13 1:05:22 PT [2021/06/13 4:05:22 ET]
Table 'Harmonia' 9-max Seat #3 is the button
Seat 1: VVNWIN ($0.87 in chips) 
Seat 2: qwerty113456 ($1.97 in chips) 
Seat 3: noborin ($0.86 in chips) 
Seat 4: vasiliy1188 ($1.58 in chips) 
Seat 5: Vyzychy ($2 in chips) 
Seat 7: Dorex2007 ($2.28 in chips) 
Seat 8: rfirfibyvb[f ($2 in chips) 
Seat 9: Johnny10170 ($2.36 in chips) 
vasiliy1188: posts small blind $0.01
Vyzychy: posts big blind $0.02
Strdn: sits out 
*** HOLE CARDS ***
Dealt to Dorex2007 [5d 3d]
Dorex2007: folds 
rfirfibyvb[f: folds 
Johnny10170: folds 
VVNWIN: folds 
qwerty113456: raises $0.05 to $0.07
noborin: folds 
vasiliy1188: folds 
Vyzychy: folds 
Uncalled bet ($0.05) returned to qwerty113456
qwerty113456 collected $0.05 from pot
qwerty113456: doesn't show hand 
*** SUMMARY ***
Total pot $0.05 | Rake $0 
Seat 1: VVNWIN folded before Flop (didn't bet)
Seat 2: qwerty113456 collected ($0.05)
Seat 3: noborin (button) folded before Flop (didn't bet)
Seat 4: vasiliy1188 (small blind) folded before Flop
Seat 5: Vyzychy (big blind) folded before Flop
Seat 7: Dorex2007 folded before Flop (didn't bet)
Seat 8: rfirfibyvb[f folded before Flop (didn't bet)
Seat 9: Johnny10170 folded before Flop (didn't bet)



