PokerStars Hand #236068010538:  Hold'em No Limit ($0.01/$0.02 USD) - 2022/05/11 16:15:33 PT [2022/05/11 19:15:33 ET]
Table 'Euphemia' 9-max Seat #3 is the button
Seat 2: Dorex2007 ($2 in chips) 
Seat 3: AznFlyBoi ($0.75 in chips) 
Seat 4: goalie39 ($0.99 in chips) 
Seat 5: geroyapur ($3.09 in chips) 
Seat 6: paycheck350 ($0.60 in chips) 
Seat 7: malahit12 ($2.20 in chips) 
Seat 8: SMUTJAN72 ($1.57 in chips) 
Seat 9: conej ($1.98 in chips) 
goalie39: posts small blind $0.01
geroyapur: posts big blind $0.02
Dorex2007: posts big blind $0.02
*** HOLE CARDS ***
Dealt to Dorex2007 [4h 7h]
paycheck350: calls $0.02
malahit12: folds 
SMUTJAN72: folds 
conej: folds 
Dorex2007: checks 
AznFlyBoi: calls $0.02
goalie39: folds 
geroyapur: raises $0.12 to $0.14
paycheck350: folds 
Dorex2007: folds 
AznFlyBoi: folds 
Uncalled bet ($0.12) returned to geroyapur
goalie39 leaves the table
geroyapur collected $0.09 from pot
geroyapur: doesn't show hand 
*** SUMMARY ***
Total pot $0.09 | Rake $0 
Seat 2: Dorex2007 folded before Flop (didn't bet)
Seat 3: AznFlyBoi (button) folded before Flop
Seat 4: goalie39 (small blind) folded before Flop
Seat 5: geroyapur (big blind) collected ($0.09)
Seat 6: paycheck350 folded before Flop
Seat 7: malahit12 folded before Flop (didn't bet)
Seat 8: SMUTJAN72 folded before Flop (didn't bet)
Seat 9: conej folded before Flop (didn't bet)



PokerStars Hand #236068021899:  Hold'em No Limit ($0.01/$0.02 USD) - 2022/05/11 16:16:13 PT [2022/05/11 19:16:13 ET]
Table 'Euphemia' 9-max Seat #5 is the button
Seat 2: Dorex2007 ($2 in chips) 
Seat 3: AznFlyBoi ($0.73 in chips) 
Seat 5: geroyapur ($3.16 in chips) 
Seat 6: paycheck350 ($0.58 in chips) 
Seat 7: malahit12 ($2.20 in chips) 
Seat 8: SMUTJAN72 ($1.57 in chips) 
Seat 9: conej ($1.98 in chips) 
paycheck350: posts small blind $0.01
malahit12: posts big blind $0.02
*** HOLE CARDS ***
Dealt to Dorex2007 [2h Qd]
SMUTJAN72: folds 
conej: folds 
Dorex2007: folds 
AznFlyBoi: folds 
geroyapur: folds 
paycheck350: calls $0.01
malahit12: checks 
*** FLOP *** [4h 5s 4s]
paycheck350: bets $0.06
malahit12: folds 
Uncalled bet ($0.06) returned to paycheck350
paycheck350 collected $0.04 from pot
paycheck350: doesn't show hand 
*** SUMMARY ***
Total pot $0.04 | Rake $0 
Board [4h 5s 4s]
Seat 2: Dorex2007 folded before Flop (didn't bet)
Seat 3: AznFlyBoi folded before Flop (didn't bet)
Seat 5: geroyapur (button) folded before Flop (didn't bet)
Seat 6: paycheck350 (small blind) collected ($0.04)
Seat 7: malahit12 (big blind) folded on the Flop
Seat 8: SMUTJAN72 folded before Flop (didn't bet)
Seat 9: conej folded before Flop (didn't bet)



PokerStars Hand #236068030500:  Hold'em No Limit ($0.01/$0.02 USD) - 2022/05/11 16:16:44 PT [2022/05/11 19:16:44 ET]
Table 'Euphemia' 9-max Seat #6 is the button
Seat 2: Dorex2007 ($2 in chips) 
Seat 3: AznFlyBoi ($0.73 in chips) 
Seat 5: geroyapur ($3.16 in chips) 
Seat 6: paycheck350 ($0.60 in chips) 
Seat 7: malahit12 ($2.18 in chips) 
Seat 8: SMUTJAN72 ($1.57 in chips) 
Seat 9: conej ($1.98 in chips) 
malahit12: posts small blind $0.01
SMUTJAN72: posts big blind $0.02
*** HOLE CARDS ***
Dealt to Dorex2007 [8d 7s]
conej: folds 
Dorex2007: folds 
AznFlyBoi: folds 
geroyapur: folds 
paycheck350: raises $0.02 to $0.04
malahit12: folds 
SMUTJAN72: calls $0.02
*** FLOP *** [9h Jc Kd]
SMUTJAN72: checks 
paycheck350: bets $0.06
SMUTJAN72: folds 
Uncalled bet ($0.06) returned to paycheck350
paycheck350 collected $0.09 from pot
paycheck350: doesn't show hand 
*** SUMMARY ***
Total pot $0.09 | Rake $0 
Board [9h Jc Kd]
Seat 2: Dorex2007 folded before Flop (didn't bet)
Seat 3: AznFlyBoi folded before Flop (didn't bet)
Seat 5: geroyapur folded before Flop (didn't bet)
Seat 6: paycheck350 (button) collected ($0.09)
Seat 7: malahit12 (small blind) folded before Flop
Seat 8: SMUTJAN72 (big blind) folded on the Flop
Seat 9: conej folded before Flop (didn't bet)



PokerStars Hand #236068042215:  Hold'em No Limit ($0.01/$0.02 USD) - 2022/05/11 16:17:25 PT [2022/05/11 19:17:25 ET]
Table 'Euphemia' 9-max Seat #7 is the button
Seat 2: Dorex2007 ($2 in chips) 
Seat 3: AznFlyBoi ($0.73 in chips) 
Seat 5: geroyapur ($3.16 in chips) 
Seat 6: paycheck350 ($0.65 in chips) 
Seat 7: malahit12 ($2.17 in chips) 
Seat 8: SMUTJAN72 ($1.53 in chips) 
Seat 9: conej ($1.98 in chips) 
SMUTJAN72: posts small blind $0.01
conej: posts big blind $0.02
VillasBoas17: sits out 
*** HOLE CARDS ***
Dealt to Dorex2007 [Ks 4s]
Dorex2007: folds 
AznFlyBoi: folds 
geroyapur: folds 
paycheck350: folds 
malahit12: raises $0.02 to $0.04
SMUTJAN72: folds 
conej: folds 
Uncalled bet ($0.02) returned to malahit12
malahit12 collected $0.05 from pot
malahit12: doesn't show hand 
*** SUMMARY ***
Total pot $0.05 | Rake $0 
Seat 2: Dorex2007 folded before Flop (didn't bet)
Seat 3: AznFlyBoi folded before Flop (didn't bet)
Seat 5: geroyapur folded before Flop (didn't bet)
Seat 6: paycheck350 folded before Flop (didn't bet)
Seat 7: malahit12 (button) collected ($0.05)
Seat 8: SMUTJAN72 (small blind) folded before Flop
Seat 9: conej (big blind) folded before Flop



PokerStars Hand #236068049660:  Hold'em No Limit ($0.01/$0.02 USD) - 2022/05/11 16:17:52 PT [2022/05/11 19:17:52 ET]
Table 'Euphemia' 9-max Seat #8 is the button
Seat 1: VillasBoas17 ($1.26 in chips) 
Seat 2: Dorex2007 ($2 in chips) 
Seat 3: AznFlyBoi ($0.73 in chips) 
Seat 5: geroyapur ($3.16 in chips) 
Seat 6: paycheck350 ($0.65 in chips) 
Seat 7: malahit12 ($2.20 in chips) 
Seat 8: SMUTJAN72 ($1.52 in chips) 
Seat 9: conej ($1.96 in chips) 
conej: posts small blind $0.01
VillasBoas17: posts big blind $0.02
*** HOLE CARDS ***
Dealt to Dorex2007 [7s Kd]
Dorex2007: folds 
AznFlyBoi: raises $0.02 to $0.04
geroyapur: folds 
Brass_Monkie18 joins the table at seat #4 
paycheck350: calls $0.04
malahit12: calls $0.04
SMUTJAN72: calls $0.04
conej: folds 
VillasBoas17: folds 
*** FLOP *** [3s 3h 2c]
AznFlyBoi: checks 
paycheck350: checks 
malahit12: checks 
SMUTJAN72: checks 
*** TURN *** [3s 3h 2c] [8s]
AznFlyBoi: checks 
paycheck350: bets $0.02
malahit12: calls $0.02
SMUTJAN72: raises $0.06 to $0.08
AznFlyBoi: folds 
paycheck350: calls $0.06
malahit12: folds 
*** RIVER *** [3s 3h 2c 8s] [2h]
paycheck350: bets $0.20
SMUTJAN72: folds 
Uncalled bet ($0.20) returned to paycheck350
paycheck350 collected $0.36 from pot
paycheck350: doesn't show hand 
*** SUMMARY ***
Total pot $0.37 | Rake $0.01 
Board [3s 3h 2c 8s 2h]
Seat 1: VillasBoas17 (big blind) folded before Flop
Seat 2: Dorex2007 folded before Flop (didn't bet)
Seat 3: AznFlyBoi folded on the Turn
Seat 5: geroyapur folded before Flop (didn't bet)
Seat 6: paycheck350 collected ($0.36)
Seat 7: malahit12 folded on the Turn
Seat 8: SMUTJAN72 (button) folded on the River
Seat 9: conej (small blind) folded before Flop



PokerStars Hand #236068075657:  Hold'em No Limit ($0.01/$0.02 USD) - 2022/05/11 16:19:24 PT [2022/05/11 19:19:24 ET]
Table 'Euphemia' 9-max Seat #9 is the button
Seat 1: VillasBoas17 ($1.24 in chips) 
Seat 2: Dorex2007 ($2 in chips) 
Seat 3: AznFlyBoi ($0.69 in chips) 
Seat 5: geroyapur ($3.16 in chips) 
Seat 6: paycheck350 ($0.89 in chips) 
Seat 7: malahit12 ($2.14 in chips) 
Seat 8: SMUTJAN72 ($1.40 in chips) 
Seat 9: conej ($1.95 in chips) 
VillasBoas17: posts small blind $0.01
Dorex2007: posts big blind $0.02
Brass_Monkie18: sits out 
*** HOLE CARDS ***
Dealt to Dorex2007 [3d Td]
AznFlyBoi: folds 
geroyapur: folds 
paycheck350: raises $0.02 to $0.04
malahit12: calls $0.04
SMUTJAN72: folds 
conej: folds 
VillasBoas17: folds 
Dorex2007: folds 
*** FLOP *** [Jd 5h 7h]
paycheck350: bets $0.02
malahit12: calls $0.02
*** TURN *** [Jd 5h 7h] [Ts]
paycheck350: bets $0.02
malahit12: calls $0.02
*** RIVER *** [Jd 5h 7h Ts] [8c]
paycheck350: bets $0.12
malahit12: folds 
Uncalled bet ($0.12) returned to paycheck350
paycheck350 collected $0.18 from pot
paycheck350: doesn't show hand 
*** SUMMARY ***
Total pot $0.19 | Rake $0.01 
Board [Jd 5h 7h Ts 8c]
Seat 1: VillasBoas17 (small blind) folded before Flop
Seat 2: Dorex2007 (big blind) folded before Flop
Seat 3: AznFlyBoi folded before Flop (didn't bet)
Seat 5: geroyapur folded before Flop (didn't bet)
Seat 6: paycheck350 collected ($0.18)
Seat 7: malahit12 folded on the River
Seat 8: SMUTJAN72 folded before Flop (didn't bet)
Seat 9: conej (button) folded before Flop (didn't bet)



PokerStars Hand #236068098776:  Hold'em No Limit ($0.01/$0.02 USD) - 2022/05/11 16:20:34 PT [2022/05/11 19:20:34 ET]
Table 'Euphemia' 9-max Seat #1 is the button
Seat 1: VillasBoas17 ($1.23 in chips) 
Seat 2: Dorex2007 ($2 in chips) 
Seat 3: AznFlyBoi ($0.69 in chips) 
Seat 5: geroyapur ($3.16 in chips) 
Seat 6: paycheck350 ($0.99 in chips) 
Seat 7: malahit12 ($2.06 in chips) 
Seat 8: SMUTJAN72 ($1.40 in chips) 
Seat 9: conej ($1.95 in chips) 
Dorex2007: posts small blind $0.01
AznFlyBoi: posts big blind $0.02
Brass_Monkie18: sits out 
*** HOLE CARDS ***
Dealt to Dorex2007 [Qs Ts]
geroyapur: folds 
paycheck350: raises $0.02 to $0.04
malahit12: folds 
SMUTJAN72: calls $0.04
conej: calls $0.04
VillasBoas17: calls $0.04
Dorex2007: calls $0.03
AznFlyBoi: calls $0.02
*** FLOP *** [2s Kd Th]
Dorex2007: checks 
AznFlyBoi: checks 
paycheck350: checks 
SMUTJAN72: checks 
conej: checks 
VillasBoas17: checks 
*** TURN *** [2s Kd Th] [7h]
Dorex2007: checks 
AznFlyBoi: checks 
paycheck350: checks 
SMUTJAN72: checks 
conej: checks 
VillasBoas17: checks 
*** RIVER *** [2s Kd Th 7h] [9s]
Dorex2007: checks 
AznFlyBoi: checks 
paycheck350: checks 
SMUTJAN72: checks 
conej: checks 
VillasBoas17: bets $0.16
Dorex2007: folds 
AznFlyBoi: folds 
paycheck350: folds 
SMUTJAN72: folds 
conej: folds 
Uncalled bet ($0.16) returned to VillasBoas17
VillasBoas17 collected $0.23 from pot
VillasBoas17: doesn't show hand 
*** SUMMARY ***
Total pot $0.24 | Rake $0.01 
Board [2s Kd Th 7h 9s]
Seat 1: VillasBoas17 (button) collected ($0.23)
Seat 2: Dorex2007 (small blind) folded on the River
Seat 3: AznFlyBoi (big blind) folded on the River
Seat 5: geroyapur folded before Flop (didn't bet)
Seat 6: paycheck350 folded on the River
Seat 7: malahit12 folded before Flop (didn't bet)
Seat 8: SMUTJAN72 folded on the River
Seat 9: conej folded on the River



PokerStars Hand #236068134756:  Hold'em No Limit ($0.01/$0.02 USD) - 2022/05/11 16:22:44 PT [2022/05/11 19:22:44 ET]
Table 'Euphemia' 9-max Seat #2 is the button
Seat 1: VillasBoas17 ($1.42 in chips) 
Seat 2: Dorex2007 ($2 in chips) 
Seat 3: AznFlyBoi ($0.65 in chips) 
Seat 4: Brass_Monkie18 ($2 in chips) 
Seat 5: geroyapur ($3.16 in chips) 
Seat 6: paycheck350 ($0.95 in chips) 
Seat 7: malahit12 ($2.06 in chips) 
Seat 8: SMUTJAN72 ($1.36 in chips) 
Seat 9: conej ($1.91 in chips) 
AznFlyBoi: posts small blind $0.01
Brass_Monkie18: posts big blind $0.02
*** HOLE CARDS ***
Dealt to Dorex2007 [3h 8s]
geroyapur: folds 
paycheck350: calls $0.02
malahit12: folds 
SMUTJAN72: folds 
conej: raises $0.04 to $0.06
VillasBoas17: folds 
Dorex2007: folds 
AznFlyBoi: folds 
Brass_Monkie18 has timed out
Brass_Monkie18: folds 
paycheck350: calls $0.04
*** FLOP *** [6d 4s As]
paycheck350: checks 
conej: checks 
*** TURN *** [6d 4s As] [Js]
paycheck350: checks 
conej: checks 
*** RIVER *** [6d 4s As Js] [Td]
paycheck350: bets $0.08
conej: folds 
Uncalled bet ($0.08) returned to paycheck350
paycheck350 collected $0.14 from pot
paycheck350: doesn't show hand 
*** SUMMARY ***
Total pot $0.15 | Rake $0.01 
Board [6d 4s As Js Td]
Seat 1: VillasBoas17 folded before Flop (didn't bet)
Seat 2: Dorex2007 (button) folded before Flop (didn't bet)
Seat 3: AznFlyBoi (small blind) folded before Flop
Seat 4: Brass_Monkie18 (big blind) folded before Flop
Seat 5: geroyapur folded before Flop (didn't bet)
Seat 6: paycheck350 collected ($0.14)
Seat 7: malahit12 folded before Flop (didn't bet)
Seat 8: SMUTJAN72 folded before Flop (didn't bet)
Seat 9: conej folded on the River



PokerStars Hand #236068165002:  Hold'em No Limit ($0.01/$0.02 USD) - 2022/05/11 16:24:33 PT [2022/05/11 19:24:33 ET]
Table 'Euphemia' 9-max Seat #3 is the button
Seat 1: VillasBoas17 ($1.42 in chips) 
Seat 2: Dorex2007 ($2 in chips) 
Seat 3: AznFlyBoi ($0.64 in chips) 
Seat 4: Brass_Monkie18 ($1.98 in chips) 
Seat 5: geroyapur ($3.16 in chips) 
Seat 6: paycheck350 ($1.03 in chips) 
Seat 7: malahit12 ($2.06 in chips) 
Seat 8: SMUTJAN72 ($1.36 in chips) 
Seat 9: conej ($1.85 in chips) 
Brass_Monkie18: posts small blind $0.01
geroyapur: posts big blind $0.02
*** HOLE CARDS ***
Dealt to Dorex2007 [3s Kh]
paycheck350: calls $0.02
malahit12: folds 
SMUTJAN72: folds 
conej: folds 
VillasBoas17: folds 
Dorex2007: folds 
AznFlyBoi: folds 
Brass_Monkie18 has timed out
Brass_Monkie18: folds 
geroyapur: raises $0.10 to $0.12
paycheck350: calls $0.10
*** FLOP *** [2c 9d Ah]
geroyapur: bets $0.12
paycheck350: calls $0.12
*** TURN *** [2c 9d Ah] [Td]
geroyapur: bets $0.24
paycheck350: folds 
Uncalled bet ($0.24) returned to geroyapur
geroyapur collected $0.47 from pot
geroyapur: doesn't show hand 
*** SUMMARY ***
Total pot $0.49 | Rake $0.02 
Board [2c 9d Ah Td]
Seat 1: VillasBoas17 folded before Flop (didn't bet)
Seat 2: Dorex2007 folded before Flop (didn't bet)
Seat 3: AznFlyBoi (button) folded before Flop (didn't bet)
Seat 4: Brass_Monkie18 (small blind) folded before Flop
Seat 5: geroyapur (big blind) collected ($0.47)
Seat 6: paycheck350 folded on the Turn
Seat 7: malahit12 folded before Flop (didn't bet)
Seat 8: SMUTJAN72 folded before Flop (didn't bet)
Seat 9: conej folded before Flop (didn't bet)



PokerStars Hand #236068183310:  Hold'em No Limit ($0.01/$0.02 USD) - 2022/05/11 16:25:39 PT [2022/05/11 19:25:39 ET]
Table 'Euphemia' 9-max Seat #5 is the button
Seat 1: VillasBoas17 ($1.42 in chips) 
Seat 2: Dorex2007 ($2 in chips) 
Seat 3: AznFlyBoi ($0.64 in chips) 
Seat 5: geroyapur ($3.39 in chips) 
Seat 6: paycheck350 ($0.79 in chips) 
Seat 7: malahit12 ($2.06 in chips) 
Seat 8: SMUTJAN72 ($1.36 in chips) 
Seat 9: conej ($1.85 in chips) 
paycheck350: posts small blind $0.01
malahit12: posts big blind $0.02
*** HOLE CARDS ***
Dealt to Dorex2007 [4c 8d]
SMUTJAN72: folds 
conej: folds 
VillasBoas17: calls $0.02
Dorex2007: folds 
AznFlyBoi: calls $0.02
geroyapur: folds 
paycheck350: raises $0.02 to $0.04
malahit12: folds 
VillasBoas17: calls $0.02
AznFlyBoi: calls $0.02
*** FLOP *** [Kh 9s Jh]
paycheck350: bets $0.04
VillasBoas17: calls $0.04
AznFlyBoi: calls $0.04
*** TURN *** [Kh 9s Jh] [6h]
paycheck350: bets $0.02
VillasBoas17: calls $0.02
AznFlyBoi: raises $0.31 to $0.33
paycheck350: folds 
VillasBoas17: folds 
Uncalled bet ($0.31) returned to AznFlyBoi
AznFlyBoi collected $0.31 from pot
AznFlyBoi: doesn't show hand 
*** SUMMARY ***
Total pot $0.32 | Rake $0.01 
Board [Kh 9s Jh 6h]
Seat 1: VillasBoas17 folded on the Turn
Seat 2: Dorex2007 folded before Flop (didn't bet)
Seat 3: AznFlyBoi collected ($0.31)
Seat 5: geroyapur (button) folded before Flop (didn't bet)
Seat 6: paycheck350 (small blind) folded on the Turn
Seat 7: malahit12 (big blind) folded before Flop
Seat 8: SMUTJAN72 folded before Flop (didn't bet)
Seat 9: conej folded before Flop (didn't bet)



PokerStars Hand #236068201006:  Hold'em No Limit ($0.01/$0.02 USD) - 2022/05/11 16:26:45 PT [2022/05/11 19:26:45 ET]
Table 'Euphemia' 9-max Seat #6 is the button
Seat 1: VillasBoas17 ($1.32 in chips) 
Seat 2: Dorex2007 ($2 in chips) 
Seat 3: AznFlyBoi ($0.85 in chips) 
Seat 5: geroyapur ($3.39 in chips) 
Seat 6: paycheck350 ($0.69 in chips) 
Seat 7: malahit12 ($2.04 in chips) 
Seat 9: conej ($1.85 in chips) 
malahit12: posts small blind $0.01
SMUTJAN72: is sitting out 
SMUTJAN72 leaves the table
conej: posts big blind $0.02
*** HOLE CARDS ***
Dealt to Dorex2007 [8h 5h]
GUMA123105 joins the table at seat #8 
VillasBoas17: folds 
Dorex2007: folds 
AznFlyBoi: folds 
geroyapur: folds 
paycheck350: folds 
paycheck350 leaves the table
malahit12: calls $0.01
conej: checks 
*** FLOP *** [3h 9s 9h]
malahit12: bets $0.02
conej: folds 
Uncalled bet ($0.02) returned to malahit12
malahit12 collected $0.04 from pot
malahit12: doesn't show hand 
*** SUMMARY ***
Total pot $0.04 | Rake $0 
Board [3h 9s 9h]
Seat 1: VillasBoas17 folded before Flop (didn't bet)
Seat 2: Dorex2007 folded before Flop (didn't bet)
Seat 3: AznFlyBoi folded before Flop (didn't bet)
Seat 5: geroyapur folded before Flop (didn't bet)
Seat 6: paycheck350 (button) folded before Flop (didn't bet)
Seat 7: malahit12 (small blind) collected ($0.04)
Seat 9: conej (big blind) folded on the Flop



PokerStars Hand #236068207767:  Hold'em No Limit ($0.01/$0.02 USD) - 2022/05/11 16:27:10 PT [2022/05/11 19:27:10 ET]
Table 'Euphemia' 9-max Seat #7 is the button
Seat 1: VillasBoas17 ($1.32 in chips) 
Seat 2: Dorex2007 ($2 in chips) 
Seat 3: AznFlyBoi ($0.85 in chips) 
Seat 5: geroyapur ($3.39 in chips) 
Seat 7: malahit12 ($2.06 in chips) 
Seat 9: conej ($1.83 in chips) 
conej: posts small blind $0.01
VillasBoas17: posts big blind $0.02
*** HOLE CARDS ***
Dealt to Dorex2007 [Qs 7d]
Dorex2007: folds 
AznFlyBoi: calls $0.02
geroyapur: folds 
Mehanicar joins the table at seat #6 
malahit12: calls $0.02
conej: folds 
VillasBoas17: checks 
*** FLOP *** [8d 7h Kd]
VillasBoas17: checks 
AznFlyBoi: checks 
malahit12: bets $0.04
VillasBoas17: calls $0.04
AznFlyBoi: folds 
*** TURN *** [8d 7h Kd] [Ac]
VillasBoas17: checks 
malahit12: bets $0.04
VillasBoas17: calls $0.04
*** RIVER *** [8d 7h Kd Ac] [Tc]
VillasBoas17: checks 
malahit12: bets $0.10
VillasBoas17: folds 
Uncalled bet ($0.10) returned to malahit12
malahit12 collected $0.22 from pot
malahit12: doesn't show hand 
*** SUMMARY ***
Total pot $0.23 | Rake $0.01 
Board [8d 7h Kd Ac Tc]
Seat 1: VillasBoas17 (big blind) folded on the River
Seat 2: Dorex2007 folded before Flop (didn't bet)
Seat 3: AznFlyBoi folded on the Flop
Seat 5: geroyapur folded before Flop (didn't bet)
Seat 7: malahit12 (button) collected ($0.22)
Seat 9: conej (small blind) folded before Flop



PokerStars Hand #236068245231:  Hold'em No Limit ($0.01/$0.02 USD) - 2022/05/11 16:28:55 PT [2022/05/11 19:28:55 ET]
Table 'Euphemia' 9-max Seat #9 is the button
Seat 1: VillasBoas17 ($1.22 in chips) 
Seat 2: Dorex2007 ($2 in chips) 
Seat 3: AznFlyBoi ($0.83 in chips) 
Seat 5: geroyapur ($3.39 in chips) 
Seat 7: malahit12 ($2.18 in chips) 
Seat 8: GUMA123105 ($2 in chips) 
Seat 9: conej ($1.82 in chips) 
VillasBoas17: posts small blind $0.01
Dorex2007: posts big blind $0.02
Mehanicar: sits out 
GUMA123105: posts big blind $0.02
*** HOLE CARDS ***
Dealt to Dorex2007 [6h Td]
AznFlyBoi: folds 
geroyapur: folds 
malahit12: folds 
GUMA123105: checks 
conej: folds 
VillasBoas17: folds 
Dorex2007: checks 
*** FLOP *** [9c Jh 5h]
Dorex2007: checks 
GUMA123105: checks 
*** TURN *** [9c Jh 5h] [As]
Dorex2007: checks 
GUMA123105: checks 
*** RIVER *** [9c Jh 5h As] [7h]
Dorex2007: bets $0.03
GUMA123105: raises $0.21 to $0.24
Dorex2007: folds 
Uncalled bet ($0.21) returned to GUMA123105
GUMA123105 collected $0.11 from pot
GUMA123105: doesn't show hand 
*** SUMMARY ***
Total pot $0.11 | Rake $0 
Board [9c Jh 5h As 7h]
Seat 1: VillasBoas17 (small blind) folded before Flop
Seat 2: Dorex2007 (big blind) folded on the River
Seat 3: AznFlyBoi folded before Flop (didn't bet)
Seat 5: geroyapur folded before Flop (didn't bet)
Seat 7: malahit12 folded before Flop (didn't bet)
Seat 8: GUMA123105 collected ($0.11)
Seat 9: conej (button) folded before Flop (didn't bet)



PokerStars Hand #236068257367:  Hold'em No Limit ($0.01/$0.02 USD) - 2022/05/11 16:29:40 PT [2022/05/11 19:29:40 ET]
Table 'Euphemia' 9-max Seat #1 is the button
Seat 1: VillasBoas17 ($1.21 in chips) 
Seat 2: Dorex2007 ($2 in chips) 
Seat 3: AznFlyBoi ($0.83 in chips) 
Seat 5: geroyapur ($3.39 in chips) 
Seat 6: Mehanicar ($2 in chips) 
Seat 7: malahit12 ($2.18 in chips) 
Seat 8: GUMA123105 ($2.06 in chips) 
Seat 9: conej ($1.82 in chips) 
Dorex2007: posts small blind $0.01
AznFlyBoi: posts big blind $0.02
Mehanicar: posts big blind $0.02
*** HOLE CARDS ***
Dealt to Dorex2007 [6c Ts]
geroyapur: raises $0.04 to $0.06
Mehanicar: folds 
malahit12: calls $0.06
GUMA123105: calls $0.06
conej: folds 
VillasBoas17: folds 
Dorex2007: folds 
AznFlyBoi: folds 
*** FLOP *** [5s Kc Ks]
geroyapur: checks 
malahit12: checks 
GUMA123105: checks 
*** TURN *** [5s Kc Ks] [Jc]
geroyapur: checks 
malahit12: checks 
GUMA123105: checks 
*** RIVER *** [5s Kc Ks Jc] [Qh]
geroyapur: bets $0.11
malahit12: folds 
GUMA123105: folds 
Uncalled bet ($0.11) returned to geroyapur
geroyapur collected $0.22 from pot
geroyapur: doesn't show hand 
*** SUMMARY ***
Total pot $0.23 | Rake $0.01 
Board [5s Kc Ks Jc Qh]
Seat 1: VillasBoas17 (button) folded before Flop (didn't bet)
Seat 2: Dorex2007 (small blind) folded before Flop
Seat 3: AznFlyBoi (big blind) folded before Flop
Seat 5: geroyapur collected ($0.22)
Seat 6: Mehanicar folded before Flop (didn't bet)
Seat 7: malahit12 folded on the River
Seat 8: GUMA123105 folded on the River
Seat 9: conej folded before Flop (didn't bet)



PokerStars Hand #236068275533:  Hold'em No Limit ($0.01/$0.02 USD) - 2022/05/11 16:30:44 PT [2022/05/11 19:30:44 ET]
Table 'Euphemia' 9-max Seat #2 is the button
Seat 1: VillasBoas17 ($1.21 in chips) 
Seat 2: Dorex2007 ($2 in chips) 
Seat 3: AznFlyBoi ($0.81 in chips) 
Seat 5: geroyapur ($3.55 in chips) 
Seat 6: Mehanicar ($1.98 in chips) 
Seat 7: malahit12 ($2.12 in chips) 
Seat 8: GUMA123105 ($2 in chips) 
Seat 9: conej ($1.82 in chips) 
AznFlyBoi: posts small blind $0.01
geroyapur: posts big blind $0.02
*** HOLE CARDS ***
Dealt to Dorex2007 [9d Kd]
Mehanicar: raises $0.04 to $0.06
malahit12: folds 
GUMA123105: calls $0.06
conej: folds 
VillasBoas17: folds 
Dorex2007: folds 
AznFlyBoi: calls $0.05
geroyapur: raises $0.16 to $0.22
Mehanicar: folds 
GUMA123105: folds 
AznFlyBoi: folds 
Uncalled bet ($0.16) returned to geroyapur
geroyapur collected $0.24 from pot
geroyapur: doesn't show hand 
*** SUMMARY ***
Total pot $0.24 | Rake $0 
Seat 1: VillasBoas17 folded before Flop (didn't bet)
Seat 2: Dorex2007 (button) folded before Flop (didn't bet)
Seat 3: AznFlyBoi (small blind) folded before Flop
Seat 5: geroyapur (big blind) collected ($0.24)
Seat 6: Mehanicar folded before Flop
Seat 7: malahit12 folded before Flop (didn't bet)
Seat 8: GUMA123105 folded before Flop
Seat 9: conej folded before Flop (didn't bet)



PokerStars Hand #236068284263:  Hold'em No Limit ($0.01/$0.02 USD) - 2022/05/11 16:31:16 PT [2022/05/11 19:31:16 ET]
Table 'Euphemia' 9-max Seat #3 is the button
Seat 1: VillasBoas17 ($1.21 in chips) 
Seat 2: Dorex2007 ($2 in chips) 
Seat 3: AznFlyBoi ($0.75 in chips) 
Seat 5: geroyapur ($3.73 in chips) 
Seat 6: Mehanicar ($1.92 in chips) 
Seat 7: malahit12 ($2.12 in chips) 
Seat 8: GUMA123105 ($1.94 in chips) 
Seat 9: conej ($1.82 in chips) 
geroyapur: posts small blind $0.01
Mehanicar: posts big blind $0.02
*** HOLE CARDS ***
Dealt to Dorex2007 [Jc Ah]
malahit12: folds 
GUMA123105: calls $0.02
conej: folds 
VillasBoas17: folds 
Dorex2007: folds 
AznFlyBoi: folds 
geroyapur: calls $0.01
Mehanicar: checks 
*** FLOP *** [6c 4d 6h]
geroyapur: checks 
Mehanicar: bets $0.03
GUMA123105: folds 
geroyapur: folds 
Uncalled bet ($0.03) returned to Mehanicar
Mehanicar collected $0.06 from pot
Mehanicar: doesn't show hand 
*** SUMMARY ***
Total pot $0.06 | Rake $0 
Board [6c 4d 6h]
Seat 1: VillasBoas17 folded before Flop (didn't bet)
Seat 2: Dorex2007 folded before Flop (didn't bet)
Seat 3: AznFlyBoi (button) folded before Flop (didn't bet)
Seat 5: geroyapur (small blind) folded on the Flop
Seat 6: Mehanicar (big blind) collected ($0.06)
Seat 7: malahit12 folded before Flop (didn't bet)
Seat 8: GUMA123105 folded on the Flop
Seat 9: conej folded before Flop (didn't bet)



PokerStars Hand #236068293581:  Hold'em No Limit ($0.01/$0.02 USD) - 2022/05/11 16:31:51 PT [2022/05/11 19:31:51 ET]
Table 'Euphemia' 9-max Seat #5 is the button
Seat 1: VillasBoas17 ($1.21 in chips) 
Seat 2: Dorex2007 ($2 in chips) 
Seat 3: AznFlyBoi ($0.75 in chips) 
Seat 5: geroyapur ($3.71 in chips) 
Seat 6: Mehanicar ($1.96 in chips) 
Seat 7: malahit12 ($2.12 in chips) 
Seat 8: GUMA123105 ($1.92 in chips) 
Seat 9: conej ($1.82 in chips) 
Mehanicar: posts small blind $0.01
malahit12: posts big blind $0.02
*** HOLE CARDS ***
Dealt to Dorex2007 [2s As]
GUMA123105: calls $0.02
conej: folds 
VillasBoas17: folds 
Dorex2007: raises $0.04 to $0.06
AznFlyBoi: folds 
geroyapur: folds 
Mehanicar: calls $0.05
malahit12: folds 
GUMA123105: calls $0.04
*** FLOP *** [4s 7c 5c]
Mehanicar: checks 
GUMA123105: checks 
Dorex2007: bets $0.10
Mehanicar: folds 
GUMA123105: folds 
Uncalled bet ($0.10) returned to Dorex2007
Dorex2007 collected $0.19 from pot
Dorex2007: doesn't show hand 
*** SUMMARY ***
Total pot $0.20 | Rake $0.01 
Board [4s 7c 5c]
Seat 1: VillasBoas17 folded before Flop (didn't bet)
Seat 2: Dorex2007 collected ($0.19)
Seat 3: AznFlyBoi folded before Flop (didn't bet)
Seat 5: geroyapur (button) folded before Flop (didn't bet)
Seat 6: Mehanicar (small blind) folded on the Flop
Seat 7: malahit12 (big blind) folded before Flop
Seat 8: GUMA123105 folded on the Flop
Seat 9: conej folded before Flop (didn't bet)



PokerStars Hand #236068314287:  Hold'em No Limit ($0.01/$0.02 USD) - 2022/05/11 16:32:34 PT [2022/05/11 19:32:34 ET]
Table 'Euphemia' 9-max Seat #6 is the button
Seat 1: VillasBoas17 ($1.21 in chips) 
Seat 2: Dorex2007 ($2.13 in chips) 
Seat 3: AznFlyBoi ($0.75 in chips) 
Seat 5: geroyapur ($3.71 in chips) 
Seat 6: Mehanicar ($1.90 in chips) 
Seat 7: malahit12 ($2.10 in chips) 
Seat 8: GUMA123105 ($1.86 in chips) 
Seat 9: conej ($1.82 in chips) 
malahit12: posts small blind $0.01
GUMA123105: posts big blind $0.02
*** HOLE CARDS ***
Dealt to Dorex2007 [Ah 5d]
conej: folds 
VillasBoas17: folds 
Dorex2007: folds 
AznFlyBoi: folds 
geroyapur: folds 
Mehanicar: folds 
malahit12: raises $0.02 to $0.04
GUMA123105: calls $0.02
*** FLOP *** [Ks 9s 8s]
malahit12: bets $0.06
GUMA123105: raises $0.06 to $0.12
malahit12: calls $0.06
*** TURN *** [Ks 9s 8s] [2d]
malahit12: checks 
GUMA123105: bets $0.10
malahit12: calls $0.10
*** RIVER *** [Ks 9s 8s 2d] [6d]
malahit12: checks 
GUMA123105: bets $0.10
malahit12: folds 
Uncalled bet ($0.10) returned to GUMA123105
GUMA123105 collected $0.50 from pot
GUMA123105: doesn't show hand 
*** SUMMARY ***
Total pot $0.52 | Rake $0.02 
Board [Ks 9s 8s 2d 6d]
Seat 1: VillasBoas17 folded before Flop (didn't bet)
Seat 2: Dorex2007 folded before Flop (didn't bet)
Seat 3: AznFlyBoi folded before Flop (didn't bet)
Seat 5: geroyapur folded before Flop (didn't bet)
Seat 6: Mehanicar (button) folded before Flop (didn't bet)
Seat 7: malahit12 (small blind) folded on the River
Seat 8: GUMA123105 (big blind) collected ($0.50)
Seat 9: conej folded before Flop (didn't bet)



PokerStars Hand #236068334133:  Hold'em No Limit ($0.01/$0.02 USD) - 2022/05/11 16:33:48 PT [2022/05/11 19:33:48 ET]
Table 'Euphemia' 9-max Seat #7 is the button
Seat 2: Dorex2007 ($2.13 in chips) 
Seat 3: AznFlyBoi ($0.75 in chips) 
Seat 5: geroyapur ($3.71 in chips) 
Seat 6: Mehanicar ($1.90 in chips) 
Seat 7: malahit12 ($1.84 in chips) 
Seat 8: GUMA123105 ($2.10 in chips) 
Seat 9: conej ($1.82 in chips) 
VillasBoas17 leaves the table
GUMA123105: posts small blind $0.01
conej: posts big blind $0.02
*** HOLE CARDS ***
Dealt to Dorex2007 [Tc Jh]
Dorex2007: folds 
AznFlyBoi: folds 
geroyapur: folds 
Mehanicar: raises $0.04 to $0.06
0xjampa joins the table at seat #1 
malahit12: calls $0.06
GUMA123105: folds 
conej: folds 
*** FLOP *** [5h 3c 7d]
Mehanicar: bets $0.07
malahit12: calls $0.07
*** TURN *** [5h 3c 7d] [6s]
Mehanicar: checks 
malahit12: bets $0.10
Mehanicar: calls $0.10
*** RIVER *** [5h 3c 7d 6s] [5d]
Mehanicar: bets $0.24
malahit12: calls $0.24
*** SHOW DOWN ***
Mehanicar: shows [Ad 5c] (three of a kind, Fives)
malahit12: mucks hand 
Mehanicar collected $0.93 from pot
*** SUMMARY ***
Total pot $0.97 | Rake $0.04 
Board [5h 3c 7d 6s 5d]
Seat 2: Dorex2007 folded before Flop (didn't bet)
Seat 3: AznFlyBoi folded before Flop (didn't bet)
Seat 5: geroyapur folded before Flop (didn't bet)
Seat 6: Mehanicar showed [Ad 5c] and won ($0.93) with three of a kind, Fives
Seat 7: malahit12 (button) mucked [6h 7h]
Seat 8: GUMA123105 (small blind) folded before Flop
Seat 9: conej (big blind) folded before Flop



PokerStars Hand #236068346462:  Hold'em No Limit ($0.01/$0.02 USD) - 2022/05/11 16:34:34 PT [2022/05/11 19:34:34 ET]
Table 'Euphemia' 9-max Seat #8 is the button
Seat 1: 0xjampa ($2 in chips) 
Seat 2: Dorex2007 ($2.13 in chips) 
Seat 3: AznFlyBoi ($0.75 in chips) 
Seat 5: geroyapur ($3.71 in chips) 
Seat 6: Mehanicar ($2.36 in chips) 
Seat 7: malahit12 ($1.37 in chips) 
Seat 8: GUMA123105 ($2.09 in chips) 
Seat 9: conej ($1.80 in chips) 
conej: posts small blind $0.01
0xjampa: posts big blind $0.02
*** HOLE CARDS ***
Dealt to Dorex2007 [Ac 6c]
Dorex2007: folds 
AznFlyBoi: folds 
geroyapur: folds 
Mehanicar: folds 
malahit12: raises $0.02 to $0.04
GUMA123105: calls $0.04
conej: calls $0.03
0xjampa: calls $0.02
*** FLOP *** [Ts 9c Ks]
conej: checks 
0xjampa: checks 
malahit12: bets $0.06
GUMA123105: calls $0.06
conej: raises $0.10 to $0.16
0xjampa: folds 
malahit12: raises $0.10 to $0.26
GUMA123105: folds 
conej: calls $0.10
*** TURN *** [Ts 9c Ks] [4c]
conej: checks 
malahit12: bets $0.36
conej: calls $0.36
*** RIVER *** [Ts 9c Ks 4c] [3s]
conej: checks 
malahit12: checks 
*** SHOW DOWN ***
conej: shows [Kd Th] (two pair, Kings and Tens)
malahit12: mucks hand 
conej collected $1.41 from pot
*** SUMMARY ***
Total pot $1.46 | Rake $0.05 
Board [Ts 9c Ks 4c 3s]
Seat 1: 0xjampa (big blind) folded on the Flop
Seat 2: Dorex2007 folded before Flop (didn't bet)
Seat 3: AznFlyBoi folded before Flop (didn't bet)
Seat 5: geroyapur folded before Flop (didn't bet)
Seat 6: Mehanicar folded before Flop (didn't bet)
Seat 7: malahit12 mucked [Td 9d]
Seat 8: GUMA123105 (button) folded on the Flop
Seat 9: conej (small blind) showed [Kd Th] and won ($1.41) with two pair, Kings and Tens



PokerStars Hand #236068365531:  Hold'em No Limit ($0.01/$0.02 USD) - 2022/05/11 16:35:46 PT [2022/05/11 19:35:46 ET]
Table 'Euphemia' 9-max Seat #9 is the button
Seat 1: 0xjampa ($1.96 in chips) 
Seat 2: Dorex2007 ($2.13 in chips) 
Seat 3: AznFlyBoi ($0.75 in chips) 
Seat 5: geroyapur ($3.71 in chips) 
Seat 6: Mehanicar ($2.36 in chips) 
Seat 7: malahit12 ($0.71 in chips) 
Seat 8: GUMA123105 ($1.99 in chips) 
Seat 9: conej ($2.55 in chips) 
0xjampa: posts small blind $0.01
Dorex2007: posts big blind $0.02
*** HOLE CARDS ***
Dealt to Dorex2007 [Kd 8s]
AznFlyBoi: folds 
geroyapur: raises $0.04 to $0.06
Mehanicar: folds 
malahit12: folds 
GUMA123105: folds 
conej: folds 
0xjampa: folds 
Dorex2007: folds 
Uncalled bet ($0.04) returned to geroyapur
geroyapur collected $0.05 from pot
geroyapur: doesn't show hand 
*** SUMMARY ***
Total pot $0.05 | Rake $0 
Seat 1: 0xjampa (small blind) folded before Flop
Seat 2: Dorex2007 (big blind) folded before Flop
Seat 3: AznFlyBoi folded before Flop (didn't bet)
Seat 5: geroyapur collected ($0.05)
Seat 6: Mehanicar folded before Flop (didn't bet)
Seat 7: malahit12 folded before Flop (didn't bet)
Seat 8: GUMA123105 folded before Flop (didn't bet)
Seat 9: conej (button) folded before Flop (didn't bet)



PokerStars Hand #236068374355:  Hold'em No Limit ($0.01/$0.02 USD) - 2022/05/11 16:36:20 PT [2022/05/11 19:36:20 ET]
Table 'Euphemia' 9-max Seat #1 is the button
Seat 1: 0xjampa ($1.95 in chips) 
Seat 2: Dorex2007 ($2.11 in chips) 
Seat 3: AznFlyBoi ($0.75 in chips) 
Seat 5: geroyapur ($3.74 in chips) 
Seat 6: Mehanicar ($2.36 in chips) 
Seat 7: malahit12 ($0.71 in chips) 
Seat 8: GUMA123105 ($1.99 in chips) 
Seat 9: conej ($2.55 in chips) 
Dorex2007: posts small blind $0.01
AznFlyBoi: posts big blind $0.02
*** HOLE CARDS ***
Dealt to Dorex2007 [8h 7h]
geroyapur: folds 
Mehanicar: folds 
malahit12: raises $0.02 to $0.04
GUMA123105: calls $0.04
conej: calls $0.04
0xjampa: calls $0.04
Dorex2007: calls $0.03
AznFlyBoi: folds 
*** FLOP *** [3s 8s 4h]
Dorex2007: checks 
malahit12: bets $0.06
GUMA123105: folds 
conej: raises $0.10 to $0.16
0xjampa: folds 
Dorex2007: folds 
0xjampa leaves the table
malahit12: raises $0.51 to $0.67 and is all-in
conej: calls $0.51
*** TURN *** [3s 8s 4h] [7d]
*** RIVER *** [3s 8s 4h 7d] [7s]
*** SHOW DOWN ***
malahit12: shows [Ad Jc] (a pair of Sevens)
conej: shows [9s 9c] (two pair, Nines and Sevens)
conej cashed out the hand for $1.14 | Cash Out Fee $0.01
*** SUMMARY ***
Total pot $1.56 | Rake $0.05 
Board [3s 8s 4h 7d 7s]
Seat 1: 0xjampa (button) folded on the Flop
Seat 2: Dorex2007 (small blind) folded on the Flop
Seat 3: AznFlyBoi (big blind) folded before Flop
Seat 5: geroyapur folded before Flop (didn't bet)
Seat 6: Mehanicar folded before Flop (didn't bet)
Seat 7: malahit12 showed [Ad Jc] and lost with a pair of Sevens
Seat 8: GUMA123105 folded on the Flop
Seat 9: conej showed [9s 9c] and won ($1.51) with two pair, Nines and Sevens (pot not awarded as player cashed out)



PokerStars Hand #236068393886:  Hold'em No Limit ($0.01/$0.02 USD) - 2022/05/11 16:37:35 PT [2022/05/11 19:37:35 ET]
Table 'Euphemia' 9-max Seat #2 is the button
Seat 2: Dorex2007 ($2.07 in chips) 
Seat 3: AznFlyBoi ($0.73 in chips) 
Seat 5: geroyapur ($3.74 in chips) 
Seat 6: Mehanicar ($2.36 in chips) 
Seat 8: GUMA123105 ($1.95 in chips) 
Seat 9: conej ($2.98 in chips) 
AznFlyBoi: posts small blind $0.01
geroyapur: posts big blind $0.02
*** HOLE CARDS ***
Dealt to Dorex2007 [Kd Ah]
Mehanicar: raises $0.04 to $0.06
GUMA123105: calls $0.06
conej: folds 
Maria1995587 joins the table at seat #1 
Dorex2007: raises $0.12 to $0.18
AznFlyBoi: folds 
geroyapur: folds 
Mehanicar: calls $0.12
malahit12 leaves the table
GUMA123105: folds 
*** FLOP *** [Js 4d 9d]
Mehanicar: checks 
Dorex2007: bets $0.43
Mehanicar: folds 
Uncalled bet ($0.43) returned to Dorex2007
Dorex2007 collected $0.43 from pot
Dorex2007: doesn't show hand 
*** SUMMARY ***
Total pot $0.45 | Rake $0.02 
Board [Js 4d 9d]
Seat 2: Dorex2007 (button) collected ($0.43)
Seat 3: AznFlyBoi (small blind) folded before Flop
Seat 5: geroyapur (big blind) folded before Flop
Seat 6: Mehanicar folded on the Flop
Seat 8: GUMA123105 folded before Flop
Seat 9: conej folded before Flop (didn't bet)



PokerStars Hand #236068402728:  Hold'em No Limit ($0.01/$0.02 USD) - 2022/05/11 16:38:09 PT [2022/05/11 19:38:09 ET]
Table 'Euphemia' 9-max Seat #3 is the button
Seat 1: Maria1995587 ($2 in chips) 
Seat 2: Dorex2007 ($2.32 in chips) 
Seat 3: AznFlyBoi ($0.72 in chips) 
Seat 5: geroyapur ($3.72 in chips) 
Seat 6: Mehanicar ($2.18 in chips) 
Seat 8: GUMA123105 ($1.89 in chips) 
Seat 9: conej ($2.98 in chips) 
geroyapur: posts small blind $0.01
Mehanicar: posts big blind $0.02
Maria1995587: posts big blind $0.02
*** HOLE CARDS ***
Dealt to Dorex2007 [8s As]
GUMA123105: calls $0.02
conej: folds 
Maria1995587: checks 
Dorex2007: calls $0.02
AznFlyBoi: calls $0.02
c u later287 joins the table at seat #7 
geroyapur: calls $0.01
Mehanicar: raises $0.04 to $0.06
GUMA123105: calls $0.04
Maria1995587: folds 
Dorex2007: calls $0.04
AznFlyBoi: calls $0.04
geroyapur: calls $0.04
*** FLOP *** [Jd 5d Td]
geroyapur: checks 
Mehanicar: checks 
GUMA123105: checks 
Dorex2007: checks 
AznFlyBoi: bets $0.31
geroyapur: folds 
Mehanicar: folds 
GUMA123105: folds 
Dorex2007: folds 
Uncalled bet ($0.31) returned to AznFlyBoi
AznFlyBoi collected $0.31 from pot
AznFlyBoi: doesn't show hand 
*** SUMMARY ***
Total pot $0.32 | Rake $0.01 
Board [Jd 5d Td]
Seat 1: Maria1995587 folded before Flop (didn't bet)
Seat 2: Dorex2007 folded on the Flop
Seat 3: AznFlyBoi (button) collected ($0.31)
Seat 5: geroyapur (small blind) folded on the Flop
Seat 6: Mehanicar (big blind) folded on the Flop
Seat 8: GUMA123105 folded on the Flop
Seat 9: conej folded before Flop (didn't bet)



PokerStars Hand #236068418911:  Hold'em No Limit ($0.01/$0.02 USD) - 2022/05/11 16:39:11 PT [2022/05/11 19:39:11 ET]
Table 'Euphemia' 9-max Seat #5 is the button
Seat 1: Maria1995587 ($1.98 in chips) 
Seat 2: Dorex2007 ($2.26 in chips) 
Seat 3: AznFlyBoi ($0.97 in chips) 
Seat 5: geroyapur ($3.66 in chips) 
Seat 6: Mehanicar ($2.12 in chips) 
Seat 7: c u later287 ($2 in chips) 
Seat 8: GUMA123105 ($1.83 in chips) 
Seat 9: conej ($2.98 in chips) 
Mehanicar: posts small blind $0.01
c u later287: posts big blind $0.02
*** HOLE CARDS ***
Dealt to Dorex2007 [8h 5s]
GUMA123105: calls $0.02
conej: folds 
Maria1995587: raises $0.04 to $0.06
Dorex2007: folds 
AznFlyBoi: calls $0.06
geroyapur: folds 
Mehanicar: calls $0.05
c u later287: calls $0.04
GUMA123105: calls $0.04
*** FLOP *** [5h 9h 8s]
Mehanicar: checks 
c u later287: bets $0.14
GUMA123105: folds 
Maria1995587: folds 
AznFlyBoi: calls $0.14
Mehanicar: calls $0.14
*** TURN *** [5h 9h 8s] [4d]
Mehanicar: checks 
c u later287: bets $0.34
AznFlyBoi: folds 
Mehanicar: folds 
Uncalled bet ($0.34) returned to c u later287
c u later287 collected $0.69 from pot
c u later287: doesn't show hand 
*** SUMMARY ***
Total pot $0.72 | Rake $0.03 
Board [5h 9h 8s 4d]
Seat 1: Maria1995587 folded on the Flop
Seat 2: Dorex2007 folded before Flop (didn't bet)
Seat 3: AznFlyBoi folded on the Turn
Seat 5: geroyapur (button) folded before Flop (didn't bet)
Seat 6: Mehanicar (small blind) folded on the Turn
Seat 7: c u later287 (big blind) collected ($0.69)
Seat 8: GUMA123105 folded on the Flop
Seat 9: conej folded before Flop (didn't bet)



PokerStars Hand #236068433000:  Hold'em No Limit ($0.01/$0.02 USD) - 2022/05/11 16:40:06 PT [2022/05/11 19:40:06 ET]
Table 'Euphemia' 9-max Seat #6 is the button
Seat 1: Maria1995587 ($1.92 in chips) 
Seat 2: Dorex2007 ($2.26 in chips) 
Seat 3: AznFlyBoi ($0.77 in chips) 
Seat 5: geroyapur ($3.66 in chips) 
Seat 6: Mehanicar ($1.92 in chips) 
Seat 7: c u later287 ($2.49 in chips) 
Seat 8: GUMA123105 ($1.77 in chips) 
Seat 9: conej ($2.98 in chips) 
c u later287: posts small blind $0.01
GUMA123105: posts big blind $0.02
*** HOLE CARDS ***
Dealt to Dorex2007 [5c 6d]
conej has timed out
conej: folds 
Maria1995587: calls $0.02
Dorex2007: folds 
AznFlyBoi: folds 
geroyapur: raises $0.04 to $0.06
Mehanicar: calls $0.06
c u later287: calls $0.05
GUMA123105: calls $0.04
Maria1995587: calls $0.04
*** FLOP *** [2h Qh Qd]
c u later287: checks 
GUMA123105: checks 
Maria1995587: checks 
geroyapur: bets $0.10
Mehanicar: folds 
c u later287: folds 
GUMA123105: folds 
Maria1995587: folds 
Uncalled bet ($0.10) returned to geroyapur
geroyapur collected $0.29 from pot
geroyapur: doesn't show hand 
*** SUMMARY ***
Total pot $0.30 | Rake $0.01 
Board [2h Qh Qd]
Seat 1: Maria1995587 folded on the Flop
Seat 2: Dorex2007 folded before Flop (didn't bet)
Seat 3: AznFlyBoi folded before Flop (didn't bet)
Seat 5: geroyapur collected ($0.29)
Seat 6: Mehanicar (button) folded on the Flop
Seat 7: c u later287 (small blind) folded on the Flop
Seat 8: GUMA123105 (big blind) folded on the Flop
Seat 9: conej folded before Flop (didn't bet)



PokerStars Hand #236068450037:  Hold'em No Limit ($0.01/$0.02 USD) - 2022/05/11 16:41:13 PT [2022/05/11 19:41:13 ET]
Table 'Euphemia' 9-max Seat #7 is the button
Seat 1: Maria1995587 ($1.86 in chips) 
Seat 2: Dorex2007 ($2.26 in chips) 
Seat 3: AznFlyBoi ($0.77 in chips) 
Seat 5: geroyapur ($3.89 in chips) 
Seat 6: Mehanicar ($1.86 in chips) 
Seat 7: c u later287 ($2.43 in chips) 
Seat 8: GUMA123105 ($1.71 in chips) 
Seat 9: conej ($2.98 in chips) 
GUMA123105: posts small blind $0.01
conej: posts big blind $0.02
*** HOLE CARDS ***
Dealt to Dorex2007 [9h 4s]
Maria1995587: calls $0.02
Dorex2007: folds 
AznFlyBoi: folds 
geroyapur: folds 
Mehanicar: folds 
c u later287: calls $0.02
GUMA123105: calls $0.01
conej: checks 
*** FLOP *** [4h Qc Th]
GUMA123105: checks 
conej: checks 
Maria1995587: checks 
c u later287: checks 
*** TURN *** [4h Qc Th] [6h]
GUMA123105: checks 
conej: checks 
Maria1995587: checks 
c u later287: bets $0.04
GUMA123105: calls $0.04
conej: folds 
Maria1995587: folds 
*** RIVER *** [4h Qc Th 6h] [Ah]
GUMA123105: checks 
c u later287: checks 
*** SHOW DOWN ***
GUMA123105: shows [9d 7d] (high card Ace)
c u later287: shows [6d 6s] (three of a kind, Sixes)
c u later287 collected $0.15 from pot
*** SUMMARY ***
Total pot $0.16 | Rake $0.01 
Board [4h Qc Th 6h Ah]
Seat 1: Maria1995587 folded on the Turn
Seat 2: Dorex2007 folded before Flop (didn't bet)
Seat 3: AznFlyBoi folded before Flop (didn't bet)
Seat 5: geroyapur folded before Flop (didn't bet)
Seat 6: Mehanicar folded before Flop (didn't bet)
Seat 7: c u later287 (button) showed [6d 6s] and won ($0.15) with three of a kind, Sixes
Seat 8: GUMA123105 (small blind) showed [9d 7d] and lost with high card Ace
Seat 9: conej (big blind) folded on the Turn



PokerStars Hand #236068475489:  Hold'em No Limit ($0.01/$0.02 USD) - 2022/05/11 16:42:52 PT [2022/05/11 19:42:52 ET]
Table 'Euphemia' 9-max Seat #8 is the button
Seat 1: Maria1995587 ($1.84 in chips) 
Seat 2: Dorex2007 ($2.26 in chips) 
Seat 3: AznFlyBoi ($0.77 in chips) 
Seat 5: geroyapur ($3.89 in chips) 
Seat 6: Mehanicar ($1.86 in chips) 
Seat 7: c u later287 ($2.52 in chips) 
Seat 8: GUMA123105 ($1.65 in chips) 
Seat 9: conej ($2.96 in chips) 
conej: posts small blind $0.01
Maria1995587: posts big blind $0.02
*** HOLE CARDS ***
Dealt to Dorex2007 [Ah 7d]
Dorex2007: folds 
AznFlyBoi: raises $0.02 to $0.04
geroyapur: folds 
Mehanicar: folds 
c u later287: folds 
GUMA123105: calls $0.04
conej: folds 
Maria1995587: calls $0.02
*** FLOP *** [Qs Qc 8s]
Maria1995587: checks 
AznFlyBoi: bets $0.13
GUMA123105: folds 
Maria1995587: folds 
Uncalled bet ($0.13) returned to AznFlyBoi
AznFlyBoi collected $0.13 from pot
AznFlyBoi: doesn't show hand 
*** SUMMARY ***
Total pot $0.13 | Rake $0 
Board [Qs Qc 8s]
Seat 1: Maria1995587 (big blind) folded on the Flop
Seat 2: Dorex2007 folded before Flop (didn't bet)
Seat 3: AznFlyBoi collected ($0.13)
Seat 5: geroyapur folded before Flop (didn't bet)
Seat 6: Mehanicar folded before Flop (didn't bet)
Seat 7: c u later287 folded before Flop (didn't bet)
Seat 8: GUMA123105 (button) folded on the Flop
Seat 9: conej (small blind) folded before Flop



PokerStars Hand #236068482937:  Hold'em No Limit ($0.01/$0.02 USD) - 2022/05/11 16:43:21 PT [2022/05/11 19:43:21 ET]
Table 'Euphemia' 9-max Seat #9 is the button
Seat 1: Maria1995587 ($1.80 in chips) 
Seat 2: Dorex2007 ($2.26 in chips) 
Seat 3: AznFlyBoi ($0.86 in chips) 
Seat 5: geroyapur ($3.89 in chips) 
Seat 6: Mehanicar ($1.86 in chips) 
Seat 8: GUMA123105 ($1.61 in chips) 
Seat 9: conej ($2.95 in chips) 
Maria1995587: posts small blind $0.01
Dorex2007: posts big blind $0.02
*** HOLE CARDS ***
Dealt to Dorex2007 [3c Jd]
AznFlyBoi: folds 
geroyapur: raises $0.04 to $0.06
Mehanicar: calls $0.06
GUMA123105: folds 
conej: folds 
Maria1995587: folds 
Dorex2007: folds 
*** FLOP *** [Ks Ts 6c]
geroyapur: checks 
Mehanicar: bets $0.07
geroyapur: calls $0.07
*** TURN *** [Ks Ts 6c] [Kh]
geroyapur: checks 
Mehanicar: bets $0.14
geroyapur: calls $0.14
*** RIVER *** [Ks Ts 6c Kh] [7d]
geroyapur: checks 
Mehanicar: checks 
*** SHOW DOWN ***
geroyapur: shows [Td As] (two pair, Kings and Tens)
Mehanicar: mucks hand 
geroyapur collected $0.55 from pot
*** SUMMARY ***
Total pot $0.57 | Rake $0.02 
Board [Ks Ts 6c Kh 7d]
Seat 1: Maria1995587 (small blind) folded before Flop
Seat 2: Dorex2007 (big blind) folded before Flop
Seat 3: AznFlyBoi folded before Flop (didn't bet)
Seat 5: geroyapur showed [Td As] and won ($0.55) with two pair, Kings and Tens
Seat 6: Mehanicar mucked [6h 9h]
Seat 8: GUMA123105 folded before Flop (didn't bet)
Seat 9: conej (button) folded before Flop (didn't bet)



PokerStars Hand #236068499801:  Hold'em No Limit ($0.01/$0.02 USD) - 2022/05/11 16:44:28 PT [2022/05/11 19:44:28 ET]
Table 'Euphemia' 9-max Seat #1 is the button
Seat 1: Maria1995587 ($1.79 in chips) 
Seat 2: Dorex2007 ($2.24 in chips) 
Seat 3: AznFlyBoi ($0.86 in chips) 
Seat 5: geroyapur ($4.17 in chips) 
Seat 6: Mehanicar ($1.59 in chips) 
Seat 8: GUMA123105 ($1.61 in chips) 
Seat 9: conej ($2.95 in chips) 
Dorex2007: posts small blind $0.01
AznFlyBoi: posts big blind $0.02
*** HOLE CARDS ***
Dealt to Dorex2007 [6s As]
geroyapur: folds 
Mehanicar: raises $0.04 to $0.06
GUMA123105: calls $0.06
conej: folds 
Maria1995587: folds 
Dorex2007: calls $0.05
AznFlyBoi: raises $0.24 to $0.30
Mehanicar: folds 
GUMA123105: calls $0.24
Dorex2007: folds 
*** FLOP *** [4c Qh Ah]
AznFlyBoi: bets $0.35
GUMA123105: calls $0.35
*** TURN *** [4c Qh Ah] [Jd]
AznFlyBoi: bets $0.21 and is all-in
GUMA123105: calls $0.21
*** RIVER *** [4c Qh Ah Jd] [9s]
*** SHOW DOWN ***
AznFlyBoi: shows [Qc Qs] (three of a kind, Queens)
GUMA123105: shows [Ad 9c] (two pair, Aces and Nines)
AznFlyBoi collected $1.78 from pot
*** SUMMARY ***
Total pot $1.84 | Rake $0.06 
Board [4c Qh Ah Jd 9s]
Seat 1: Maria1995587 (button) folded before Flop (didn't bet)
Seat 2: Dorex2007 (small blind) folded before Flop
Seat 3: AznFlyBoi (big blind) showed [Qc Qs] and won ($1.78) with three of a kind, Queens
Seat 5: geroyapur folded before Flop (didn't bet)
Seat 6: Mehanicar folded before Flop
Seat 8: GUMA123105 showed [Ad 9c] and lost with two pair, Aces and Nines
Seat 9: conej folded before Flop (didn't bet)



PokerStars Hand #236068513162:  Hold'em No Limit ($0.01/$0.02 USD) - 2022/05/11 16:45:20 PT [2022/05/11 19:45:20 ET]
Table 'Euphemia' 9-max Seat #2 is the button
Seat 1: Maria1995587 ($1.79 in chips) 
Seat 2: Dorex2007 ($2.18 in chips) 
Seat 3: AznFlyBoi ($1.78 in chips) 
Seat 5: geroyapur ($4.17 in chips) 
Seat 6: Mehanicar ($1.53 in chips) 
Seat 8: GUMA123105 ($0.75 in chips) 
Seat 9: conej ($2.95 in chips) 
AznFlyBoi: posts small blind $0.01
geroyapur: posts big blind $0.02
*** HOLE CARDS ***
Dealt to Dorex2007 [As Ks]
Mehanicar: raises $0.04 to $0.06
GUMA123105: calls $0.06
conej: folds 
Maria1995587: folds 
Dorex2007: raises $0.12 to $0.18
AznFlyBoi: folds 
geroyapur: folds 
Mehanicar: calls $0.12
GUMA123105: calls $0.12
*** FLOP *** [8s Ts Jh]
Mehanicar: bets $0.28
GUMA123105: calls $0.28
Dorex2007: raises $1.39 to $1.67
Mehanicar: calls $1.07 and is all-in
GUMA123105: folds 
Uncalled bet ($0.32) returned to Dorex2007
*** TURN *** [8s Ts Jh] [8c]
*** RIVER *** [8s Ts Jh 8c] [3d]
*** SHOW DOWN ***
Mehanicar: shows [Ad Jc] (two pair, Jacks and Eights)
Dorex2007: shows [As Ks] (a pair of Eights)
Mehanicar collected $3.40 from pot
Dorex2007 cashed out the hand for $1.86 | Cash Out Fee $0.02
*** SUMMARY ***
Total pot $3.55 | Rake $0.15 
Board [8s Ts Jh 8c 3d]
Seat 1: Maria1995587 folded before Flop (didn't bet)
Seat 2: Dorex2007 (button) showed [As Ks] and lost with a pair of Eights (cashed out).
Seat 3: AznFlyBoi (small blind) folded before Flop
Seat 5: geroyapur (big blind) folded before Flop
Seat 6: Mehanicar showed [Ad Jc] and won ($3.40) with two pair, Jacks and Eights
Seat 8: GUMA123105 folded on the Flop
Seat 9: conej folded before Flop (didn't bet)



PokerStars Hand #236068523140:  Hold'em No Limit ($0.01/$0.02 USD) - 2022/05/11 16:46:01 PT [2022/05/11 19:46:01 ET]
Table 'Euphemia' 9-max Seat #3 is the button
Seat 1: Maria1995587 ($1.79 in chips) 
Seat 2: Dorex2007 ($2.51 in chips) 
Seat 3: AznFlyBoi ($1.77 in chips) 
Seat 5: geroyapur ($4.15 in chips) 
Seat 6: Mehanicar ($3.40 in chips) 
Seat 8: GUMA123105 ($0.29 in chips) 
Seat 9: conej ($2.95 in chips) 
geroyapur: posts small blind $0.01
Mehanicar: posts big blind $0.02
*** HOLE CARDS ***
Dealt to Dorex2007 [Ks Jh]
GUMA123105: raises $0.27 to $0.29 and is all-in
conej: folds 
Maria1995587: folds 
Dorex2007: folds 
AznFlyBoi: folds 
geroyapur: folds 
Mehanicar: folds 
Uncalled bet ($0.27) returned to GUMA123105
GUMA123105 collected $0.05 from pot
GUMA123105: doesn't show hand 
*** SUMMARY ***
Total pot $0.05 | Rake $0 
Seat 1: Maria1995587 folded before Flop (didn't bet)
Seat 2: Dorex2007 folded before Flop (didn't bet)
Seat 3: AznFlyBoi (button) folded before Flop (didn't bet)
Seat 5: geroyapur (small blind) folded before Flop
Seat 6: Mehanicar (big blind) folded before Flop
Seat 8: GUMA123105 collected ($0.05)
Seat 9: conej folded before Flop (didn't bet)



PokerStars Hand #236068528473:  Hold'em No Limit ($0.01/$0.02 USD) - 2022/05/11 16:46:22 PT [2022/05/11 19:46:22 ET]
Table 'Euphemia' 9-max Seat #5 is the button
Seat 1: Maria1995587 ($1.79 in chips) 
Seat 2: Dorex2007 ($2.51 in chips) 
Seat 3: AznFlyBoi ($1.77 in chips) 
Seat 5: geroyapur ($4.14 in chips) 
Seat 6: Mehanicar ($3.38 in chips) 
Seat 8: GUMA123105 ($0.32 in chips) 
Seat 9: conej ($2.95 in chips) 
Mehanicar: posts small blind $0.01
GUMA123105: posts big blind $0.02
*** HOLE CARDS ***
Dealt to Dorex2007 [8h Ts]
conej: raises $0.04 to $0.06
Maria1995587: folds 
Dorex2007: folds 
AznFlyBoi: folds 
geroyapur: folds 
Mehanicar: folds 
GUMA123105: calls $0.04
*** FLOP *** [7h 5h 5c]
GUMA123105: checks 
conej: checks 
*** TURN *** [7h 5h 5c] [Jc]
GUMA123105: checks 
conej: bets $0.07
GUMA123105: calls $0.07
*** RIVER *** [7h 5h 5c Jc] [Jd]
GUMA123105: checks 
conej: checks 
*** SHOW DOWN ***
GUMA123105: shows [2h 2d] (two pair, Jacks and Fives)
conej: shows [As Kd] (two pair, Jacks and Fives - Ace kicker)
conej collected $0.26 from pot
*** SUMMARY ***
Total pot $0.27 | Rake $0.01 
Board [7h 5h 5c Jc Jd]
Seat 1: Maria1995587 folded before Flop (didn't bet)
Seat 2: Dorex2007 folded before Flop (didn't bet)
Seat 3: AznFlyBoi folded before Flop (didn't bet)
Seat 5: geroyapur (button) folded before Flop (didn't bet)
Seat 6: Mehanicar (small blind) folded before Flop
Seat 8: GUMA123105 (big blind) showed [2h 2d] and lost with two pair, Jacks and Fives
Seat 9: conej showed [As Kd] and won ($0.26) with two pair, Jacks and Fives



PokerStars Hand #236068538443:  Hold'em No Limit ($0.01/$0.02 USD) - 2022/05/11 16:47:02 PT [2022/05/11 19:47:02 ET]
Table 'Euphemia' 9-max Seat #6 is the button
Seat 1: Maria1995587 ($1.79 in chips) 
Seat 2: Dorex2007 ($2.51 in chips) 
Seat 3: AznFlyBoi ($1.77 in chips) 
Seat 5: geroyapur ($4.14 in chips) 
Seat 6: Mehanicar ($3.37 in chips) 
Seat 8: GUMA123105 ($0.19 in chips) 
Seat 9: conej ($3.08 in chips) 
GUMA123105: posts small blind $0.01
conej: posts big blind $0.02
*** HOLE CARDS ***
Dealt to Dorex2007 [7s 4s]
Maria1995587: calls $0.02
Dorex2007: folds 
AznFlyBoi: calls $0.02
geroyapur: raises $0.04 to $0.06
Mehanicar: folds 
GUMA123105: calls $0.05
conej: folds 
Maria1995587: calls $0.04
AznFlyBoi: calls $0.04
*** FLOP *** [5s 4d Jh]
GUMA123105: bets $0.13 and is all-in
Brass_Monkie18 leaves the table
Maria1995587: calls $0.13
AznFlyBoi: folds 
AznFlyBoi leaves the table
geroyapur: folds 
Neptune27 joins the table at seat #4 
DoughRaymi joins the table at seat #3 
*** TURN *** [5s 4d Jh] [5h]
*** RIVER *** [5s 4d Jh 5h] [8d]
*** SHOW DOWN ***
GUMA123105: shows [Kc Jd] (two pair, Jacks and Fives)
Maria1995587: shows [3d As] (a pair of Fives)
GUMA123105 collected $0.50 from pot
*** SUMMARY ***
Total pot $0.52 | Rake $0.02 
Board [5s 4d Jh 5h 8d]
Seat 1: Maria1995587 showed [3d As] and lost with a pair of Fives
Seat 2: Dorex2007 folded before Flop (didn't bet)
Seat 3: AznFlyBoi folded on the Flop
Seat 5: geroyapur folded on the Flop
Seat 6: Mehanicar (button) folded before Flop (didn't bet)
Seat 8: GUMA123105 (small blind) showed [Kc Jd] and won ($0.50) with two pair, Jacks and Fives
Seat 9: conej (big blind) folded before Flop



PokerStars Hand #236068552099:  Hold'em No Limit ($0.01/$0.02 USD) - 2022/05/11 16:47:57 PT [2022/05/11 19:47:57 ET]
Table 'Euphemia' 9-max Seat #8 is the button
Seat 1: Maria1995587 ($1.60 in chips) 
Seat 2: Dorex2007 ($2.51 in chips) 
Seat 3: DoughRaymi ($1.07 in chips) 
Seat 4: Neptune27 ($2 in chips) 
Seat 5: geroyapur ($4.08 in chips) 
Seat 6: Mehanicar ($3.37 in chips) 
Seat 7: c u later287 ($2.52 in chips) 
Seat 8: GUMA123105 ($0.50 in chips) 
Seat 9: conej ($3.06 in chips) 
conej: posts small blind $0.01
Maria1995587: posts big blind $0.02
DoughRaymi: posts big blind $0.02
Neptune27: posts big blind $0.02
c u later287: posts small & big blinds $0.03
*** HOLE CARDS ***
Dealt to Dorex2007 [5d 4d]
Dorex2007: folds 
DoughRaymi: checks 
Neptune27: checks 
geroyapur: folds 
Mehanicar: folds 
c u later287: checks 
GUMA123105: calls $0.02
conej: folds 
Maria1995587: checks 
*** FLOP *** [5c 3d 7c]
Maria1995587: checks 
DoughRaymi: checks 
Neptune27: checks 
c u later287: checks 
GUMA123105: checks 
*** TURN *** [5c 3d 7c] [Td]
Maria1995587: checks 
DoughRaymi: checks 
Neptune27: checks 
c u later287: checks 
GUMA123105: checks 
*** RIVER *** [5c 3d 7c Td] [Tc]
Maria1995587: checks 
DoughRaymi: checks 
Neptune27: checks 
c u later287: bets $0.02
GUMA123105: calls $0.02
Maria1995587: folds 
DoughRaymi: calls $0.02
Neptune27: folds 
*** SHOW DOWN ***
c u later287: shows [Js 5s] (two pair, Tens and Fives)
GUMA123105: shows [6c 7d] (two pair, Tens and Sevens)
DoughRaymi: mucks hand 
GUMA123105 collected $0.17 from pot
*** SUMMARY ***
Total pot $0.18 | Rake $0.01 
Board [5c 3d 7c Td Tc]
Seat 1: Maria1995587 (big blind) folded on the River
Seat 2: Dorex2007 folded before Flop (didn't bet)
Seat 3: DoughRaymi mucked [8c Kh]
Seat 4: Neptune27 folded on the River (didn't bet)
Seat 5: geroyapur folded before Flop (didn't bet)
Seat 6: Mehanicar folded before Flop (didn't bet)
Seat 7: c u later287 showed [Js 5s] and lost with two pair, Tens and Fives
Seat 8: GUMA123105 (button) showed [6c 7d] and won ($0.17) with two pair, Tens and Sevens
Seat 9: conej (small blind) folded before Flop



PokerStars Hand #236068569956:  Hold'em No Limit ($0.01/$0.02 USD) - 2022/05/11 16:49:09 PT [2022/05/11 19:49:09 ET]
Table 'Euphemia' 9-max Seat #9 is the button
Seat 1: Maria1995587 ($1.58 in chips) 
Seat 2: Dorex2007 ($2.51 in chips) 
Seat 3: DoughRaymi ($1.03 in chips) 
Seat 4: Neptune27 ($2 in chips) 
Seat 5: geroyapur ($4.08 in chips) 
Seat 6: Mehanicar ($3.37 in chips) 
Seat 7: c u later287 ($2.47 in chips) 
Seat 8: GUMA123105 ($0.63 in chips) 
Seat 9: conej ($3.05 in chips) 
Maria1995587: posts small blind $0.01
Dorex2007: posts big blind $0.02
*** HOLE CARDS ***
Dealt to Dorex2007 [3d Js]
DoughRaymi: folds 
Neptune27: folds 
geroyapur: folds 
Mehanicar: raises $0.04 to $0.06
c u later287: folds 
GUMA123105: calls $0.06
conej: folds 
Maria1995587: folds 
Dorex2007: folds 
*** FLOP *** [8d Ah 8s]
Mehanicar: bets $0.14
GUMA123105: folds 
Uncalled bet ($0.14) returned to Mehanicar
geroyapur leaves the table
Mehanicar collected $0.14 from pot
Mehanicar: doesn't show hand 
*** SUMMARY ***
Total pot $0.15 | Rake $0.01 
Board [8d Ah 8s]
Seat 1: Maria1995587 (small blind) folded before Flop
Seat 2: Dorex2007 (big blind) folded before Flop
Seat 3: DoughRaymi folded before Flop (didn't bet)
Seat 4: Neptune27 folded before Flop (didn't bet)
Seat 5: geroyapur folded before Flop (didn't bet)
Seat 6: Mehanicar collected ($0.14)
Seat 7: c u later287 folded before Flop (didn't bet)
Seat 8: GUMA123105 folded on the Flop
Seat 9: conej (button) folded before Flop (didn't bet)



PokerStars Hand #236068574632:  Hold'em No Limit ($0.01/$0.02 USD) - 2022/05/11 16:49:28 PT [2022/05/11 19:49:28 ET]
Table 'Euphemia' 9-max Seat #1 is the button
Seat 1: Maria1995587 ($1.57 in chips) 
Seat 2: Dorex2007 ($2.49 in chips) 
Seat 3: DoughRaymi ($1.03 in chips) 
Seat 4: Neptune27 ($2 in chips) 
Seat 6: Mehanicar ($3.45 in chips) 
Seat 7: c u later287 ($2.47 in chips) 
Seat 8: GUMA123105 ($0.57 in chips) 
Seat 9: conej ($3.05 in chips) 
Dorex2007: posts small blind $0.01
DoughRaymi: posts big blind $0.02
*** HOLE CARDS ***
Dealt to Dorex2007 [4d 9c]
Neptune27: folds 
Mehanicar: raises $0.04 to $0.06
c u later287: raises $0.15 to $0.21
GUMA123105: calls $0.21
conej: folds 
Maria1995587: folds 
Dorex2007: folds 
DoughRaymi: folds 
Mehanicar: calls $0.15
*** FLOP *** [Ad 3h 9d]
Mehanicar: checks 
c u later287: checks 
GUMA123105: bets $0.36 and is all-in
Mehanicar: calls $0.36
c u later287: raises $1.90 to $2.26 and is all-in
Mehanicar: folds 
Uncalled bet ($1.90) returned to c u later287
*** TURN *** [Ad 3h 9d] [Qh]
*** RIVER *** [Ad 3h 9d Qh] [7d]
*** SHOW DOWN ***
c u later287: shows [Ks Kd] (a pair of Kings)
GUMA123105: shows [3c Ah] (two pair, Aces and Threes)
GUMA123105 collected $1.68 from pot
*** SUMMARY ***
Total pot $1.74 | Rake $0.06 
Board [Ad 3h 9d Qh 7d]
Seat 1: Maria1995587 (button) folded before Flop (didn't bet)
Seat 2: Dorex2007 (small blind) folded before Flop
Seat 3: DoughRaymi (big blind) folded before Flop
Seat 4: Neptune27 folded before Flop (didn't bet)
Seat 6: Mehanicar folded on the Flop
Seat 7: c u later287 showed [Ks Kd] and lost with a pair of Kings
Seat 8: GUMA123105 showed [3c Ah] and won ($1.68) with two pair, Aces and Threes
Seat 9: conej folded before Flop (didn't bet)



PokerStars Hand #236068584695:  Hold'em No Limit ($0.01/$0.02 USD) - 2022/05/11 16:50:09 PT [2022/05/11 19:50:09 ET]
Table 'Euphemia' 9-max Seat #2 is the button
Seat 1: Maria1995587 ($1.57 in chips) 
Seat 2: Dorex2007 ($2.48 in chips) 
Seat 3: DoughRaymi ($1.01 in chips) 
Seat 4: Neptune27 ($2 in chips) 
Seat 6: Mehanicar ($2.88 in chips) 
Seat 7: c u later287 ($1.90 in chips) 
Seat 8: GUMA123105 ($1.68 in chips) 
Seat 9: conej ($3.05 in chips) 
DoughRaymi: posts small blind $0.01
Neptune27: posts big blind $0.02
*** HOLE CARDS ***
Dealt to Dorex2007 [Jd 8s]
Mehanicar: folds 
davegoa joins the table at seat #5 
c u later287: folds 
GUMA123105: calls $0.02
conej: folds 
Maria1995587: folds 
Dorex2007: folds 
DoughRaymi: folds 
Neptune27: checks 
*** FLOP *** [Ac Ah 5s]
Neptune27: checks 
GUMA123105: checks 
*** TURN *** [Ac Ah 5s] [As]
Neptune27: checks 
GUMA123105: checks 
*** RIVER *** [Ac Ah 5s As] [Qc]
Neptune27: checks 
GUMA123105: checks 
*** SHOW DOWN ***
Neptune27: shows [8c Th] (three of a kind, Aces)
GUMA123105: shows [Ad Kc] (four of a kind, Aces)
GUMA123105 collected $0.05 from pot
*** SUMMARY ***
Total pot $0.05 | Rake $0 
Board [Ac Ah 5s As Qc]
Seat 1: Maria1995587 folded before Flop (didn't bet)
Seat 2: Dorex2007 (button) folded before Flop (didn't bet)
Seat 3: DoughRaymi (small blind) folded before Flop
Seat 4: Neptune27 (big blind) showed [8c Th] and lost with three of a kind, Aces
Seat 6: Mehanicar folded before Flop (didn't bet)
Seat 7: c u later287 folded before Flop (didn't bet)
Seat 8: GUMA123105 showed [Ad Kc] and won ($0.05) with four of a kind, Aces
Seat 9: conej folded before Flop (didn't bet)



PokerStars Hand #236068592401:  Hold'em No Limit ($0.01/$0.02 USD) - 2022/05/11 16:50:40 PT [2022/05/11 19:50:40 ET]
Table 'Euphemia' 9-max Seat #3 is the button
Seat 1: Maria1995587 ($1.57 in chips) 
Seat 2: Dorex2007 ($2.48 in chips) 
Seat 3: DoughRaymi ($1 in chips) 
Seat 4: Neptune27 ($2 in chips) 
Seat 5: davegoa ($2 in chips) 
Seat 6: Mehanicar ($2.88 in chips) 
Seat 7: c u later287 ($1.90 in chips) 
Seat 8: GUMA123105 ($1.71 in chips) 
Seat 9: conej ($3.05 in chips) 
Neptune27: posts small blind $0.01
davegoa: posts big blind $0.02
*** HOLE CARDS ***
Dealt to Dorex2007 [4s 4c]
Mehanicar: raises $0.04 to $0.06
c u later287: folds 
GUMA123105: calls $0.06
conej: folds 
Maria1995587: folds 
Dorex2007: calls $0.06
DoughRaymi: calls $0.06
Neptune27: folds 
davegoa: folds 
*** FLOP *** [Kh 3c 8h]
Mehanicar: bets $0.26
GUMA123105: folds 
Dorex2007: folds 
DoughRaymi: folds 
Uncalled bet ($0.26) returned to Mehanicar
Mehanicar collected $0.26 from pot
Mehanicar: doesn't show hand 
*** SUMMARY ***
Total pot $0.27 | Rake $0.01 
Board [Kh 3c 8h]
Seat 1: Maria1995587 folded before Flop (didn't bet)
Seat 2: Dorex2007 folded on the Flop
Seat 3: DoughRaymi (button) folded on the Flop
Seat 4: Neptune27 (small blind) folded before Flop
Seat 5: davegoa (big blind) folded before Flop
Seat 6: Mehanicar collected ($0.26)
Seat 7: c u later287 folded before Flop (didn't bet)
Seat 8: GUMA123105 folded on the Flop
Seat 9: conej folded before Flop (didn't bet)



PokerStars Hand #236068601316:  Hold'em No Limit ($0.01/$0.02 USD) - 2022/05/11 16:51:16 PT [2022/05/11 19:51:16 ET]
Table 'Euphemia' 9-max Seat #4 is the button
Seat 1: Maria1995587 ($1.57 in chips) 
Seat 2: Dorex2007 ($2.42 in chips) 
Seat 3: DoughRaymi ($0.94 in chips) 
Seat 4: Neptune27 ($2 in chips) 
Seat 5: davegoa ($2 in chips) 
Seat 6: Mehanicar ($3.08 in chips) 
Seat 7: c u later287 ($1.90 in chips) 
Seat 8: GUMA123105 ($1.65 in chips) 
Seat 9: conej ($3.05 in chips) 
davegoa: posts small blind $0.01
Mehanicar: posts big blind $0.02
*** HOLE CARDS ***
Dealt to Dorex2007 [Qc 8h]
c u later287: folds 
GUMA123105: calls $0.02
conej: folds 
Maria1995587: calls $0.02
Dorex2007: folds 
DoughRaymi: calls $0.02
Neptune27: folds 
davegoa: calls $0.01
Mehanicar: checks 
*** FLOP *** [8s 4d 4c]
davegoa: checks 
Mehanicar: checks 
GUMA123105: checks 
Maria1995587: checks 
DoughRaymi: checks 
*** TURN *** [8s 4d 4c] [5d]
davegoa: checks 
Mehanicar: checks 
GUMA123105: checks 
Maria1995587: checks 
DoughRaymi: bets $0.02
davegoa: calls $0.02
Mehanicar: folds 
GUMA123105: folds 
Maria1995587: calls $0.02
*** RIVER *** [8s 4d 4c 5d] [7s]
davegoa: checks 
Maria1995587: checks 
DoughRaymi: checks 
*** SHOW DOWN ***
davegoa: shows [As Kc] (a pair of Fours)
Maria1995587: shows [Ad 5c] (two pair, Fives and Fours)
DoughRaymi: mucks hand 
Maria1995587 collected $0.15 from pot
*** SUMMARY ***
Total pot $0.16 | Rake $0.01 
Board [8s 4d 4c 5d 7s]
Seat 1: Maria1995587 showed [Ad 5c] and won ($0.15) with two pair, Fives and Fours
Seat 2: Dorex2007 folded before Flop (didn't bet)
Seat 3: DoughRaymi mucked [Qs 5s]
Seat 4: Neptune27 (button) folded before Flop (didn't bet)
Seat 5: davegoa (small blind) showed [As Kc] and lost with a pair of Fours
Seat 6: Mehanicar (big blind) folded on the Turn
Seat 7: c u later287 folded before Flop (didn't bet)
Seat 8: GUMA123105 folded on the Turn
Seat 9: conej folded before Flop (didn't bet)



PokerStars Hand #236068623071:  Hold'em No Limit ($0.01/$0.02 USD) - 2022/05/11 16:52:19 PT [2022/05/11 19:52:19 ET]
Table 'Euphemia' 9-max Seat #5 is the button
Seat 1: Maria1995587 ($1.68 in chips) 
Seat 2: Dorex2007 ($2.42 in chips) 
Seat 3: DoughRaymi ($0.90 in chips) 
Seat 4: Neptune27 ($2 in chips) 
Seat 5: davegoa ($1.96 in chips) 
Seat 6: Mehanicar ($3.06 in chips) 
Seat 7: c u later287 ($1.90 in chips) 
Seat 8: GUMA123105 ($1.63 in chips) 
Seat 9: conej ($3.05 in chips) 
Mehanicar: posts small blind $0.01
c u later287: posts big blind $0.02
*** HOLE CARDS ***
Dealt to Dorex2007 [7c Jh]
GUMA123105: raises $0.04 to $0.06
conej: folds 
Maria1995587: calls $0.06
Dorex2007: folds 
DoughRaymi: folds 
Neptune27: folds 
davegoa: folds 
Mehanicar: folds 
c u later287: folds 
*** FLOP *** [4d 6h 8h]
GUMA123105: bets $0.02
Maria1995587: calls $0.02
*** TURN *** [4d 6h 8h] [3s]
GUMA123105: bets $0.02
Maria1995587: calls $0.02
*** RIVER *** [4d 6h 8h 3s] [6d]
GUMA123105: bets $0.02
Maria1995587: raises $1.56 to $1.58 and is all-in
GUMA123105: folds 
Uncalled bet ($1.56) returned to Maria1995587
Maria1995587 collected $0.26 from pot
*** SUMMARY ***
Total pot $0.27 | Rake $0.01 
Board [4d 6h 8h 3s 6d]
Seat 1: Maria1995587 collected ($0.26)
Seat 2: Dorex2007 folded before Flop (didn't bet)
Seat 3: DoughRaymi folded before Flop (didn't bet)
Seat 4: Neptune27 folded before Flop (didn't bet)
Seat 5: davegoa (button) folded before Flop (didn't bet)
Seat 6: Mehanicar (small blind) folded before Flop
Seat 7: c u later287 (big blind) folded before Flop
Seat 8: GUMA123105 folded on the River
Seat 9: conej folded before Flop (didn't bet)



PokerStars Hand #236068638374:  Hold'em No Limit ($0.01/$0.02 USD) - 2022/05/11 16:53:22 PT [2022/05/11 19:53:22 ET]
Table 'Euphemia' 9-max Seat #6 is the button
Seat 1: Maria1995587 ($1.82 in chips) 
Seat 2: Dorex2007 ($2.42 in chips) 
Seat 3: DoughRaymi ($0.90 in chips) 
Seat 4: Neptune27 ($2 in chips) 
Seat 5: davegoa ($2 in chips) 
Seat 6: Mehanicar ($3.05 in chips) 
Seat 7: c u later287 ($1.88 in chips) 
Seat 8: GUMA123105 ($1.51 in chips) 
Seat 9: conej ($3.05 in chips) 
c u later287: posts small blind $0.01
GUMA123105: posts big blind $0.02
*** HOLE CARDS ***
Dealt to Dorex2007 [Jh 8h]
conej: folds 
Maria1995587: folds 
Dorex2007: folds 
DoughRaymi: folds 
Neptune27: folds 
davegoa: folds 
Mehanicar: folds 
c u later287: folds 
Uncalled bet ($0.01) returned to GUMA123105
GUMA123105 collected $0.02 from pot
GUMA123105: doesn't show hand 
*** SUMMARY ***
Total pot $0.02 | Rake $0 
Seat 1: Maria1995587 folded before Flop (didn't bet)
Seat 2: Dorex2007 folded before Flop (didn't bet)
Seat 3: DoughRaymi folded before Flop (didn't bet)
Seat 4: Neptune27 folded before Flop (didn't bet)
Seat 5: davegoa folded before Flop (didn't bet)
Seat 6: Mehanicar (button) folded before Flop (didn't bet)
Seat 7: c u later287 (small blind) folded before Flop
Seat 8: GUMA123105 (big blind) collected ($0.02)
Seat 9: conej folded before Flop (didn't bet)



PokerStars Hand #236068642745:  Hold'em No Limit ($0.01/$0.02 USD) - 2022/05/11 16:53:40 PT [2022/05/11 19:53:40 ET]
Table 'Euphemia' 9-max Seat #7 is the button
Seat 1: Maria1995587 ($1.82 in chips) 
Seat 2: Dorex2007 ($2.42 in chips) 
Seat 3: DoughRaymi ($0.90 in chips) 
Seat 4: Neptune27 ($2 in chips) 
Seat 5: davegoa ($2 in chips) 
Seat 6: Mehanicar ($3.05 in chips) 
Seat 7: c u later287 ($1.87 in chips) 
Seat 8: GUMA123105 ($1.52 in chips) 
Seat 9: conej ($3.05 in chips) 
GUMA123105: posts small blind $0.01
conej: posts big blind $0.02
*** HOLE CARDS ***
Dealt to Dorex2007 [Qh 4c]
Maria1995587: raises $0.04 to $0.06
Dorex2007: folds 
DoughRaymi: calls $0.06
Neptune27: folds 
davegoa: folds 
Mehanicar: folds 
c u later287: folds 
GUMA123105: calls $0.05
conej: folds 
*** FLOP *** [3h 2c 4s]
GUMA123105: checks 
Maria1995587: bets $0.12
DoughRaymi: folds 
GUMA123105: calls $0.12
*** TURN *** [3h 2c 4s] [7c]
GUMA123105: checks 
Maria1995587: checks 
*** RIVER *** [3h 2c 4s 7c] [Ks]
GUMA123105: bets $0.10
Maria1995587: raises $1.54 to $1.64 and is all-in
GUMA123105: folds 
Uncalled bet ($1.54) returned to Maria1995587
Maria1995587 collected $0.62 from pot
Maria1995587: doesn't show hand 
*** SUMMARY ***
Total pot $0.64 | Rake $0.02 
Board [3h 2c 4s 7c Ks]
Seat 1: Maria1995587 collected ($0.62)
Seat 2: Dorex2007 folded before Flop (didn't bet)
Seat 3: DoughRaymi folded on the Flop
Seat 4: Neptune27 folded before Flop (didn't bet)
Seat 5: davegoa folded before Flop (didn't bet)
Seat 6: Mehanicar folded before Flop (didn't bet)
Seat 7: c u later287 (button) folded before Flop (didn't bet)
Seat 8: GUMA123105 (small blind) folded on the River
Seat 9: conej (big blind) folded before Flop



PokerStars Hand #236068662075:  Hold'em No Limit ($0.01/$0.02 USD) - 2022/05/11 16:54:59 PT [2022/05/11 19:54:59 ET]
Table 'Euphemia' 9-max Seat #8 is the button
Seat 1: Maria1995587 ($2.16 in chips) 
Seat 2: Dorex2007 ($2.42 in chips) 
Seat 3: DoughRaymi ($0.84 in chips) 
Seat 4: Neptune27 ($2 in chips) 
Seat 5: davegoa ($2 in chips) 
Seat 6: Mehanicar ($3.05 in chips) 
Seat 7: c u later287 ($1.87 in chips) 
Seat 8: GUMA123105 ($1.24 in chips) 
Seat 9: conej ($3.03 in chips) 
conej: posts small blind $0.01
Maria1995587: posts big blind $0.02
*** HOLE CARDS ***
Dealt to Dorex2007 [Td 4d]
Dorex2007: folds 
DoughRaymi: folds 
Neptune27: folds 
davegoa: folds 
Mehanicar: folds 
c u later287: folds 
GUMA123105: calls $0.02
conej: folds 
Maria1995587: checks 
*** FLOP *** [7c 4s 9h]
Maria1995587: checks 
GUMA123105: bets $0.02
Maria1995587: calls $0.02
*** TURN *** [7c 4s 9h] [Kd]
Maria1995587: checks 
GUMA123105: bets $0.02
Maria1995587: folds 
Uncalled bet ($0.02) returned to GUMA123105
GUMA123105 collected $0.09 from pot
GUMA123105: doesn't show hand 
*** SUMMARY ***
Total pot $0.09 | Rake $0 
Board [7c 4s 9h Kd]
Seat 1: Maria1995587 (big blind) folded on the Turn
Seat 2: Dorex2007 folded before Flop (didn't bet)
Seat 3: DoughRaymi folded before Flop (didn't bet)
Seat 4: Neptune27 folded before Flop (didn't bet)
Seat 5: davegoa folded before Flop (didn't bet)
Seat 6: Mehanicar folded before Flop (didn't bet)
Seat 7: c u later287 folded before Flop (didn't bet)
Seat 8: GUMA123105 (button) collected ($0.09)
Seat 9: conej (small blind) folded before Flop



PokerStars Hand #236068673761:  Hold'em No Limit ($0.01/$0.02 USD) - 2022/05/11 16:55:56 PT [2022/05/11 19:55:56 ET]
Table 'Euphemia' 9-max Seat #9 is the button
Seat 1: Maria1995587 ($2.12 in chips) 
Seat 2: Dorex2007 ($2.42 in chips) 
Seat 3: DoughRaymi ($0.84 in chips) 
Seat 4: Neptune27 ($2 in chips) 
Seat 5: davegoa ($2 in chips) 
Seat 6: Mehanicar ($3.05 in chips) 
Seat 7: c u later287 ($1.87 in chips) 
Seat 8: GUMA123105 ($1.29 in chips) 
Seat 9: conej ($3.02 in chips) 
Maria1995587: posts small blind $0.01
Dorex2007: posts big blind $0.02
*** HOLE CARDS ***
Dealt to Dorex2007 [6d 5d]
DoughRaymi: raises $0.02 to $0.04
Neptune27: folds 
davegoa: folds 
Mehanicar: calls $0.04
c u later287: folds 
GUMA123105: calls $0.04
conej: calls $0.04
Maria1995587: calls $0.03
Dorex2007: calls $0.02
*** FLOP *** [3c 6c Qd]
Maria1995587: checks 
Dorex2007: checks 
DoughRaymi: bets $0.06
Mehanicar: folds 
GUMA123105: calls $0.06
conej: calls $0.06
Maria1995587: folds 
Dorex2007: folds 
*** TURN *** [3c 6c Qd] [As]
DoughRaymi: bets $0.21
GUMA123105: folds 
conej: calls $0.21
*** RIVER *** [3c 6c Qd As] [3d]
DoughRaymi: bets $0.53 and is all-in
conej: folds 
Uncalled bet ($0.53) returned to DoughRaymi
DoughRaymi collected $0.81 from pot
DoughRaymi: doesn't show hand 
*** SUMMARY ***
Total pot $0.84 | Rake $0.03 
Board [3c 6c Qd As 3d]
Seat 1: Maria1995587 (small blind) folded on the Flop
Seat 2: Dorex2007 (big blind) folded on the Flop
Seat 3: DoughRaymi collected ($0.81)
Seat 4: Neptune27 folded before Flop (didn't bet)
Seat 5: davegoa folded before Flop (didn't bet)
Seat 6: Mehanicar folded on the Flop
Seat 7: c u later287 folded before Flop (didn't bet)
Seat 8: GUMA123105 folded on the Turn
Seat 9: conej (button) folded on the River



PokerStars Hand #236068690990:  Hold'em No Limit ($0.01/$0.02 USD) - 2022/05/11 16:57:22 PT [2022/05/11 19:57:22 ET]
Table 'Euphemia' 9-max Seat #1 is the button
Seat 1: Maria1995587 ($2.08 in chips) 
Seat 2: Dorex2007 ($2.38 in chips) 
Seat 3: DoughRaymi ($1.34 in chips) 
Seat 4: Neptune27 ($2 in chips) 
Seat 5: davegoa ($2 in chips) 
Seat 6: Mehanicar ($3.01 in chips) 
Seat 7: c u later287 ($1.87 in chips) 
Seat 8: GUMA123105 ($1.19 in chips) 
Seat 9: conej ($2.71 in chips) 
Dorex2007: posts small blind $0.01
DoughRaymi: posts big blind $0.02
*** HOLE CARDS ***
Dealt to Dorex2007 [Ah 3h]
Neptune27: raises $0.03 to $0.05
davegoa: folds 
Mehanicar: folds 
c u later287: folds 
GUMA123105: calls $0.05
conej: folds 
Maria1995587: folds 
Dorex2007: folds 
DoughRaymi: calls $0.03
*** FLOP *** [7s Td Ac]
DoughRaymi: bets $0.08
Neptune27: folds 
GUMA123105: folds 
Uncalled bet ($0.08) returned to DoughRaymi
DoughRaymi collected $0.15 from pot
DoughRaymi: doesn't show hand 
*** SUMMARY ***
Total pot $0.16 | Rake $0.01 
Board [7s Td Ac]
Seat 1: Maria1995587 (button) folded before Flop (didn't bet)
Seat 2: Dorex2007 (small blind) folded before Flop
Seat 3: DoughRaymi (big blind) collected ($0.15)
Seat 4: Neptune27 folded on the Flop
Seat 5: davegoa folded before Flop (didn't bet)
Seat 6: Mehanicar folded before Flop (didn't bet)
Seat 7: c u later287 folded before Flop (didn't bet)
Seat 8: GUMA123105 folded on the Flop
Seat 9: conej folded before Flop (didn't bet)



PokerStars Hand #236068696636:  Hold'em No Limit ($0.01/$0.02 USD) - 2022/05/11 16:57:50 PT [2022/05/11 19:57:50 ET]
Table 'Euphemia' 9-max Seat #2 is the button
Seat 1: Maria1995587 ($2.08 in chips) 
Seat 2: Dorex2007 ($2.37 in chips) 
Seat 3: DoughRaymi ($1.44 in chips) 
Seat 4: Neptune27 ($2 in chips) 
Seat 5: davegoa ($2 in chips) 
Seat 6: Mehanicar ($3.01 in chips) 
Seat 7: c u later287 ($1.87 in chips) 
Seat 8: GUMA123105 ($1.14 in chips) 
Seat 9: conej ($2.71 in chips) 
DoughRaymi: posts small blind $0.01
Neptune27: posts big blind $0.02
*** HOLE CARDS ***
Dealt to Dorex2007 [4c Ac]
davegoa: folds 
Mehanicar: folds 
c u later287: raises $0.02 to $0.04
GUMA123105: calls $0.04
conej: folds 
Maria1995587: raises $0.18 to $0.22
Dorex2007: folds 
DoughRaymi: folds 
Neptune27: folds 
c u later287: folds 
GUMA123105: folds 
Uncalled bet ($0.18) returned to Maria1995587
Maria1995587 collected $0.15 from pot
*** SUMMARY ***
Total pot $0.15 | Rake $0 
Seat 1: Maria1995587 collected ($0.15)
Seat 2: Dorex2007 (button) folded before Flop (didn't bet)
Seat 3: DoughRaymi (small blind) folded before Flop
Seat 4: Neptune27 (big blind) folded before Flop
Seat 5: davegoa folded before Flop (didn't bet)
Seat 6: Mehanicar folded before Flop (didn't bet)
Seat 7: c u later287 folded before Flop
Seat 8: GUMA123105 folded before Flop
Seat 9: conej folded before Flop (didn't bet)



PokerStars Hand #236068707600:  Hold'em No Limit ($0.01/$0.02 USD) - 2022/05/11 16:58:45 PT [2022/05/11 19:58:45 ET]
Table 'Euphemia' 9-max Seat #3 is the button
Seat 1: Maria1995587 ($2.19 in chips) 
Seat 2: Dorex2007 ($2.37 in chips) 
Seat 3: DoughRaymi ($1.43 in chips) 
Seat 4: Neptune27 ($2 in chips) 
Seat 5: davegoa ($2 in chips) 
Seat 6: Mehanicar ($3.01 in chips) 
Seat 7: c u later287 ($1.83 in chips) 
Seat 8: GUMA123105 ($1.10 in chips) 
Seat 9: conej ($2.71 in chips) 
Neptune27: posts small blind $0.01
davegoa: posts big blind $0.02
*** HOLE CARDS ***
Dealt to Dorex2007 [As 3c]
Mehanicar: raises $0.04 to $0.06
c u later287: folds 
GUMA123105: calls $0.06
conej: folds 
Maria1995587: folds 
Dorex2007: folds 
DoughRaymi: folds 
Neptune27: folds 
davegoa: folds 
*** FLOP *** [Td 3h 3d]
Mehanicar: bets $0.14
GUMA123105: folds 
Uncalled bet ($0.14) returned to Mehanicar
Mehanicar collected $0.14 from pot
Mehanicar: doesn't show hand 
*** SUMMARY ***
Total pot $0.15 | Rake $0.01 
Board [Td 3h 3d]
Seat 1: Maria1995587 folded before Flop (didn't bet)
Seat 2: Dorex2007 folded before Flop (didn't bet)
Seat 3: DoughRaymi (button) folded before Flop (didn't bet)
Seat 4: Neptune27 (small blind) folded before Flop
Seat 5: davegoa (big blind) folded before Flop
Seat 6: Mehanicar collected ($0.14)
Seat 7: c u later287 folded before Flop (didn't bet)
Seat 8: GUMA123105 folded on the Flop
Seat 9: conej folded before Flop (didn't bet)



PokerStars Hand #236068712148:  Hold'em No Limit ($0.01/$0.02 USD) - 2022/05/11 16:59:07 PT [2022/05/11 19:59:07 ET]
Table 'Euphemia' 9-max Seat #4 is the button
Seat 1: Maria1995587 ($2.19 in chips) 
Seat 2: Dorex2007 ($2.37 in chips) 
Seat 3: DoughRaymi ($1.43 in chips) 
Seat 4: Neptune27 ($2 in chips) 
Seat 5: davegoa ($2 in chips) 
Seat 6: Mehanicar ($3.09 in chips) 
Seat 7: c u later287 ($1.83 in chips) 
Seat 8: GUMA123105 ($1.04 in chips) 
Seat 9: conej ($2.71 in chips) 
davegoa: posts small blind $0.01
Mehanicar: posts big blind $0.02
*** HOLE CARDS ***
Dealt to Dorex2007 [Kc 6h]
c u later287: folds 
GUMA123105: folds 
conej: folds 
Maria1995587: folds 
Dorex2007: folds 
DoughRaymi: folds 
Neptune27: raises $0.02 to $0.04
davegoa: folds 
Maria1995587 leaves the table
Mehanicar: raises $0.08 to $0.12
Neptune27: folds 
Uncalled bet ($0.08) returned to Mehanicar
Mehanicar collected $0.09 from pot
Mehanicar: doesn't show hand 
*** SUMMARY ***
Total pot $0.09 | Rake $0 
Seat 1: Maria1995587 folded before Flop (didn't bet)
Seat 2: Dorex2007 folded before Flop (didn't bet)
Seat 3: DoughRaymi folded before Flop (didn't bet)
Seat 4: Neptune27 (button) folded before Flop
Seat 5: davegoa (small blind) folded before Flop
Seat 6: Mehanicar (big blind) collected ($0.09)
Seat 7: c u later287 folded before Flop (didn't bet)
Seat 8: GUMA123105 folded before Flop (didn't bet)
Seat 9: conej folded before Flop (didn't bet)



PokerStars Hand #236068717489:  Hold'em No Limit ($0.01/$0.02 USD) - 2022/05/11 16:59:34 PT [2022/05/11 19:59:34 ET]
Table 'Euphemia' 9-max Seat #5 is the button
Seat 2: Dorex2007 ($2.37 in chips) 
Seat 3: DoughRaymi ($1.43 in chips) 
Seat 4: Neptune27 ($2 in chips) 
Seat 5: davegoa ($1.99 in chips) 
Seat 6: Mehanicar ($3.14 in chips) 
Seat 7: c u later287 ($1.83 in chips) 
Seat 8: GUMA123105 ($1.04 in chips) 
Seat 9: conej ($2.71 in chips) 
Mehanicar: posts small blind $0.01
c u later287: posts big blind $0.02
*** HOLE CARDS ***
Dealt to Dorex2007 [Kd 3c]
GUMA123105: calls $0.02
conej: folds 
Dorex2007: folds 
DoughRaymi: folds 
Neptune27: raises $0.06 to $0.08
davegoa: folds 
Mehanicar: folds 
c u later287: calls $0.06
GUMA123105: calls $0.06
*** FLOP *** [7s 2s 7h]
c u later287: checks 
GUMA123105: checks 
Neptune27: checks 
*** TURN *** [7s 2s 7h] [3d]
AAGamerAA joins the table at seat #1 
c u later287: checks 
GUMA123105: checks 
Neptune27: checks 
*** RIVER *** [7s 2s 7h 3d] [Ad]
c u later287: checks 
GUMA123105: checks 
Neptune27: checks 
*** SHOW DOWN ***
c u later287: shows [8s 5d] (a pair of Sevens)
GUMA123105: shows [4d 3s] (two pair, Sevens and Threes)
Neptune27: mucks hand 
GUMA123105 collected $0.24 from pot
*** SUMMARY ***
Total pot $0.25 | Rake $0.01 
Board [7s 2s 7h 3d Ad]
Seat 2: Dorex2007 folded before Flop (didn't bet)
Seat 3: DoughRaymi folded before Flop (didn't bet)
Seat 4: Neptune27 mucked [Kc Js]
Seat 5: davegoa (button) folded before Flop (didn't bet)
Seat 6: Mehanicar (small blind) folded before Flop
Seat 7: c u later287 (big blind) showed [8s 5d] and lost with a pair of Sevens
Seat 8: GUMA123105 showed [4d 3s] and won ($0.24) with two pair, Sevens and Threes
Seat 9: conej folded before Flop (didn't bet)



PokerStars Hand #236068736122:  Hold'em No Limit ($0.01/$0.02 USD) - 2022/05/11 17:00:22 PT [2022/05/11 20:00:22 ET]
Table 'Euphemia' 9-max Seat #6 is the button
Seat 1: AAGamerAA ($2 in chips) 
Seat 2: Dorex2007 ($2.37 in chips) 
Seat 3: DoughRaymi ($1.43 in chips) 
Seat 4: Neptune27 ($2 in chips) 
Seat 5: davegoa ($2 in chips) 
Seat 6: Mehanicar ($3.13 in chips) 
Seat 7: c u later287 ($1.75 in chips) 
Seat 8: GUMA123105 ($1.20 in chips) 
Seat 9: conej ($2.71 in chips) 
c u later287: posts small blind $0.01
GUMA123105: posts big blind $0.02
AAGamerAA: posts big blind $0.02
*** HOLE CARDS ***
Dealt to Dorex2007 [Jc 5c]
conej: folds 
AAGamerAA: checks 
Dorex2007: folds 
DoughRaymi: calls $0.02
Neptune27: raises $0.12 to $0.14
davegoa: folds 
Mehanicar: calls $0.14
c u later287: raises $1.61 to $1.75 and is all-in
GUMA123105: folds 
AAGamerAA: folds 
DoughRaymi: folds 
Neptune27: folds 
Mehanicar: folds 
Uncalled bet ($1.61) returned to c u later287
davegoa is disconnected 
c u later287 collected $0.48 from pot
c u later287: doesn't show hand 
*** SUMMARY ***
Total pot $0.48 | Rake $0 
Seat 1: AAGamerAA folded before Flop (didn't bet)
Seat 2: Dorex2007 folded before Flop (didn't bet)
Seat 3: DoughRaymi folded before Flop
Seat 4: Neptune27 folded before Flop
Seat 5: davegoa folded before Flop (didn't bet)
Seat 6: Mehanicar (button) folded before Flop
Seat 7: c u later287 (small blind) collected ($0.48)
Seat 8: GUMA123105 (big blind) folded before Flop
Seat 9: conej folded before Flop (didn't bet)



PokerStars Hand #236068744609:  Hold'em No Limit ($0.01/$0.02 USD) - 2022/05/11 17:01:00 PT [2022/05/11 20:01:00 ET]
Table 'Euphemia' 9-max Seat #7 is the button
Seat 1: AAGamerAA ($1.98 in chips) 
Seat 2: Dorex2007 ($2.37 in chips) 
Seat 3: DoughRaymi ($1.41 in chips) 
Seat 4: Neptune27 ($2 in chips) 
Seat 5: davegoa ($2 in chips) 
Seat 6: Mehanicar ($2.99 in chips) 
Seat 7: c u later287 ($2.09 in chips) 
Seat 9: conej ($2.71 in chips) 
GUMA123105 has timed out
GUMA123105: is sitting out 
conej: posts small blind $0.01
AAGamerAA: posts big blind $0.02
*** HOLE CARDS ***
Dealt to Dorex2007 [4h Jc]
Dorex2007: folds 
DoughRaymi: folds 
Neptune27: raises $0.03 to $0.05
davegoa has timed out while disconnected
davegoa: folds 
Mehanicar: folds 
c u later287: folds 
conej: folds 
AAGamerAA: folds 
Uncalled bet ($0.03) returned to Neptune27
Neptune27 collected $0.05 from pot
*** SUMMARY ***
Total pot $0.05 | Rake $0 
Seat 1: AAGamerAA (big blind) folded before Flop
Seat 2: Dorex2007 folded before Flop (didn't bet)
Seat 3: DoughRaymi folded before Flop (didn't bet)
Seat 4: Neptune27 collected ($0.05)
Seat 5: davegoa folded before Flop (didn't bet)
Seat 6: Mehanicar folded before Flop (didn't bet)
Seat 7: c u later287 (button) folded before Flop (didn't bet)
Seat 9: conej (small blind) folded before Flop



PokerStars Hand #236068753549:  Hold'em No Limit ($0.01/$0.02 USD) - 2022/05/11 17:01:38 PT [2022/05/11 20:01:38 ET]
Table 'Euphemia' 9-max Seat #9 is the button
Seat 1: AAGamerAA ($1.96 in chips) 
Seat 2: Dorex2007 ($2.37 in chips) 
Seat 3: DoughRaymi ($1.41 in chips) 
Seat 4: Neptune27 ($2.03 in chips) 
Seat 6: Mehanicar ($2.99 in chips) 
Seat 7: c u later287 ($2.09 in chips) 
Seat 9: conej ($2.70 in chips) 
AAGamerAA: posts small blind $0.01
Dorex2007: posts big blind $0.02
*** HOLE CARDS ***
Dealt to Dorex2007 [Tc Ac]
DoughRaymi: folds 
Neptune27: folds 
Mehanicar: folds 
c u later287: folds 
conej: folds 
AAGamerAA: calls $0.01
Dorex2007: raises $0.06 to $0.08
AAGamerAA: calls $0.06
*** FLOP *** [Qs Qd 4s]
AAGamerAA: checks 
Dorex2007: bets $0.10
AAGamerAA: folds 
Uncalled bet ($0.10) returned to Dorex2007
Dorex2007 collected $0.15 from pot
Dorex2007: doesn't show hand 
*** SUMMARY ***
Total pot $0.16 | Rake $0.01 
Board [Qs Qd 4s]
Seat 1: AAGamerAA (small blind) folded on the Flop
Seat 2: Dorex2007 (big blind) collected ($0.15)
Seat 3: DoughRaymi folded before Flop (didn't bet)
Seat 4: Neptune27 folded before Flop (didn't bet)
Seat 6: Mehanicar folded before Flop (didn't bet)
Seat 7: c u later287 folded before Flop (didn't bet)
Seat 9: conej (button) folded before Flop (didn't bet)



PokerStars Hand #236068759203:  Hold'em No Limit ($0.01/$0.02 USD) - 2022/05/11 17:02:02 PT [2022/05/11 20:02:02 ET]
Table 'Euphemia' 9-max Seat #1 is the button
Seat 1: AAGamerAA ($1.88 in chips) 
Seat 2: Dorex2007 ($2.44 in chips) 
Seat 3: DoughRaymi ($1.41 in chips) 
Seat 4: Neptune27 ($2.03 in chips) 
Seat 5: davegoa ($2 in chips) 
Seat 6: Mehanicar ($2.99 in chips) 
Seat 7: c u later287 ($2.09 in chips) 
Seat 8: GUMA123105 ($1.18 in chips) 
Seat 9: conej ($2.70 in chips) 
Dorex2007: posts small blind $0.01
DoughRaymi: posts big blind $0.02
GUMA123105: posts small blind $0.01
*** HOLE CARDS ***
Dealt to Dorex2007 [4s 5c]
Neptune27: folds 
davegoa: folds 
Mehanicar: raises $0.04 to $0.06
c u later287: folds 
GUMA123105: calls $0.06
conej: folds 
AAGamerAA: folds 
Dorex2007: folds 
DoughRaymi: calls $0.04
*** FLOP *** [7h 4c 7c]
DoughRaymi: checks 
Mehanicar: checks 
GUMA123105: checks 
*** TURN *** [7h 4c 7c] [8c]
DoughRaymi: checks 
Mehanicar: bets $0.10
GUMA123105: calls $0.10
DoughRaymi: folds 
*** RIVER *** [7h 4c 7c 8c] [7s]
Mehanicar: bets $0.20
GUMA123105: folds 
Uncalled bet ($0.20) returned to Mehanicar
Mehanicar collected $0.39 from pot
Mehanicar: doesn't show hand 
*** SUMMARY ***
Total pot $0.40 | Rake $0.01 
Board [7h 4c 7c 8c 7s]
Seat 1: AAGamerAA (button) folded before Flop (didn't bet)
Seat 2: Dorex2007 (small blind) folded before Flop
Seat 3: DoughRaymi (big blind) folded on the Turn
Seat 4: Neptune27 folded before Flop (didn't bet)
Seat 5: davegoa folded before Flop (didn't bet)
Seat 6: Mehanicar collected ($0.39)
Seat 7: c u later287 folded before Flop (didn't bet)
Seat 8: GUMA123105 folded on the River
Seat 9: conej folded before Flop (didn't bet)



PokerStars Hand #236068770095:  Hold'em No Limit ($0.01/$0.02 USD) - 2022/05/11 17:02:47 PT [2022/05/11 20:02:47 ET]
Table 'Euphemia' 9-max Seat #2 is the button
Seat 1: AAGamerAA ($1.88 in chips) 
Seat 2: Dorex2007 ($2.43 in chips) 
Seat 3: DoughRaymi ($1.35 in chips) 
Seat 4: Neptune27 ($2.03 in chips) 
Seat 5: davegoa ($2 in chips) 
Seat 6: Mehanicar ($3.22 in chips) 
Seat 7: c u later287 ($2.09 in chips) 
Seat 8: GUMA123105 ($1.01 in chips) 
Seat 9: conej ($2.70 in chips) 
DoughRaymi: posts small blind $0.01
Neptune27: posts big blind $0.02
*** HOLE CARDS ***
Dealt to Dorex2007 [7s 4h]
davegoa: folds 
Mehanicar: raises $0.04 to $0.06
c u later287: calls $0.06
GUMA123105: calls $0.06
conej: folds 
AAGamerAA: calls $0.06
Dorex2007: folds 
DoughRaymi: folds 
Neptune27: calls $0.04
*** FLOP *** [6s 2d Jh]
Neptune27: checks 
Mehanicar: checks 
c u later287: bets $0.30
GUMA123105: folds 
AAGamerAA: calls $0.30
Neptune27: folds 
Mehanicar: folds 
*** TURN *** [6s 2d Jh] [Qc]
c u later287: bets $0.88
AAGamerAA: folds 
Uncalled bet ($0.88) returned to c u later287
c u later287 collected $0.88 from pot
c u later287: doesn't show hand 
*** SUMMARY ***
Total pot $0.91 | Rake $0.03 
Board [6s 2d Jh Qc]
Seat 1: AAGamerAA folded on the Turn
Seat 2: Dorex2007 (button) folded before Flop (didn't bet)
Seat 3: DoughRaymi (small blind) folded before Flop
Seat 4: Neptune27 (big blind) folded on the Flop
Seat 5: davegoa folded before Flop (didn't bet)
Seat 6: Mehanicar folded on the Flop
Seat 7: c u later287 collected ($0.88)
Seat 8: GUMA123105 folded on the Flop
Seat 9: conej folded before Flop (didn't bet)



PokerStars Hand #236068777972:  Hold'em No Limit ($0.01/$0.02 USD) - 2022/05/11 17:03:21 PT [2022/05/11 20:03:21 ET]
Table 'Euphemia' 9-max Seat #3 is the button
Seat 1: AAGamerAA ($1.52 in chips) 
Seat 2: Dorex2007 ($2.43 in chips) 
Seat 3: DoughRaymi ($1.34 in chips) 
Seat 4: Neptune27 ($2 in chips) 
Seat 5: davegoa ($2 in chips) 
Seat 6: Mehanicar ($3.16 in chips) 
Seat 7: c u later287 ($2.61 in chips) 
Seat 8: GUMA123105 ($0.95 in chips) 
Seat 9: conej ($2.70 in chips) 
Neptune27: posts small blind $0.01
davegoa: posts big blind $0.02
*** HOLE CARDS ***
Dealt to Dorex2007 [Qh 4s]
Mehanicar: folds 
c u later287: folds 
GUMA123105 is disconnected 
GUMA123105 has timed out while being disconnected
GUMA123105: folds 
conej: folds 
AAGamerAA: folds 
Dorex2007: folds 
DoughRaymi: calls $0.02
Neptune27: raises $0.08 to $0.10
davegoa: folds 
DoughRaymi: folds 
Uncalled bet ($0.08) returned to Neptune27
Neptune27 collected $0.06 from pot
*** SUMMARY ***
Total pot $0.06 | Rake $0 
Seat 1: AAGamerAA folded before Flop (didn't bet)
Seat 2: Dorex2007 folded before Flop (didn't bet)
Seat 3: DoughRaymi (button) folded before Flop
Seat 4: Neptune27 (small blind) collected ($0.06)
Seat 5: davegoa (big blind) folded before Flop
Seat 6: Mehanicar folded before Flop (didn't bet)
Seat 7: c u later287 folded before Flop (didn't bet)
Seat 8: GUMA123105 folded before Flop (didn't bet)
Seat 9: conej folded before Flop (didn't bet)



PokerStars Hand #236068786562:  Hold'em No Limit ($0.01/$0.02 USD) - 2022/05/11 17:03:56 PT [2022/05/11 20:03:56 ET]
Table 'Euphemia' 9-max Seat #4 is the button
Seat 1: AAGamerAA ($1.52 in chips) 
Seat 2: Dorex2007 ($2.43 in chips) 
Seat 3: DoughRaymi ($1.32 in chips) 
Seat 4: Neptune27 ($2.04 in chips) 
Seat 5: davegoa ($1.98 in chips) 
Seat 6: Mehanicar ($3.16 in chips) 
Seat 7: c u later287 ($2.61 in chips) 
Seat 9: conej ($2.70 in chips) 
davegoa: posts small blind $0.01
Mehanicar: posts big blind $0.02
*** HOLE CARDS ***
Dealt to Dorex2007 [Th 4c]
c u later287: folds 
conej: folds 
AAGamerAA: folds 
Dorex2007: folds 
DoughRaymi: folds 
Neptune27: folds 
davegoa: raises $0.02 to $0.04
Mehanicar: calls $0.02
*** FLOP *** [As Tc Ts]
davegoa: bets $0.04
Mehanicar: calls $0.04
*** TURN *** [As Tc Ts] [Ac]
davegoa: checks 
Mehanicar: checks 
*** RIVER *** [As Tc Ts Ac] [Js]
davegoa: checks 
Mehanicar: bets $0.08
GUMA123105 is disconnected 
davegoa: folds 
Uncalled bet ($0.08) returned to Mehanicar
Mehanicar collected $0.15 from pot
Mehanicar: doesn't show hand 
*** SUMMARY ***
Total pot $0.16 | Rake $0.01 
Board [As Tc Ts Ac Js]
Seat 1: AAGamerAA folded before Flop (didn't bet)
Seat 2: Dorex2007 folded before Flop (didn't bet)
Seat 3: DoughRaymi folded before Flop (didn't bet)
Seat 4: Neptune27 (button) folded before Flop (didn't bet)
Seat 5: davegoa (small blind) folded on the River
Seat 6: Mehanicar (big blind) collected ($0.15)
Seat 7: c u later287 folded before Flop (didn't bet)
Seat 9: conej folded before Flop (didn't bet)



PokerStars Hand #236068797452:  Hold'em No Limit ($0.01/$0.02 USD) - 2022/05/11 17:04:42 PT [2022/05/11 20:04:42 ET]
Table 'Euphemia' 9-max Seat #5 is the button
Seat 1: AAGamerAA ($1.52 in chips) 
Seat 2: Dorex2007 ($2.43 in chips) 
Seat 3: DoughRaymi ($1.32 in chips) 
Seat 4: Neptune27 ($2.04 in chips) 
Seat 5: davegoa ($1.92 in chips) 
Seat 6: Mehanicar ($3.23 in chips) 
Seat 7: c u later287 ($2.61 in chips) 
Seat 9: conej ($2.70 in chips) 
Mehanicar: posts small blind $0.01
c u later287: posts big blind $0.02
*** HOLE CARDS ***
Dealt to Dorex2007 [5c 7d]
conej: folds 
AAGamerAA: folds 
Dorex2007: folds 
DoughRaymi: folds 
Neptune27: folds 
davegoa: raises $0.03 to $0.05
GUMA123105 leaves the table
Mehanicar: calls $0.04
c u later287: folds 
*** FLOP *** [6s 8h 2h]
Mehanicar: checks 
davegoa: checks 
*** TURN *** [6s 8h 2h] [Jc]
Mehanicar: checks 
davegoa: bets $0.06
Mehanicar: calls $0.06
*** RIVER *** [6s 8h 2h Jc] [6d]
Mehanicar: checks 
davegoa: checks 
*** SHOW DOWN ***
Mehanicar: shows [9s Tc] (a pair of Sixes)
davegoa: shows [4h Kd] (a pair of Sixes - King kicker)
davegoa collected $0.23 from pot
*** SUMMARY ***
Total pot $0.24 | Rake $0.01 
Board [6s 8h 2h Jc 6d]
Seat 1: AAGamerAA folded before Flop (didn't bet)
Seat 2: Dorex2007 folded before Flop (didn't bet)
Seat 3: DoughRaymi folded before Flop (didn't bet)
Seat 4: Neptune27 folded before Flop (didn't bet)
Seat 5: davegoa (button) showed [4h Kd] and won ($0.23) with a pair of Sixes
Seat 6: Mehanicar (small blind) showed [9s Tc] and lost with a pair of Sixes
Seat 7: c u later287 (big blind) folded before Flop
Seat 9: conej folded before Flop (didn't bet)



PokerStars Hand #236068811811:  Hold'em No Limit ($0.01/$0.02 USD) - 2022/05/11 17:05:41 PT [2022/05/11 20:05:41 ET]
Table 'Euphemia' 9-max Seat #6 is the button
Seat 1: AAGamerAA ($1.52 in chips) 
Seat 2: Dorex2007 ($2.43 in chips) 
Seat 3: DoughRaymi ($1.32 in chips) 
Seat 4: Neptune27 ($2.04 in chips) 
Seat 5: davegoa ($2.04 in chips) 
Seat 6: Mehanicar ($3.12 in chips) 
Seat 7: c u later287 ($2.59 in chips) 
Seat 9: conej ($2.70 in chips) 
c u later287: posts small blind $0.01
conej: posts big blind $0.02
*** HOLE CARDS ***
Dealt to Dorex2007 [3s 4d]
AAGamerAA: folds 
Dorex2007: folds 
DoughRaymi: folds 
Neptune27: raises $0.03 to $0.05
davegoa: folds 
Mehanicar: folds 
c u later287: folds 
conej: raises $0.09 to $0.14
Neptune27: calls $0.09
*** FLOP *** [Qc 4s 2c]
conej: bets $0.19
Neptune27: folds 
Uncalled bet ($0.19) returned to conej
conej collected $0.28 from pot
*** SUMMARY ***
Total pot $0.29 | Rake $0.01 
Board [Qc 4s 2c]
Seat 1: AAGamerAA folded before Flop (didn't bet)
Seat 2: Dorex2007 folded before Flop (didn't bet)
Seat 3: DoughRaymi folded before Flop (didn't bet)
Seat 4: Neptune27 folded on the Flop
Seat 5: davegoa folded before Flop (didn't bet)
Seat 6: Mehanicar (button) folded before Flop (didn't bet)
Seat 7: c u later287 (small blind) folded before Flop
Seat 9: conej (big blind) collected ($0.28)



PokerStars Hand #236068823290:  Hold'em No Limit ($0.01/$0.02 USD) - 2022/05/11 17:06:30 PT [2022/05/11 20:06:30 ET]
Table 'Euphemia' 9-max Seat #7 is the button
Seat 1: AAGamerAA ($1.52 in chips) 
Seat 2: Dorex2007 ($2.43 in chips) 
Seat 3: DoughRaymi ($1.32 in chips) 
Seat 4: Neptune27 ($2 in chips) 
Seat 5: davegoa ($2.04 in chips) 
Seat 6: Mehanicar ($3.12 in chips) 
Seat 7: c u later287 ($2.58 in chips) 
Seat 9: conej ($2.84 in chips) 
conej: posts small blind $0.01
AAGamerAA: posts big blind $0.02
*** HOLE CARDS ***
Dealt to Dorex2007 [3s 3c]
Dorex2007: calls $0.02
DoughRaymi: folds 
Neptune27: folds 
davegoa: folds 
Mehanicar: raises $0.04 to $0.06
c u later287: calls $0.06
conej: calls $0.05
AAGamerAA: calls $0.04
Dorex2007: calls $0.04
*** FLOP *** [7c 4s 9h]
conej: checks 
AAGamerAA: checks 
Dorex2007: checks 
Mehanicar: checks 
c u later287: checks 
*** TURN *** [7c 4s 9h] [9s]
conej: checks 
AAGamerAA: bets $0.11
Dorex2007: folds 
Mehanicar: folds 
c u later287: calls $0.11
conej: folds 
*** RIVER *** [7c 4s 9h 9s] [Jc]
AAGamerAA: checks 
c u later287: checks 
*** SHOW DOWN ***
AAGamerAA: shows [5d 5s] (two pair, Nines and Fives)
c u later287: mucks hand 
AAGamerAA collected $0.50 from pot
*** SUMMARY ***
Total pot $0.52 | Rake $0.02 
Board [7c 4s 9h 9s Jc]
Seat 1: AAGamerAA (big blind) showed [5d 5s] and won ($0.50) with two pair, Nines and Fives
Seat 2: Dorex2007 folded on the Turn
Seat 3: DoughRaymi folded before Flop (didn't bet)
Seat 4: Neptune27 folded before Flop (didn't bet)
Seat 5: davegoa folded before Flop (didn't bet)
Seat 6: Mehanicar folded on the Turn
Seat 7: c u later287 (button) mucked [As Qs]
Seat 9: conej (small blind) folded on the Turn



PokerStars Hand #236068849009:  Hold'em No Limit ($0.01/$0.02 USD) - 2022/05/11 17:08:18 PT [2022/05/11 20:08:18 ET]
Table 'Euphemia' 9-max Seat #1 is the button
Seat 1: AAGamerAA ($1.85 in chips) 
Seat 2: Dorex2007 ($2.37 in chips) 
Seat 3: DoughRaymi ($1.32 in chips) 
Seat 4: Neptune27 ($2 in chips) 
Seat 5: davegoa ($2.04 in chips) 
Seat 6: Mehanicar ($3.06 in chips) 
Seat 7: c u later287 ($2.41 in chips) 
Dorex2007: posts small blind $0.01
DoughRaymi: posts big blind $0.02
*** HOLE CARDS ***
Dealt to Dorex2007 [5h Qh]
Neptune27: folds 
davegoa: folds 
Mehanicar: folds 
c u later287: folds 
vini_wontroba joins the table at seat #8 
AAGamerAA: raises $0.02 to $0.04
Dorex2007: folds 
DoughRaymi: calls $0.02
*** FLOP *** [6d Qc Ac]
DoughRaymi: bets $0.02
AAGamerAA: calls $0.02
*** TURN *** [6d Qc Ac] [Qs]
DoughRaymi: bets $0.02
AAGamerAA: calls $0.02
*** RIVER *** [6d Qc Ac Qs] [4d]
DoughRaymi: bets $0.02
AAGamerAA: calls $0.02
*** SHOW DOWN ***
DoughRaymi: shows [Tc Ks] (a pair of Queens)
AAGamerAA: shows [As 4h] (two pair, Aces and Queens)
AAGamerAA collected $0.20 from pot
*** SUMMARY ***
Total pot $0.21 | Rake $0.01 
Board [6d Qc Ac Qs 4d]
Seat 1: AAGamerAA (button) showed [As 4h] and won ($0.20) with two pair, Aces and Queens
Seat 2: Dorex2007 (small blind) folded before Flop
Seat 3: DoughRaymi (big blind) showed [Tc Ks] and lost with a pair of Queens
Seat 4: Neptune27 folded before Flop (didn't bet)
Seat 5: davegoa folded before Flop (didn't bet)
Seat 6: Mehanicar folded before Flop (didn't bet)
Seat 7: c u later287 folded before Flop (didn't bet)



PokerStars Hand #236068856900:  Hold'em No Limit ($0.01/$0.02 USD) - 2022/05/11 17:08:51 PT [2022/05/11 20:08:51 ET]
Table 'Euphemia' 9-max Seat #2 is the button
Seat 1: AAGamerAA ($1.95 in chips) 
Seat 2: Dorex2007 ($2.36 in chips) 
Seat 3: DoughRaymi ($1.22 in chips) 
Seat 4: Neptune27 ($2 in chips) 
Seat 5: davegoa ($2.04 in chips) 
Seat 6: Mehanicar ($3.06 in chips) 
Seat 7: c u later287 ($2.41 in chips) 
DoughRaymi: posts small blind $0.01
Neptune27: posts big blind $0.02
vini_wontroba: sits out 
*** HOLE CARDS ***
Dealt to Dorex2007 [Qs 5s]
davegoa: folds 
Mehanicar: raises $0.04 to $0.06
c u later287: folds 
AAGamerAA: calls $0.06
Dorex2007: folds 
DoughRaymi: folds 
Neptune27: folds 
*** FLOP *** [5d 5h Kd]
Mehanicar: checks 
AAGamerAA: bets $0.07
Mehanicar: folds 
Uncalled bet ($0.07) returned to AAGamerAA
AAGamerAA collected $0.14 from pot
*** SUMMARY ***
Total pot $0.15 | Rake $0.01 
Board [5d 5h Kd]
Seat 1: AAGamerAA collected ($0.14)
Seat 2: Dorex2007 (button) folded before Flop (didn't bet)
Seat 3: DoughRaymi (small blind) folded before Flop
Seat 4: Neptune27 (big blind) folded before Flop
Seat 5: davegoa folded before Flop (didn't bet)
Seat 6: Mehanicar folded on the Flop
Seat 7: c u later287 folded before Flop (didn't bet)



PokerStars Hand #236068864794:  Hold'em No Limit ($0.01/$0.02 USD) - 2022/05/11 17:09:24 PT [2022/05/11 20:09:24 ET]
Table 'Euphemia' 9-max Seat #3 is the button
Seat 1: AAGamerAA ($2.03 in chips) 
Seat 2: Dorex2007 ($2.36 in chips) 
Seat 3: DoughRaymi ($1.21 in chips) 
Seat 4: Neptune27 ($2 in chips) 
Seat 5: davegoa ($2.04 in chips) 
Seat 6: Mehanicar ($3 in chips) 
Seat 7: c u later287 ($2.41 in chips) 
Neptune27: posts small blind $0.01
davegoa: posts big blind $0.02
vini_wontroba: sits out 
*** HOLE CARDS ***
Dealt to Dorex2007 [9c 9h]
Mehanicar: raises $0.04 to $0.06
c u later287: calls $0.06
AAGamerAA: folds 
Dorex2007: calls $0.06
DoughRaymi: calls $0.06
Neptune27: folds 
davegoa: folds 
*** FLOP *** [8c 3h 7s]
Mehanicar: checks 
c u later287: checks 
Dorex2007: bets $0.26
DoughRaymi: raises $0.26 to $0.52
Mehanicar: calls $0.52
c u later287: folds 
Dorex2007: calls $0.26
*** TURN *** [8c 3h 7s] [2d]
Mehanicar: checks 
Dorex2007: checks 
DoughRaymi: bets $0.63 and is all-in
Mehanicar: calls $0.63
Dorex2007: calls $0.63
*** RIVER *** [8c 3h 7s 2d] [8h]
Mehanicar: checks 
Dorex2007: bets $1.15 and is all-in
Mehanicar: folds 
Uncalled bet ($1.15) returned to Dorex2007
*** SHOW DOWN ***
Dorex2007: shows [9c 9h] (two pair, Nines and Eights)
DoughRaymi: shows [8d Ac] (three of a kind, Eights)
DoughRaymi collected $3.59 from pot
*** SUMMARY ***
Total pot $3.72 | Rake $0.13 
Board [8c 3h 7s 2d 8h]
Seat 1: AAGamerAA folded before Flop (didn't bet)
Seat 2: Dorex2007 showed [9c 9h] and lost with two pair, Nines and Eights
Seat 3: DoughRaymi (button) showed [8d Ac] and won ($3.59) with three of a kind, Eights
Seat 4: Neptune27 (small blind) folded before Flop
Seat 5: davegoa (big blind) folded before Flop
Seat 6: Mehanicar folded on the River
Seat 7: c u later287 folded on the Flop



PokerStars Hand #236068880630:  Hold'em No Limit ($0.01/$0.02 USD) - 2022/05/11 17:10:31 PT [2022/05/11 20:10:31 ET]
Table 'Euphemia' 9-max Seat #4 is the button
Seat 1: AAGamerAA ($2.03 in chips) 
Seat 2: Dorex2007 ($2 in chips) 
Seat 3: DoughRaymi ($3.59 in chips) 
Seat 4: Neptune27 ($2 in chips) 
Seat 5: davegoa ($2.02 in chips) 
Seat 6: Mehanicar ($1.79 in chips) 
Seat 7: c u later287 ($2.35 in chips) 
Seat 9: conej ($2.78 in chips) 
davegoa: posts small blind $0.01
Mehanicar: posts big blind $0.02
vini_wontroba: sits out 
*** HOLE CARDS ***
Dealt to Dorex2007 [Kd Qh]
c u later287: folds 
conej: raises $0.04 to $0.06
AAGamerAA: folds 
Dorex2007: calls $0.06
DoughRaymi: folds 
Neptune27: folds 
davegoa: folds 
Mehanicar: folds 
*** FLOP *** [7h Tc 7s]
conej: bets $0.09
Dorex2007: calls $0.09
*** TURN *** [7h Tc 7s] [2s]
conej: bets $0.12
Dorex2007: calls $0.12
*** RIVER *** [7h Tc 7s 2s] [5d]
conej: checks 
Dorex2007: bets $0.37
conej: calls $0.37
*** SHOW DOWN ***
Dorex2007: shows [Kd Qh] (a pair of Sevens)
conej: shows [As Td] (two pair, Tens and Sevens)
conej collected $1.26 from pot
*** SUMMARY ***
Total pot $1.31 | Rake $0.05 
Board [7h Tc 7s 2s 5d]
Seat 1: AAGamerAA folded before Flop (didn't bet)
Seat 2: Dorex2007 showed [Kd Qh] and lost with a pair of Sevens
Seat 3: DoughRaymi folded before Flop (didn't bet)
Seat 4: Neptune27 (button) folded before Flop (didn't bet)
Seat 5: davegoa (small blind) folded before Flop
Seat 6: Mehanicar (big blind) folded before Flop
Seat 7: c u later287 folded before Flop (didn't bet)
Seat 9: conej showed [As Td] and won ($1.26) with two pair, Tens and Sevens



