PokerStars Hand #237608190434:  Hold'em No Limit ($0.02/$0.05 USD) - 2022/07/26 15:35:35 PT [2022/07/26 18:35:35 ET]
Table 'Gianfar II' 9-max Seat #5 is the button
Seat 1: onlyfoolsguy ($5 in chips) 
Seat 2: Nicolai5115 ($1.19 in chips) 
Seat 3: buburik ($8.39 in chips) 
Seat 4: Dorex2007 ($5 in chips) 
Seat 5: VascoSerg ($8.94 in chips) 
Seat 6: HAYASHID2 ($2.10 in chips) 
Seat 7: tweetyteewt ($6.03 in chips) 
Seat 8: Keption ($13.81 in chips) 
Seat 9: kodiakrb ($3.95 in chips) 
HAYASHID2: posts small blind $0.02
tweetyteewt: posts big blind $0.05
Dorex2007: posts big blind $0.05
*** HOLE CARDS ***
Dealt to Dorex2007 [4s 3h]
Keption: folds 
kodiakrb: folds 
onlyfoolsguy: folds 
Nicolai5115: folds 
buburik: folds 
Dorex2007: checks 
VascoSerg: folds 
HAYASHID2: calls $0.03
tweetyteewt: checks 
*** FLOP *** [3c 8s Kc]
HAYASHID2: checks 
tweetyteewt: checks 
Dorex2007: checks 
*** TURN *** [3c 8s Kc] [2d]
HAYASHID2: checks 
tweetyteewt: checks 
Dorex2007: bets $0.09
HAYASHID2: calls $0.09
tweetyteewt: folds 
*** RIVER *** [3c 8s Kc 2d] [6d]
HAYASHID2: checks 
Dorex2007: checks 
*** SHOW DOWN ***
HAYASHID2: shows [9d 8h] (a pair of Eights)
Dorex2007: mucks hand 
HAYASHID2 collected $0.32 from pot
*** SUMMARY ***
Total pot $0.33 | Rake $0.01 
Board [3c 8s Kc 2d 6d]
Seat 1: onlyfoolsguy folded before Flop (didn't bet)
Seat 2: Nicolai5115 folded before Flop (didn't bet)
Seat 3: buburik folded before Flop (didn't bet)
Seat 4: Dorex2007 mucked [4s 3h]
Seat 5: VascoSerg (button) folded before Flop (didn't bet)
Seat 6: HAYASHID2 (small blind) showed [9d 8h] and won ($0.32) with a pair of Eights
Seat 7: tweetyteewt (big blind) folded on the Turn
Seat 8: Keption folded before Flop (didn't bet)
Seat 9: kodiakrb folded before Flop (didn't bet)



PokerStars Hand #237608211727:  Hold'em No Limit ($0.02/$0.05 USD) - 2022/07/26 15:36:40 PT [2022/07/26 18:36:40 ET]
Table 'Gianfar II' 9-max Seat #6 is the button
Seat 1: onlyfoolsguy ($5 in chips) 
Seat 2: Nicolai5115 ($1.19 in chips) 
Seat 3: buburik ($8.39 in chips) 
Seat 4: Dorex2007 ($5 in chips) 
Seat 5: VascoSerg ($8.94 in chips) 
Seat 6: HAYASHID2 ($2.28 in chips) 
Seat 7: tweetyteewt ($5.98 in chips) 
Seat 8: Keption ($13.81 in chips) 
Seat 9: kodiakrb ($3.95 in chips) 
tweetyteewt: posts small blind $0.02
Keption: posts big blind $0.05
*** HOLE CARDS ***
Dealt to Dorex2007 [7c 4s]
kodiakrb: raises $0.05 to $0.10
onlyfoolsguy: folds 
Nicolai5115: calls $0.10
buburik: folds 
Dorex2007: folds 
VascoSerg: raises $0.50 to $0.60
HAYASHID2: folds 
tweetyteewt: folds 
Keption: folds 
kodiakrb: calls $0.50
Nicolai5115: calls $0.50
*** FLOP *** [7d 6s Jh]
kodiakrb: checks 
Nicolai5115: checks 
VascoSerg: bets $1.19
kodiakrb: calls $1.19
Nicolai5115: calls $0.59 and is all-in
*** TURN *** [7d 6s Jh] [Ad]
kodiakrb: checks 
VascoSerg: checks 
*** RIVER *** [7d 6s Jh Ad] [5d]
kodiakrb: bets $2.16 and is all-in
VascoSerg: folds 
Uncalled bet ($2.16) returned to kodiakrb
*** SHOW DOWN ***
kodiakrb: shows [Kd Td] (a flush, Ace high)
kodiakrb collected $1.15 from side pot
Nicolai5115: shows [Ah Ks] (a pair of Aces)
kodiakrb collected $3.49 from main pot
*** SUMMARY ***
Total pot $4.84 Main pot $3.49. Side pot $1.15. | Rake $0.20 
Board [7d 6s Jh Ad 5d]
Seat 1: onlyfoolsguy folded before Flop (didn't bet)
Seat 2: Nicolai5115 showed [Ah Ks] and lost with a pair of Aces
Seat 3: buburik folded before Flop (didn't bet)
Seat 4: Dorex2007 folded before Flop (didn't bet)
Seat 5: VascoSerg folded on the River
Seat 6: HAYASHID2 (button) folded before Flop (didn't bet)
Seat 7: tweetyteewt (small blind) folded before Flop
Seat 8: Keption (big blind) folded before Flop
Seat 9: kodiakrb showed [Kd Td] and won ($4.64) with a flush, Ace high



PokerStars Hand #237608237938:  Hold'em No Limit ($0.02/$0.05 USD) - 2022/07/26 15:38:01 PT [2022/07/26 18:38:01 ET]
Table 'Gianfar II' 9-max Seat #7 is the button
Seat 1: onlyfoolsguy ($5 in chips) 
Seat 3: buburik ($8.39 in chips) 
Seat 4: Dorex2007 ($5 in chips) 
Seat 5: VascoSerg ($7.15 in chips) 
Seat 6: HAYASHID2 ($2.28 in chips) 
Seat 7: tweetyteewt ($5.96 in chips) 
Seat 8: Keption ($13.76 in chips) 
Seat 9: kodiakrb ($6.80 in chips) 
Keption: posts small blind $0.02
kodiakrb: posts big blind $0.05
*** HOLE CARDS ***
Dealt to Dorex2007 [Kh Td]
onlyfoolsguy: folds 
buburik: folds 
Dorex2007: raises $0.05 to $0.10
VascoSerg: folds 
HAYASHID2: folds 
tweetyteewt: folds 
Keption: folds 
kodiakrb: calls $0.05
*** FLOP *** [7c 6s 6c]
kodiakrb: checks 
Dorex2007: checks 
*** TURN *** [7c 6s 6c] [Qh]
kodiakrb: bets $0.15
Dorex2007: folds 
Uncalled bet ($0.15) returned to kodiakrb
kodiakrb collected $0.21 from pot
kodiakrb: doesn't show hand 
*** SUMMARY ***
Total pot $0.22 | Rake $0.01 
Board [7c 6s 6c Qh]
Seat 1: onlyfoolsguy folded before Flop (didn't bet)
Seat 3: buburik folded before Flop (didn't bet)
Seat 4: Dorex2007 folded on the Turn
Seat 5: VascoSerg folded before Flop (didn't bet)
Seat 6: HAYASHID2 folded before Flop (didn't bet)
Seat 7: tweetyteewt (button) folded before Flop (didn't bet)
Seat 8: Keption (small blind) folded before Flop
Seat 9: kodiakrb (big blind) collected ($0.21)



PokerStars Hand #237608253564:  Hold'em No Limit ($0.02/$0.05 USD) - 2022/07/26 15:38:50 PT [2022/07/26 18:38:50 ET]
Table 'Gianfar II' 9-max Seat #8 is the button
Seat 1: onlyfoolsguy ($5 in chips) 
Seat 3: buburik ($8.39 in chips) 
Seat 4: Dorex2007 ($5 in chips) 
Seat 5: VascoSerg ($7.15 in chips) 
Seat 6: HAYASHID2 ($2.28 in chips) 
Seat 7: tweetyteewt ($5.96 in chips) 
Seat 8: Keption ($13.74 in chips) 
Seat 9: kodiakrb ($6.91 in chips) 
kodiakrb: posts small blind $0.02
onlyfoolsguy: posts big blind $0.05
*** HOLE CARDS ***
Dealt to Dorex2007 [3h Qs]
buburik: folds 
Dorex2007: folds 
VascoSerg: folds 
HAYASHID2: folds 
tweetyteewt: folds 
Keption: folds 
kodiakrb: folds 
Uncalled bet ($0.03) returned to onlyfoolsguy
onlyfoolsguy collected $0.04 from pot
onlyfoolsguy: doesn't show hand 
*** SUMMARY ***
Total pot $0.04 | Rake $0 
Seat 1: onlyfoolsguy (big blind) collected ($0.04)
Seat 3: buburik folded before Flop (didn't bet)
Seat 4: Dorex2007 folded before Flop (didn't bet)
Seat 5: VascoSerg folded before Flop (didn't bet)
Seat 6: HAYASHID2 folded before Flop (didn't bet)
Seat 7: tweetyteewt folded before Flop (didn't bet)
Seat 8: Keption (button) folded before Flop (didn't bet)
Seat 9: kodiakrb (small blind) folded before Flop



PokerStars Hand #237608262788:  Hold'em No Limit ($0.02/$0.05 USD) - 2022/07/26 15:39:19 PT [2022/07/26 18:39:19 ET]
Table 'Gianfar II' 9-max Seat #9 is the button
Seat 1: onlyfoolsguy ($5.02 in chips) 
Seat 2: Nicolai5115 ($2 in chips) 
Seat 3: buburik ($8.39 in chips) 
Seat 4: Dorex2007 ($5 in chips) 
Seat 5: VascoSerg ($7.15 in chips) 
Seat 6: HAYASHID2 ($2.28 in chips) 
Seat 7: tweetyteewt ($5.96 in chips) 
Seat 8: Keption ($13.74 in chips) 
Seat 9: kodiakrb ($6.89 in chips) 
onlyfoolsguy: posts small blind $0.02
Nicolai5115: posts big blind $0.05
*** HOLE CARDS ***
Dealt to Dorex2007 [7h 8d]
buburik: folds 
Dorex2007: folds 
VascoSerg: folds 
HAYASHID2: folds 
tweetyteewt: folds 
Keption: folds 
kodiakrb: raises $0.10 to $0.15
onlyfoolsguy: folds 
Nicolai5115: folds 
Uncalled bet ($0.10) returned to kodiakrb
kodiakrb collected $0.12 from pot
kodiakrb: doesn't show hand 
*** SUMMARY ***
Total pot $0.12 | Rake $0 
Seat 1: onlyfoolsguy (small blind) folded before Flop
Seat 2: Nicolai5115 (big blind) folded before Flop
Seat 3: buburik folded before Flop (didn't bet)
Seat 4: Dorex2007 folded before Flop (didn't bet)
Seat 5: VascoSerg folded before Flop (didn't bet)
Seat 6: HAYASHID2 folded before Flop (didn't bet)
Seat 7: tweetyteewt folded before Flop (didn't bet)
Seat 8: Keption folded before Flop (didn't bet)
Seat 9: kodiakrb (button) collected ($0.12)



PokerStars Hand #237608271053:  Hold'em No Limit ($0.02/$0.05 USD) - 2022/07/26 15:39:45 PT [2022/07/26 18:39:45 ET]
Table 'Gianfar II' 9-max Seat #1 is the button
Seat 1: onlyfoolsguy ($5 in chips) 
Seat 2: Nicolai5115 ($1.95 in chips) 
Seat 4: Dorex2007 ($5 in chips) 
Seat 5: VascoSerg ($7.15 in chips) 
Seat 6: HAYASHID2 ($2.28 in chips) 
Seat 7: tweetyteewt ($5.96 in chips) 
Seat 8: Keption ($13.74 in chips) 
Seat 9: kodiakrb ($6.96 in chips) 
Nicolai5115: posts small blind $0.02
buburik: is sitting out 
Dorex2007: posts big blind $0.05
*** HOLE CARDS ***
Dealt to Dorex2007 [3d Jd]
VascoSerg: folds 
buburik leaves the table
HAYASHID2: raises $0.10 to $0.15
tweetyteewt: folds 
Keption: folds 
kodiakrb: folds 
onlyfoolsguy: folds 
Nicolai5115: folds 
Dorex2007: folds 
Uncalled bet ($0.10) returned to HAYASHID2
HAYASHID2 collected $0.12 from pot
HAYASHID2: doesn't show hand 
*** SUMMARY ***
Total pot $0.12 | Rake $0 
Seat 1: onlyfoolsguy (button) folded before Flop (didn't bet)
Seat 2: Nicolai5115 (small blind) folded before Flop
Seat 4: Dorex2007 (big blind) folded before Flop
Seat 5: VascoSerg folded before Flop (didn't bet)
Seat 6: HAYASHID2 collected ($0.12)
Seat 7: tweetyteewt folded before Flop (didn't bet)
Seat 8: Keption folded before Flop (didn't bet)
Seat 9: kodiakrb folded before Flop (didn't bet)



PokerStars Hand #237608279227:  Hold'em No Limit ($0.02/$0.05 USD) - 2022/07/26 15:40:10 PT [2022/07/26 18:40:10 ET]
Table 'Gianfar II' 9-max Seat #2 is the button
Seat 1: onlyfoolsguy ($5 in chips) 
Seat 2: Nicolai5115 ($1.93 in chips) 
Seat 4: Dorex2007 ($5 in chips) 
Seat 5: VascoSerg ($7.15 in chips) 
Seat 6: HAYASHID2 ($2.35 in chips) 
Seat 7: tweetyteewt ($5.96 in chips) 
Seat 8: Keption ($13.74 in chips) 
Seat 9: kodiakrb ($6.96 in chips) 
Dorex2007: posts small blind $0.02
VascoSerg: posts big blind $0.05
*** HOLE CARDS ***
Dealt to Dorex2007 [Ac 2h]
Maria1995587 joins the table at seat #3 
HAYASHID2: folds 
tweetyteewt: folds 
Keption: folds 
kodiakrb: folds 
onlyfoolsguy: folds 
Nicolai5115: folds 
Dorex2007: raises $0.05 to $0.10
VascoSerg: calls $0.05
*** FLOP *** [Td 5h 7s]
Dorex2007: checks 
VascoSerg: checks 
*** TURN *** [Td 5h 7s] [9c]
Dorex2007: checks 
VascoSerg: checks 
*** RIVER *** [Td 5h 7s 9c] [4h]
Dorex2007: bets $0.09
VascoSerg: folds 
Uncalled bet ($0.09) returned to Dorex2007
Dorex2007 collected $0.19 from pot
Dorex2007: doesn't show hand 
*** SUMMARY ***
Total pot $0.20 | Rake $0.01 
Board [Td 5h 7s 9c 4h]
Seat 1: onlyfoolsguy folded before Flop (didn't bet)
Seat 2: Nicolai5115 (button) folded before Flop (didn't bet)
Seat 4: Dorex2007 (small blind) collected ($0.19)
Seat 5: VascoSerg (big blind) folded on the River
Seat 6: HAYASHID2 folded before Flop (didn't bet)
Seat 7: tweetyteewt folded before Flop (didn't bet)
Seat 8: Keption folded before Flop (didn't bet)
Seat 9: kodiakrb folded before Flop (didn't bet)



PokerStars Hand #237608292408:  Hold'em No Limit ($0.02/$0.05 USD) - 2022/07/26 15:40:52 PT [2022/07/26 18:40:52 ET]
Table 'Gianfar II' 9-max Seat #4 is the button
Seat 1: onlyfoolsguy ($5 in chips) 
Seat 2: Nicolai5115 ($1.93 in chips) 
Seat 3: Maria1995587 ($5 in chips) 
Seat 4: Dorex2007 ($5.09 in chips) 
Seat 5: VascoSerg ($7.05 in chips) 
Seat 6: HAYASHID2 ($2.35 in chips) 
Seat 7: tweetyteewt ($5.96 in chips) 
Seat 8: Keption ($13.74 in chips) 
Seat 9: kodiakrb ($6.96 in chips) 
VascoSerg: posts small blind $0.02
HAYASHID2: posts big blind $0.05
Maria1995587: posts big blind $0.05
*** HOLE CARDS ***
Dealt to Dorex2007 [4s 2h]
tweetyteewt: folds 
Keption: folds 
kodiakrb: folds 
onlyfoolsguy: folds 
Nicolai5115: folds 
Maria1995587: checks 
Dorex2007: folds 
VascoSerg: raises $0.21 to $0.26
HAYASHID2: folds 
Maria1995587: folds 
Uncalled bet ($0.21) returned to VascoSerg
VascoSerg collected $0.15 from pot
VascoSerg: doesn't show hand 
*** SUMMARY ***
Total pot $0.15 | Rake $0 
Seat 1: onlyfoolsguy folded before Flop (didn't bet)
Seat 2: Nicolai5115 folded before Flop (didn't bet)
Seat 3: Maria1995587 folded before Flop (didn't bet)
Seat 4: Dorex2007 (button) folded before Flop (didn't bet)
Seat 5: VascoSerg (small blind) collected ($0.15)
Seat 6: HAYASHID2 (big blind) folded before Flop
Seat 7: tweetyteewt folded before Flop (didn't bet)
Seat 8: Keption folded before Flop (didn't bet)
Seat 9: kodiakrb folded before Flop (didn't bet)



PokerStars Hand #237608301025:  Hold'em No Limit ($0.02/$0.05 USD) - 2022/07/26 15:41:19 PT [2022/07/26 18:41:19 ET]
Table 'Gianfar II' 9-max Seat #5 is the button
Seat 1: onlyfoolsguy ($5 in chips) 
Seat 2: Nicolai5115 ($1.93 in chips) 
Seat 3: Maria1995587 ($4.95 in chips) 
Seat 4: Dorex2007 ($5.09 in chips) 
Seat 5: VascoSerg ($7.15 in chips) 
Seat 6: HAYASHID2 ($2.30 in chips) 
Seat 7: tweetyteewt ($5.96 in chips) 
Seat 8: Keption ($13.74 in chips) 
Seat 9: kodiakrb ($6.96 in chips) 
HAYASHID2: posts small blind $0.02
tweetyteewt: posts big blind $0.05
*** HOLE CARDS ***
Dealt to Dorex2007 [8s 6d]
Keption: folds 
kodiakrb: folds 
onlyfoolsguy: raises $0.10 to $0.15
Nicolai5115: calls $0.15
Maria1995587: folds 
Dorex2007: folds 
VascoSerg: folds 
HAYASHID2: folds 
tweetyteewt: folds 
*** FLOP *** [2h 6c Ah]
onlyfoolsguy: checks 
Nicolai5115: bets $0.05
onlyfoolsguy: calls $0.05
*** TURN *** [2h 6c Ah] [4d]
onlyfoolsguy: checks 
Nicolai5115: bets $0.23
onlyfoolsguy: calls $0.23
*** RIVER *** [2h 6c Ah 4d] [Kc]
onlyfoolsguy: checks 
Nicolai5115: bets $0.45
onlyfoolsguy: folds 
Uncalled bet ($0.45) returned to Nicolai5115
Nicolai5115 collected $0.89 from pot
Nicolai5115: doesn't show hand 
*** SUMMARY ***
Total pot $0.93 | Rake $0.04 
Board [2h 6c Ah 4d Kc]
Seat 1: onlyfoolsguy folded on the River
Seat 2: Nicolai5115 collected ($0.89)
Seat 3: Maria1995587 folded before Flop (didn't bet)
Seat 4: Dorex2007 folded before Flop (didn't bet)
Seat 5: VascoSerg (button) folded before Flop (didn't bet)
Seat 6: HAYASHID2 (small blind) folded before Flop
Seat 7: tweetyteewt (big blind) folded before Flop
Seat 8: Keption folded before Flop (didn't bet)
Seat 9: kodiakrb folded before Flop (didn't bet)



PokerStars Hand #237608316435:  Hold'em No Limit ($0.02/$0.05 USD) - 2022/07/26 15:42:07 PT [2022/07/26 18:42:07 ET]
Table 'Gianfar II' 9-max Seat #6 is the button
Seat 1: onlyfoolsguy ($4.57 in chips) 
Seat 2: Nicolai5115 ($2.39 in chips) 
Seat 3: Maria1995587 ($4.95 in chips) 
Seat 4: Dorex2007 ($5.09 in chips) 
Seat 5: VascoSerg ($7.15 in chips) 
Seat 6: HAYASHID2 ($2.28 in chips) 
Seat 7: tweetyteewt ($5.91 in chips) 
Seat 8: Keption ($13.74 in chips) 
Seat 9: kodiakrb ($6.96 in chips) 
tweetyteewt: posts small blind $0.02
Keption: posts big blind $0.05
*** HOLE CARDS ***
Dealt to Dorex2007 [Kd 3d]
kodiakrb: folds 
onlyfoolsguy: folds 
Nicolai5115: calls $0.05
Maria1995587: folds 
Dorex2007: folds 
VascoSerg: folds 
HAYASHID2: calls $0.05
tweetyteewt: folds 
Keption: checks 
*** FLOP *** [Td 5c 7s]
Keption: checks 
Nicolai5115: bets $0.05
HAYASHID2: raises $0.13 to $0.18
Keption: folds 
Nicolai5115: folds 
Uncalled bet ($0.13) returned to HAYASHID2
HAYASHID2 collected $0.26 from pot
HAYASHID2: doesn't show hand 
*** SUMMARY ***
Total pot $0.27 | Rake $0.01 
Board [Td 5c 7s]
Seat 1: onlyfoolsguy folded before Flop (didn't bet)
Seat 2: Nicolai5115 folded on the Flop
Seat 3: Maria1995587 folded before Flop (didn't bet)
Seat 4: Dorex2007 folded before Flop (didn't bet)
Seat 5: VascoSerg folded before Flop (didn't bet)
Seat 6: HAYASHID2 (button) collected ($0.26)
Seat 7: tweetyteewt (small blind) folded before Flop
Seat 8: Keption (big blind) folded on the Flop
Seat 9: kodiakrb folded before Flop (didn't bet)



PokerStars Hand #237608336510:  Hold'em No Limit ($0.02/$0.05 USD) - 2022/07/26 15:43:11 PT [2022/07/26 18:43:11 ET]
Table 'Gianfar II' 9-max Seat #7 is the button
Seat 1: onlyfoolsguy ($4.57 in chips) 
Seat 2: Nicolai5115 ($2.29 in chips) 
Seat 3: Maria1995587 ($4.95 in chips) 
Seat 4: Dorex2007 ($5.09 in chips) 
Seat 5: VascoSerg ($7.15 in chips) 
Seat 6: HAYASHID2 ($2.44 in chips) 
Seat 7: tweetyteewt ($5.89 in chips) 
Seat 8: Keption ($13.69 in chips) 
Seat 9: kodiakrb ($6.96 in chips) 
Keption: posts small blind $0.02
kodiakrb: posts big blind $0.05
*** HOLE CARDS ***
Dealt to Dorex2007 [Kh Ts]
onlyfoolsguy: folds 
Nicolai5115: folds 
Maria1995587: folds 
Dorex2007: raises $0.05 to $0.10
VascoSerg: folds 
HAYASHID2: folds 
tweetyteewt: folds 
Keption: folds 
kodiakrb: calls $0.05
*** FLOP *** [3h 6d Ah]
kodiakrb: checks 
Dorex2007: checks 
*** TURN *** [3h 6d Ah] [9h]
kodiakrb: bets $0.15
Dorex2007: folds 
Uncalled bet ($0.15) returned to kodiakrb
kodiakrb collected $0.21 from pot
kodiakrb: doesn't show hand 
*** SUMMARY ***
Total pot $0.22 | Rake $0.01 
Board [3h 6d Ah 9h]
Seat 1: onlyfoolsguy folded before Flop (didn't bet)
Seat 2: Nicolai5115 folded before Flop (didn't bet)
Seat 3: Maria1995587 folded before Flop (didn't bet)
Seat 4: Dorex2007 folded on the Turn
Seat 5: VascoSerg folded before Flop (didn't bet)
Seat 6: HAYASHID2 folded before Flop (didn't bet)
Seat 7: tweetyteewt (button) folded before Flop (didn't bet)
Seat 8: Keption (small blind) folded before Flop
Seat 9: kodiakrb (big blind) collected ($0.21)



PokerStars Hand #237608354104:  Hold'em No Limit ($0.02/$0.05 USD) - 2022/07/26 15:44:07 PT [2022/07/26 18:44:07 ET]
Table 'Gianfar II' 9-max Seat #8 is the button
Seat 1: onlyfoolsguy ($4.57 in chips) 
Seat 2: Nicolai5115 ($2.29 in chips) 
Seat 3: Maria1995587 ($4.95 in chips) 
Seat 4: Dorex2007 ($5 in chips) 
Seat 5: VascoSerg ($7.15 in chips) 
Seat 6: HAYASHID2 ($2.44 in chips) 
Seat 7: tweetyteewt ($5.89 in chips) 
Seat 8: Keption ($13.67 in chips) 
Seat 9: kodiakrb ($7.07 in chips) 
kodiakrb: posts small blind $0.02
onlyfoolsguy: posts big blind $0.05
*** HOLE CARDS ***
Dealt to Dorex2007 [Qd Qs]
Nicolai5115: folds 
Maria1995587: folds 
Dorex2007: raises $0.15 to $0.20
VascoSerg: folds 
HAYASHID2: folds 
tweetyteewt: folds 
Keption: calls $0.20
kodiakrb: folds 
onlyfoolsguy: raises $0.62 to $0.82
Dorex2007: folds 
Keption: folds 
Uncalled bet ($0.62) returned to onlyfoolsguy
onlyfoolsguy collected $0.62 from pot
onlyfoolsguy: doesn't show hand 
*** SUMMARY ***
Total pot $0.62 | Rake $0 
Seat 1: onlyfoolsguy (big blind) collected ($0.62)
Seat 2: Nicolai5115 folded before Flop (didn't bet)
Seat 3: Maria1995587 folded before Flop (didn't bet)
Seat 4: Dorex2007 folded before Flop
Seat 5: VascoSerg folded before Flop (didn't bet)
Seat 6: HAYASHID2 folded before Flop (didn't bet)
Seat 7: tweetyteewt folded before Flop (didn't bet)
Seat 8: Keption (button) folded before Flop
Seat 9: kodiakrb (small blind) folded before Flop



PokerStars Hand #237608373254:  Hold'em No Limit ($0.02/$0.05 USD) - 2022/07/26 15:45:07 PT [2022/07/26 18:45:07 ET]
Table 'Gianfar II' 9-max Seat #9 is the button
Seat 1: onlyfoolsguy ($4.99 in chips) 
Seat 2: Nicolai5115 ($2.29 in chips) 
Seat 3: Maria1995587 ($4.95 in chips) 
Seat 4: Dorex2007 ($5 in chips) 
Seat 5: VascoSerg ($7.15 in chips) 
Seat 6: HAYASHID2 ($2.44 in chips) 
Seat 7: tweetyteewt ($5.89 in chips) 
Seat 8: Keption ($13.47 in chips) 
Seat 9: kodiakrb ($7.05 in chips) 
onlyfoolsguy: posts small blind $0.02
Nicolai5115: posts big blind $0.05
*** HOLE CARDS ***
Dealt to Dorex2007 [6c Kd]
Maria1995587: calls $0.05
Dorex2007: folds 
VascoSerg: folds 
HAYASHID2: folds 
tweetyteewt: folds 
Keption: folds 
kodiakrb: folds 
onlyfoolsguy: folds 
Nicolai5115: checks 
*** FLOP *** [Qh 7c Ac]
Nicolai5115: checks 
Maria1995587: checks 
*** TURN *** [Qh 7c Ac] [2d]
Nicolai5115: checks 
Maria1995587: bets $0.12
Nicolai5115: folds 
Uncalled bet ($0.12) returned to Maria1995587
Maria1995587 collected $0.12 from pot
*** SUMMARY ***
Total pot $0.12 | Rake $0 
Board [Qh 7c Ac 2d]
Seat 1: onlyfoolsguy (small blind) folded before Flop
Seat 2: Nicolai5115 (big blind) folded on the Turn
Seat 3: Maria1995587 collected ($0.12)
Seat 4: Dorex2007 folded before Flop (didn't bet)
Seat 5: VascoSerg folded before Flop (didn't bet)
Seat 6: HAYASHID2 folded before Flop (didn't bet)
Seat 7: tweetyteewt folded before Flop (didn't bet)
Seat 8: Keption folded before Flop (didn't bet)
Seat 9: kodiakrb (button) folded before Flop (didn't bet)



PokerStars Hand #237608384440:  Hold'em No Limit ($0.02/$0.05 USD) - 2022/07/26 15:45:43 PT [2022/07/26 18:45:43 ET]
Table 'Gianfar II' 9-max Seat #1 is the button
Seat 1: onlyfoolsguy ($4.97 in chips) 
Seat 2: Nicolai5115 ($2.24 in chips) 
Seat 3: Maria1995587 ($5.02 in chips) 
Seat 4: Dorex2007 ($5 in chips) 
Seat 5: VascoSerg ($7.15 in chips) 
Seat 6: HAYASHID2 ($2.44 in chips) 
Seat 7: tweetyteewt ($5.89 in chips) 
Seat 8: Keption ($13.47 in chips) 
Seat 9: kodiakrb ($7.05 in chips) 
Nicolai5115: posts small blind $0.02
Maria1995587: posts big blind $0.05
*** HOLE CARDS ***
Dealt to Dorex2007 [5c 3h]
Dorex2007: folds 
VascoSerg: folds 
HAYASHID2: raises $0.05 to $0.10
tweetyteewt: folds 
Keption: folds 
kodiakrb: calls $0.10
onlyfoolsguy: folds 
Nicolai5115: folds 
Maria1995587: folds 
*** FLOP *** [9s 9d Ah]
HAYASHID2: checks 
kodiakrb: checks 
*** TURN *** [9s 9d Ah] [Kd]
HAYASHID2: checks 
kodiakrb: checks 
*** RIVER *** [9s 9d Ah Kd] [Kc]
HAYASHID2: bets $0.13
kodiakrb: raises $0.28 to $0.41
HAYASHID2: folds 
Uncalled bet ($0.28) returned to kodiakrb
kodiakrb collected $0.51 from pot
kodiakrb: doesn't show hand 
*** SUMMARY ***
Total pot $0.53 | Rake $0.02 
Board [9s 9d Ah Kd Kc]
Seat 1: onlyfoolsguy (button) folded before Flop (didn't bet)
Seat 2: Nicolai5115 (small blind) folded before Flop
Seat 3: Maria1995587 (big blind) folded before Flop
Seat 4: Dorex2007 folded before Flop (didn't bet)
Seat 5: VascoSerg folded before Flop (didn't bet)
Seat 6: HAYASHID2 folded on the River
Seat 7: tweetyteewt folded before Flop (didn't bet)
Seat 8: Keption folded before Flop (didn't bet)
Seat 9: kodiakrb collected ($0.51)



PokerStars Hand #237608410632:  Hold'em No Limit ($0.02/$0.05 USD) - 2022/07/26 15:47:06 PT [2022/07/26 18:47:06 ET]
Table 'Gianfar II' 9-max Seat #2 is the button
Seat 1: onlyfoolsguy ($4.97 in chips) 
Seat 2: Nicolai5115 ($2.22 in chips) 
Seat 3: Maria1995587 ($4.97 in chips) 
Seat 4: Dorex2007 ($5 in chips) 
Seat 5: VascoSerg ($7.15 in chips) 
Seat 6: HAYASHID2 ($2.21 in chips) 
Seat 7: tweetyteewt ($5.89 in chips) 
Seat 8: Keption ($13.47 in chips) 
Seat 9: kodiakrb ($7.33 in chips) 
Maria1995587: posts small blind $0.02
Dorex2007: posts big blind $0.05
*** HOLE CARDS ***
Dealt to Dorex2007 [Kh 6h]
VascoSerg: folds 
HAYASHID2: folds 
tweetyteewt: folds 
Keption: folds 
kodiakrb: folds 
onlyfoolsguy: raises $0.10 to $0.15
Nicolai5115: folds 
Maria1995587: folds 
Dorex2007: folds 
Uncalled bet ($0.10) returned to onlyfoolsguy
onlyfoolsguy collected $0.12 from pot
onlyfoolsguy: doesn't show hand 
*** SUMMARY ***
Total pot $0.12 | Rake $0 
Seat 1: onlyfoolsguy collected ($0.12)
Seat 2: Nicolai5115 (button) folded before Flop (didn't bet)
Seat 3: Maria1995587 (small blind) folded before Flop
Seat 4: Dorex2007 (big blind) folded before Flop
Seat 5: VascoSerg folded before Flop (didn't bet)
Seat 6: HAYASHID2 folded before Flop (didn't bet)
Seat 7: tweetyteewt folded before Flop (didn't bet)
Seat 8: Keption folded before Flop (didn't bet)
Seat 9: kodiakrb folded before Flop (didn't bet)



PokerStars Hand #237608423179:  Hold'em No Limit ($0.02/$0.05 USD) - 2022/07/26 15:47:46 PT [2022/07/26 18:47:46 ET]
Table 'Gianfar II' 9-max Seat #3 is the button
Seat 1: onlyfoolsguy ($5.04 in chips) 
Seat 2: Nicolai5115 ($2.22 in chips) 
Seat 3: Maria1995587 ($4.95 in chips) 
Seat 4: Dorex2007 ($5 in chips) 
Seat 5: VascoSerg ($7.15 in chips) 
Seat 6: HAYASHID2 ($2.21 in chips) 
Seat 7: tweetyteewt ($5.89 in chips) 
Seat 8: Keption ($13.47 in chips) 
Seat 9: kodiakrb ($7.33 in chips) 
Dorex2007: posts small blind $0.02
VascoSerg: posts big blind $0.05
*** HOLE CARDS ***
Dealt to Dorex2007 [5h 8s]
HAYASHID2: folds 
tweetyteewt: folds 
Keption: folds 
kodiakrb: folds 
onlyfoolsguy: folds 
Nicolai5115: raises $0.10 to $0.15
Maria1995587: folds 
Dorex2007: folds 
VascoSerg: calls $0.10
*** FLOP *** [3h 5d 5s]
VascoSerg: checks 
Nicolai5115: bets $0.31
VascoSerg: folds 
Uncalled bet ($0.31) returned to Nicolai5115
Nicolai5115 collected $0.31 from pot
Nicolai5115: doesn't show hand 
*** SUMMARY ***
Total pot $0.32 | Rake $0.01 
Board [3h 5d 5s]
Seat 1: onlyfoolsguy folded before Flop (didn't bet)
Seat 2: Nicolai5115 collected ($0.31)
Seat 3: Maria1995587 (button) folded before Flop (didn't bet)
Seat 4: Dorex2007 (small blind) folded before Flop
Seat 5: VascoSerg (big blind) folded on the Flop
Seat 6: HAYASHID2 folded before Flop (didn't bet)
Seat 7: tweetyteewt folded before Flop (didn't bet)
Seat 8: Keption folded before Flop (didn't bet)
Seat 9: kodiakrb folded before Flop (didn't bet)



PokerStars Hand #237608442814:  Hold'em No Limit ($0.02/$0.05 USD) - 2022/07/26 15:48:25 PT [2022/07/26 18:48:25 ET]
Table 'Gianfar II' 9-max Seat #4 is the button
Seat 1: onlyfoolsguy ($5.04 in chips) 
Seat 2: Nicolai5115 ($2.38 in chips) 
Seat 3: Maria1995587 ($4.95 in chips) 
Seat 4: Dorex2007 ($5 in chips) 
Seat 5: VascoSerg ($7 in chips) 
Seat 6: HAYASHID2 ($2.21 in chips) 
Seat 7: tweetyteewt ($5.89 in chips) 
Seat 8: Keption ($13.47 in chips) 
Seat 9: kodiakrb ($7.33 in chips) 
VascoSerg: posts small blind $0.02
HAYASHID2: posts big blind $0.05
*** HOLE CARDS ***
Dealt to Dorex2007 [Jh Qc]
tweetyteewt: folds 
Keption: folds 
kodiakrb: calls $0.05
onlyfoolsguy: folds 
Nicolai5115: folds 
Maria1995587: raises $0.10 to $0.15
Dorex2007: folds 
VascoSerg: folds 
HAYASHID2: calls $0.10
kodiakrb: calls $0.10
*** FLOP *** [7s Kd 6d]
HAYASHID2: checks 
kodiakrb: checks 
Maria1995587: checks 
*** TURN *** [7s Kd 6d] [3h]
HAYASHID2: checks 
kodiakrb: bets $0.30
Maria1995587: folds 
HAYASHID2: folds 
Uncalled bet ($0.30) returned to kodiakrb
kodiakrb collected $0.45 from pot
kodiakrb: doesn't show hand 
*** SUMMARY ***
Total pot $0.47 | Rake $0.02 
Board [7s Kd 6d 3h]
Seat 1: onlyfoolsguy folded before Flop (didn't bet)
Seat 2: Nicolai5115 folded before Flop (didn't bet)
Seat 3: Maria1995587 folded on the Turn
Seat 4: Dorex2007 (button) folded before Flop (didn't bet)
Seat 5: VascoSerg (small blind) folded before Flop
Seat 6: HAYASHID2 (big blind) folded on the Turn
Seat 7: tweetyteewt folded before Flop (didn't bet)
Seat 8: Keption folded before Flop (didn't bet)
Seat 9: kodiakrb collected ($0.45)



PokerStars Hand #237608468722:  Hold'em No Limit ($0.02/$0.05 USD) - 2022/07/26 15:49:49 PT [2022/07/26 18:49:49 ET]
Table 'Gianfar II' 9-max Seat #5 is the button
Seat 1: onlyfoolsguy ($5.04 in chips) 
Seat 2: Nicolai5115 ($2.38 in chips) 
Seat 3: Maria1995587 ($4.80 in chips) 
Seat 4: Dorex2007 ($5 in chips) 
Seat 5: VascoSerg ($6.98 in chips) 
Seat 6: HAYASHID2 ($2.06 in chips) 
Seat 7: tweetyteewt ($5.89 in chips) 
Seat 8: Keption ($13.47 in chips) 
Seat 9: kodiakrb ($7.63 in chips) 
HAYASHID2: posts small blind $0.02
tweetyteewt: posts big blind $0.05
*** HOLE CARDS ***
Dealt to Dorex2007 [9c As]
Keption: folds 
kodiakrb: folds 
onlyfoolsguy: folds 
Nicolai5115: folds 
Maria1995587: folds 
Dorex2007: folds 
VascoSerg: folds 
HAYASHID2: folds 
Uncalled bet ($0.03) returned to tweetyteewt
tweetyteewt collected $0.04 from pot
tweetyteewt: doesn't show hand 
*** SUMMARY ***
Total pot $0.04 | Rake $0 
Seat 1: onlyfoolsguy folded before Flop (didn't bet)
Seat 2: Nicolai5115 folded before Flop (didn't bet)
Seat 3: Maria1995587 folded before Flop (didn't bet)
Seat 4: Dorex2007 folded before Flop (didn't bet)
Seat 5: VascoSerg (button) folded before Flop (didn't bet)
Seat 6: HAYASHID2 (small blind) folded before Flop
Seat 7: tweetyteewt (big blind) collected ($0.04)
Seat 8: Keption folded before Flop (didn't bet)
Seat 9: kodiakrb folded before Flop (didn't bet)



PokerStars Hand #237608476836:  Hold'em No Limit ($0.02/$0.05 USD) - 2022/07/26 15:50:15 PT [2022/07/26 18:50:15 ET]
Table 'Gianfar II' 9-max Seat #6 is the button
Seat 1: onlyfoolsguy ($5.04 in chips) 
Seat 2: Nicolai5115 ($2.38 in chips) 
Seat 3: Maria1995587 ($4.80 in chips) 
Seat 4: Dorex2007 ($5 in chips) 
Seat 5: VascoSerg ($6.98 in chips) 
Seat 6: HAYASHID2 ($2.04 in chips) 
Seat 7: tweetyteewt ($5.91 in chips) 
Seat 8: Keption ($13.47 in chips) 
Seat 9: kodiakrb ($7.63 in chips) 
tweetyteewt: posts small blind $0.02
Keption: posts big blind $0.05
*** HOLE CARDS ***
Dealt to Dorex2007 [6d 9h]
kodiakrb: folds 
onlyfoolsguy: folds 
Nicolai5115: folds 
Maria1995587: folds 
Dorex2007: folds 
VascoSerg: raises $0.10 to $0.15
HAYASHID2: calls $0.15
tweetyteewt: calls $0.13
Keption: calls $0.10
*** FLOP *** [9d Td 2d]
tweetyteewt: checks 
Keption: checks 
VascoSerg: checks 
HAYASHID2: checks 
*** TURN *** [9d Td 2d] [5s]
tweetyteewt: checks 
Keption: bets $0.32
VascoSerg: folds 
HAYASHID2: folds 
tweetyteewt: folds 
Uncalled bet ($0.32) returned to Keption
Keption collected $0.58 from pot
Keption: doesn't show hand 
*** SUMMARY ***
Total pot $0.60 | Rake $0.02 
Board [9d Td 2d 5s]
Seat 1: onlyfoolsguy folded before Flop (didn't bet)
Seat 2: Nicolai5115 folded before Flop (didn't bet)
Seat 3: Maria1995587 folded before Flop (didn't bet)
Seat 4: Dorex2007 folded before Flop (didn't bet)
Seat 5: VascoSerg folded on the Turn
Seat 6: HAYASHID2 (button) folded on the Turn
Seat 7: tweetyteewt (small blind) folded on the Turn
Seat 8: Keption (big blind) collected ($0.58)
Seat 9: kodiakrb folded before Flop (didn't bet)



PokerStars Hand #237608498713:  Hold'em No Limit ($0.02/$0.05 USD) - 2022/07/26 15:51:25 PT [2022/07/26 18:51:25 ET]
Table 'Gianfar II' 9-max Seat #7 is the button
Seat 1: onlyfoolsguy ($5.04 in chips) 
Seat 2: Nicolai5115 ($2.38 in chips) 
Seat 3: Maria1995587 ($4.80 in chips) 
Seat 4: Dorex2007 ($5 in chips) 
Seat 5: VascoSerg ($6.83 in chips) 
Seat 6: HAYASHID2 ($1.89 in chips) 
Seat 7: tweetyteewt ($5.76 in chips) 
Seat 8: Keption ($13.90 in chips) 
Seat 9: kodiakrb ($7.63 in chips) 
Keption: posts small blind $0.02
kodiakrb: posts big blind $0.05
*** HOLE CARDS ***
Dealt to Dorex2007 [8s Kc]
onlyfoolsguy: folds 
Nicolai5115: folds 
Maria1995587: folds 
Dorex2007: folds 
VascoSerg: raises $0.10 to $0.15
HAYASHID2: calls $0.15
tweetyteewt: folds 
Keption: folds 
kodiakrb: calls $0.10
*** FLOP *** [Js Jc 7h]
kodiakrb: checks 
VascoSerg: checks 
HAYASHID2: checks 
*** TURN *** [Js Jc 7h] [2h]
kodiakrb: bets $0.22
VascoSerg: folds 
HAYASHID2: calls $0.22
*** RIVER *** [Js Jc 7h 2h] [Qs]
kodiakrb: bets $0.33
HAYASHID2: raises $0.92 to $1.25
kodiakrb: calls $0.92
*** SHOW DOWN ***
HAYASHID2: shows [Qc Qh] (a full house, Queens full of Jacks)
kodiakrb: mucks hand 
HAYASHID2 collected $3.27 from pot
*** SUMMARY ***
Total pot $3.41 | Rake $0.14 
Board [Js Jc 7h 2h Qs]
Seat 1: onlyfoolsguy folded before Flop (didn't bet)
Seat 2: Nicolai5115 folded before Flop (didn't bet)
Seat 3: Maria1995587 folded before Flop (didn't bet)
Seat 4: Dorex2007 folded before Flop (didn't bet)
Seat 5: VascoSerg folded on the Turn
Seat 6: HAYASHID2 showed [Qc Qh] and won ($3.27) with a full house, Queens full of Jacks
Seat 7: tweetyteewt (button) folded before Flop (didn't bet)
Seat 8: Keption (small blind) folded before Flop
Seat 9: kodiakrb (big blind) mucked [As 2s]



PokerStars Hand #237608533325:  Hold'em No Limit ($0.02/$0.05 USD) - 2022/07/26 15:53:19 PT [2022/07/26 18:53:19 ET]
Table 'Gianfar II' 9-max Seat #8 is the button
Seat 1: onlyfoolsguy ($5.04 in chips) 
Seat 2: Nicolai5115 ($2.38 in chips) 
Seat 3: Maria1995587 ($4.80 in chips) 
Seat 4: Dorex2007 ($5 in chips) 
Seat 5: VascoSerg ($6.68 in chips) 
Seat 6: HAYASHID2 ($3.54 in chips) 
Seat 7: tweetyteewt ($5.76 in chips) 
Seat 8: Keption ($13.88 in chips) 
Seat 9: kodiakrb ($6.01 in chips) 
kodiakrb: posts small blind $0.02
onlyfoolsguy: posts big blind $0.05
*** HOLE CARDS ***
Dealt to Dorex2007 [7s Qs]
Nicolai5115: folds 
Maria1995587: folds 
Dorex2007: folds 
VascoSerg: folds 
HAYASHID2: raises $0.05 to $0.10
tweetyteewt: folds 
Keption: folds 
kodiakrb: calls $0.08
onlyfoolsguy: folds 
*** FLOP *** [8d 5s 7d]
kodiakrb: checks 
HAYASHID2: bets $0.12
kodiakrb: raises $0.17 to $0.29
HAYASHID2: calls $0.17
*** TURN *** [8d 5s 7d] [Jc]
kodiakrb: bets $0.50
HAYASHID2: calls $0.50
*** RIVER *** [8d 5s 7d Jc] [Qh]
kodiakrb: bets $1.40
HAYASHID2: calls $1.40
*** SHOW DOWN ***
kodiakrb: shows [9s Kd] (high card King)
HAYASHID2: shows [8h 8s] (three of a kind, Eights)
HAYASHID2 collected $4.44 from pot
*** SUMMARY ***
Total pot $4.63 | Rake $0.19 
Board [8d 5s 7d Jc Qh]
Seat 1: onlyfoolsguy (big blind) folded before Flop
Seat 2: Nicolai5115 folded before Flop (didn't bet)
Seat 3: Maria1995587 folded before Flop (didn't bet)
Seat 4: Dorex2007 folded before Flop (didn't bet)
Seat 5: VascoSerg folded before Flop (didn't bet)
Seat 6: HAYASHID2 showed [8h 8s] and won ($4.44) with three of a kind, Eights
Seat 7: tweetyteewt folded before Flop (didn't bet)
Seat 8: Keption (button) folded before Flop (didn't bet)
Seat 9: kodiakrb (small blind) showed [9s Kd] and lost with high card King



PokerStars Hand #237608562716:  Hold'em No Limit ($0.02/$0.05 USD) - 2022/07/26 15:54:55 PT [2022/07/26 18:54:55 ET]
Table 'Gianfar II' 9-max Seat #9 is the button
Seat 1: onlyfoolsguy ($4.99 in chips) 
Seat 2: Nicolai5115 ($2.38 in chips) 
Seat 3: Maria1995587 ($4.80 in chips) 
Seat 4: Dorex2007 ($5 in chips) 
Seat 5: VascoSerg ($6.68 in chips) 
Seat 6: HAYASHID2 ($5.69 in chips) 
Seat 7: tweetyteewt ($5.76 in chips) 
Seat 8: Keption ($13.88 in chips) 
Seat 9: kodiakrb ($3.72 in chips) 
onlyfoolsguy: posts small blind $0.02
Nicolai5115: posts big blind $0.05
*** HOLE CARDS ***
Dealt to Dorex2007 [5s Tc]
Maria1995587: folds 
Dorex2007 has timed out
Dorex2007: folds 
VascoSerg: folds 
HAYASHID2: raises $0.05 to $0.10
tweetyteewt: folds 
Keption: folds 
kodiakrb: calls $0.10
onlyfoolsguy: folds 
Nicolai5115: folds 
*** FLOP *** [2c 4h Jd]
HAYASHID2: checks 
kodiakrb: bets $0.26
HAYASHID2: calls $0.26
*** TURN *** [2c 4h Jd] [Ah]
HAYASHID2: checks 
kodiakrb: checks 
*** RIVER *** [2c 4h Jd Ah] [6d]
HAYASHID2: bets $0.55
kodiakrb: calls $0.55
*** SHOW DOWN ***
HAYASHID2: shows [Ac Ks] (a pair of Aces)
kodiakrb: mucks hand 
HAYASHID2 collected $1.81 from pot
*** SUMMARY ***
Total pot $1.89 | Rake $0.08 
Board [2c 4h Jd Ah 6d]
Seat 1: onlyfoolsguy (small blind) folded before Flop
Seat 2: Nicolai5115 (big blind) folded before Flop
Seat 3: Maria1995587 folded before Flop (didn't bet)
Seat 4: Dorex2007 folded before Flop (didn't bet)
Seat 5: VascoSerg folded before Flop (didn't bet)
Seat 6: HAYASHID2 showed [Ac Ks] and won ($1.81) with a pair of Aces
Seat 7: tweetyteewt folded before Flop (didn't bet)
Seat 8: Keption folded before Flop (didn't bet)
Seat 9: kodiakrb (button) mucked [7c As]



PokerStars Hand #237608581810:  Hold'em No Limit ($0.02/$0.05 USD) - 2022/07/26 15:56:10 PT [2022/07/26 18:56:10 ET]
Table 'Gianfar II' 9-max Seat #1 is the button
Seat 1: onlyfoolsguy ($4.97 in chips) 
Seat 2: Nicolai5115 ($2.33 in chips) 
Seat 3: Maria1995587 ($4.80 in chips) 
Seat 4: Dorex2007 ($5 in chips) 
Seat 5: VascoSerg ($6.68 in chips) 
Seat 6: HAYASHID2 ($6.59 in chips) 
Seat 7: tweetyteewt ($5.76 in chips) 
Seat 8: Keption ($13.88 in chips) 
Seat 9: kodiakrb ($2.81 in chips) 
Nicolai5115: posts small blind $0.02
Maria1995587: posts big blind $0.05
*** HOLE CARDS ***
Dealt to Dorex2007 [5d Jh]
Dorex2007: folds 
VascoSerg: folds 
HAYASHID2: folds 
tweetyteewt: folds 
Keption: folds 
kodiakrb: raises $0.10 to $0.15
onlyfoolsguy: folds 
Nicolai5115: folds 
Maria1995587: folds 
Uncalled bet ($0.10) returned to kodiakrb
kodiakrb collected $0.12 from pot
kodiakrb: doesn't show hand 
*** SUMMARY ***
Total pot $0.12 | Rake $0 
Seat 1: onlyfoolsguy (button) folded before Flop (didn't bet)
Seat 2: Nicolai5115 (small blind) folded before Flop
Seat 3: Maria1995587 (big blind) folded before Flop
Seat 4: Dorex2007 folded before Flop (didn't bet)
Seat 5: VascoSerg folded before Flop (didn't bet)
Seat 6: HAYASHID2 folded before Flop (didn't bet)
Seat 7: tweetyteewt folded before Flop (didn't bet)
Seat 8: Keption folded before Flop (didn't bet)
Seat 9: kodiakrb collected ($0.12)



PokerStars Hand #237608587599:  Hold'em No Limit ($0.02/$0.05 USD) - 2022/07/26 15:56:34 PT [2022/07/26 18:56:34 ET]
Table 'Gianfar II' 9-max Seat #2 is the button
Seat 1: onlyfoolsguy ($4.97 in chips) 
Seat 2: Nicolai5115 ($2.31 in chips) 
Seat 3: Maria1995587 ($4.75 in chips) 
Seat 4: Dorex2007 ($5 in chips) 
Seat 5: VascoSerg ($6.68 in chips) 
Seat 6: HAYASHID2 ($6.59 in chips) 
Seat 7: tweetyteewt ($5.76 in chips) 
Seat 8: Keption ($13.88 in chips) 
Seat 9: kodiakrb ($2.88 in chips) 
Maria1995587: posts small blind $0.02
Dorex2007: posts big blind $0.05
*** HOLE CARDS ***
Dealt to Dorex2007 [6c 3s]
VascoSerg: folds 
HAYASHID2: folds 
tweetyteewt: folds 
Keption: folds 
kodiakrb: raises $0.10 to $0.15
onlyfoolsguy: folds 
Nicolai5115: folds 
Maria1995587: calls $0.13
Dorex2007: folds 
*** FLOP *** [Td As Js]
Maria1995587: checks 
kodiakrb: checks 
*** TURN *** [Td As Js] [Ks]
Maria1995587: checks 
kodiakrb: checks 
*** RIVER *** [Td As Js Ks] [7h]
Maria1995587: checks 
kodiakrb: checks 
*** SHOW DOWN ***
Maria1995587: shows [6d 6s] (a pair of Sixes)
kodiakrb: shows [9d Ad] (a pair of Aces)
kodiakrb collected $0.34 from pot
*** SUMMARY ***
Total pot $0.35 | Rake $0.01 
Board [Td As Js Ks 7h]
Seat 1: onlyfoolsguy folded before Flop (didn't bet)
Seat 2: Nicolai5115 (button) folded before Flop (didn't bet)
Seat 3: Maria1995587 (small blind) showed [6d 6s] and lost with a pair of Sixes
Seat 4: Dorex2007 (big blind) folded before Flop
Seat 5: VascoSerg folded before Flop (didn't bet)
Seat 6: HAYASHID2 folded before Flop (didn't bet)
Seat 7: tweetyteewt folded before Flop (didn't bet)
Seat 8: Keption folded before Flop (didn't bet)
Seat 9: kodiakrb showed [9d Ad] and won ($0.34) with a pair of Aces



PokerStars Hand #237608600021:  Hold'em No Limit ($0.02/$0.05 USD) - 2022/07/26 15:57:23 PT [2022/07/26 18:57:23 ET]
Table 'Gianfar II' 9-max Seat #3 is the button
Seat 1: onlyfoolsguy ($4.97 in chips) 
Seat 2: Nicolai5115 ($2.31 in chips) 
Seat 3: Maria1995587 ($4.60 in chips) 
Seat 4: Dorex2007 ($5 in chips) 
Seat 5: VascoSerg ($6.68 in chips) 
Seat 6: HAYASHID2 ($6.59 in chips) 
Seat 7: tweetyteewt ($5.76 in chips) 
Seat 8: Keption ($13.88 in chips) 
Seat 9: kodiakrb ($3.07 in chips) 
Dorex2007: posts small blind $0.02
VascoSerg: posts big blind $0.05
*** HOLE CARDS ***
Dealt to Dorex2007 [Jd 8c]
HAYASHID2: raises $0.05 to $0.10
tweetyteewt: calls $0.10
Keption: folds 
kodiakrb: calls $0.10
onlyfoolsguy: folds 
Nicolai5115: folds 
Maria1995587: calls $0.10
Dorex2007: folds 
VascoSerg: folds 
*** FLOP *** [7h Qc 4d]
HAYASHID2: checks 
tweetyteewt: checks 
kodiakrb: checks 
Maria1995587: checks 
*** TURN *** [7h Qc 4d] [Qd]
HAYASHID2: checks 
tweetyteewt: checks 
kodiakrb: checks 
Maria1995587: checks 
*** RIVER *** [7h Qc 4d Qd] [Jc]
HAYASHID2: checks 
tweetyteewt: checks 
kodiakrb: checks 
Maria1995587: checks 
*** SHOW DOWN ***
HAYASHID2: shows [2c 3c] (a pair of Queens)
tweetyteewt: shows [3d 3s] (two pair, Queens and Threes)
kodiakrb: mucks hand 
Maria1995587: mucks hand 
tweetyteewt collected $0.45 from pot
*** SUMMARY ***
Total pot $0.47 | Rake $0.02 
Board [7h Qc 4d Qd Jc]
Seat 1: onlyfoolsguy folded before Flop (didn't bet)
Seat 2: Nicolai5115 folded before Flop (didn't bet)
Seat 3: Maria1995587 (button) mucked [8d Ac]
Seat 4: Dorex2007 (small blind) folded before Flop
Seat 5: VascoSerg (big blind) folded before Flop
Seat 6: HAYASHID2 showed [2c 3c] and lost with a pair of Queens
Seat 7: tweetyteewt showed [3d 3s] and won ($0.45) with two pair, Queens and Threes
Seat 8: Keption folded before Flop (didn't bet)
Seat 9: kodiakrb mucked [2s Ts]



PokerStars Hand #237608621428:  Hold'em No Limit ($0.02/$0.05 USD) - 2022/07/26 15:58:49 PT [2022/07/26 18:58:49 ET]
Table 'Gianfar II' 9-max Seat #4 is the button
Seat 1: onlyfoolsguy ($4.97 in chips) 
Seat 2: Nicolai5115 ($2.31 in chips) 
Seat 3: Maria1995587 ($4.50 in chips) 
Seat 4: Dorex2007 ($5 in chips) 
Seat 5: VascoSerg ($6.63 in chips) 
Seat 6: HAYASHID2 ($6.49 in chips) 
Seat 7: tweetyteewt ($6.11 in chips) 
Seat 8: Keption ($13.88 in chips) 
Seat 9: kodiakrb ($2.97 in chips) 
VascoSerg: posts small blind $0.02
HAYASHID2: posts big blind $0.05
*** HOLE CARDS ***
Dealt to Dorex2007 [4d Kc]
tweetyteewt: folds 
Keption: folds 
kodiakrb: raises $0.10 to $0.15
onlyfoolsguy: folds 
Nicolai5115: folds 
Maria1995587: folds 
Dorex2007: folds 
VascoSerg: folds 
HAYASHID2: calls $0.10
*** FLOP *** [6s 7h 9s]
HAYASHID2: checks 
kodiakrb: bets $0.31
HAYASHID2: folds 
Uncalled bet ($0.31) returned to kodiakrb
kodiakrb collected $0.31 from pot
kodiakrb: doesn't show hand 
*** SUMMARY ***
Total pot $0.32 | Rake $0.01 
Board [6s 7h 9s]
Seat 1: onlyfoolsguy folded before Flop (didn't bet)
Seat 2: Nicolai5115 folded before Flop (didn't bet)
Seat 3: Maria1995587 folded before Flop (didn't bet)
Seat 4: Dorex2007 (button) folded before Flop (didn't bet)
Seat 5: VascoSerg (small blind) folded before Flop
Seat 6: HAYASHID2 (big blind) folded on the Flop
Seat 7: tweetyteewt folded before Flop (didn't bet)
Seat 8: Keption folded before Flop (didn't bet)
Seat 9: kodiakrb collected ($0.31)



PokerStars Hand #237608660309:  Hold'em No Limit ($0.02/$0.05 USD) - 2022/07/26 16:01:18 PT [2022/07/26 19:01:18 ET]
Table 'Gianfar II' 9-max Seat #7 is the button
Seat 1: onlyfoolsguy ($5.23 in chips) 
Seat 2: Nicolai5115 ($1.97 in chips) 
Seat 3: Maria1995587 ($7.67 in chips) 
Seat 4: Dorex2007 ($5 in chips) 
Seat 5: VascoSerg ($6.61 in chips) 
Seat 6: HAYASHID2 ($6.32 in chips) 
Seat 7: tweetyteewt ($6.04 in chips) 
Seat 8: Keption ($13.71 in chips) 
Seat 9: kodiakrb ($5 in chips) 
Keption: posts small blind $0.02
kodiakrb: posts big blind $0.05
*** HOLE CARDS ***
Dealt to Dorex2007 [Jd 8d]
onlyfoolsguy: raises $0.10 to $0.15
Nicolai5115: folds 
Maria1995587: folds 
Dorex2007: folds 
VascoSerg: folds 
HAYASHID2: calls $0.15
tweetyteewt: folds 
Keption: folds 
kodiakrb: folds 
*** FLOP *** [Ad Qc 4h]
onlyfoolsguy: checks 
HAYASHID2: checks 
*** TURN *** [Ad Qc 4h] [3c]
onlyfoolsguy: checks 
HAYASHID2: checks 
*** RIVER *** [Ad Qc 4h 3c] [6h]
onlyfoolsguy: checks 
HAYASHID2: bets $0.17
onlyfoolsguy: folds 
Uncalled bet ($0.17) returned to HAYASHID2
HAYASHID2 collected $0.35 from pot
HAYASHID2: doesn't show hand 
*** SUMMARY ***
Total pot $0.37 | Rake $0.02 
Board [Ad Qc 4h 3c 6h]
Seat 1: onlyfoolsguy folded on the River
Seat 2: Nicolai5115 folded before Flop (didn't bet)
Seat 3: Maria1995587 folded before Flop (didn't bet)
Seat 4: Dorex2007 folded before Flop (didn't bet)
Seat 5: VascoSerg folded before Flop (didn't bet)
Seat 6: HAYASHID2 collected ($0.35)
Seat 7: tweetyteewt (button) folded before Flop (didn't bet)
Seat 8: Keption (small blind) folded before Flop
Seat 9: kodiakrb (big blind) folded before Flop



PokerStars Hand #237608679912:  Hold'em No Limit ($0.02/$0.05 USD) - 2022/07/26 16:02:25 PT [2022/07/26 19:02:25 ET]
Table 'Gianfar II' 9-max Seat #8 is the button
Seat 1: onlyfoolsguy ($5.08 in chips) 
Seat 2: Nicolai5115 ($1.97 in chips) 
Seat 3: Maria1995587 ($7.67 in chips) 
Seat 4: Dorex2007 ($5 in chips) 
Seat 5: VascoSerg ($6.61 in chips) 
Seat 6: HAYASHID2 ($6.52 in chips) 
Seat 7: tweetyteewt ($6.04 in chips) 
Seat 8: Keption ($13.69 in chips) 
Seat 9: kodiakrb ($4.95 in chips) 
kodiakrb: posts small blind $0.02
onlyfoolsguy: posts big blind $0.05
*** HOLE CARDS ***
Dealt to Dorex2007 [Kh 9h]
Nicolai5115: folds 
Maria1995587: folds 
Dorex2007 has timed out
Dorex2007: folds 
VascoSerg: folds 
HAYASHID2: folds 
tweetyteewt: folds 
Keption: folds 
kodiakrb: calls $0.03
onlyfoolsguy: checks 
*** FLOP *** [Qd Qh 5c]
kodiakrb: checks 
onlyfoolsguy: checks 
*** TURN *** [Qd Qh 5c] [4s]
kodiakrb: checks 
onlyfoolsguy: bets $0.05
kodiakrb: calls $0.05
*** RIVER *** [Qd Qh 5c 4s] [4d]
kodiakrb: bets $0.19
onlyfoolsguy: folds 
Uncalled bet ($0.19) returned to kodiakrb
kodiakrb collected $0.19 from pot
kodiakrb: doesn't show hand 
*** SUMMARY ***
Total pot $0.20 | Rake $0.01 
Board [Qd Qh 5c 4s 4d]
Seat 1: onlyfoolsguy (big blind) folded on the River
Seat 2: Nicolai5115 folded before Flop (didn't bet)
Seat 3: Maria1995587 folded before Flop (didn't bet)
Seat 4: Dorex2007 folded before Flop (didn't bet)
Seat 5: VascoSerg folded before Flop (didn't bet)
Seat 6: HAYASHID2 folded before Flop (didn't bet)
Seat 7: tweetyteewt folded before Flop (didn't bet)
Seat 8: Keption (button) folded before Flop (didn't bet)
Seat 9: kodiakrb (small blind) collected ($0.19)



PokerStars Hand #237608768724:  Hold'em No Limit ($0.02/$0.05 USD) - 2022/07/26 16:07:11 PT [2022/07/26 19:07:11 ET]
Table 'Gianfar II' 9-max Seat #6 is the button
Seat 1: onlyfoolsguy ($4.56 in chips) 
Seat 2: Nicolai5115 ($1.31 in chips) 
Seat 3: Maria1995587 ($8.78 in chips) 
Seat 4: Dorex2007 ($5 in chips) 
Seat 5: VascoSerg ($6.44 in chips) 
Seat 6: HAYASHID2 ($6.12 in chips) 
Seat 7: tweetyteewt ($6.06 in chips) 
Seat 8: Keption ($14.81 in chips) 
tweetyteewt: posts small blind $0.02
Keption: posts big blind $0.05
Dorex2007: posts small & big blinds $0.07
*** HOLE CARDS ***
Dealt to Dorex2007 [Js Jc]
gismouck joins the table at seat #9 
onlyfoolsguy: folds 
Nicolai5115: calls $0.05
Maria1995587: folds 
Dorex2007: raises $0.25 to $0.30
VascoSerg: folds 
HAYASHID2: folds 
tweetyteewt: folds 
Keption: folds 
Nicolai5115: folds 
Uncalled bet ($0.25) returned to Dorex2007
Dorex2007 collected $0.19 from pot
Dorex2007: doesn't show hand 
*** SUMMARY ***
Total pot $0.19 | Rake $0 
Seat 1: onlyfoolsguy folded before Flop (didn't bet)
Seat 2: Nicolai5115 folded before Flop
Seat 3: Maria1995587 folded before Flop (didn't bet)
Seat 4: Dorex2007 collected ($0.19)
Seat 5: VascoSerg folded before Flop (didn't bet)
Seat 6: HAYASHID2 (button) folded before Flop (didn't bet)
Seat 7: tweetyteewt (small blind) folded before Flop
Seat 8: Keption (big blind) folded before Flop



PokerStars Hand #237608785068:  Hold'em No Limit ($0.02/$0.05 USD) - 2022/07/26 16:08:07 PT [2022/07/26 19:08:07 ET]
Table 'Gianfar II' 9-max Seat #7 is the button
Seat 1: onlyfoolsguy ($4.56 in chips) 
Seat 2: Nicolai5115 ($1.26 in chips) 
Seat 3: Maria1995587 ($8.78 in chips) 
Seat 4: Dorex2007 ($5.12 in chips) 
Seat 5: VascoSerg ($6.44 in chips) 
Seat 6: HAYASHID2 ($6.12 in chips) 
Seat 7: tweetyteewt ($6.04 in chips) 
Seat 8: Keption ($14.76 in chips) 
Seat 9: gismouck ($5 in chips) 
Keption: posts small blind $0.02
gismouck: posts big blind $0.05
*** HOLE CARDS ***
Dealt to Dorex2007 [9d 9h]
onlyfoolsguy: folds 
Nicolai5115: folds 
Maria1995587: calls $0.05
Dorex2007: calls $0.05
VascoSerg: folds 
HAYASHID2: folds 
tweetyteewt: folds 
Keption: raises $0.20 to $0.25
gismouck: folds 
Maria1995587: folds 
Dorex2007: folds 
Uncalled bet ($0.20) returned to Keption
Keption collected $0.20 from pot
Keption: doesn't show hand 
*** SUMMARY ***
Total pot $0.20 | Rake $0 
Seat 1: onlyfoolsguy folded before Flop (didn't bet)
Seat 2: Nicolai5115 folded before Flop (didn't bet)
Seat 3: Maria1995587 folded before Flop
Seat 4: Dorex2007 folded before Flop
Seat 5: VascoSerg folded before Flop (didn't bet)
Seat 6: HAYASHID2 folded before Flop (didn't bet)
Seat 7: tweetyteewt (button) folded before Flop (didn't bet)
Seat 8: Keption (small blind) collected ($0.20)
Seat 9: gismouck (big blind) folded before Flop



PokerStars Hand #237608794310:  Hold'em No Limit ($0.02/$0.05 USD) - 2022/07/26 16:08:38 PT [2022/07/26 19:08:38 ET]
Table 'Gianfar II' 9-max Seat #8 is the button
Seat 1: onlyfoolsguy ($4.56 in chips) 
Seat 2: Nicolai5115 ($1.26 in chips) 
Seat 3: Maria1995587 ($8.73 in chips) 
Seat 4: Dorex2007 ($5.07 in chips) 
Seat 5: VascoSerg ($6.44 in chips) 
Seat 6: HAYASHID2 ($6.12 in chips) 
Seat 7: tweetyteewt ($6.04 in chips) 
Seat 8: Keption ($14.91 in chips) 
Seat 9: gismouck ($4.95 in chips) 
gismouck: posts small blind $0.02
onlyfoolsguy: posts big blind $0.05
*** HOLE CARDS ***
Dealt to Dorex2007 [9s 7d]
Nicolai5115: folds 
Maria1995587: calls $0.05
Dorex2007: folds 
VascoSerg: folds 
HAYASHID2: folds 
tweetyteewt: folds 
Keption: folds 
gismouck: folds 
onlyfoolsguy: checks 
*** FLOP *** [As 7c Jh]
onlyfoolsguy: checks 
Maria1995587: bets $0.05
onlyfoolsguy: calls $0.05
*** TURN *** [As 7c Jh] [5d]
onlyfoolsguy: checks 
Maria1995587: checks 
*** RIVER *** [As 7c Jh 5d] [Kc]
onlyfoolsguy: checks 
Maria1995587: checks 
*** SHOW DOWN ***
onlyfoolsguy: shows [Jc 3d] (a pair of Jacks)
Maria1995587: mucks hand 
onlyfoolsguy collected $0.21 from pot
*** SUMMARY ***
Total pot $0.22 | Rake $0.01 
Board [As 7c Jh 5d Kc]
Seat 1: onlyfoolsguy (big blind) showed [Jc 3d] and won ($0.21) with a pair of Jacks
Seat 2: Nicolai5115 folded before Flop (didn't bet)
Seat 3: Maria1995587 mucked [7s 6s]
Seat 4: Dorex2007 folded before Flop (didn't bet)
Seat 5: VascoSerg folded before Flop (didn't bet)
Seat 6: HAYASHID2 folded before Flop (didn't bet)
Seat 7: tweetyteewt folded before Flop (didn't bet)
Seat 8: Keption (button) folded before Flop (didn't bet)
Seat 9: gismouck (small blind) folded before Flop



PokerStars Hand #237608814089:  Hold'em No Limit ($0.02/$0.05 USD) - 2022/07/26 16:09:46 PT [2022/07/26 19:09:46 ET]
Table 'Gianfar II' 9-max Seat #9 is the button
Seat 1: onlyfoolsguy ($4.67 in chips) 
Seat 2: Nicolai5115 ($1.26 in chips) 
Seat 3: Maria1995587 ($8.63 in chips) 
Seat 4: Dorex2007 ($5.07 in chips) 
Seat 5: VascoSerg ($6.44 in chips) 
Seat 6: HAYASHID2 ($6.12 in chips) 
Seat 7: tweetyteewt ($6.04 in chips) 
Seat 8: Keption ($14.91 in chips) 
Seat 9: gismouck ($4.93 in chips) 
onlyfoolsguy: posts small blind $0.02
Nicolai5115: posts big blind $0.05
*** HOLE CARDS ***
Dealt to Dorex2007 [5c Ks]
Maria1995587: folds 
Dorex2007: folds 
VascoSerg: folds 
HAYASHID2: raises $0.10 to $0.15
tweetyteewt: folds 
Keption: folds 
gismouck: folds 
onlyfoolsguy: calls $0.13
Nicolai5115: calls $0.10
*** FLOP *** [6c 5s 8s]
onlyfoolsguy: checks 
Nicolai5115: checks 
HAYASHID2: checks 
*** TURN *** [6c 5s 8s] [2h]
onlyfoolsguy: checks 
Nicolai5115: checks 
HAYASHID2: checks 
*** RIVER *** [6c 5s 8s 2h] [Kc]
onlyfoolsguy: checks 
Nicolai5115: checks 
HAYASHID2: bets $0.25
onlyfoolsguy: folds 
Nicolai5115: folds 
Uncalled bet ($0.25) returned to HAYASHID2
HAYASHID2 collected $0.43 from pot
HAYASHID2: doesn't show hand 
*** SUMMARY ***
Total pot $0.45 | Rake $0.02 
Board [6c 5s 8s 2h Kc]
Seat 1: onlyfoolsguy (small blind) folded on the River
Seat 2: Nicolai5115 (big blind) folded on the River
Seat 3: Maria1995587 folded before Flop (didn't bet)
Seat 4: Dorex2007 folded before Flop (didn't bet)
Seat 5: VascoSerg folded before Flop (didn't bet)
Seat 6: HAYASHID2 collected ($0.43)
Seat 7: tweetyteewt folded before Flop (didn't bet)
Seat 8: Keption folded before Flop (didn't bet)
Seat 9: gismouck (button) folded before Flop (didn't bet)



PokerStars Hand #237608839072:  Hold'em No Limit ($0.02/$0.05 USD) - 2022/07/26 16:11:13 PT [2022/07/26 19:11:13 ET]
Table 'Gianfar II' 9-max Seat #1 is the button
Seat 1: onlyfoolsguy ($4.52 in chips) 
Seat 2: Nicolai5115 ($1.11 in chips) 
Seat 3: Maria1995587 ($8.63 in chips) 
Seat 4: Dorex2007 ($5.07 in chips) 
Seat 5: VascoSerg ($6.44 in chips) 
Seat 6: HAYASHID2 ($6.40 in chips) 
Seat 7: tweetyteewt ($6.04 in chips) 
Seat 8: Keption ($14.91 in chips) 
Seat 9: gismouck ($4.93 in chips) 
Nicolai5115: posts small blind $0.02
Maria1995587: posts big blind $0.05
*** HOLE CARDS ***
Dealt to Dorex2007 [Qc Kc]
Dorex2007: raises $0.20 to $0.25
VascoSerg: folds 
HAYASHID2: folds 
tweetyteewt: folds 
Keption: folds 
gismouck: folds 
onlyfoolsguy: folds 
Nicolai5115: folds 
Maria1995587: folds 
Uncalled bet ($0.20) returned to Dorex2007
Dorex2007 collected $0.12 from pot
Dorex2007: doesn't show hand 
*** SUMMARY ***
Total pot $0.12 | Rake $0 
Seat 1: onlyfoolsguy (button) folded before Flop (didn't bet)
Seat 2: Nicolai5115 (small blind) folded before Flop
Seat 3: Maria1995587 (big blind) folded before Flop
Seat 4: Dorex2007 collected ($0.12)
Seat 5: VascoSerg folded before Flop (didn't bet)
Seat 6: HAYASHID2 folded before Flop (didn't bet)
Seat 7: tweetyteewt folded before Flop (didn't bet)
Seat 8: Keption folded before Flop (didn't bet)
Seat 9: gismouck folded before Flop (didn't bet)



PokerStars Hand #237608846222:  Hold'em No Limit ($0.02/$0.05 USD) - 2022/07/26 16:11:38 PT [2022/07/26 19:11:38 ET]
Table 'Gianfar II' 9-max Seat #2 is the button
Seat 1: onlyfoolsguy ($4.52 in chips) 
Seat 2: Nicolai5115 ($1.09 in chips) 
Seat 3: Maria1995587 ($8.58 in chips) 
Seat 4: Dorex2007 ($5.14 in chips) 
Seat 5: VascoSerg ($6.44 in chips) 
Seat 6: HAYASHID2 ($6.40 in chips) 
Seat 7: tweetyteewt ($6.04 in chips) 
Seat 8: Keption ($14.91 in chips) 
Seat 9: gismouck ($4.93 in chips) 
Maria1995587: posts small blind $0.02
Dorex2007: posts big blind $0.05
*** HOLE CARDS ***
Dealt to Dorex2007 [4c 5d]
VascoSerg: folds 
HAYASHID2: folds 
tweetyteewt: folds 
Keption: folds 
gismouck: folds 
onlyfoolsguy: folds 
Nicolai5115: calls $0.05
Maria1995587: raises $0.15 to $0.20
Dorex2007: folds 
Nicolai5115: folds 
Uncalled bet ($0.15) returned to Maria1995587
Maria1995587 collected $0.15 from pot
*** SUMMARY ***
Total pot $0.15 | Rake $0 
Seat 1: onlyfoolsguy folded before Flop (didn't bet)
Seat 2: Nicolai5115 (button) folded before Flop
Seat 3: Maria1995587 (small blind) collected ($0.15)
Seat 4: Dorex2007 (big blind) folded before Flop
Seat 5: VascoSerg folded before Flop (didn't bet)
Seat 6: HAYASHID2 folded before Flop (didn't bet)
Seat 7: tweetyteewt folded before Flop (didn't bet)
Seat 8: Keption folded before Flop (didn't bet)
Seat 9: gismouck folded before Flop (didn't bet)



PokerStars Hand #237608863159:  Hold'em No Limit ($0.02/$0.05 USD) - 2022/07/26 16:12:25 PT [2022/07/26 19:12:25 ET]
Table 'Gianfar II' 9-max Seat #3 is the button
Seat 1: onlyfoolsguy ($4.52 in chips) 
Seat 2: Nicolai5115 ($1.04 in chips) 
Seat 3: Maria1995587 ($8.68 in chips) 
Seat 4: Dorex2007 ($5.09 in chips) 
Seat 5: VascoSerg ($6.44 in chips) 
Seat 6: HAYASHID2 ($6.40 in chips) 
Seat 7: tweetyteewt ($6.04 in chips) 
Seat 8: Keption ($14.91 in chips) 
Seat 9: gismouck ($4.93 in chips) 
Dorex2007: posts small blind $0.02
VascoSerg: posts big blind $0.05
*** HOLE CARDS ***
Dealt to Dorex2007 [6s 6h]
HAYASHID2: folds 
tweetyteewt: folds 
Keption: raises $0.07 to $0.12
gismouck: folds 
onlyfoolsguy: raises $0.40 to $0.52
Nicolai5115: folds 
Maria1995587: folds 
Dorex2007: folds 
VascoSerg: folds 
Keption: folds 
Uncalled bet ($0.40) returned to onlyfoolsguy
onlyfoolsguy collected $0.31 from pot
onlyfoolsguy: doesn't show hand 
*** SUMMARY ***
Total pot $0.31 | Rake $0 
Seat 1: onlyfoolsguy collected ($0.31)
Seat 2: Nicolai5115 folded before Flop (didn't bet)
Seat 3: Maria1995587 (button) folded before Flop (didn't bet)
Seat 4: Dorex2007 (small blind) folded before Flop
Seat 5: VascoSerg (big blind) folded before Flop
Seat 6: HAYASHID2 folded before Flop (didn't bet)
Seat 7: tweetyteewt folded before Flop (didn't bet)
Seat 8: Keption folded before Flop
Seat 9: gismouck folded before Flop (didn't bet)



PokerStars Hand #237608876984:  Hold'em No Limit ($0.02/$0.05 USD) - 2022/07/26 16:13:13 PT [2022/07/26 19:13:13 ET]
Table 'Gianfar II' 9-max Seat #4 is the button
Seat 1: onlyfoolsguy ($4.71 in chips) 
Seat 2: Nicolai5115 ($1.04 in chips) 
Seat 3: Maria1995587 ($8.68 in chips) 
Seat 4: Dorex2007 ($5.07 in chips) 
Seat 5: VascoSerg ($6.39 in chips) 
Seat 6: HAYASHID2 ($6.40 in chips) 
Seat 7: tweetyteewt ($6.04 in chips) 
Seat 8: Keption ($14.79 in chips) 
Seat 9: gismouck ($4.93 in chips) 
VascoSerg: posts small blind $0.02
HAYASHID2: posts big blind $0.05
*** HOLE CARDS ***
Dealt to Dorex2007 [5h Tc]
tweetyteewt: folds 
Keption: folds 
gismouck: folds 
onlyfoolsguy: raises $0.10 to $0.15
Nicolai5115: folds 
Maria1995587: folds 
Dorex2007: folds 
VascoSerg: raises $0.35 to $0.50
HAYASHID2: folds 
onlyfoolsguy: calls $0.35
*** FLOP *** [Ah 5c Kd]
VascoSerg: bets $0.67
onlyfoolsguy: folds 
Uncalled bet ($0.67) returned to VascoSerg
VascoSerg collected $1.01 from pot
VascoSerg: doesn't show hand 
*** SUMMARY ***
Total pot $1.05 | Rake $0.04 
Board [Ah 5c Kd]
Seat 1: onlyfoolsguy folded on the Flop
Seat 2: Nicolai5115 folded before Flop (didn't bet)
Seat 3: Maria1995587 folded before Flop (didn't bet)
Seat 4: Dorex2007 (button) folded before Flop (didn't bet)
Seat 5: VascoSerg (small blind) collected ($1.01)
Seat 6: HAYASHID2 (big blind) folded before Flop
Seat 7: tweetyteewt folded before Flop (didn't bet)
Seat 8: Keption folded before Flop (didn't bet)
Seat 9: gismouck folded before Flop (didn't bet)



PokerStars Hand #237608888279:  Hold'em No Limit ($0.02/$0.05 USD) - 2022/07/26 16:13:53 PT [2022/07/26 19:13:53 ET]
Table 'Gianfar II' 9-max Seat #5 is the button
Seat 1: onlyfoolsguy ($4.21 in chips) 
Seat 2: Nicolai5115 ($1.04 in chips) 
Seat 3: Maria1995587 ($8.68 in chips) 
Seat 4: Dorex2007 ($5.07 in chips) 
Seat 5: VascoSerg ($6.90 in chips) 
Seat 6: HAYASHID2 ($6.35 in chips) 
Seat 7: tweetyteewt ($6.04 in chips) 
Seat 8: Keption ($14.79 in chips) 
Seat 9: gismouck ($4.93 in chips) 
HAYASHID2: posts small blind $0.02
tweetyteewt: posts big blind $0.05
*** HOLE CARDS ***
Dealt to Dorex2007 [9c 7s]
Keption: raises $0.07 to $0.12
gismouck: folds 
onlyfoolsguy: folds 
Nicolai5115: folds 
Maria1995587: folds 
Dorex2007: folds 
VascoSerg: folds 
HAYASHID2: calls $0.10
tweetyteewt: folds 
*** FLOP *** [3c 4d Kh]
HAYASHID2: checks 
Keption: bets $0.16
HAYASHID2: calls $0.16
*** TURN *** [3c 4d Kh] [4h]
HAYASHID2: checks 
Keption: bets $0.40
HAYASHID2: calls $0.40
*** RIVER *** [3c 4d Kh 4h] [9h]
HAYASHID2: checks 
Keption: checks 
*** SHOW DOWN ***
HAYASHID2: shows [4s 5d] (three of a kind, Fours)
Keption: mucks hand 
HAYASHID2 collected $1.35 from pot
*** SUMMARY ***
Total pot $1.41 | Rake $0.06 
Board [3c 4d Kh 4h 9h]
Seat 1: onlyfoolsguy folded before Flop (didn't bet)
Seat 2: Nicolai5115 folded before Flop (didn't bet)
Seat 3: Maria1995587 folded before Flop (didn't bet)
Seat 4: Dorex2007 folded before Flop (didn't bet)
Seat 5: VascoSerg (button) folded before Flop (didn't bet)
Seat 6: HAYASHID2 (small blind) showed [4s 5d] and won ($1.35) with three of a kind, Fours
Seat 7: tweetyteewt (big blind) folded before Flop
Seat 8: Keption mucked [Kc Qh]
Seat 9: gismouck folded before Flop (didn't bet)



PokerStars Hand #237608914279:  Hold'em No Limit ($0.02/$0.05 USD) - 2022/07/26 16:15:24 PT [2022/07/26 19:15:24 ET]
Table 'Gianfar II' 9-max Seat #6 is the button
Seat 1: onlyfoolsguy ($4.21 in chips) 
Seat 2: Nicolai5115 ($1.04 in chips) 
Seat 3: Maria1995587 ($8.68 in chips) 
Seat 4: Dorex2007 ($5.07 in chips) 
Seat 5: VascoSerg ($6.90 in chips) 
Seat 6: HAYASHID2 ($7.02 in chips) 
Seat 7: tweetyteewt ($5.99 in chips) 
Seat 8: Keption ($14.11 in chips) 
Seat 9: gismouck ($4.93 in chips) 
tweetyteewt: posts small blind $0.02
Keption: posts big blind $0.05
*** HOLE CARDS ***
Dealt to Dorex2007 [6d Kd]
gismouck: folds 
onlyfoolsguy: folds 
Nicolai5115: folds 
Maria1995587: folds 
Dorex2007: raises $0.05 to $0.10
VascoSerg: folds 
HAYASHID2: folds 
tweetyteewt: folds 
Keption: folds 
Uncalled bet ($0.05) returned to Dorex2007
Dorex2007 collected $0.12 from pot
Dorex2007: doesn't show hand 
*** SUMMARY ***
Total pot $0.12 | Rake $0 
Seat 1: onlyfoolsguy folded before Flop (didn't bet)
Seat 2: Nicolai5115 folded before Flop (didn't bet)
Seat 3: Maria1995587 folded before Flop (didn't bet)
Seat 4: Dorex2007 collected ($0.12)
Seat 5: VascoSerg folded before Flop (didn't bet)
Seat 6: HAYASHID2 (button) folded before Flop (didn't bet)
Seat 7: tweetyteewt (small blind) folded before Flop
Seat 8: Keption (big blind) folded before Flop
Seat 9: gismouck folded before Flop (didn't bet)



PokerStars Hand #237608919763:  Hold'em No Limit ($0.02/$0.05 USD) - 2022/07/26 16:15:43 PT [2022/07/26 19:15:43 ET]
Table 'Gianfar II' 9-max Seat #7 is the button
Seat 1: onlyfoolsguy ($4.21 in chips) 
Seat 2: Nicolai5115 ($1.04 in chips) 
Seat 3: Maria1995587 ($8.68 in chips) 
Seat 4: Dorex2007 ($5.14 in chips) 
Seat 5: VascoSerg ($6.90 in chips) 
Seat 6: HAYASHID2 ($7.02 in chips) 
Seat 7: tweetyteewt ($5.97 in chips) 
Seat 8: Keption ($14.06 in chips) 
Seat 9: gismouck ($4.93 in chips) 
Keption: posts small blind $0.02
gismouck: posts big blind $0.05
*** HOLE CARDS ***
Dealt to Dorex2007 [7s Ad]
onlyfoolsguy: folds 
Nicolai5115: folds 
Maria1995587: folds 
Dorex2007: folds 
VascoSerg: folds 
HAYASHID2: folds 
tweetyteewt: raises $0.05 to $0.10
Keption: folds 
gismouck: folds 
Uncalled bet ($0.05) returned to tweetyteewt
tweetyteewt collected $0.12 from pot
tweetyteewt: doesn't show hand 
*** SUMMARY ***
Total pot $0.12 | Rake $0 
Seat 1: onlyfoolsguy folded before Flop (didn't bet)
Seat 2: Nicolai5115 folded before Flop (didn't bet)
Seat 3: Maria1995587 folded before Flop (didn't bet)
Seat 4: Dorex2007 folded before Flop (didn't bet)
Seat 5: VascoSerg folded before Flop (didn't bet)
Seat 6: HAYASHID2 folded before Flop (didn't bet)
Seat 7: tweetyteewt (button) collected ($0.12)
Seat 8: Keption (small blind) folded before Flop
Seat 9: gismouck (big blind) folded before Flop



PokerStars Hand #237608926448:  Hold'em No Limit ($0.02/$0.05 USD) - 2022/07/26 16:16:06 PT [2022/07/26 19:16:06 ET]
Table 'Gianfar II' 9-max Seat #8 is the button
Seat 1: onlyfoolsguy ($4.21 in chips) 
Seat 2: Nicolai5115 ($1.04 in chips) 
Seat 3: Maria1995587 ($8.68 in chips) 
Seat 4: Dorex2007 ($5.14 in chips) 
Seat 5: VascoSerg ($6.90 in chips) 
Seat 6: HAYASHID2 ($7.02 in chips) 
Seat 7: tweetyteewt ($6.04 in chips) 
Seat 8: Keption ($14.04 in chips) 
Seat 9: gismouck ($4.88 in chips) 
gismouck: posts small blind $0.02
onlyfoolsguy: posts big blind $0.05
*** HOLE CARDS ***
Dealt to Dorex2007 [Jd 7d]
Nicolai5115: folds 
Maria1995587: folds 
Dorex2007: folds 
VascoSerg: folds 
HAYASHID2: folds 
tweetyteewt: raises $0.05 to $0.10
Keption: folds 
gismouck: folds 
onlyfoolsguy: raises $0.40 to $0.50
tweetyteewt: raises $0.90 to $1.40
onlyfoolsguy: folds 
Uncalled bet ($0.90) returned to tweetyteewt
tweetyteewt collected $1.02 from pot
tweetyteewt: doesn't show hand 
*** SUMMARY ***
Total pot $1.02 | Rake $0 
Seat 1: onlyfoolsguy (big blind) folded before Flop
Seat 2: Nicolai5115 folded before Flop (didn't bet)
Seat 3: Maria1995587 folded before Flop (didn't bet)
Seat 4: Dorex2007 folded before Flop (didn't bet)
Seat 5: VascoSerg folded before Flop (didn't bet)
Seat 6: HAYASHID2 folded before Flop (didn't bet)
Seat 7: tweetyteewt collected ($1.02)
Seat 8: Keption (button) folded before Flop (didn't bet)
Seat 9: gismouck (small blind) folded before Flop



PokerStars Hand #237608937455:  Hold'em No Limit ($0.02/$0.05 USD) - 2022/07/26 16:16:45 PT [2022/07/26 19:16:45 ET]
Table 'Gianfar II' 9-max Seat #9 is the button
Seat 1: onlyfoolsguy ($5 in chips) 
Seat 2: Nicolai5115 ($1.04 in chips) 
Seat 3: Maria1995587 ($8.68 in chips) 
Seat 4: Dorex2007 ($5.14 in chips) 
Seat 5: VascoSerg ($6.90 in chips) 
Seat 6: HAYASHID2 ($7.02 in chips) 
Seat 7: tweetyteewt ($6.56 in chips) 
Seat 8: Keption ($14.04 in chips) 
Seat 9: gismouck ($4.86 in chips) 
onlyfoolsguy: posts small blind $0.02
Nicolai5115: posts big blind $0.05
*** HOLE CARDS ***
Dealt to Dorex2007 [4c 4s]
Maria1995587: calls $0.05
Dorex2007: calls $0.05
VascoSerg: calls $0.05
HAYASHID2: folds 
tweetyteewt: folds 
Keption: calls $0.05
gismouck: calls $0.05
onlyfoolsguy: calls $0.03
Nicolai5115: checks 
*** FLOP *** [9h 2h 5d]
onlyfoolsguy: checks 
Nicolai5115: checks 
Maria1995587: bets $0.17
Dorex2007: folds 
VascoSerg: calls $0.17
Keption: calls $0.17
gismouck: calls $0.17
onlyfoolsguy: folds 
Nicolai5115: calls $0.17
*** TURN *** [9h 2h 5d] [4d]
Nicolai5115: bets $0.82 and is all-in
Maria1995587: calls $0.82
VascoSerg: calls $0.82
Keption: calls $0.82
gismouck: calls $0.82
*** RIVER *** [9h 2h 5d 4d] [6c]
Maria1995587: checks 
VascoSerg: checks 
Keption: checks 
gismouck: checks 
*** SHOW DOWN ***
Nicolai5115: shows [3d Ad] (a straight, Deuce to Six)
Maria1995587: mucks hand 
VascoSerg: mucks hand 
Keption: mucks hand 
gismouck: mucks hand 
Nicolai5115 collected $5.08 from pot
*** SUMMARY ***
Total pot $5.30 | Rake $0.22 
Board [9h 2h 5d 4d 6c]
Seat 1: onlyfoolsguy (small blind) folded on the Flop
Seat 2: Nicolai5115 (big blind) showed [3d Ad] and won ($5.08) with a straight, Deuce to Six
Seat 3: Maria1995587 mucked [Jh Jc]
Seat 4: Dorex2007 folded on the Flop
Seat 5: VascoSerg mucked [8d 9d]
Seat 6: HAYASHID2 folded before Flop (didn't bet)
Seat 7: tweetyteewt folded before Flop (didn't bet)
Seat 8: Keption mucked [8h Qh]
Seat 9: gismouck (button) mucked [9c Kh]



PokerStars Hand #237608971917:  Hold'em No Limit ($0.02/$0.05 USD) - 2022/07/26 16:18:46 PT [2022/07/26 19:18:46 ET]
Table 'Gianfar II' 9-max Seat #1 is the button
Seat 1: onlyfoolsguy ($4.95 in chips) 
Seat 2: Nicolai5115 ($5.08 in chips) 
Seat 3: Maria1995587 ($7.64 in chips) 
Seat 4: Dorex2007 ($5.09 in chips) 
Seat 5: VascoSerg ($5.86 in chips) 
Seat 6: HAYASHID2 ($7.02 in chips) 
Seat 7: tweetyteewt ($6.56 in chips) 
Seat 8: Keption ($13 in chips) 
Seat 9: gismouck ($3.82 in chips) 
Nicolai5115: posts small blind $0.02
Maria1995587: posts big blind $0.05
*** HOLE CARDS ***
Dealt to Dorex2007 [6c 3s]
Dorex2007: folds 
VascoSerg: raises $0.10 to $0.15
HAYASHID2: folds 
tweetyteewt: folds 
Keption: calls $0.15
gismouck: folds 
onlyfoolsguy: folds 
Nicolai5115: folds 
Maria1995587: folds 
*** FLOP *** [4c 8s 8d]
VascoSerg: bets $0.23
Keption: folds 
Uncalled bet ($0.23) returned to VascoSerg
VascoSerg collected $0.35 from pot
VascoSerg: doesn't show hand 
*** SUMMARY ***
Total pot $0.37 | Rake $0.02 
Board [4c 8s 8d]
Seat 1: onlyfoolsguy (button) folded before Flop (didn't bet)
Seat 2: Nicolai5115 (small blind) folded before Flop
Seat 3: Maria1995587 (big blind) folded before Flop
Seat 4: Dorex2007 folded before Flop (didn't bet)
Seat 5: VascoSerg collected ($0.35)
Seat 6: HAYASHID2 folded before Flop (didn't bet)
Seat 7: tweetyteewt folded before Flop (didn't bet)
Seat 8: Keption folded on the Flop
Seat 9: gismouck folded before Flop (didn't bet)



PokerStars Hand #237608984181:  Hold'em No Limit ($0.02/$0.05 USD) - 2022/07/26 16:19:30 PT [2022/07/26 19:19:30 ET]
Table 'Gianfar II' 9-max Seat #2 is the button
Seat 1: onlyfoolsguy ($4.95 in chips) 
Seat 2: Nicolai5115 ($5.06 in chips) 
Seat 3: Maria1995587 ($7.59 in chips) 
Seat 4: Dorex2007 ($5.09 in chips) 
Seat 5: VascoSerg ($6.06 in chips) 
Seat 6: HAYASHID2 ($7.02 in chips) 
Seat 7: tweetyteewt ($6.56 in chips) 
Seat 8: Keption ($12.85 in chips) 
Seat 9: gismouck ($5 in chips) 
Maria1995587: posts small blind $0.02
Dorex2007: posts big blind $0.05
*** HOLE CARDS ***
Dealt to Dorex2007 [2s Qc]
VascoSerg: folds 
HAYASHID2: folds 
tweetyteewt: folds 
Keption: folds 
gismouck: folds 
onlyfoolsguy: folds 
Nicolai5115: folds 
Maria1995587: folds 
Uncalled bet ($0.03) returned to Dorex2007
Dorex2007 collected $0.04 from pot
Dorex2007: doesn't show hand 
*** SUMMARY ***
Total pot $0.04 | Rake $0 
Seat 1: onlyfoolsguy folded before Flop (didn't bet)
Seat 2: Nicolai5115 (button) folded before Flop (didn't bet)
Seat 3: Maria1995587 (small blind) folded before Flop
Seat 4: Dorex2007 (big blind) collected ($0.04)
Seat 5: VascoSerg folded before Flop (didn't bet)
Seat 6: HAYASHID2 folded before Flop (didn't bet)
Seat 7: tweetyteewt folded before Flop (didn't bet)
Seat 8: Keption folded before Flop (didn't bet)
Seat 9: gismouck folded before Flop (didn't bet)



PokerStars Hand #237608990057:  Hold'em No Limit ($0.02/$0.05 USD) - 2022/07/26 16:19:50 PT [2022/07/26 19:19:50 ET]
Table 'Gianfar II' 9-max Seat #3 is the button
Seat 1: onlyfoolsguy ($4.95 in chips) 
Seat 2: Nicolai5115 ($5.06 in chips) 
Seat 3: Maria1995587 ($7.57 in chips) 
Seat 4: Dorex2007 ($5.11 in chips) 
Seat 5: VascoSerg ($6.06 in chips) 
Seat 6: HAYASHID2 ($7.02 in chips) 
Seat 7: tweetyteewt ($6.56 in chips) 
Seat 8: Keption ($12.85 in chips) 
Seat 9: gismouck ($5 in chips) 
Dorex2007: posts small blind $0.02
VascoSerg: posts big blind $0.05
*** HOLE CARDS ***
Dealt to Dorex2007 [9c Ac]
HAYASHID2: folds 
tweetyteewt: folds 
Keption: folds 
gismouck: folds 
onlyfoolsguy: raises $0.10 to $0.15
Nicolai5115: folds 
Maria1995587: calls $0.15
Dorex2007: calls $0.13
VascoSerg: folds 
*** FLOP *** [7c 6d 8d]
Dorex2007: bets $0.24
onlyfoolsguy: raises $0.42 to $0.66
Maria1995587: folds 
Dorex2007: calls $0.42
*** TURN *** [7c 6d 8d] [Qc]
Dorex2007: bets $0.30
onlyfoolsguy: raises $0.94 to $1.24
Dorex2007: folds 
Uncalled bet ($0.94) returned to onlyfoolsguy
onlyfoolsguy collected $2.32 from pot
onlyfoolsguy: doesn't show hand 
*** SUMMARY ***
Total pot $2.42 | Rake $0.10 
Board [7c 6d 8d Qc]
Seat 1: onlyfoolsguy collected ($2.32)
Seat 2: Nicolai5115 folded before Flop (didn't bet)
Seat 3: Maria1995587 (button) folded on the Flop
Seat 4: Dorex2007 (small blind) folded on the Turn
Seat 5: VascoSerg (big blind) folded before Flop
Seat 6: HAYASHID2 folded before Flop (didn't bet)
Seat 7: tweetyteewt folded before Flop (didn't bet)
Seat 8: Keption folded before Flop (didn't bet)
Seat 9: gismouck folded before Flop (didn't bet)



PokerStars Hand #237609013833:  Hold'em No Limit ($0.02/$0.05 USD) - 2022/07/26 16:21:15 PT [2022/07/26 19:21:15 ET]
Table 'Gianfar II' 9-max Seat #4 is the button
Seat 1: onlyfoolsguy ($6.16 in chips) 
Seat 2: Nicolai5115 ($5.06 in chips) 
Seat 3: Maria1995587 ($7.42 in chips) 
Seat 4: Dorex2007 ($5 in chips) 
Seat 5: VascoSerg ($6.01 in chips) 
Seat 6: HAYASHID2 ($7.02 in chips) 
Seat 7: tweetyteewt ($6.56 in chips) 
Seat 8: Keption ($12.85 in chips) 
Seat 9: gismouck ($5 in chips) 
VascoSerg: posts small blind $0.02
HAYASHID2: posts big blind $0.05
*** HOLE CARDS ***
Dealt to Dorex2007 [8c 4s]
tweetyteewt: raises $0.05 to $0.10
Keption: folds 
gismouck: folds 
onlyfoolsguy: folds 
Nicolai5115: folds 
Maria1995587: folds 
Dorex2007: folds 
VascoSerg: folds 
HAYASHID2: folds 
Uncalled bet ($0.05) returned to tweetyteewt
tweetyteewt collected $0.12 from pot
tweetyteewt: doesn't show hand 
*** SUMMARY ***
Total pot $0.12 | Rake $0 
Seat 1: onlyfoolsguy folded before Flop (didn't bet)
Seat 2: Nicolai5115 folded before Flop (didn't bet)
Seat 3: Maria1995587 folded before Flop (didn't bet)
Seat 4: Dorex2007 (button) folded before Flop (didn't bet)
Seat 5: VascoSerg (small blind) folded before Flop
Seat 6: HAYASHID2 (big blind) folded before Flop
Seat 7: tweetyteewt collected ($0.12)
Seat 8: Keption folded before Flop (didn't bet)
Seat 9: gismouck folded before Flop (didn't bet)



PokerStars Hand #237609020628:  Hold'em No Limit ($0.02/$0.05 USD) - 2022/07/26 16:21:39 PT [2022/07/26 19:21:39 ET]
Table 'Gianfar II' 9-max Seat #5 is the button
Seat 1: onlyfoolsguy ($6.16 in chips) 
Seat 2: Nicolai5115 ($5.06 in chips) 
Seat 3: Maria1995587 ($7.42 in chips) 
Seat 4: Dorex2007 ($5 in chips) 
Seat 5: VascoSerg ($5.99 in chips) 
Seat 6: HAYASHID2 ($6.97 in chips) 
Seat 7: tweetyteewt ($6.63 in chips) 
Seat 8: Keption ($12.85 in chips) 
Seat 9: gismouck ($5 in chips) 
HAYASHID2: posts small blind $0.02
tweetyteewt: posts big blind $0.05
*** HOLE CARDS ***
Dealt to Dorex2007 [Tc 7d]
Keption: folds 
gismouck: folds 
onlyfoolsguy: raises $0.10 to $0.15
Nicolai5115: folds 
Maria1995587: folds 
Dorex2007: folds 
VascoSerg: folds 
HAYASHID2: calls $0.13
tweetyteewt: calls $0.10
*** FLOP *** [Qh 9s 4s]
HAYASHID2: checks 
tweetyteewt: checks 
onlyfoolsguy: bets $0.24
HAYASHID2: folds 
tweetyteewt: folds 
Uncalled bet ($0.24) returned to onlyfoolsguy
onlyfoolsguy collected $0.43 from pot
onlyfoolsguy: doesn't show hand 
*** SUMMARY ***
Total pot $0.45 | Rake $0.02 
Board [Qh 9s 4s]
Seat 1: onlyfoolsguy collected ($0.43)
Seat 2: Nicolai5115 folded before Flop (didn't bet)
Seat 3: Maria1995587 folded before Flop (didn't bet)
Seat 4: Dorex2007 folded before Flop (didn't bet)
Seat 5: VascoSerg (button) folded before Flop (didn't bet)
Seat 6: HAYASHID2 (small blind) folded on the Flop
Seat 7: tweetyteewt (big blind) folded on the Flop
Seat 8: Keption folded before Flop (didn't bet)
Seat 9: gismouck folded before Flop (didn't bet)



PokerStars Hand #237609043030:  Hold'em No Limit ($0.02/$0.05 USD) - 2022/07/26 16:22:40 PT [2022/07/26 19:22:40 ET]
Table 'Gianfar II' 9-max Seat #6 is the button
Seat 1: onlyfoolsguy ($6.44 in chips) 
Seat 2: Nicolai5115 ($5.06 in chips) 
Seat 3: Maria1995587 ($7.42 in chips) 
Seat 4: Dorex2007 ($5 in chips) 
Seat 5: VascoSerg ($5.99 in chips) 
Seat 6: HAYASHID2 ($6.82 in chips) 
Seat 7: tweetyteewt ($6.48 in chips) 
Seat 8: Keption ($12.85 in chips) 
Seat 9: gismouck ($5 in chips) 
tweetyteewt: posts small blind $0.02
Keption: posts big blind $0.05
*** HOLE CARDS ***
Dealt to Dorex2007 [4s 4h]
gismouck: folds 
onlyfoolsguy: folds 
Nicolai5115: folds 
Maria1995587: calls $0.05
Dorex2007: calls $0.05
VascoSerg: raises $0.21 to $0.26
HAYASHID2: folds 
tweetyteewt: folds 
Keption: folds 
Maria1995587: folds 
Dorex2007: folds 
Uncalled bet ($0.21) returned to VascoSerg
VascoSerg collected $0.22 from pot
VascoSerg: doesn't show hand 
*** SUMMARY ***
Total pot $0.22 | Rake $0 
Seat 1: onlyfoolsguy folded before Flop (didn't bet)
Seat 2: Nicolai5115 folded before Flop (didn't bet)
Seat 3: Maria1995587 folded before Flop
Seat 4: Dorex2007 folded before Flop
Seat 5: VascoSerg collected ($0.22)
Seat 6: HAYASHID2 (button) folded before Flop (didn't bet)
Seat 7: tweetyteewt (small blind) folded before Flop
Seat 8: Keption (big blind) folded before Flop
Seat 9: gismouck folded before Flop (didn't bet)



PokerStars Hand #237609050708:  Hold'em No Limit ($0.02/$0.05 USD) - 2022/07/26 16:23:08 PT [2022/07/26 19:23:08 ET]
Table 'Gianfar II' 9-max Seat #7 is the button
Seat 1: onlyfoolsguy ($6.44 in chips) 
Seat 2: Nicolai5115 ($5.06 in chips) 
Seat 3: Maria1995587 ($7.37 in chips) 
Seat 4: Dorex2007 ($5 in chips) 
Seat 5: VascoSerg ($6.16 in chips) 
Seat 6: HAYASHID2 ($6.82 in chips) 
Seat 7: tweetyteewt ($6.46 in chips) 
Seat 8: Keption ($12.80 in chips) 
Seat 9: gismouck ($5 in chips) 
Keption: posts small blind $0.02
gismouck: posts big blind $0.05
*** HOLE CARDS ***
Dealt to Dorex2007 [Th 4c]
onlyfoolsguy: folds 
Nicolai5115: folds 
Maria1995587: calls $0.05
Dorex2007: folds 
VascoSerg: raises $0.15 to $0.20
HAYASHID2: folds 
tweetyteewt: folds 
Keption: folds 
gismouck: folds 
Maria1995587: folds 
Uncalled bet ($0.15) returned to VascoSerg
VascoSerg collected $0.17 from pot
VascoSerg: doesn't show hand 
*** SUMMARY ***
Total pot $0.17 | Rake $0 
Seat 1: onlyfoolsguy folded before Flop (didn't bet)
Seat 2: Nicolai5115 folded before Flop (didn't bet)
Seat 3: Maria1995587 folded before Flop
Seat 4: Dorex2007 folded before Flop (didn't bet)
Seat 5: VascoSerg collected ($0.17)
Seat 6: HAYASHID2 folded before Flop (didn't bet)
Seat 7: tweetyteewt (button) folded before Flop (didn't bet)
Seat 8: Keption (small blind) folded before Flop
Seat 9: gismouck (big blind) folded before Flop



PokerStars Hand #237609055850:  Hold'em No Limit ($0.02/$0.05 USD) - 2022/07/26 16:23:27 PT [2022/07/26 19:23:27 ET]
Table 'Gianfar II' 9-max Seat #8 is the button
Seat 1: onlyfoolsguy ($6.44 in chips) 
Seat 2: Nicolai5115 ($5.06 in chips) 
Seat 3: Maria1995587 ($7.32 in chips) 
Seat 4: Dorex2007 ($5 in chips) 
Seat 5: VascoSerg ($6.28 in chips) 
Seat 6: HAYASHID2 ($6.82 in chips) 
Seat 7: tweetyteewt ($6.46 in chips) 
Seat 8: Keption ($12.78 in chips) 
Seat 9: gismouck ($4.95 in chips) 
gismouck: posts small blind $0.02
onlyfoolsguy: posts big blind $0.05
*** HOLE CARDS ***
Dealt to Dorex2007 [5d 8h]
Nicolai5115: calls $0.05
Maria1995587: calls $0.05
Dorex2007: folds 
VascoSerg: folds 
HAYASHID2: folds 
tweetyteewt: raises $0.20 to $0.25
Keption: folds 
gismouck: folds 
onlyfoolsguy: folds 
Nicolai5115: folds 
Maria1995587: folds 
Uncalled bet ($0.20) returned to tweetyteewt
tweetyteewt collected $0.22 from pot
tweetyteewt: doesn't show hand 
Nicolai5115 leaves the table
*** SUMMARY ***
Total pot $0.22 | Rake $0 
Seat 1: onlyfoolsguy (big blind) folded before Flop
Seat 2: Nicolai5115 folded before Flop
Seat 3: Maria1995587 folded before Flop
Seat 4: Dorex2007 folded before Flop (didn't bet)
Seat 5: VascoSerg folded before Flop (didn't bet)
Seat 6: HAYASHID2 folded before Flop (didn't bet)
Seat 7: tweetyteewt collected ($0.22)
Seat 8: Keption (button) folded before Flop (didn't bet)
Seat 9: gismouck (small blind) folded before Flop



PokerStars Hand #237609064538:  Hold'em No Limit ($0.02/$0.05 USD) - 2022/07/26 16:23:58 PT [2022/07/26 19:23:58 ET]
Table 'Gianfar II' 9-max Seat #9 is the button
Seat 1: onlyfoolsguy ($6.39 in chips) 
Seat 3: Maria1995587 ($7.27 in chips) 
Seat 4: Dorex2007 ($5 in chips) 
Seat 5: VascoSerg ($6.28 in chips) 
Seat 6: HAYASHID2 ($6.82 in chips) 
Seat 7: tweetyteewt ($6.63 in chips) 
Seat 8: Keption ($12.78 in chips) 
Seat 9: gismouck ($4.93 in chips) 
onlyfoolsguy: posts small blind $0.02
Maria1995587: posts big blind $0.05
*** HOLE CARDS ***
Dealt to Dorex2007 [3c 2c]
Dorex2007: folds 
VascoSerg: folds 
WiseWolf71 joins the table at seat #2 
HAYASHID2: folds 
tweetyteewt: raises $0.05 to $0.10
Keption: folds 
gismouck: raises $0.35 to $0.45
onlyfoolsguy: folds 
Maria1995587: folds 
tweetyteewt: folds 
Uncalled bet ($0.35) returned to gismouck
gismouck collected $0.27 from pot
gismouck: doesn't show hand 
*** SUMMARY ***
Total pot $0.27 | Rake $0 
Seat 1: onlyfoolsguy (small blind) folded before Flop
Seat 3: Maria1995587 (big blind) folded before Flop
Seat 4: Dorex2007 folded before Flop (didn't bet)
Seat 5: VascoSerg folded before Flop (didn't bet)
Seat 6: HAYASHID2 folded before Flop (didn't bet)
Seat 7: tweetyteewt folded before Flop
Seat 8: Keption folded before Flop (didn't bet)
Seat 9: gismouck (button) collected ($0.27)



PokerStars Hand #237609081613:  Hold'em No Limit ($0.02/$0.05 USD) - 2022/07/26 16:24:33 PT [2022/07/26 19:24:33 ET]
Table 'Gianfar II' 9-max Seat #1 is the button
Seat 1: onlyfoolsguy ($6.37 in chips) 
Seat 3: Maria1995587 ($7.22 in chips) 
Seat 4: Dorex2007 ($5 in chips) 
Seat 5: VascoSerg ($6.28 in chips) 
Seat 6: HAYASHID2 ($6.82 in chips) 
Seat 7: tweetyteewt ($6.53 in chips) 
Seat 8: Keption ($12.78 in chips) 
Seat 9: gismouck ($5.10 in chips) 
Maria1995587: posts small blind $0.02
Dorex2007: posts big blind $0.05
*** HOLE CARDS ***
Dealt to Dorex2007 [2d 4h]
VascoSerg: folds 
HAYASHID2: folds 
tweetyteewt: folds 
Keption: raises $0.07 to $0.12
gismouck: folds 
onlyfoolsguy: folds 
Maria1995587: folds 
Dorex2007: folds 
Uncalled bet ($0.07) returned to Keption
Keption collected $0.12 from pot
Keption: doesn't show hand 
*** SUMMARY ***
Total pot $0.12 | Rake $0 
Seat 1: onlyfoolsguy (button) folded before Flop (didn't bet)
Seat 3: Maria1995587 (small blind) folded before Flop
Seat 4: Dorex2007 (big blind) folded before Flop
Seat 5: VascoSerg folded before Flop (didn't bet)
Seat 6: HAYASHID2 folded before Flop (didn't bet)
Seat 7: tweetyteewt folded before Flop (didn't bet)
Seat 8: Keption collected ($0.12)
Seat 9: gismouck folded before Flop (didn't bet)



