PokerStars Hand #227166418177:  Hold'em No Limit ($0.01/$0.02 USD) - 2021/05/29 11:34:44 PT [2021/05/29 14:34:44 ET]
Table 'Setebos IV' 9-max Seat #1 is the button
Seat 1: Kid Saickell ($1.98 in chips) 
Seat 2: Vseslav85 ($2.10 in chips) 
Seat 3: Sqort ($2.48 in chips) 
Seat 4: 2VERY ($1.37 in chips) 
Seat 5: psdelott ($2.21 in chips) 
Seat 6: dfdrag100 ($2.47 in chips) 
Seat 7: silrange ($2 in chips) 
Seat 8: Dorex2007 ($2 in chips) 
Vseslav85: posts small blind $0.01
Sqort: posts big blind $0.02
Dorex2007: posts big blind $0.02
*** HOLE CARDS ***
Dealt to Dorex2007 [Kd 2c]
2VERY: folds 
psdelott: raises $0.04 to $0.06
dfdrag100: calls $0.06
silrange: calls $0.06
Dorex2007: folds 
Kid Saickell: calls $0.06
Vseslav85: folds 
Sqort: folds 
*** FLOP *** [9s 4h 9d]
psdelott: bets $0.14
dfdrag100: folds 
silrange: folds 
Kid Saickell: calls $0.14
*** TURN *** [9s 4h 9d] [Ts]
psdelott: checks 
Kid Saickell: bets $0.20
psdelott: raises $0.20 to $0.40
Kid Saickell: raises $1.38 to $1.78 and is all-in
psdelott: calls $1.38
*** RIVER *** [9s 4h 9d Ts] [3c]
*** SHOW DOWN ***
psdelott: shows [Th Tc] (a full house, Tens full of Nines)
Kid Saickell: shows [9c 6h] (three of a kind, Nines)
psdelott cashed out the hand for $3.86 | Cash Out Fee $0.04
*** SUMMARY ***
Total pot $4.13 | Rake $0.14 
Board [9s 4h 9d Ts 3c]
Seat 1: Kid Saickell (button) showed [9c 6h] and lost with three of a kind, Nines
Seat 2: Vseslav85 (small blind) folded before Flop
Seat 3: Sqort (big blind) folded before Flop
Seat 4: 2VERY folded before Flop (didn't bet)
Seat 5: psdelott showed [Th Tc] and won ($3.99) with a full house, Tens full of Nines (pot not awarded as player cashed out)
Seat 6: dfdrag100 folded on the Flop
Seat 7: silrange folded on the Flop
Seat 8: Dorex2007 folded before Flop (didn't bet)



PokerStars Hand #227166455883:  Hold'em No Limit ($0.01/$0.02 USD) - 2021/05/29 11:36:03 PT [2021/05/29 14:36:03 ET]
Table 'Setebos IV' 9-max Seat #2 is the button
Seat 2: Vseslav85 ($2.09 in chips) 
Seat 3: Sqort ($2.46 in chips) 
Seat 4: 2VERY ($1.37 in chips) 
Seat 5: psdelott ($4.09 in chips) 
Seat 6: dfdrag100 ($2.41 in chips) 
Seat 7: silrange ($2 in chips) 
Seat 8: Dorex2007 ($1.98 in chips) 
Sqort: posts small blind $0.01
2VERY: posts big blind $0.02
*** HOLE CARDS ***
Dealt to Dorex2007 [As Qd]
psdelott: folds 
dfdrag100: folds 
silrange: folds 
Dorex2007: folds 
Vseslav85: folds 
Sqort: folds 
Uncalled bet ($0.01) returned to 2VERY
2VERY collected $0.02 from pot
2VERY: doesn't show hand 
*** SUMMARY ***
Total pot $0.02 | Rake $0 
Seat 2: Vseslav85 (button) folded before Flop (didn't bet)
Seat 3: Sqort (small blind) folded before Flop
Seat 4: 2VERY (big blind) collected ($0.02)
Seat 5: psdelott folded before Flop (didn't bet)
Seat 6: dfdrag100 folded before Flop (didn't bet)
Seat 7: silrange folded before Flop (didn't bet)
Seat 8: Dorex2007 folded before Flop (didn't bet)



PokerStars Hand #227166460840:  Hold'em No Limit ($0.01/$0.02 USD) - 2021/05/29 11:36:14 PT [2021/05/29 14:36:14 ET]
Table 'Setebos IV' 9-max Seat #3 is the button
Seat 1: Kid Saickell ($2 in chips) 
Seat 2: Vseslav85 ($2.09 in chips) 
Seat 3: Sqort ($2.45 in chips) 
Seat 4: 2VERY ($1.38 in chips) 
Seat 5: psdelott ($4.09 in chips) 
Seat 6: dfdrag100 ($2.41 in chips) 
Seat 7: silrange ($2 in chips) 
Seat 8: Dorex2007 ($1.98 in chips) 
2VERY: posts small blind $0.01
psdelott: posts big blind $0.02
*** HOLE CARDS ***
Dealt to Dorex2007 [Qc 6s]
dfdrag100: folds 
silrange: folds 
Dorex2007: folds 
Kid Saickell: folds 
Vseslav85: raises $0.04 to $0.06
Sqort: folds 
2VERY: folds 
psdelott: folds 
Uncalled bet ($0.04) returned to Vseslav85
Vseslav85 collected $0.05 from pot
Vseslav85: doesn't show hand 
*** SUMMARY ***
Total pot $0.05 | Rake $0 
Seat 1: Kid Saickell folded before Flop (didn't bet)
Seat 2: Vseslav85 collected ($0.05)
Seat 3: Sqort (button) folded before Flop (didn't bet)
Seat 4: 2VERY (small blind) folded before Flop
Seat 5: psdelott (big blind) folded before Flop
Seat 6: dfdrag100 folded before Flop (didn't bet)
Seat 7: silrange folded before Flop (didn't bet)
Seat 8: Dorex2007 folded before Flop (didn't bet)



PokerStars Hand #227166469381:  Hold'em No Limit ($0.01/$0.02 USD) - 2021/05/29 11:36:32 PT [2021/05/29 14:36:32 ET]
Table 'Setebos IV' 9-max Seat #4 is the button
Seat 1: Kid Saickell ($2 in chips) 
Seat 2: Vseslav85 ($2.12 in chips) 
Seat 3: Sqort ($2.45 in chips) 
Seat 4: 2VERY ($1.37 in chips) 
Seat 5: psdelott ($4.07 in chips) 
Seat 6: dfdrag100 ($2.41 in chips) 
Seat 7: silrange ($2 in chips) 
Seat 8: Dorex2007 ($1.98 in chips) 
psdelott: posts small blind $0.01
dfdrag100: posts big blind $0.02
*** HOLE CARDS ***
Dealt to Dorex2007 [Jc Qh]
silrange: raises $0.04 to $0.06
Dorex2007: folds 
Kid Saickell: folds 
Vseslav85: folds 
Sqort: folds 
2VERY: folds 
psdelott: folds 
dfdrag100: folds 
Uncalled bet ($0.04) returned to silrange
silrange collected $0.05 from pot
silrange: doesn't show hand 
*** SUMMARY ***
Total pot $0.05 | Rake $0 
Seat 1: Kid Saickell folded before Flop (didn't bet)
Seat 2: Vseslav85 folded before Flop (didn't bet)
Seat 3: Sqort folded before Flop (didn't bet)
Seat 4: 2VERY (button) folded before Flop (didn't bet)
Seat 5: psdelott (small blind) folded before Flop
Seat 6: dfdrag100 (big blind) folded before Flop
Seat 7: silrange collected ($0.05)
Seat 8: Dorex2007 folded before Flop (didn't bet)



PokerStars Hand #227166475126:  Hold'em No Limit ($0.01/$0.02 USD) - 2021/05/29 11:36:44 PT [2021/05/29 14:36:44 ET]
Table 'Setebos IV' 9-max Seat #5 is the button
Seat 1: Kid Saickell ($2 in chips) 
Seat 2: Vseslav85 ($2.12 in chips) 
Seat 3: Sqort ($2.45 in chips) 
Seat 4: 2VERY ($1.37 in chips) 
Seat 5: psdelott ($4.06 in chips) 
Seat 6: dfdrag100 ($2.39 in chips) 
Seat 7: silrange ($2.03 in chips) 
Seat 8: Dorex2007 ($1.98 in chips) 
dfdrag100: posts small blind $0.01
silrange: posts big blind $0.02
*** HOLE CARDS ***
Dealt to Dorex2007 [3s 8s]
Dorex2007: folds 
Kid Saickell: folds 
Vseslav85: folds 
Sqort: folds 
2VERY: folds 
psdelott: folds 
dfdrag100: calls $0.01
silrange: checks 
*** FLOP *** [5h 7h 2c]
dfdrag100: checks 
silrange: checks 
*** TURN *** [5h 7h 2c] [Ac]
dfdrag100: checks 
silrange: checks 
*** RIVER *** [5h 7h 2c Ac] [9c]
dfdrag100: bets $0.10
silrange: folds 
Uncalled bet ($0.10) returned to dfdrag100
dfdrag100 collected $0.04 from pot
dfdrag100: doesn't show hand 
*** SUMMARY ***
Total pot $0.04 | Rake $0 
Board [5h 7h 2c Ac 9c]
Seat 1: Kid Saickell folded before Flop (didn't bet)
Seat 2: Vseslav85 folded before Flop (didn't bet)
Seat 3: Sqort folded before Flop (didn't bet)
Seat 4: 2VERY folded before Flop (didn't bet)
Seat 5: psdelott (button) folded before Flop (didn't bet)
Seat 6: dfdrag100 (small blind) collected ($0.04)
Seat 7: silrange (big blind) folded on the River
Seat 8: Dorex2007 folded before Flop (didn't bet)



PokerStars Hand #227166498963:  Hold'em No Limit ($0.01/$0.02 USD) - 2021/05/29 11:37:35 PT [2021/05/29 14:37:35 ET]
Table 'Setebos IV' 9-max Seat #6 is the button
Seat 1: Kid Saickell ($2 in chips) 
Seat 2: Vseslav85 ($2.12 in chips) 
Seat 3: Sqort ($2.45 in chips) 
Seat 4: 2VERY ($1.37 in chips) 
Seat 5: psdelott ($4.06 in chips) 
Seat 6: dfdrag100 ($2.41 in chips) 
Seat 7: silrange ($2.01 in chips) 
Seat 8: Dorex2007 ($1.98 in chips) 
silrange: posts small blind $0.01
Dorex2007: posts big blind $0.02
*** HOLE CARDS ***
Dealt to Dorex2007 [2s 5d]
Kid Saickell: folds 
Vseslav85: folds 
Sqort: folds 
2VERY: folds 
psdelott: folds 
dfdrag100: calls $0.02
silrange: folds 
Dorex2007: checks 
*** FLOP *** [5c 9c 8c]
Dorex2007: checks 
dfdrag100: bets $0.06
Dorex2007: folds 
Uncalled bet ($0.06) returned to dfdrag100
dfdrag100 collected $0.05 from pot
dfdrag100: doesn't show hand 
*** SUMMARY ***
Total pot $0.05 | Rake $0 
Board [5c 9c 8c]
Seat 1: Kid Saickell folded before Flop (didn't bet)
Seat 2: Vseslav85 folded before Flop (didn't bet)
Seat 3: Sqort folded before Flop (didn't bet)
Seat 4: 2VERY folded before Flop (didn't bet)
Seat 5: psdelott folded before Flop (didn't bet)
Seat 6: dfdrag100 (button) collected ($0.05)
Seat 7: silrange (small blind) folded before Flop
Seat 8: Dorex2007 (big blind) folded on the Flop



PokerStars Hand #227166510661:  Hold'em No Limit ($0.01/$0.02 USD) - 2021/05/29 11:38:00 PT [2021/05/29 14:38:00 ET]
Table 'Setebos IV' 9-max Seat #7 is the button
Seat 1: Kid Saickell ($2 in chips) 
Seat 2: Vseslav85 ($2.12 in chips) 
Seat 3: Sqort ($2.45 in chips) 
Seat 4: 2VERY ($1.37 in chips) 
Seat 5: psdelott ($4.06 in chips) 
Seat 6: dfdrag100 ($2.44 in chips) 
Seat 7: silrange ($2 in chips) 
Seat 8: Dorex2007 ($1.96 in chips) 
Dorex2007: posts small blind $0.01
Kid Saickell: posts big blind $0.02
*** HOLE CARDS ***
Dealt to Dorex2007 [9d Kd]
Vseslav85: folds 
Sqort: folds 
2VERY: folds 
psdelott: folds 
dfdrag100: folds 
silrange: raises $0.04 to $0.06
Dorex2007: raises $0.10 to $0.16
Kid Saickell: folds 
silrange: folds 
Uncalled bet ($0.10) returned to Dorex2007
Dorex2007 collected $0.14 from pot
SebOO93 leaves the table
Dorex2007: doesn't show hand 
*** SUMMARY ***
Total pot $0.14 | Rake $0 
Seat 1: Kid Saickell (big blind) folded before Flop
Seat 2: Vseslav85 folded before Flop (didn't bet)
Seat 3: Sqort folded before Flop (didn't bet)
Seat 4: 2VERY folded before Flop (didn't bet)
Seat 5: psdelott folded before Flop (didn't bet)
Seat 6: dfdrag100 folded before Flop (didn't bet)
Seat 7: silrange (button) folded before Flop
Seat 8: Dorex2007 (small blind) collected ($0.14)



PokerStars Hand #227166520774:  Hold'em No Limit ($0.01/$0.02 USD) - 2021/05/29 11:38:21 PT [2021/05/29 14:38:21 ET]
Table 'Setebos IV' 9-max Seat #8 is the button
Seat 1: Kid Saickell ($1.98 in chips) 
Seat 2: Vseslav85 ($2.12 in chips) 
Seat 3: Sqort ($2.45 in chips) 
Seat 4: 2VERY ($1.37 in chips) 
Seat 5: psdelott ($4.06 in chips) 
Seat 6: dfdrag100 ($2.44 in chips) 
Seat 7: silrange ($2 in chips) 
Seat 8: Dorex2007 ($2.04 in chips) 
Kid Saickell: posts small blind $0.01
Vseslav85: posts big blind $0.02
*** HOLE CARDS ***
Dealt to Dorex2007 [7s 5s]
Sqort: folds 
2VERY: folds 
psdelott: folds 
dfdrag100: raises $0.10 to $0.12
silrange: folds 
Dorex2007: folds 
Kid Saickell: folds 
Vseslav85: folds 
Uncalled bet ($0.10) returned to dfdrag100
dfdrag100 collected $0.05 from pot
dfdrag100: doesn't show hand 
*** SUMMARY ***
Total pot $0.05 | Rake $0 
Seat 1: Kid Saickell (small blind) folded before Flop
Seat 2: Vseslav85 (big blind) folded before Flop
Seat 3: Sqort folded before Flop (didn't bet)
Seat 4: 2VERY folded before Flop (didn't bet)
Seat 5: psdelott folded before Flop (didn't bet)
Seat 6: dfdrag100 collected ($0.05)
Seat 7: silrange folded before Flop (didn't bet)
Seat 8: Dorex2007 (button) folded before Flop (didn't bet)



PokerStars Hand #227166527047:  Hold'em No Limit ($0.01/$0.02 USD) - 2021/05/29 11:38:35 PT [2021/05/29 14:38:35 ET]
Table 'Setebos IV' 9-max Seat #1 is the button
Seat 1: Kid Saickell ($1.97 in chips) 
Seat 2: Vseslav85 ($2.10 in chips) 
Seat 3: Sqort ($2.45 in chips) 
Seat 4: 2VERY ($1.37 in chips) 
Seat 5: psdelott ($4.06 in chips) 
Seat 6: dfdrag100 ($2.47 in chips) 
Seat 7: silrange ($2 in chips) 
Seat 8: Dorex2007 ($2.04 in chips) 
Vseslav85: posts small blind $0.01
Sqort: posts big blind $0.02
*** HOLE CARDS ***
Dealt to Dorex2007 [2d Kc]
2VERY: folds 
psdelott: folds 
dfdrag100: calls $0.02
silrange: folds 
Dorex2007: folds 
Kid Saickell: folds 
Vseslav85: raises $0.06 to $0.08
Sqort: folds 
dfdrag100: calls $0.06
*** FLOP *** [3d 3h 7h]
Vseslav85: checks 
dfdrag100: checks 
*** TURN *** [3d 3h 7h] [Ks]
Vseslav85: bets $0.11
Brakonyer joins the table at seat #9 
dfdrag100: folds 
Uncalled bet ($0.11) returned to Vseslav85
Vseslav85 collected $0.17 from pot
Vseslav85: doesn't show hand 
*** SUMMARY ***
Total pot $0.18 | Rake $0.01 
Board [3d 3h 7h Ks]
Seat 1: Kid Saickell (button) folded before Flop (didn't bet)
Seat 2: Vseslav85 (small blind) collected ($0.17)
Seat 3: Sqort (big blind) folded before Flop
Seat 4: 2VERY folded before Flop (didn't bet)
Seat 5: psdelott folded before Flop (didn't bet)
Seat 6: dfdrag100 folded on the Turn
Seat 7: silrange folded before Flop (didn't bet)
Seat 8: Dorex2007 folded before Flop (didn't bet)



PokerStars Hand #227166539656:  Hold'em No Limit ($0.01/$0.02 USD) - 2021/05/29 11:39:02 PT [2021/05/29 14:39:02 ET]
Table 'Setebos IV' 9-max Seat #2 is the button
Seat 1: Kid Saickell ($1.97 in chips) 
Seat 2: Vseslav85 ($2.19 in chips) 
Seat 3: Sqort ($2.43 in chips) 
Seat 4: 2VERY ($1.37 in chips) 
Seat 5: psdelott ($4.06 in chips) 
Seat 6: dfdrag100 ($2.39 in chips) 
Seat 7: silrange ($2 in chips) 
Seat 8: Dorex2007 ($2.04 in chips) 
Sqort: posts small blind $0.01
2VERY: posts big blind $0.02
Brakonyer: sits out 
*** HOLE CARDS ***
Dealt to Dorex2007 [6h 4c]
psdelott: folds 
dfdrag100: folds 
silrange: folds 
Dorex2007: folds 
Kid Saickell: folds 
Vseslav85: raises $0.04 to $0.06
Sqort: folds 
2VERY: folds 
Uncalled bet ($0.04) returned to Vseslav85
Vseslav85 collected $0.05 from pot
Vseslav85: doesn't show hand 
*** SUMMARY ***
Total pot $0.05 | Rake $0 
Seat 1: Kid Saickell folded before Flop (didn't bet)
Seat 2: Vseslav85 (button) collected ($0.05)
Seat 3: Sqort (small blind) folded before Flop
Seat 4: 2VERY (big blind) folded before Flop
Seat 5: psdelott folded before Flop (didn't bet)
Seat 6: dfdrag100 folded before Flop (didn't bet)
Seat 7: silrange folded before Flop (didn't bet)
Seat 8: Dorex2007 folded before Flop (didn't bet)



PokerStars Hand #227166546965:  Hold'em No Limit ($0.01/$0.02 USD) - 2021/05/29 11:39:18 PT [2021/05/29 14:39:18 ET]
Table 'Setebos IV' 9-max Seat #3 is the button
Seat 1: Kid Saickell ($1.97 in chips) 
Seat 2: Vseslav85 ($2.22 in chips) 
Seat 3: Sqort ($2.42 in chips) 
Seat 4: 2VERY ($1.35 in chips) 
Seat 5: psdelott ($4.06 in chips) 
Seat 6: dfdrag100 ($2.39 in chips) 
Seat 7: silrange ($2 in chips) 
Seat 8: Dorex2007 ($2.04 in chips) 
2VERY: posts small blind $0.01
psdelott: posts big blind $0.02
Brakonyer: sits out 
*** HOLE CARDS ***
Dealt to Dorex2007 [7c 8c]
dfdrag100: folds 
silrange: raises $0.04 to $0.06
Dorex2007: folds 
Kid Saickell: calls $0.06
Vseslav85: folds 
Sqort: folds 
2VERY: folds 
psdelott: folds 
*** FLOP *** [9h Kc Qc]
silrange: checks 
Kid Saickell: bets $0.08
silrange: calls $0.08
*** TURN *** [9h Kc Qc] [2h]
silrange: checks 
Kid Saickell: checks 
*** RIVER *** [9h Kc Qc 2h] [6d]
silrange: checks 
Kid Saickell: checks 
*** SHOW DOWN ***
silrange: shows [Ah Qs] (a pair of Queens)
Kid Saickell: mucks hand 
silrange collected $0.30 from pot
*** SUMMARY ***
Total pot $0.31 | Rake $0.01 
Board [9h Kc Qc 2h 6d]
Seat 1: Kid Saickell mucked [Jd Js]
Seat 2: Vseslav85 folded before Flop (didn't bet)
Seat 3: Sqort (button) folded before Flop (didn't bet)
Seat 4: 2VERY (small blind) folded before Flop
Seat 5: psdelott (big blind) folded before Flop
Seat 6: dfdrag100 folded before Flop (didn't bet)
Seat 7: silrange showed [Ah Qs] and won ($0.30) with a pair of Queens
Seat 8: Dorex2007 folded before Flop (didn't bet)



PokerStars Hand #227166560300:  Hold'em No Limit ($0.01/$0.02 USD) - 2021/05/29 11:39:46 PT [2021/05/29 14:39:46 ET]
Table 'Setebos IV' 9-max Seat #4 is the button
Seat 1: Kid Saickell ($1.83 in chips) 
Seat 2: Vseslav85 ($2.22 in chips) 
Seat 3: Sqort ($2.42 in chips) 
Seat 4: 2VERY ($1.34 in chips) 
Seat 5: psdelott ($4.04 in chips) 
Seat 6: dfdrag100 ($2.39 in chips) 
Seat 7: silrange ($2.16 in chips) 
Seat 8: Dorex2007 ($2.04 in chips) 
psdelott: posts small blind $0.01
dfdrag100: posts big blind $0.02
Brakonyer: sits out 
*** HOLE CARDS ***
Dealt to Dorex2007 [As Jc]
silrange: raises $0.04 to $0.06
Dorex2007: folds 
Kid Saickell: folds 
Vseslav85: folds 
Sqort: folds 
2VERY: folds 
psdelott: folds 
dfdrag100: folds 
Uncalled bet ($0.04) returned to silrange
silrange collected $0.05 from pot
silrange: doesn't show hand 
*** SUMMARY ***
Total pot $0.05 | Rake $0 
Seat 1: Kid Saickell folded before Flop (didn't bet)
Seat 2: Vseslav85 folded before Flop (didn't bet)
Seat 3: Sqort folded before Flop (didn't bet)
Seat 4: 2VERY (button) folded before Flop (didn't bet)
Seat 5: psdelott (small blind) folded before Flop
Seat 6: dfdrag100 (big blind) folded before Flop
Seat 7: silrange collected ($0.05)
Seat 8: Dorex2007 folded before Flop (didn't bet)



PokerStars Hand #227166567987:  Hold'em No Limit ($0.01/$0.02 USD) - 2021/05/29 11:40:03 PT [2021/05/29 14:40:03 ET]
Table 'Setebos IV' 9-max Seat #5 is the button
Seat 1: Kid Saickell ($1.83 in chips) 
Seat 2: Vseslav85 ($2.22 in chips) 
Seat 3: Sqort ($2.42 in chips) 
Seat 4: 2VERY ($1.34 in chips) 
Seat 5: psdelott ($4.03 in chips) 
Seat 6: dfdrag100 ($2.37 in chips) 
Seat 7: silrange ($2.19 in chips) 
Seat 8: Dorex2007 ($2.04 in chips) 
dfdrag100: posts small blind $0.01
silrange: posts big blind $0.02
Brakonyer: sits out 
*** HOLE CARDS ***
Dealt to Dorex2007 [9d 5h]
Dorex2007: folds 
Kid Saickell: folds 
Vseslav85: folds 
Sqort: folds 
2VERY: folds 
psdelott: raises $0.04 to $0.06
dfdrag100: folds 
silrange: folds 
Uncalled bet ($0.04) returned to psdelott
psdelott collected $0.05 from pot
psdelott: doesn't show hand 
*** SUMMARY ***
Total pot $0.05 | Rake $0 
Seat 1: Kid Saickell folded before Flop (didn't bet)
Seat 2: Vseslav85 folded before Flop (didn't bet)
Seat 3: Sqort folded before Flop (didn't bet)
Seat 4: 2VERY folded before Flop (didn't bet)
Seat 5: psdelott (button) collected ($0.05)
Seat 6: dfdrag100 (small blind) folded before Flop
Seat 7: silrange (big blind) folded before Flop
Seat 8: Dorex2007 folded before Flop (didn't bet)



PokerStars Hand #227166575640:  Hold'em No Limit ($0.01/$0.02 USD) - 2021/05/29 11:40:19 PT [2021/05/29 14:40:19 ET]
Table 'Setebos IV' 9-max Seat #6 is the button
Seat 1: Kid Saickell ($1.83 in chips) 
Seat 2: Vseslav85 ($2.22 in chips) 
Seat 3: Sqort ($2.42 in chips) 
Seat 4: 2VERY ($1.34 in chips) 
Seat 5: psdelott ($4.06 in chips) 
Seat 6: dfdrag100 ($2.36 in chips) 
Seat 7: silrange ($2.17 in chips) 
Seat 8: Dorex2007 ($2.04 in chips) 
silrange: posts small blind $0.01
Dorex2007: posts big blind $0.02
Brakonyer: sits out 
*** HOLE CARDS ***
Dealt to Dorex2007 [7c 4d]
Kid Saickell: folds 
Vseslav85: folds 
Sqort: folds 
2VERY: folds 
psdelott: folds 
dfdrag100: folds 
silrange: raises $0.04 to $0.06
Dorex2007: folds 
Uncalled bet ($0.04) returned to silrange
silrange collected $0.04 from pot
silrange: doesn't show hand 
*** SUMMARY ***
Total pot $0.04 | Rake $0 
Seat 1: Kid Saickell folded before Flop (didn't bet)
Seat 2: Vseslav85 folded before Flop (didn't bet)
Seat 3: Sqort folded before Flop (didn't bet)
Seat 4: 2VERY folded before Flop (didn't bet)
Seat 5: psdelott folded before Flop (didn't bet)
Seat 6: dfdrag100 (button) folded before Flop (didn't bet)
Seat 7: silrange (small blind) collected ($0.04)
Seat 8: Dorex2007 (big blind) folded before Flop



PokerStars Hand #227166587005:  Hold'em No Limit ($0.01/$0.02 USD) - 2021/05/29 11:40:38 PT [2021/05/29 14:40:38 ET]
Table 'Setebos IV' 9-max Seat #7 is the button
Seat 1: Kid Saickell ($1.83 in chips) 
Seat 2: Vseslav85 ($2.22 in chips) 
Seat 3: Sqort ($2.42 in chips) 
Seat 4: 2VERY ($1.34 in chips) 
Seat 5: psdelott ($4.06 in chips) 
Seat 6: dfdrag100 ($2.36 in chips) 
Seat 7: silrange ($2.19 in chips) 
Seat 8: Dorex2007 ($2.02 in chips) 
Seat 9: Brakonyer ($0.80 in chips) 
Dorex2007: posts small blind $0.01
Brakonyer: posts big blind $0.02
*** HOLE CARDS ***
Dealt to Dorex2007 [Jh 2h]
Kid Saickell: calls $0.02
Vseslav85: folds 
Sqort: folds 
2VERY: folds 
psdelott: folds 
dfdrag100: calls $0.02
silrange: calls $0.02
Dorex2007: folds 
Brakonyer: checks 
*** FLOP *** [7s 9d Th]
Brakonyer: checks 
Kid Saickell: checks 
dfdrag100: checks 
silrange: checks 
*** TURN *** [7s 9d Th] [5c]
Brakonyer: checks 
Kid Saickell: checks 
dfdrag100: checks 
silrange: checks 
*** RIVER *** [7s 9d Th 5c] [7c]
Brakonyer: checks 
Kid Saickell: checks 
dfdrag100: checks 
silrange: checks 
*** SHOW DOWN ***
Brakonyer: shows [Ah 6c] (a pair of Sevens)
Kid Saickell: mucks hand 
dfdrag100: mucks hand 
silrange: shows [Jc 9h] (two pair, Nines and Sevens)
silrange collected $0.09 from pot
*** SUMMARY ***
Total pot $0.09 | Rake $0 
Board [7s 9d Th 5c 7c]
Seat 1: Kid Saickell mucked [Js Kd]
Seat 2: Vseslav85 folded before Flop (didn't bet)
Seat 3: Sqort folded before Flop (didn't bet)
Seat 4: 2VERY folded before Flop (didn't bet)
Seat 5: psdelott folded before Flop (didn't bet)
Seat 6: dfdrag100 mucked [Jd 6d]
Seat 7: silrange (button) showed [Jc 9h] and won ($0.09) with two pair, Nines and Sevens
Seat 8: Dorex2007 (small blind) folded before Flop
Seat 9: Brakonyer (big blind) showed [Ah 6c] and lost with a pair of Sevens



PokerStars Hand #227166607634:  Hold'em No Limit ($0.01/$0.02 USD) - 2021/05/29 11:41:22 PT [2021/05/29 14:41:22 ET]
Table 'Setebos IV' 9-max Seat #8 is the button
Seat 1: Kid Saickell ($1.81 in chips) 
Seat 2: Vseslav85 ($2.22 in chips) 
Seat 3: Sqort ($2.42 in chips) 
Seat 4: 2VERY ($1.34 in chips) 
Seat 5: psdelott ($4.06 in chips) 
Seat 6: dfdrag100 ($2.34 in chips) 
Seat 7: silrange ($2.26 in chips) 
Seat 8: Dorex2007 ($2.01 in chips) 
Seat 9: Brakonyer ($0.80 in chips) 
Brakonyer: posts small blind $0.01
Kid Saickell: posts big blind $0.02
*** HOLE CARDS ***
Dealt to Dorex2007 [6d 9c]
Vseslav85: folds 
Sqort: folds 
2VERY: folds 
psdelott: folds 
dfdrag100: calls $0.02
silrange: folds 
Dorex2007: folds 
Brakonyer: folds 
Kid Saickell: checks 
*** FLOP *** [2c Qh 7d]
Kid Saickell: checks 
dfdrag100: bets $0.08
Kid Saickell: folds 
Uncalled bet ($0.08) returned to dfdrag100
dfdrag100 collected $0.05 from pot
dfdrag100: doesn't show hand 
*** SUMMARY ***
Total pot $0.05 | Rake $0 
Board [2c Qh 7d]
Seat 1: Kid Saickell (big blind) folded on the Flop
Seat 2: Vseslav85 folded before Flop (didn't bet)
Seat 3: Sqort folded before Flop (didn't bet)
Seat 4: 2VERY folded before Flop (didn't bet)
Seat 5: psdelott folded before Flop (didn't bet)
Seat 6: dfdrag100 collected ($0.05)
Seat 7: silrange folded before Flop (didn't bet)
Seat 8: Dorex2007 (button) folded before Flop (didn't bet)
Seat 9: Brakonyer (small blind) folded before Flop



PokerStars Hand #227166616526:  Hold'em No Limit ($0.01/$0.02 USD) - 2021/05/29 11:41:41 PT [2021/05/29 14:41:41 ET]
Table 'Setebos IV' 9-max Seat #9 is the button
Seat 1: Kid Saickell ($1.79 in chips) 
Seat 2: Vseslav85 ($2.22 in chips) 
Seat 3: Sqort ($2.42 in chips) 
Seat 4: 2VERY ($1.34 in chips) 
Seat 5: psdelott ($4.06 in chips) 
Seat 6: dfdrag100 ($2.37 in chips) 
Seat 7: silrange ($2.26 in chips) 
Seat 8: Dorex2007 ($2.01 in chips) 
Seat 9: Brakonyer ($0.80 in chips) 
Kid Saickell: posts small blind $0.01
Vseslav85: posts big blind $0.02
*** HOLE CARDS ***
Dealt to Dorex2007 [7c Td]
Sqort: folds 
2VERY: folds 
psdelott: folds 
dfdrag100: folds 
silrange: folds 
Dorex2007: folds 
Brakonyer: raises $0.03 to $0.05
Kid Saickell: folds 
Vseslav85: folds 
Uncalled bet ($0.03) returned to Brakonyer
Brakonyer collected $0.05 from pot
*** SUMMARY ***
Total pot $0.05 | Rake $0 
Seat 1: Kid Saickell (small blind) folded before Flop
Seat 2: Vseslav85 (big blind) folded before Flop
Seat 3: Sqort folded before Flop (didn't bet)
Seat 4: 2VERY folded before Flop (didn't bet)
Seat 5: psdelott folded before Flop (didn't bet)
Seat 6: dfdrag100 folded before Flop (didn't bet)
Seat 7: silrange folded before Flop (didn't bet)
Seat 8: Dorex2007 folded before Flop (didn't bet)
Seat 9: Brakonyer (button) collected ($0.05)



PokerStars Hand #227166623527:  Hold'em No Limit ($0.01/$0.02 USD) - 2021/05/29 11:41:56 PT [2021/05/29 14:41:56 ET]
Table 'Setebos IV' 9-max Seat #1 is the button
Seat 1: Kid Saickell ($1.78 in chips) 
Seat 2: Vseslav85 ($2.20 in chips) 
Seat 3: Sqort ($2.42 in chips) 
Seat 4: 2VERY ($1.34 in chips) 
Seat 5: psdelott ($4.06 in chips) 
Seat 6: dfdrag100 ($2.37 in chips) 
Seat 7: silrange ($2.26 in chips) 
Seat 8: Dorex2007 ($2.01 in chips) 
Seat 9: Brakonyer ($0.83 in chips) 
Vseslav85: posts small blind $0.01
Sqort: posts big blind $0.02
*** HOLE CARDS ***
Dealt to Dorex2007 [2d 9s]
2VERY: folds 
psdelott: folds 
dfdrag100: calls $0.02
silrange: folds 
Dorex2007: folds 
Brakonyer: folds 
Kid Saickell: folds 
Vseslav85: folds 
Sqort: checks 
*** FLOP *** [Kh Js 2h]
Sqort: checks 
dfdrag100: checks 
*** TURN *** [Kh Js 2h] [4s]
Sqort: checks 
dfdrag100: checks 
*** RIVER *** [Kh Js 2h 4s] [4h]
Sqort: checks 
dfdrag100: checks 
*** SHOW DOWN ***
Sqort: shows [3h 6c] (a pair of Fours)
dfdrag100: shows [Th Qd] (a pair of Fours - King+Queen kicker)
dfdrag100 collected $0.05 from pot
*** SUMMARY ***
Total pot $0.05 | Rake $0 
Board [Kh Js 2h 4s 4h]
Seat 1: Kid Saickell (button) folded before Flop (didn't bet)
Seat 2: Vseslav85 (small blind) folded before Flop
Seat 3: Sqort (big blind) showed [3h 6c] and lost with a pair of Fours
Seat 4: 2VERY folded before Flop (didn't bet)
Seat 5: psdelott folded before Flop (didn't bet)
Seat 6: dfdrag100 showed [Th Qd] and won ($0.05) with a pair of Fours
Seat 7: silrange folded before Flop (didn't bet)
Seat 8: Dorex2007 folded before Flop (didn't bet)
Seat 9: Brakonyer folded before Flop (didn't bet)



PokerStars Hand #227166632566:  Hold'em No Limit ($0.01/$0.02 USD) - 2021/05/29 11:42:16 PT [2021/05/29 14:42:16 ET]
Table 'Setebos IV' 9-max Seat #2 is the button
Seat 1: Kid Saickell ($1.78 in chips) 
Seat 2: Vseslav85 ($2.19 in chips) 
Seat 3: Sqort ($2.40 in chips) 
Seat 5: psdelott ($4.06 in chips) 
Seat 6: dfdrag100 ($2.40 in chips) 
Seat 7: silrange ($2.26 in chips) 
Seat 8: Dorex2007 ($2.01 in chips) 
Seat 9: Brakonyer ($0.83 in chips) 
Sqort: posts small blind $0.01
2VERY: is sitting out 
psdelott: posts big blind $0.02
*** HOLE CARDS ***
Dealt to Dorex2007 [2h 9h]
dfdrag100: raises $0.04 to $0.06
2VERY leaves the table
silrange: calls $0.06
Dorex2007: folds 
Brakonyer: folds 
Kid Saickell: calls $0.06
Vseslav85: folds 
Sqort: folds 
psdelott: calls $0.04
*** FLOP *** [4c 9c Kc]
psdelott: checks 
dfdrag100: checks 
silrange: checks 
Kid Saickell: checks 
*** TURN *** [4c 9c Kc] [Js]
psdelott: bets $0.12
dfdrag100: calls $0.12
silrange: calls $0.12
Kid Saickell: calls $0.12
*** RIVER *** [4c 9c Kc Js] [8h]
Diegolpda joins the table at seat #4 
psdelott: bets $0.70
dfdrag100: folds 
silrange: folds 
Kid Saickell: folds 
Uncalled bet ($0.70) returned to psdelott
psdelott collected $0.70 from pot
psdelott: doesn't show hand 
*** SUMMARY ***
Total pot $0.73 | Rake $0.03 
Board [4c 9c Kc Js 8h]
Seat 1: Kid Saickell folded on the River
Seat 2: Vseslav85 (button) folded before Flop (didn't bet)
Seat 3: Sqort (small blind) folded before Flop
Seat 5: psdelott (big blind) collected ($0.70)
Seat 6: dfdrag100 folded on the River
Seat 7: silrange folded on the River
Seat 8: Dorex2007 folded before Flop (didn't bet)
Seat 9: Brakonyer folded before Flop (didn't bet)



PokerStars Hand #227166662635:  Hold'em No Limit ($0.01/$0.02 USD) - 2021/05/29 11:43:20 PT [2021/05/29 14:43:20 ET]
Table 'Setebos IV' 9-max Seat #3 is the button
Seat 1: Kid Saickell ($1.60 in chips) 
Seat 2: Vseslav85 ($2.19 in chips) 
Seat 3: Sqort ($2.39 in chips) 
Seat 5: psdelott ($4.58 in chips) 
Seat 6: dfdrag100 ($2.22 in chips) 
Seat 7: silrange ($2.08 in chips) 
Seat 8: Dorex2007 ($2.01 in chips) 
Seat 9: Brakonyer ($0.83 in chips) 
psdelott: posts small blind $0.01
dfdrag100: posts big blind $0.02
*** HOLE CARDS ***
Dealt to Dorex2007 [8c 8h]
silrange: folds 
Dorex2007: raises $0.08 to $0.10
Brakonyer: folds 
Kid Saickell: folds 
Vseslav85: folds 
Sqort: folds 
psdelott: folds 
dfdrag100: calls $0.08
*** FLOP *** [6d 3c 2h]
dfdrag100: bets $0.10
Dorex2007: raises $0.40 to $0.50
dfdrag100: folds 
Uncalled bet ($0.40) returned to Dorex2007
Dorex2007 collected $0.40 from pot
Dorex2007: doesn't show hand 
*** SUMMARY ***
Total pot $0.41 | Rake $0.01 
Board [6d 3c 2h]
Seat 1: Kid Saickell folded before Flop (didn't bet)
Seat 2: Vseslav85 folded before Flop (didn't bet)
Seat 3: Sqort (button) folded before Flop (didn't bet)
Seat 5: psdelott (small blind) folded before Flop
Seat 6: dfdrag100 (big blind) folded on the Flop
Seat 7: silrange folded before Flop (didn't bet)
Seat 8: Dorex2007 collected ($0.40)
Seat 9: Brakonyer folded before Flop (didn't bet)



PokerStars Hand #227166676936:  Hold'em No Limit ($0.01/$0.02 USD) - 2021/05/29 11:43:50 PT [2021/05/29 14:43:50 ET]
Table 'Setebos IV' 9-max Seat #5 is the button
Seat 1: Kid Saickell ($1.60 in chips) 
Seat 2: Vseslav85 ($2.19 in chips) 
Seat 3: Sqort ($2.39 in chips) 
Seat 4: Diegolpda ($0.80 in chips) 
Seat 5: psdelott ($4.57 in chips) 
Seat 6: dfdrag100 ($2.02 in chips) 
Seat 7: silrange ($2.08 in chips) 
Seat 8: Dorex2007 ($2.21 in chips) 
Seat 9: Brakonyer ($0.83 in chips) 
dfdrag100: posts small blind $0.01
silrange: posts big blind $0.02
Diegolpda: posts big blind $0.02
*** HOLE CARDS ***
Dealt to Dorex2007 [9h Qd]
Dorex2007: folds 
Brakonyer: folds 
Kid Saickell: folds 
Vseslav85: folds 
Sqort: folds 
Diegolpda: checks 
psdelott: folds 
dfdrag100: calls $0.01
silrange: checks 
*** FLOP *** [Qh 6d 4d]
dfdrag100: checks 
silrange: checks 
Diegolpda: checks 
*** TURN *** [Qh 6d 4d] [6h]
dfdrag100: checks 
silrange: checks 
Diegolpda: bets $0.06
dfdrag100: calls $0.06
silrange: calls $0.06
*** RIVER *** [Qh 6d 4d 6h] [2s]
dfdrag100: checks 
silrange: checks 
Diegolpda: checks 
*** SHOW DOWN ***
dfdrag100: shows [Ah Td] (a pair of Sixes)
silrange: shows [2d Kd] (two pair, Sixes and Deuces)
Diegolpda: mucks hand 
silrange collected $0.23 from pot
*** SUMMARY ***
Total pot $0.24 | Rake $0.01 
Board [Qh 6d 4d 6h 2s]
Seat 1: Kid Saickell folded before Flop (didn't bet)
Seat 2: Vseslav85 folded before Flop (didn't bet)
Seat 3: Sqort folded before Flop (didn't bet)
Seat 4: Diegolpda mucked [5d Ac]
Seat 5: psdelott (button) folded before Flop (didn't bet)
Seat 6: dfdrag100 (small blind) showed [Ah Td] and lost with a pair of Sixes
Seat 7: silrange (big blind) showed [2d Kd] and won ($0.23) with two pair, Sixes and Deuces
Seat 8: Dorex2007 folded before Flop (didn't bet)
Seat 9: Brakonyer folded before Flop (didn't bet)



PokerStars Hand #227166695153:  Hold'em No Limit ($0.01/$0.02 USD) - 2021/05/29 11:44:29 PT [2021/05/29 14:44:29 ET]
Table 'Setebos IV' 9-max Seat #6 is the button
Seat 1: Kid Saickell ($1.60 in chips) 
Seat 2: Vseslav85 ($2.19 in chips) 
Seat 3: Sqort ($2.39 in chips) 
Seat 4: Diegolpda ($0.72 in chips) 
Seat 5: psdelott ($4.57 in chips) 
Seat 6: dfdrag100 ($1.94 in chips) 
Seat 7: silrange ($2.23 in chips) 
Seat 8: Dorex2007 ($2.21 in chips) 
Seat 9: Brakonyer ($0.83 in chips) 
silrange: posts small blind $0.01
Dorex2007: posts big blind $0.02
*** HOLE CARDS ***
Dealt to Dorex2007 [Kh 5h]
Brakonyer: folds 
Kid Saickell: raises $0.04 to $0.06
Vseslav85: folds 
Sqort: folds 
Diegolpda: folds 
psdelott: folds 
dfdrag100: folds 
silrange: folds 
Dorex2007: folds 
Uncalled bet ($0.04) returned to Kid Saickell
Kid Saickell collected $0.05 from pot
Kid Saickell: doesn't show hand 
*** SUMMARY ***
Total pot $0.05 | Rake $0 
Seat 1: Kid Saickell collected ($0.05)
Seat 2: Vseslav85 folded before Flop (didn't bet)
Seat 3: Sqort folded before Flop (didn't bet)
Seat 4: Diegolpda folded before Flop (didn't bet)
Seat 5: psdelott folded before Flop (didn't bet)
Seat 6: dfdrag100 (button) folded before Flop (didn't bet)
Seat 7: silrange (small blind) folded before Flop
Seat 8: Dorex2007 (big blind) folded before Flop
Seat 9: Brakonyer folded before Flop (didn't bet)



PokerStars Hand #227166701885:  Hold'em No Limit ($0.01/$0.02 USD) - 2021/05/29 11:44:44 PT [2021/05/29 14:44:44 ET]
Table 'Setebos IV' 9-max Seat #7 is the button
Seat 1: Kid Saickell ($1.63 in chips) 
Seat 2: Vseslav85 ($2.19 in chips) 
Seat 3: Sqort ($2.39 in chips) 
Seat 4: Diegolpda ($0.72 in chips) 
Seat 5: psdelott ($4.57 in chips) 
Seat 6: dfdrag100 ($1.94 in chips) 
Seat 7: silrange ($2.22 in chips) 
Seat 8: Dorex2007 ($2.19 in chips) 
Seat 9: Brakonyer ($0.83 in chips) 
Dorex2007: posts small blind $0.01
Brakonyer: posts big blind $0.02
*** HOLE CARDS ***
Dealt to Dorex2007 [Js Th]
Kid Saickell: raises $0.06 to $0.08
Vseslav85: folds 
Sqort: calls $0.08
Diegolpda: folds 
psdelott: folds 
dfdrag100: folds 
silrange: folds 
Dorex2007: folds 
Brakonyer: folds 
*** FLOP *** [8h Jd 7h]
Kid Saickell: bets $0.10
Sqort: raises $0.10 to $0.20
Kid Saickell: folds 
Uncalled bet ($0.10) returned to Sqort
Sqort collected $0.38 from pot
Sqort: doesn't show hand 
*** SUMMARY ***
Total pot $0.39 | Rake $0.01 
Board [8h Jd 7h]
Seat 1: Kid Saickell folded on the Flop
Seat 2: Vseslav85 folded before Flop (didn't bet)
Seat 3: Sqort collected ($0.38)
Seat 4: Diegolpda folded before Flop (didn't bet)
Seat 5: psdelott folded before Flop (didn't bet)
Seat 6: dfdrag100 folded before Flop (didn't bet)
Seat 7: silrange (button) folded before Flop (didn't bet)
Seat 8: Dorex2007 (small blind) folded before Flop
Seat 9: Brakonyer (big blind) folded before Flop



PokerStars Hand #227166716160:  Hold'em No Limit ($0.01/$0.02 USD) - 2021/05/29 11:45:14 PT [2021/05/29 14:45:14 ET]
Table 'Setebos IV' 9-max Seat #8 is the button
Seat 1: Kid Saickell ($1.45 in chips) 
Seat 2: Vseslav85 ($2.19 in chips) 
Seat 3: Sqort ($2.59 in chips) 
Seat 4: Diegolpda ($0.72 in chips) 
Seat 5: psdelott ($4.57 in chips) 
Seat 6: dfdrag100 ($1.94 in chips) 
Seat 7: silrange ($2.22 in chips) 
Seat 8: Dorex2007 ($2.18 in chips) 
Seat 9: Brakonyer ($0.81 in chips) 
Brakonyer: posts small blind $0.01
Kid Saickell: posts big blind $0.02
*** HOLE CARDS ***
Dealt to Dorex2007 [Kc Jh]
Vseslav85: folds 
Sqort: folds 
Diegolpda: folds 
psdelott: folds 
dfdrag100: folds 
silrange: folds 
Dorex2007: raises $0.04 to $0.06
Brakonyer: folds 
Kid Saickell: calls $0.04
*** FLOP *** [8c 4h 3h]
Kid Saickell: checks 
Dorex2007: checks 
*** TURN *** [8c 4h 3h] [2c]
Kid Saickell: bets $0.06
Dorex2007: calls $0.06
*** RIVER *** [8c 4h 3h 2c] [Ad]
Kid Saickell: bets $0.10
Dorex2007: raises $0.10 to $0.20
Kid Saickell: folds 
Uncalled bet ($0.10) returned to Dorex2007
Dorex2007 collected $0.43 from pot
Dorex2007: doesn't show hand 
*** SUMMARY ***
Total pot $0.45 | Rake $0.02 
Board [8c 4h 3h 2c Ad]
Seat 1: Kid Saickell (big blind) folded on the River
Seat 2: Vseslav85 folded before Flop (didn't bet)
Seat 3: Sqort folded before Flop (didn't bet)
Seat 4: Diegolpda folded before Flop (didn't bet)
Seat 5: psdelott folded before Flop (didn't bet)
Seat 6: dfdrag100 folded before Flop (didn't bet)
Seat 7: silrange folded before Flop (didn't bet)
Seat 8: Dorex2007 (button) collected ($0.43)
Seat 9: Brakonyer (small blind) folded before Flop



PokerStars Hand #227166735455:  Hold'em No Limit ($0.01/$0.02 USD) - 2021/05/29 11:45:56 PT [2021/05/29 14:45:56 ET]
Table 'Setebos IV' 9-max Seat #9 is the button
Seat 1: Kid Saickell ($1.23 in chips) 
Seat 2: Vseslav85 ($2.19 in chips) 
Seat 3: Sqort ($2.59 in chips) 
Seat 4: Diegolpda ($0.72 in chips) 
Seat 5: psdelott ($4.57 in chips) 
Seat 6: dfdrag100 ($1.94 in chips) 
Seat 7: silrange ($2.22 in chips) 
Seat 8: Dorex2007 ($2.39 in chips) 
Seat 9: Brakonyer ($0.80 in chips) 
Kid Saickell: posts small blind $0.01
Vseslav85: posts big blind $0.02
*** HOLE CARDS ***
Dealt to Dorex2007 [9h 8h]
Sqort: folds 
Diegolpda: raises $0.02 to $0.04
psdelott: folds 
dfdrag100: calls $0.04
silrange: calls $0.04
psdelott leaves the table
Dorex2007: calls $0.04
Brakonyer: folds 
Kid Saickell: folds 
Vseslav85: folds 
*** FLOP *** [Qh 5d 7c]
Diegolpda: bets $0.04
dfdrag100: calls $0.04
silrange: calls $0.04
Dorex2007: calls $0.04
*** TURN *** [Qh 5d 7c] [Qc]
Diegolpda: checks 
dfdrag100: bets $0.12
silrange: folds 
Dorex2007: folds 
Diegolpda: folds 
Uncalled bet ($0.12) returned to dfdrag100
dfdrag100 collected $0.34 from pot
dfdrag100: doesn't show hand 
*** SUMMARY ***
Total pot $0.35 | Rake $0.01 
Board [Qh 5d 7c Qc]
Seat 1: Kid Saickell (small blind) folded before Flop
Seat 2: Vseslav85 (big blind) folded before Flop
Seat 3: Sqort folded before Flop (didn't bet)
Seat 4: Diegolpda folded on the Turn
Seat 5: psdelott folded before Flop (didn't bet)
Seat 6: dfdrag100 collected ($0.34)
Seat 7: silrange folded on the Turn
Seat 8: Dorex2007 folded on the Turn
Seat 9: Brakonyer (button) folded before Flop (didn't bet)



PokerStars Hand #227166753069:  Hold'em No Limit ($0.01/$0.02 USD) - 2021/05/29 11:46:26 PT [2021/05/29 14:46:26 ET]
Table 'Setebos IV' 9-max Seat #1 is the button
Seat 1: Kid Saickell ($1.22 in chips) 
Seat 2: Vseslav85 ($2.17 in chips) 
Seat 3: Sqort ($2.59 in chips) 
Seat 4: Diegolpda ($0.64 in chips) 
Seat 6: dfdrag100 ($2.20 in chips) 
Seat 7: silrange ($2.14 in chips) 
Seat 8: Dorex2007 ($2.31 in chips) 
Seat 9: Brakonyer ($0.80 in chips) 
Vseslav85: posts small blind $0.01
Sqort: posts big blind $0.02
*** HOLE CARDS ***
Dealt to Dorex2007 [2c Qd]
Diegolpda: folds 
dfdrag100: calls $0.02
silrange: raises $0.04 to $0.06
Dorex2007: folds 
Brakonyer: folds 
Kid Saickell: folds 
Vseslav85: folds 
Sqort: folds 
sergeibab joins the table at seat #5 
dfdrag100: calls $0.04
*** FLOP *** [3c Jc Qh]
dfdrag100: checks 
silrange: checks 
*** TURN *** [3c Jc Qh] [9c]
dfdrag100: checks 
silrange: checks 
*** RIVER *** [3c Jc Qh 9c] [5c]
dfdrag100: checks 
silrange: checks 
*** SHOW DOWN ***
dfdrag100: shows [Kd 6d] (high card King)
silrange: shows [As Jh] (a pair of Jacks)
silrange collected $0.14 from pot
*** SUMMARY ***
Total pot $0.15 | Rake $0.01 
Board [3c Jc Qh 9c 5c]
Seat 1: Kid Saickell (button) folded before Flop (didn't bet)
Seat 2: Vseslav85 (small blind) folded before Flop
Seat 3: Sqort (big blind) folded before Flop
Seat 4: Diegolpda folded before Flop (didn't bet)
Seat 6: dfdrag100 showed [Kd 6d] and lost with high card King
Seat 7: silrange showed [As Jh] and won ($0.14) with a pair of Jacks
Seat 8: Dorex2007 folded before Flop (didn't bet)
Seat 9: Brakonyer folded before Flop (didn't bet)



PokerStars Hand #227166767856:  Hold'em No Limit ($0.01/$0.02 USD) - 2021/05/29 11:46:58 PT [2021/05/29 14:46:58 ET]
Table 'Setebos IV' 9-max Seat #2 is the button
Seat 1: Kid Saickell ($1.22 in chips) 
Seat 2: Vseslav85 ($2.16 in chips) 
Seat 3: Sqort ($2.57 in chips) 
Seat 4: Diegolpda ($0.64 in chips) 
Seat 6: dfdrag100 ($2.14 in chips) 
Seat 7: silrange ($2.22 in chips) 
Seat 8: Dorex2007 ($2.31 in chips) 
Seat 9: Brakonyer ($0.80 in chips) 
Sqort: posts small blind $0.01
Diegolpda: posts big blind $0.02
sergeibab: sits out 
*** HOLE CARDS ***
Dealt to Dorex2007 [Ks Qc]
dfdrag100: folds 
silrange: folds 
Dorex2007: raises $0.04 to $0.06
Brakonyer: folds 
Kid Saickell: folds 
Vseslav85: folds 
Sqort: folds 
Diegolpda: folds 
Uncalled bet ($0.04) returned to Dorex2007
Dorex2007 collected $0.05 from pot
Dorex2007: doesn't show hand 
*** SUMMARY ***
Total pot $0.05 | Rake $0 
Seat 1: Kid Saickell folded before Flop (didn't bet)
Seat 2: Vseslav85 (button) folded before Flop (didn't bet)
Seat 3: Sqort (small blind) folded before Flop
Seat 4: Diegolpda (big blind) folded before Flop
Seat 6: dfdrag100 folded before Flop (didn't bet)
Seat 7: silrange folded before Flop (didn't bet)
Seat 8: Dorex2007 collected ($0.05)
Seat 9: Brakonyer folded before Flop (didn't bet)



PokerStars Hand #227166786435:  Hold'em No Limit ($0.01/$0.02 USD) - 2021/05/29 11:47:22 PT [2021/05/29 14:47:22 ET]
Table 'Setebos IV' 9-max Seat #3 is the button
Seat 1: Kid Saickell ($1.22 in chips) 
Seat 2: Vseslav85 ($2.16 in chips) 
Seat 3: Sqort ($2.56 in chips) 
Seat 4: Diegolpda ($0.62 in chips) 
Seat 5: sergeibab ($1 in chips) 
Seat 6: dfdrag100 ($2.14 in chips) 
Seat 7: silrange ($2.22 in chips) 
Seat 8: Dorex2007 ($2.34 in chips) 
Seat 9: Brakonyer ($0.80 in chips) 
Diegolpda: posts small blind $0.01
sergeibab: posts big blind $0.02
*** HOLE CARDS ***
Dealt to Dorex2007 [Qd Qh]
dfdrag100: folds 
silrange: folds 
Dorex2007: raises $0.04 to $0.06
Brakonyer: folds 
Kid Saickell: folds 
Vseslav85: folds 
Sqort: folds 
Diegolpda: folds 
sergeibab: folds 
Uncalled bet ($0.04) returned to Dorex2007
Dorex2007 collected $0.05 from pot
Dorex2007: doesn't show hand 
*** SUMMARY ***
Total pot $0.05 | Rake $0 
Seat 1: Kid Saickell folded before Flop (didn't bet)
Seat 2: Vseslav85 folded before Flop (didn't bet)
Seat 3: Sqort (button) folded before Flop (didn't bet)
Seat 4: Diegolpda (small blind) folded before Flop
Seat 5: sergeibab (big blind) folded before Flop
Seat 6: dfdrag100 folded before Flop (didn't bet)
Seat 7: silrange folded before Flop (didn't bet)
Seat 8: Dorex2007 collected ($0.05)
Seat 9: Brakonyer folded before Flop (didn't bet)



PokerStars Hand #227166796074:  Hold'em No Limit ($0.01/$0.02 USD) - 2021/05/29 11:47:43 PT [2021/05/29 14:47:43 ET]
Table 'Setebos IV' 9-max Seat #4 is the button
Seat 1: Kid Saickell ($1.22 in chips) 
Seat 2: Vseslav85 ($2.16 in chips) 
Seat 3: Sqort ($2.56 in chips) 
Seat 4: Diegolpda ($0.61 in chips) 
Seat 5: sergeibab ($0.98 in chips) 
Seat 6: dfdrag100 ($2.14 in chips) 
Seat 7: silrange ($2.22 in chips) 
Seat 8: Dorex2007 ($2.37 in chips) 
Seat 9: Brakonyer ($0.80 in chips) 
sergeibab: posts small blind $0.01
dfdrag100: posts big blind $0.02
*** HOLE CARDS ***
Dealt to Dorex2007 [3c Ks]
silrange: folds 
Dorex2007: folds 
Brakonyer: folds 
Kid Saickell: raises $0.06 to $0.08
Vseslav85: calls $0.08
Sqort: folds 
Diegolpda: folds 
sergeibab: folds 
dfdrag100: calls $0.06
*** FLOP *** [Qc 4h 8s]
dfdrag100: bets $0.10
Kid Saickell: calls $0.10
Vseslav85: folds 
*** TURN *** [Qc 4h 8s] [9d]
dfdrag100: bets $0.10
Kid Saickell: calls $0.10
*** RIVER *** [Qc 4h 8s 9d] [2s]
dfdrag100: bets $0.12
Kid Saickell: folds 
Uncalled bet ($0.12) returned to dfdrag100
dfdrag100 collected $0.63 from pot
dfdrag100: doesn't show hand 
*** SUMMARY ***
Total pot $0.65 | Rake $0.02 
Board [Qc 4h 8s 9d 2s]
Seat 1: Kid Saickell folded on the River
Seat 2: Vseslav85 folded on the Flop
Seat 3: Sqort folded before Flop (didn't bet)
Seat 4: Diegolpda (button) folded before Flop (didn't bet)
Seat 5: sergeibab (small blind) folded before Flop
Seat 6: dfdrag100 (big blind) collected ($0.63)
Seat 7: silrange folded before Flop (didn't bet)
Seat 8: Dorex2007 folded before Flop (didn't bet)
Seat 9: Brakonyer folded before Flop (didn't bet)



PokerStars Hand #227166816955:  Hold'em No Limit ($0.01/$0.02 USD) - 2021/05/29 11:48:27 PT [2021/05/29 14:48:27 ET]
Table 'Setebos IV' 9-max Seat #5 is the button
Seat 1: Kid Saickell ($0.94 in chips) 
Seat 2: Vseslav85 ($2.08 in chips) 
Seat 3: Sqort ($2.56 in chips) 
Seat 4: Diegolpda ($0.61 in chips) 
Seat 5: sergeibab ($0.97 in chips) 
Seat 6: dfdrag100 ($2.49 in chips) 
Seat 7: silrange ($2.22 in chips) 
Seat 8: Dorex2007 ($2.37 in chips) 
Seat 9: Brakonyer ($0.80 in chips) 
dfdrag100: posts small blind $0.01
silrange: posts big blind $0.02
*** HOLE CARDS ***
Dealt to Dorex2007 [4c Js]
Dorex2007: folds 
Brakonyer: folds 
Kid Saickell: folds 
Vseslav85: folds 
Sqort: raises $0.04 to $0.06
Diegolpda: calls $0.06
sergeibab: calls $0.06
dfdrag100: calls $0.05
silrange: folds 
*** FLOP *** [As Jd 6s]
dfdrag100: checks 
Sqort: bets $0.15
Diegolpda: calls $0.15
sergeibab: folds 
dfdrag100: folds 
*** TURN *** [As Jd 6s] [Ah]
Sqort: bets $0.54
Diegolpda: calls $0.40 and is all-in
Uncalled bet ($0.14) returned to Sqort
*** RIVER *** [As Jd 6s Ah] [2d]
*** SHOW DOWN ***
Sqort: shows [Qd Ad] (three of a kind, Aces)
Diegolpda: shows [Kc Ac] (three of a kind, Aces - King kicker)
Diegolpda collected $1.31 from pot
*** SUMMARY ***
Total pot $1.36 | Rake $0.05 
Board [As Jd 6s Ah 2d]
Seat 1: Kid Saickell folded before Flop (didn't bet)
Seat 2: Vseslav85 folded before Flop (didn't bet)
Seat 3: Sqort showed [Qd Ad] and lost with three of a kind, Aces
Seat 4: Diegolpda showed [Kc Ac] and won ($1.31) with three of a kind, Aces
Seat 5: sergeibab (button) folded on the Flop
Seat 6: dfdrag100 (small blind) folded on the Flop
Seat 7: silrange (big blind) folded before Flop
Seat 8: Dorex2007 folded before Flop (didn't bet)
Seat 9: Brakonyer folded before Flop (didn't bet)



PokerStars Hand #227166836743:  Hold'em No Limit ($0.01/$0.02 USD) - 2021/05/29 11:49:11 PT [2021/05/29 14:49:11 ET]
Table 'Setebos IV' 9-max Seat #6 is the button
Seat 1: Kid Saickell ($0.94 in chips) 
Seat 2: Vseslav85 ($2.08 in chips) 
Seat 3: Sqort ($2 in chips) 
Seat 4: Diegolpda ($1.31 in chips) 
Seat 5: sergeibab ($0.91 in chips) 
Seat 6: dfdrag100 ($2.43 in chips) 
Seat 7: silrange ($2.20 in chips) 
Seat 8: Dorex2007 ($2.37 in chips) 
Seat 9: Brakonyer ($0.80 in chips) 
silrange: posts small blind $0.01
Dorex2007: posts big blind $0.02
*** HOLE CARDS ***
Dealt to Dorex2007 [Th 5h]
Brakonyer: folds 
Kid Saickell: folds 
Vseslav85: folds 
Sqort: folds 
Diegolpda: calls $0.02
sergeibab: folds 
dfdrag100: folds 
silrange: folds 
Dorex2007: checks 
*** FLOP *** [5d Kc 7h]
Dorex2007: checks 
Diegolpda: checks 
*** TURN *** [5d Kc 7h] [8c]
Dorex2007: checks 
Diegolpda: bets $0.04
Dorex2007: calls $0.04
*** RIVER *** [5d Kc 7h 8c] [7c]
Dorex2007: bets $0.09
Diegolpda: calls $0.09
*** SHOW DOWN ***
Dorex2007: shows [Th 5h] (two pair, Sevens and Fives)
Diegolpda: shows [Jd 7d] (three of a kind, Sevens)
Diegolpda collected $0.30 from pot
*** SUMMARY ***
Total pot $0.31 | Rake $0.01 
Board [5d Kc 7h 8c 7c]
Seat 1: Kid Saickell folded before Flop (didn't bet)
Seat 2: Vseslav85 folded before Flop (didn't bet)
Seat 3: Sqort folded before Flop (didn't bet)
Seat 4: Diegolpda showed [Jd 7d] and won ($0.30) with three of a kind, Sevens
Seat 5: sergeibab folded before Flop (didn't bet)
Seat 6: dfdrag100 (button) folded before Flop (didn't bet)
Seat 7: silrange (small blind) folded before Flop
Seat 8: Dorex2007 (big blind) showed [Th 5h] and lost with two pair, Sevens and Fives
Seat 9: Brakonyer folded before Flop (didn't bet)



PokerStars Hand #227166857922:  Hold'em No Limit ($0.01/$0.02 USD) - 2021/05/29 11:49:57 PT [2021/05/29 14:49:57 ET]
Table 'Setebos IV' 9-max Seat #7 is the button
Seat 1: Kid Saickell ($0.94 in chips) 
Seat 2: Vseslav85 ($2.08 in chips) 
Seat 3: Sqort ($2 in chips) 
Seat 4: Diegolpda ($1.46 in chips) 
Seat 5: sergeibab ($0.91 in chips) 
Seat 6: dfdrag100 ($2.43 in chips) 
Seat 7: silrange ($2.19 in chips) 
Seat 8: Dorex2007 ($2.22 in chips) 
Seat 9: Brakonyer ($0.80 in chips) 
Dorex2007: posts small blind $0.01
Brakonyer: posts big blind $0.02
*** HOLE CARDS ***
Dealt to Dorex2007 [4h 5d]
Kid Saickell: folds 
Vseslav85: folds 
Sqort: folds 
Diegolpda: folds 
sergeibab: folds 
dfdrag100: folds 
silrange: raises $0.04 to $0.06
Dorex2007: folds 
Brakonyer: folds 
Uncalled bet ($0.04) returned to silrange
silrange collected $0.05 from pot
silrange: doesn't show hand 
*** SUMMARY ***
Total pot $0.05 | Rake $0 
Seat 1: Kid Saickell folded before Flop (didn't bet)
Seat 2: Vseslav85 folded before Flop (didn't bet)
Seat 3: Sqort folded before Flop (didn't bet)
Seat 4: Diegolpda folded before Flop (didn't bet)
Seat 5: sergeibab folded before Flop (didn't bet)
Seat 6: dfdrag100 folded before Flop (didn't bet)
Seat 7: silrange (button) collected ($0.05)
Seat 8: Dorex2007 (small blind) folded before Flop
Seat 9: Brakonyer (big blind) folded before Flop



PokerStars Hand #227166865096:  Hold'em No Limit ($0.01/$0.02 USD) - 2021/05/29 11:50:12 PT [2021/05/29 14:50:12 ET]
Table 'Setebos IV' 9-max Seat #8 is the button
Seat 1: Kid Saickell ($0.94 in chips) 
Seat 2: Vseslav85 ($2.08 in chips) 
Seat 3: Sqort ($2 in chips) 
Seat 4: Diegolpda ($1.46 in chips) 
Seat 5: sergeibab ($0.91 in chips) 
Seat 6: dfdrag100 ($2.43 in chips) 
Seat 7: silrange ($2.22 in chips) 
Seat 8: Dorex2007 ($2.21 in chips) 
Seat 9: Brakonyer ($0.80 in chips) 
Brakonyer: posts small blind $0.01
Kid Saickell: posts big blind $0.02
*** HOLE CARDS ***
Dealt to Dorex2007 [Td 8c]
Vseslav85: raises $0.04 to $0.06
Sqort: folds 
Diegolpda: folds 
sergeibab: folds 
dfdrag100: calls $0.06
silrange: calls $0.06
Dorex2007: folds 
Brakonyer: folds 
Kid Saickell: folds 
*** FLOP *** [3h Jd 4c]
Vseslav85: bets $0.13
dfdrag100: folds 
silrange: folds 
Uncalled bet ($0.13) returned to Vseslav85
Vseslav85 collected $0.20 from pot
Vseslav85: doesn't show hand 
*** SUMMARY ***
Total pot $0.21 | Rake $0.01 
Board [3h Jd 4c]
Seat 1: Kid Saickell (big blind) folded before Flop
Seat 2: Vseslav85 collected ($0.20)
Seat 3: Sqort folded before Flop (didn't bet)
Seat 4: Diegolpda folded before Flop (didn't bet)
Seat 5: sergeibab folded before Flop (didn't bet)
Seat 6: dfdrag100 folded on the Flop
Seat 7: silrange folded on the Flop
Seat 8: Dorex2007 (button) folded before Flop (didn't bet)
Seat 9: Brakonyer (small blind) folded before Flop



PokerStars Hand #227166881070:  Hold'em No Limit ($0.01/$0.02 USD) - 2021/05/29 11:50:47 PT [2021/05/29 14:50:47 ET]
Table 'Setebos IV' 9-max Seat #9 is the button
Seat 1: Kid Saickell ($0.92 in chips) 
Seat 2: Vseslav85 ($2.22 in chips) 
Seat 3: Sqort ($2 in chips) 
Seat 4: Diegolpda ($1.46 in chips) 
Seat 5: sergeibab ($0.91 in chips) 
Seat 6: dfdrag100 ($2.37 in chips) 
Seat 7: silrange ($2.16 in chips) 
Seat 8: Dorex2007 ($2.21 in chips) 
Seat 9: Brakonyer ($0.80 in chips) 
Kid Saickell: posts small blind $0.01
Vseslav85: posts big blind $0.02
*** HOLE CARDS ***
Dealt to Dorex2007 [Kc Qh]
Sqort: folds 
Diegolpda: folds 
sergeibab: folds 
dfdrag100: calls $0.02
silrange: folds 
Dorex2007: raises $0.02 to $0.04
Brakonyer: raises $0.76 to $0.80 and is all-in
Kid Saickell: folds 
Vseslav85: folds 
dfdrag100: folds 
Dorex2007: folds 
Uncalled bet ($0.76) returned to Brakonyer
Brakonyer collected $0.13 from pot
*** SUMMARY ***
Total pot $0.13 | Rake $0 
Seat 1: Kid Saickell (small blind) folded before Flop
Seat 2: Vseslav85 (big blind) folded before Flop
Seat 3: Sqort folded before Flop (didn't bet)
Seat 4: Diegolpda folded before Flop (didn't bet)
Seat 5: sergeibab folded before Flop (didn't bet)
Seat 6: dfdrag100 folded before Flop
Seat 7: silrange folded before Flop (didn't bet)
Seat 8: Dorex2007 folded before Flop
Seat 9: Brakonyer (button) collected ($0.13)



PokerStars Hand #227166890921:  Hold'em No Limit ($0.01/$0.02 USD) - 2021/05/29 11:51:09 PT [2021/05/29 14:51:09 ET]
Table 'Setebos IV' 9-max Seat #1 is the button
Seat 1: Kid Saickell ($0.91 in chips) 
Seat 2: Vseslav85 ($2.20 in chips) 
Seat 3: Sqort ($2 in chips) 
Seat 4: Diegolpda ($1.46 in chips) 
Seat 5: sergeibab ($0.91 in chips) 
Seat 6: dfdrag100 ($2.35 in chips) 
Seat 7: silrange ($2.16 in chips) 
Seat 8: Dorex2007 ($2.17 in chips) 
Seat 9: Brakonyer ($0.89 in chips) 
Vseslav85: posts small blind $0.01
Sqort: posts big blind $0.02
*** HOLE CARDS ***
Dealt to Dorex2007 [7h Qh]
Diegolpda: folds 
sergeibab: raises $0.02 to $0.04
dfdrag100: folds 
silrange: folds 
Dorex2007: folds 
Brakonyer: folds 
Kid Saickell: calls $0.04
Vseslav85: folds 
Sqort: calls $0.02
*** FLOP *** [8d 3c 8h]
Sqort: checks 
sergeibab: checks 
Kid Saickell: checks 
*** TURN *** [8d 3c 8h] [Jd]
Sqort: bets $0.13
sergeibab: folds 
Kid Saickell: folds 
Uncalled bet ($0.13) returned to Sqort
Sqort collected $0.13 from pot
Sqort: doesn't show hand 
*** SUMMARY ***
Total pot $0.13 | Rake $0 
Board [8d 3c 8h Jd]
Seat 1: Kid Saickell (button) folded on the Turn
Seat 2: Vseslav85 (small blind) folded before Flop
Seat 3: Sqort (big blind) collected ($0.13)
Seat 4: Diegolpda folded before Flop (didn't bet)
Seat 5: sergeibab folded on the Turn
Seat 6: dfdrag100 folded before Flop (didn't bet)
Seat 7: silrange folded before Flop (didn't bet)
Seat 8: Dorex2007 folded before Flop (didn't bet)
Seat 9: Brakonyer folded before Flop (didn't bet)



PokerStars Hand #227166906367:  Hold'em No Limit ($0.01/$0.02 USD) - 2021/05/29 11:51:42 PT [2021/05/29 14:51:42 ET]
Table 'Setebos IV' 9-max Seat #2 is the button
Seat 1: Kid Saickell ($0.87 in chips) 
Seat 2: Vseslav85 ($2.19 in chips) 
Seat 3: Sqort ($2.09 in chips) 
Seat 4: Diegolpda ($1.46 in chips) 
Seat 5: sergeibab ($0.87 in chips) 
Seat 6: dfdrag100 ($2.35 in chips) 
Seat 7: silrange ($2.16 in chips) 
Seat 8: Dorex2007 ($2.17 in chips) 
Seat 9: Brakonyer ($0.89 in chips) 
Sqort: posts small blind $0.01
Diegolpda: posts big blind $0.02
*** HOLE CARDS ***
Dealt to Dorex2007 [7d 2h]
sergeibab: raises $0.02 to $0.04
dfdrag100: folds 
silrange: folds 
Dorex2007: folds 
Brakonyer: folds 
Kid Saickell: folds 
Vseslav85: folds 
Sqort: calls $0.03
Diegolpda: calls $0.02
*** FLOP *** [7h 9c 5s]
Sqort: checks 
Diegolpda: checks 
sergeibab: checks 
*** TURN *** [7h 9c 5s] [Ah]
Sqort: bets $0.07
Diegolpda: calls $0.07
sergeibab: folds 
*** RIVER *** [7h 9c 5s Ah] [9s]
Sqort: bets $0.15
Diegolpda: calls $0.15
*** SHOW DOWN ***
Sqort: shows [As Jc] (two pair, Aces and Nines)
Diegolpda: shows [Qs Ac] (two pair, Aces and Nines - Queen kicker)
Diegolpda collected $0.54 from pot
*** SUMMARY ***
Total pot $0.56 | Rake $0.02 
Board [7h 9c 5s Ah 9s]
Seat 1: Kid Saickell folded before Flop (didn't bet)
Seat 2: Vseslav85 (button) folded before Flop (didn't bet)
Seat 3: Sqort (small blind) showed [As Jc] and lost with two pair, Aces and Nines
Seat 4: Diegolpda (big blind) showed [Qs Ac] and won ($0.54) with two pair, Aces and Nines
Seat 5: sergeibab folded on the Turn
Seat 6: dfdrag100 folded before Flop (didn't bet)
Seat 7: silrange folded before Flop (didn't bet)
Seat 8: Dorex2007 folded before Flop (didn't bet)
Seat 9: Brakonyer folded before Flop (didn't bet)



PokerStars Hand #227166923221:  Hold'em No Limit ($0.01/$0.02 USD) - 2021/05/29 11:52:19 PT [2021/05/29 14:52:19 ET]
Table 'Setebos IV' 9-max Seat #3 is the button
Seat 1: Kid Saickell ($0.87 in chips) 
Seat 2: Vseslav85 ($2.19 in chips) 
Seat 3: Sqort ($2 in chips) 
Seat 4: Diegolpda ($1.74 in chips) 
Seat 5: sergeibab ($0.83 in chips) 
Seat 6: dfdrag100 ($2.35 in chips) 
Seat 7: silrange ($2.16 in chips) 
Seat 8: Dorex2007 ($2.17 in chips) 
Seat 9: Brakonyer ($0.89 in chips) 
Diegolpda: posts small blind $0.01
sergeibab: posts big blind $0.02
*** HOLE CARDS ***
Dealt to Dorex2007 [Qh 2s]
dfdrag100: calls $0.02
silrange: calls $0.02
Dorex2007: folds 
Brakonyer: calls $0.02
Kid Saickell: calls $0.02
Vseslav85: folds 
Sqort: folds 
Diegolpda: folds 
sergeibab: checks 
*** FLOP *** [8s 6s 3s]
sergeibab: checks 
dfdrag100: checks 
silrange: checks 
Brakonyer: checks 
Kid Saickell: checks 
*** TURN *** [8s 6s 3s] [6d]
sergeibab: bets $0.06
dfdrag100: calls $0.06
silrange: folds 
Brakonyer: folds 
Kid Saickell: folds 
*** RIVER *** [8s 6s 3s 6d] [Js]
sergeibab: bets $0.06
dfdrag100: raises $0.28 to $0.34
sergeibab: folds 
Uncalled bet ($0.28) returned to dfdrag100
dfdrag100 collected $0.34 from pot
dfdrag100: doesn't show hand 
*** SUMMARY ***
Total pot $0.35 | Rake $0.01 
Board [8s 6s 3s 6d Js]
Seat 1: Kid Saickell folded on the Turn
Seat 2: Vseslav85 folded before Flop (didn't bet)
Seat 3: Sqort (button) folded before Flop (didn't bet)
Seat 4: Diegolpda (small blind) folded before Flop
Seat 5: sergeibab (big blind) folded on the River
Seat 6: dfdrag100 collected ($0.34)
Seat 7: silrange folded on the Turn
Seat 8: Dorex2007 folded before Flop (didn't bet)
Seat 9: Brakonyer folded on the Turn



PokerStars Hand #227166955027:  Hold'em No Limit ($0.01/$0.02 USD) - 2021/05/29 11:53:29 PT [2021/05/29 14:53:29 ET]
Table 'Setebos IV' 9-max Seat #4 is the button
Seat 1: Kid Saickell ($0.85 in chips) 
Seat 2: Vseslav85 ($2.19 in chips) 
Seat 3: Sqort ($2 in chips) 
Seat 4: Diegolpda ($1.73 in chips) 
Seat 5: sergeibab ($0.69 in chips) 
Seat 6: dfdrag100 ($2.55 in chips) 
Seat 7: silrange ($2.14 in chips) 
Seat 8: Dorex2007 ($2.17 in chips) 
Seat 9: Brakonyer ($0.87 in chips) 
sergeibab: posts small blind $0.01
dfdrag100: posts big blind $0.02
*** HOLE CARDS ***
Dealt to Dorex2007 [7s Jh]
silrange: folds 
Dorex2007: folds 
Brakonyer: folds 
Kid Saickell: calls $0.02
Vseslav85: folds 
Sqort: folds 
Diegolpda: folds 
sergeibab: calls $0.01
dfdrag100: checks 
*** FLOP *** [Td 8c Qs]
sergeibab: checks 
dfdrag100: checks 
Kid Saickell: bets $0.04
sergeibab: folds 
dfdrag100: calls $0.04
*** TURN *** [Td 8c Qs] [4c]
dfdrag100: checks 
Kid Saickell: bets $0.04
dfdrag100: calls $0.04
*** RIVER *** [Td 8c Qs 4c] [Ts]
dfdrag100: checks 
Kid Saickell: bets $0.06
dfdrag100: calls $0.06
*** SHOW DOWN ***
Kid Saickell: shows [9h Qh] (two pair, Queens and Tens)
dfdrag100: mucks hand 
Kid Saickell collected $0.33 from pot
*** SUMMARY ***
Total pot $0.34 | Rake $0.01 
Board [Td 8c Qs 4c Ts]
Seat 1: Kid Saickell showed [9h Qh] and won ($0.33) with two pair, Queens and Tens
Seat 2: Vseslav85 folded before Flop (didn't bet)
Seat 3: Sqort folded before Flop (didn't bet)
Seat 4: Diegolpda (button) folded before Flop (didn't bet)
Seat 5: sergeibab (small blind) folded on the Flop
Seat 6: dfdrag100 (big blind) mucked [Qc 2c]
Seat 7: silrange folded before Flop (didn't bet)
Seat 8: Dorex2007 folded before Flop (didn't bet)
Seat 9: Brakonyer folded before Flop (didn't bet)



PokerStars Hand #227166973338:  Hold'em No Limit ($0.01/$0.02 USD) - 2021/05/29 11:54:09 PT [2021/05/29 14:54:09 ET]
Table 'Setebos IV' 9-max Seat #5 is the button
Seat 1: Kid Saickell ($1.02 in chips) 
Seat 2: Vseslav85 ($2.19 in chips) 
Seat 3: Sqort ($2 in chips) 
Seat 4: Diegolpda ($1.73 in chips) 
Seat 5: sergeibab ($0.67 in chips) 
Seat 6: dfdrag100 ($2.39 in chips) 
Seat 7: silrange ($2.14 in chips) 
Seat 8: Dorex2007 ($2.17 in chips) 
Seat 9: Brakonyer ($0.87 in chips) 
dfdrag100: posts small blind $0.01
silrange: posts big blind $0.02
*** HOLE CARDS ***
Dealt to Dorex2007 [8h Qs]
Dorex2007: folds 
Brakonyer: folds 
Kid Saickell: folds 
Vseslav85: folds 
Sqort: folds 
Diegolpda: folds 
sergeibab: folds 
dfdrag100: raises $0.04 to $0.06
silrange: folds 
Uncalled bet ($0.04) returned to dfdrag100
dfdrag100 collected $0.04 from pot
dfdrag100: doesn't show hand 
*** SUMMARY ***
Total pot $0.04 | Rake $0 
Seat 1: Kid Saickell folded before Flop (didn't bet)
Seat 2: Vseslav85 folded before Flop (didn't bet)
Seat 3: Sqort folded before Flop (didn't bet)
Seat 4: Diegolpda folded before Flop (didn't bet)
Seat 5: sergeibab (button) folded before Flop (didn't bet)
Seat 6: dfdrag100 (small blind) collected ($0.04)
Seat 7: silrange (big blind) folded before Flop
Seat 8: Dorex2007 folded before Flop (didn't bet)
Seat 9: Brakonyer folded before Flop (didn't bet)



PokerStars Hand #227166981001:  Hold'em No Limit ($0.01/$0.02 USD) - 2021/05/29 11:54:26 PT [2021/05/29 14:54:26 ET]
Table 'Setebos IV' 9-max Seat #6 is the button
Seat 1: Kid Saickell ($1.02 in chips) 
Seat 2: Vseslav85 ($2.19 in chips) 
Seat 3: Sqort ($2 in chips) 
Seat 4: Diegolpda ($1.73 in chips) 
Seat 5: sergeibab ($0.67 in chips) 
Seat 6: dfdrag100 ($2.41 in chips) 
Seat 7: silrange ($2.12 in chips) 
Seat 8: Dorex2007 ($2.17 in chips) 
Seat 9: Brakonyer ($0.87 in chips) 
silrange: posts small blind $0.01
Dorex2007: posts big blind $0.02
*** HOLE CARDS ***
Dealt to Dorex2007 [3h Ks]
Brakonyer: raises $0.02 to $0.04
Kid Saickell: folds 
Vseslav85: folds 
Sqort: calls $0.04
Diegolpda: folds 
sergeibab: calls $0.04
dfdrag100: calls $0.04
silrange: folds 
Dorex2007: folds 
*** FLOP *** [4s Td Qd]
Brakonyer: checks 
Diegolpda leaves the table
Sqort: checks 
sergeibab: checks 
dfdrag100: checks 
*** TURN *** [4s Td Qd] [8c]
Brakonyer: checks 
Sqort: checks 
sergeibab: bets $0.09
dfdrag100: folds 
Brakonyer: folds 
Sqort: folds 
Uncalled bet ($0.09) returned to sergeibab
sergeibab collected $0.18 from pot
sergeibab: doesn't show hand 
*** SUMMARY ***
Total pot $0.19 | Rake $0.01 
Board [4s Td Qd 8c]
Seat 1: Kid Saickell folded before Flop (didn't bet)
Seat 2: Vseslav85 folded before Flop (didn't bet)
Seat 3: Sqort folded on the Turn
Seat 4: Diegolpda folded before Flop (didn't bet)
Seat 5: sergeibab collected ($0.18)
Seat 6: dfdrag100 (button) folded on the Turn
Seat 7: silrange (small blind) folded before Flop
Seat 8: Dorex2007 (big blind) folded before Flop
Seat 9: Brakonyer folded on the Turn



PokerStars Hand #227167006098:  Hold'em No Limit ($0.01/$0.02 USD) - 2021/05/29 11:55:11 PT [2021/05/29 14:55:11 ET]
Table 'Setebos IV' 9-max Seat #7 is the button
Seat 1: Kid Saickell ($1.02 in chips) 
Seat 2: Vseslav85 ($2.19 in chips) 
Seat 3: Sqort ($2 in chips) 
Seat 5: sergeibab ($0.81 in chips) 
Seat 6: dfdrag100 ($2.37 in chips) 
Seat 7: silrange ($2.11 in chips) 
Seat 8: Dorex2007 ($2.15 in chips) 
Seat 9: Brakonyer ($0.83 in chips) 
Dorex2007: posts small blind $0.01
Brakonyer: posts big blind $0.02
*** HOLE CARDS ***
Dealt to Dorex2007 [Qh 8s]
Kid Saickell: folds 
Vseslav85: folds 
Sqort: folds 
sergeibab: folds 
dfdrag100: folds 
Vseslav85 leaves the table
silrange: raises $0.04 to $0.06
Dorex2007: folds 
Brakonyer: folds 
Uncalled bet ($0.04) returned to silrange
silrange collected $0.05 from pot
silrange: doesn't show hand 
*** SUMMARY ***
Total pot $0.05 | Rake $0 
Seat 1: Kid Saickell folded before Flop (didn't bet)
Seat 2: Vseslav85 folded before Flop (didn't bet)
Seat 3: Sqort folded before Flop (didn't bet)
Seat 5: sergeibab folded before Flop (didn't bet)
Seat 6: dfdrag100 folded before Flop (didn't bet)
Seat 7: silrange (button) collected ($0.05)
Seat 8: Dorex2007 (small blind) folded before Flop
Seat 9: Brakonyer (big blind) folded before Flop



PokerStars Hand #227167017096:  Hold'em No Limit ($0.01/$0.02 USD) - 2021/05/29 11:55:44 PT [2021/05/29 14:55:44 ET]
Table 'Setebos IV' 9-max Seat #8 is the button
Seat 1: Kid Saickell ($1.02 in chips) 
Seat 3: Sqort ($2 in chips) 
Seat 5: sergeibab ($0.81 in chips) 
Seat 6: dfdrag100 ($2.37 in chips) 
Seat 7: silrange ($2.14 in chips) 
Seat 8: Dorex2007 ($2.14 in chips) 
Seat 9: Brakonyer ($0.81 in chips) 
Brakonyer: posts small blind $0.01
Kid Saickell: posts big blind $0.02
*** HOLE CARDS ***
Dealt to Dorex2007 [Kd 3h]
Sqort: folds 
sergeibab: folds 
dfdrag100: folds 
silrange: folds 
Dorex2007: folds 
Brakonyer: folds 
Uncalled bet ($0.01) returned to Kid Saickell
Kid Saickell collected $0.02 from pot
Kid Saickell: doesn't show hand 
*** SUMMARY ***
Total pot $0.02 | Rake $0 
Seat 1: Kid Saickell (big blind) collected ($0.02)
Seat 3: Sqort folded before Flop (didn't bet)
Seat 5: sergeibab folded before Flop (didn't bet)
Seat 6: dfdrag100 folded before Flop (didn't bet)
Seat 7: silrange folded before Flop (didn't bet)
Seat 8: Dorex2007 (button) folded before Flop (didn't bet)
Seat 9: Brakonyer (small blind) folded before Flop



PokerStars Hand #227167019274:  Hold'em No Limit ($0.01/$0.02 USD) - 2021/05/29 11:55:51 PT [2021/05/29 14:55:51 ET]
Table 'Setebos IV' 9-max Seat #9 is the button
Seat 1: Kid Saickell ($1.03 in chips) 
Seat 3: Sqort ($2 in chips) 
Seat 5: sergeibab ($0.81 in chips) 
Seat 6: dfdrag100 ($2.37 in chips) 
Seat 7: silrange ($2.14 in chips) 
Seat 8: Dorex2007 ($2.14 in chips) 
Seat 9: Brakonyer ($0.80 in chips) 
Kid Saickell: posts small blind $0.01
Sqort: posts big blind $0.02
*** HOLE CARDS ***
Dealt to Dorex2007 [Qs 6d]
sergeibab: folds 
dfdrag100: calls $0.02
silrange: folds 
Dorex2007: folds 
Brakonyer: folds 
Kid Saickell: calls $0.01
Sqort: checks 
*** FLOP *** [Jh Ac 6h]
Kid Saickell: checks 
Sqort: checks 
dfdrag100: checks 
*** TURN *** [Jh Ac 6h] [3h]
Kid Saickell: checks 
Sqort: checks 
dfdrag100: checks 
*** RIVER *** [Jh Ac 6h 3h] [7h]
Kid Saickell: checks 
Sqort: checks 
dfdrag100: checks 
*** SHOW DOWN ***
Kid Saickell: shows [4d 8h] (a flush, Jack high)
Sqort: mucks hand 
dfdrag100: mucks hand 
Kid Saickell collected $0.06 from pot
*** SUMMARY ***
Total pot $0.06 | Rake $0 
Board [Jh Ac 6h 3h 7h]
Seat 1: Kid Saickell (small blind) showed [4d 8h] and won ($0.06) with a flush, Jack high
Seat 3: Sqort (big blind) mucked [7c 9s]
Seat 5: sergeibab folded before Flop (didn't bet)
Seat 6: dfdrag100 mucked [Ks Jd]
Seat 7: silrange folded before Flop (didn't bet)
Seat 8: Dorex2007 folded before Flop (didn't bet)
Seat 9: Brakonyer (button) folded before Flop (didn't bet)



PokerStars Hand #227167027493:  Hold'em No Limit ($0.01/$0.02 USD) - 2021/05/29 11:56:18 PT [2021/05/29 14:56:18 ET]
Table 'Setebos IV' 9-max Seat #1 is the button
Seat 1: Kid Saickell ($1.07 in chips) 
Seat 3: Sqort ($2 in chips) 
Seat 5: sergeibab ($0.81 in chips) 
Seat 6: dfdrag100 ($2.35 in chips) 
Seat 7: silrange ($2.14 in chips) 
Seat 8: Dorex2007 ($2.14 in chips) 
Seat 9: Brakonyer ($0.80 in chips) 
Sqort: posts small blind $0.01
sergeibab: posts big blind $0.02
*** HOLE CARDS ***
Dealt to Dorex2007 [9d 7h]
dfdrag100: calls $0.02
silrange: folds 
marko2401 joins the table at seat #2 
Dorex2007: folds 
Asderkarcsi joins the table at seat #4 
Brakonyer: folds 
Kid Saickell: calls $0.02
Sqort: folds 
sergeibab: checks 
*** FLOP *** [9h Td 3s]
sergeibab: checks 
dfdrag100: bets $0.02
Kid Saickell: calls $0.02
sergeibab: calls $0.02
*** TURN *** [9h Td 3s] [Ts]
sergeibab: checks 
dfdrag100: bets $0.02
Kid Saickell: calls $0.02
sergeibab: calls $0.02
*** RIVER *** [9h Td 3s Ts] [3h]
sergeibab: checks 
dfdrag100: checks 
Kid Saickell: checks 
*** SHOW DOWN ***
sergeibab: shows [Qh Js] (two pair, Tens and Threes)
dfdrag100: shows [Ks Jh] (two pair, Tens and Threes - King kicker)
Kid Saickell: shows [Kd Qs] (two pair, Tens and Threes)
dfdrag100 collected $0.09 from pot
Kid Saickell collected $0.09 from pot
*** SUMMARY ***
Total pot $0.19 | Rake $0.01 
Board [9h Td 3s Ts 3h]
Seat 1: Kid Saickell (button) showed [Kd Qs] and won ($0.09) with two pair, Tens and Threes
Seat 3: Sqort (small blind) folded before Flop
Seat 5: sergeibab (big blind) showed [Qh Js] and lost with two pair, Tens and Threes
Seat 6: dfdrag100 showed [Ks Jh] and won ($0.09) with two pair, Tens and Threes
Seat 7: silrange folded before Flop (didn't bet)
Seat 8: Dorex2007 folded before Flop (didn't bet)
Seat 9: Brakonyer folded before Flop (didn't bet)



PokerStars Hand #227167041793:  Hold'em No Limit ($0.01/$0.02 USD) - 2021/05/29 11:57:04 PT [2021/05/29 14:57:04 ET]
Table 'Setebos IV' 9-max Seat #3 is the button
Seat 1: Kid Saickell ($1.10 in chips) 
Seat 3: Sqort ($2 in chips) 
Seat 5: sergeibab ($0.75 in chips) 
Seat 6: dfdrag100 ($2.38 in chips) 
Seat 7: silrange ($2.14 in chips) 
Seat 8: Dorex2007 ($2.14 in chips) 
Seat 9: Brakonyer ($0.80 in chips) 
sergeibab: posts small blind $0.01
dfdrag100: posts big blind $0.02
marko2401: sits out 
*** HOLE CARDS ***
Dealt to Dorex2007 [6c 4c]
silrange: folds 
Dorex2007: folds 
Brakonyer: folds 
Kid Saickell: folds 
Sqort: folds 
sergeibab: raises $0.04 to $0.06
dfdrag100: folds 
Uncalled bet ($0.04) returned to sergeibab
sergeibab collected $0.04 from pot
sergeibab: doesn't show hand 
*** SUMMARY ***
Total pot $0.04 | Rake $0 
Seat 1: Kid Saickell folded before Flop (didn't bet)
Seat 3: Sqort (button) folded before Flop (didn't bet)
Seat 5: sergeibab (small blind) collected ($0.04)
Seat 6: dfdrag100 (big blind) folded before Flop
Seat 7: silrange folded before Flop (didn't bet)
Seat 8: Dorex2007 folded before Flop (didn't bet)
Seat 9: Brakonyer folded before Flop (didn't bet)



PokerStars Hand #227167047273:  Hold'em No Limit ($0.01/$0.02 USD) - 2021/05/29 11:57:21 PT [2021/05/29 14:57:21 ET]
Table 'Setebos IV' 9-max Seat #5 is the button
Seat 1: Kid Saickell ($1.10 in chips) 
Seat 3: Sqort ($2 in chips) 
Seat 4: Asderkarcsi ($2 in chips) 
Seat 5: sergeibab ($0.77 in chips) 
Seat 6: dfdrag100 ($2.36 in chips) 
Seat 7: silrange ($2.14 in chips) 
Seat 8: Dorex2007 ($2.14 in chips) 
Seat 9: Brakonyer ($0.80 in chips) 
dfdrag100: posts small blind $0.01
silrange: posts big blind $0.02
marko2401: sits out 
Asderkarcsi: posts big blind $0.02
*** HOLE CARDS ***
Dealt to Dorex2007 [Tc 7c]
Dorex2007: folds 
Brakonyer: folds 
Kid Saickell: folds 
Sqort: folds 
Asderkarcsi: raises $0.02 to $0.04
sergeibab: calls $0.04
dfdrag100: folds 
silrange: folds 
*** FLOP *** [As Js 8h]
Asderkarcsi: bets $0.11
sergeibab: folds 
Uncalled bet ($0.11) returned to Asderkarcsi
Asderkarcsi collected $0.11 from pot
Asderkarcsi: doesn't show hand 
*** SUMMARY ***
Total pot $0.11 | Rake $0 
Board [As Js 8h]
Seat 1: Kid Saickell folded before Flop (didn't bet)
Seat 3: Sqort folded before Flop (didn't bet)
Seat 4: Asderkarcsi collected ($0.11)
Seat 5: sergeibab (button) folded on the Flop
Seat 6: dfdrag100 (small blind) folded before Flop
Seat 7: silrange (big blind) folded before Flop
Seat 8: Dorex2007 folded before Flop (didn't bet)
Seat 9: Brakonyer folded before Flop (didn't bet)



PokerStars Hand #227167054467:  Hold'em No Limit ($0.01/$0.02 USD) - 2021/05/29 11:57:44 PT [2021/05/29 14:57:44 ET]
Table 'Setebos IV' 9-max Seat #6 is the button
Seat 1: Kid Saickell ($1.10 in chips) 
Seat 3: Sqort ($2 in chips) 
Seat 4: Asderkarcsi ($2.07 in chips) 
Seat 5: sergeibab ($0.73 in chips) 
Seat 6: dfdrag100 ($2.35 in chips) 
Seat 7: silrange ($2.12 in chips) 
Seat 8: Dorex2007 ($2.14 in chips) 
Seat 9: Brakonyer ($0.80 in chips) 
silrange: posts small blind $0.01
Dorex2007: posts big blind $0.02
marko2401: sits out 
*** HOLE CARDS ***
Dealt to Dorex2007 [Th Ts]
Brakonyer: folds 
Kid Saickell: folds 
Sqort: folds 
Asderkarcsi: calls $0.02
sergeibab: folds 
dfdrag100: calls $0.02
silrange: calls $0.01
Dorex2007: checks 
*** FLOP *** [Qc 9h 6d]
silrange: checks 
Dorex2007: checks 
Asderkarcsi: bets $0.02
dfdrag100: calls $0.02
silrange: calls $0.02
Dorex2007: calls $0.02
*** TURN *** [Qc 9h 6d] [Td]
silrange: checks 
Dorex2007: checks 
Asderkarcsi: bets $0.06
dfdrag100: calls $0.06
silrange: calls $0.06
Dorex2007: raises $0.39 to $0.45
Asderkarcsi: raises $0.39 to $0.84
dfdrag100: folds 
silrange: folds 
Dorex2007: calls $0.39
*** RIVER *** [Qc 9h 6d Td] [Kc]
Dorex2007: bets $1.26 and is all-in
Asderkarcsi: calls $1.19 and is all-in
Uncalled bet ($0.07) returned to Dorex2007
*** SHOW DOWN ***
Dorex2007: shows [Th Ts] (three of a kind, Tens)
Asderkarcsi: shows [8h 7c] (a straight, Six to Ten)
Asderkarcsi collected $4.19 from pot
*** SUMMARY ***
Total pot $4.34 | Rake $0.15 
Board [Qc 9h 6d Td Kc]
Seat 1: Kid Saickell folded before Flop (didn't bet)
Seat 3: Sqort folded before Flop (didn't bet)
Seat 4: Asderkarcsi showed [8h 7c] and won ($4.19) with a straight, Six to Ten
Seat 5: sergeibab folded before Flop (didn't bet)
Seat 6: dfdrag100 (button) folded on the Turn
Seat 7: silrange (small blind) folded on the Turn
Seat 8: Dorex2007 (big blind) showed [Th Ts] and lost with three of a kind, Tens
Seat 9: Brakonyer folded before Flop (didn't bet)



PokerStars Hand #227167071987:  Hold'em No Limit ($0.01/$0.02 USD) - 2021/05/29 11:58:41 PT [2021/05/29 14:58:41 ET]
Table 'Setebos IV' 9-max Seat #7 is the button
Seat 1: Kid Saickell ($1.10 in chips) 
Seat 3: Sqort ($2 in chips) 
Seat 4: Asderkarcsi ($4.19 in chips) 
Seat 5: sergeibab ($0.73 in chips) 
Seat 6: dfdrag100 ($2.25 in chips) 
Seat 7: silrange ($2.02 in chips) 
Seat 8: Dorex2007 ($0.07 in chips) 
Seat 9: Brakonyer ($0.80 in chips) 
Dorex2007: posts small blind $0.01
Brakonyer: posts big blind $0.02
marko2401: sits out 
*** HOLE CARDS ***
Dealt to Dorex2007 [2h 8h]
Kid Saickell: folds 
Sqort: folds 
Asderkarcsi: raises $0.02 to $0.04
sergeibab: calls $0.04
dfdrag100: folds 
silrange: folds 
Dorex2007: folds 
Brakonyer: folds 
*** FLOP *** [8s Ad 2c]
Asderkarcsi: bets $0.02
sergeibab: calls $0.02
*** TURN *** [8s Ad 2c] [4c]
Asderkarcsi: bets $0.02
sergeibab: calls $0.02
*** RIVER *** [8s Ad 2c 4c] [4h]
Asderkarcsi: bets $0.02
sergeibab: calls $0.02
*** SHOW DOWN ***
Asderkarcsi: shows [Qh Jc] (a pair of Fours)
sergeibab: shows [3h 3c] (two pair, Fours and Threes)
sergeibab collected $0.22 from pot
*** SUMMARY ***
Total pot $0.23 | Rake $0.01 
Board [8s Ad 2c 4c 4h]
Seat 1: Kid Saickell folded before Flop (didn't bet)
Seat 3: Sqort folded before Flop (didn't bet)
Seat 4: Asderkarcsi showed [Qh Jc] and lost with a pair of Fours
Seat 5: sergeibab showed [3h 3c] and won ($0.22) with two pair, Fours and Threes
Seat 6: dfdrag100 folded before Flop (didn't bet)
Seat 7: silrange (button) folded before Flop (didn't bet)
Seat 8: Dorex2007 (small blind) folded before Flop
Seat 9: Brakonyer (big blind) folded before Flop



PokerStars Hand #227167082350:  Hold'em No Limit ($0.01/$0.02 USD) - 2021/05/29 11:59:15 PT [2021/05/29 14:59:15 ET]
Table 'Setebos IV' 9-max Seat #8 is the button
Seat 1: Kid Saickell ($1.10 in chips) 
Seat 3: Sqort ($2 in chips) 
Seat 4: Asderkarcsi ($4.09 in chips) 
Seat 5: sergeibab ($0.85 in chips) 
Seat 6: dfdrag100 ($2.25 in chips) 
Seat 7: silrange ($2.02 in chips) 
Seat 8: Dorex2007 ($1.99 in chips) 
Seat 9: Brakonyer ($0.80 in chips) 
Brakonyer: posts small blind $0.01
Kid Saickell: posts big blind $0.02
marko2401: sits out 
*** HOLE CARDS ***
Dealt to Dorex2007 [8h 6c]
Sqort: folds 
Asderkarcsi: calls $0.02
sergeibab: folds 
dfdrag100: raises $0.04 to $0.06
silrange: folds 
Dorex2007: folds 
Brakonyer: folds 
Kid Saickell: calls $0.04
Asderkarcsi: calls $0.04
*** FLOP *** [3c 5h Js]
Kid Saickell: checks 
Asderkarcsi: bets $0.02
dfdrag100: calls $0.02
Kid Saickell: calls $0.02
*** TURN *** [3c 5h Js] [3s]
Kid Saickell: checks 
Asderkarcsi: checks 
dfdrag100: checks 
*** RIVER *** [3c 5h Js 3s] [Td]
Kid Saickell: checks 
Asderkarcsi: checks 
dfdrag100: bets $0.10
Kid Saickell: folds 
Asderkarcsi: folds 
Uncalled bet ($0.10) returned to dfdrag100
dfdrag100 collected $0.24 from pot
dfdrag100: doesn't show hand 
*** SUMMARY ***
Total pot $0.25 | Rake $0.01 
Board [3c 5h Js 3s Td]
Seat 1: Kid Saickell (big blind) folded on the River
Seat 3: Sqort folded before Flop (didn't bet)
Seat 4: Asderkarcsi folded on the River
Seat 5: sergeibab folded before Flop (didn't bet)
Seat 6: dfdrag100 collected ($0.24)
Seat 7: silrange folded before Flop (didn't bet)
Seat 8: Dorex2007 (button) folded before Flop (didn't bet)
Seat 9: Brakonyer (small blind) folded before Flop



PokerStars Hand #227167093857:  Hold'em No Limit ($0.01/$0.02 USD) - 2021/05/29 11:59:53 PT [2021/05/29 14:59:53 ET]
Table 'Setebos IV' 9-max Seat #9 is the button
Seat 1: Kid Saickell ($1.02 in chips) 
Seat 2: marko2401 ($1.60 in chips) 
Seat 3: Sqort ($2 in chips) 
Seat 4: Asderkarcsi ($4.01 in chips) 
Seat 5: sergeibab ($0.85 in chips) 
Seat 6: dfdrag100 ($2.41 in chips) 
Seat 7: silrange ($2.02 in chips) 
Seat 8: Dorex2007 ($1.99 in chips) 
Seat 9: Brakonyer ($0.80 in chips) 
Kid Saickell: posts small blind $0.01
marko2401: posts big blind $0.02
*** HOLE CARDS ***
Dealt to Dorex2007 [Td Jh]
Sqort: folds 
Asderkarcsi: calls $0.02
sergeibab: folds 
dfdrag100: folds 
silrange: folds 
Dorex2007: folds 
Brakonyer: folds 
Kid Saickell: folds 
marko2401: checks 
*** FLOP *** [6d 8d 5s]
marko2401: bets $0.02
Asderkarcsi: calls $0.02
*** TURN *** [6d 8d 5s] [Ac]
marko2401: bets $0.02
Asderkarcsi: calls $0.02
*** RIVER *** [6d 8d 5s Ac] [8c]
marko2401: checks 
Asderkarcsi: checks 
*** SHOW DOWN ***
marko2401: shows [5h 7c] (two pair, Eights and Fives)
Asderkarcsi: mucks hand 
marko2401 collected $0.13 from pot
*** SUMMARY ***
Total pot $0.13 | Rake $0 
Board [6d 8d 5s Ac 8c]
Seat 1: Kid Saickell (small blind) folded before Flop
Seat 2: marko2401 (big blind) showed [5h 7c] and won ($0.13) with two pair, Eights and Fives
Seat 3: Sqort folded before Flop (didn't bet)
Seat 4: Asderkarcsi mucked [Qs Kd]
Seat 5: sergeibab folded before Flop (didn't bet)
Seat 6: dfdrag100 folded before Flop (didn't bet)
Seat 7: silrange folded before Flop (didn't bet)
Seat 8: Dorex2007 folded before Flop (didn't bet)
Seat 9: Brakonyer (button) folded before Flop (didn't bet)



PokerStars Hand #227167105644:  Hold'em No Limit ($0.01/$0.02 USD) - 2021/05/29 12:00:30 PT [2021/05/29 15:00:30 ET]
Table 'Setebos IV' 9-max Seat #1 is the button
Seat 1: Kid Saickell ($1.01 in chips) 
Seat 2: marko2401 ($1.67 in chips) 
Seat 3: Sqort ($2 in chips) 
Seat 4: Asderkarcsi ($3.95 in chips) 
Seat 5: sergeibab ($0.85 in chips) 
Seat 6: dfdrag100 ($2.41 in chips) 
Seat 7: silrange ($2.02 in chips) 
Seat 8: Dorex2007 ($1.99 in chips) 
Seat 9: Brakonyer ($0.80 in chips) 
marko2401: posts small blind $0.01
Sqort: posts big blind $0.02
*** HOLE CARDS ***
Dealt to Dorex2007 [Kd Jh]
Asderkarcsi: calls $0.02
sergeibab: folds 
dfdrag100: folds 
silrange: folds 
Dorex2007: raises $0.04 to $0.06
Brakonyer: folds 
Kid Saickell: folds 
marko2401: folds 
Sqort: calls $0.04
Asderkarcsi: calls $0.04
*** FLOP *** [6s Jc 8c]
Sqort: checks 
Asderkarcsi: bets $0.02
Dorex2007: raises $0.22 to $0.24
Sqort: folds 
Asderkarcsi: folds 
Uncalled bet ($0.22) returned to Dorex2007
Dorex2007 collected $0.22 from pot
Dorex2007: doesn't show hand 
*** SUMMARY ***
Total pot $0.23 | Rake $0.01 
Board [6s Jc 8c]
Seat 1: Kid Saickell (button) folded before Flop (didn't bet)
Seat 2: marko2401 (small blind) folded before Flop
Seat 3: Sqort (big blind) folded on the Flop
Seat 4: Asderkarcsi folded on the Flop
Seat 5: sergeibab folded before Flop (didn't bet)
Seat 6: dfdrag100 folded before Flop (didn't bet)
Seat 7: silrange folded before Flop (didn't bet)
Seat 8: Dorex2007 collected ($0.22)
Seat 9: Brakonyer folded before Flop (didn't bet)



PokerStars Hand #227167120373:  Hold'em No Limit ($0.01/$0.02 USD) - 2021/05/29 12:01:12 PT [2021/05/29 15:01:12 ET]
Table 'Setebos IV' 9-max Seat #2 is the button
Seat 1: Kid Saickell ($1.01 in chips) 
Seat 2: marko2401 ($1.66 in chips) 
Seat 3: Sqort ($2 in chips) 
Seat 4: Asderkarcsi ($3.87 in chips) 
Seat 5: sergeibab ($0.85 in chips) 
Seat 6: dfdrag100 ($2.41 in chips) 
Seat 7: silrange ($2.02 in chips) 
Seat 8: Dorex2007 ($2.13 in chips) 
Seat 9: Brakonyer ($0.80 in chips) 
Sqort: posts small blind $0.01
Asderkarcsi: posts big blind $0.02
*** HOLE CARDS ***
Dealt to Dorex2007 [7s Tc]
sergeibab: folds 
dfdrag100: folds 
silrange: folds 
Dorex2007: folds 
Brakonyer: folds 
Kid Saickell: folds 
marko2401: folds 
Sqort: folds 
Uncalled bet ($0.01) returned to Asderkarcsi
Asderkarcsi collected $0.02 from pot
Asderkarcsi: doesn't show hand 
*** SUMMARY ***
Total pot $0.02 | Rake $0 
Seat 1: Kid Saickell folded before Flop (didn't bet)
Seat 2: marko2401 (button) folded before Flop (didn't bet)
Seat 3: Sqort (small blind) folded before Flop
Seat 4: Asderkarcsi (big blind) collected ($0.02)
Seat 5: sergeibab folded before Flop (didn't bet)
Seat 6: dfdrag100 folded before Flop (didn't bet)
Seat 7: silrange folded before Flop (didn't bet)
Seat 8: Dorex2007 folded before Flop (didn't bet)
Seat 9: Brakonyer folded before Flop (didn't bet)



PokerStars Hand #227167126799:  Hold'em No Limit ($0.01/$0.02 USD) - 2021/05/29 12:01:23 PT [2021/05/29 15:01:23 ET]
Table 'Setebos IV' 9-max Seat #3 is the button
Seat 1: Kid Saickell ($1.01 in chips) 
Seat 2: marko2401 ($1.66 in chips) 
Seat 3: Sqort ($2 in chips) 
Seat 4: Asderkarcsi ($3.88 in chips) 
Seat 5: sergeibab ($0.85 in chips) 
Seat 6: dfdrag100 ($2.41 in chips) 
Seat 7: silrange ($2.02 in chips) 
Seat 8: Dorex2007 ($2.13 in chips) 
Seat 9: Brakonyer ($0.80 in chips) 
Asderkarcsi: posts small blind $0.01
sergeibab: posts big blind $0.02
*** HOLE CARDS ***
Dealt to Dorex2007 [Ac Qs]
dfdrag100: folds 
silrange: folds 
Dorex2007: raises $0.04 to $0.06
Brakonyer: folds 
Kid Saickell: folds 
marko2401: folds 
Sqort: calls $0.06
Asderkarcsi: calls $0.05
sergeibab: folds 
*** FLOP *** [2d 3h 3d]
Asderkarcsi: checks 
Dorex2007: bets $0.19
Sqort: calls $0.19
Asderkarcsi: folds 
*** TURN *** [2d 3h 3d] [Qc]
Dorex2007: bets $0.56
Sqort: folds 
Uncalled bet ($0.56) returned to Dorex2007
Dorex2007 collected $0.56 from pot
Dorex2007: doesn't show hand 
*** SUMMARY ***
Total pot $0.58 | Rake $0.02 
Board [2d 3h 3d Qc]
Seat 1: Kid Saickell folded before Flop (didn't bet)
Seat 2: marko2401 folded before Flop (didn't bet)
Seat 3: Sqort (button) folded on the Turn
Seat 4: Asderkarcsi (small blind) folded on the Flop
Seat 5: sergeibab (big blind) folded before Flop
Seat 6: dfdrag100 folded before Flop (didn't bet)
Seat 7: silrange folded before Flop (didn't bet)
Seat 8: Dorex2007 collected ($0.56)
Seat 9: Brakonyer folded before Flop (didn't bet)



PokerStars Hand #227167141874:  Hold'em No Limit ($0.01/$0.02 USD) - 2021/05/29 12:02:00 PT [2021/05/29 15:02:00 ET]
Table 'Setebos IV' 9-max Seat #4 is the button
Seat 1: Kid Saickell ($1.01 in chips) 
Seat 2: marko2401 ($1.66 in chips) 
Seat 3: Sqort ($2 in chips) 
Seat 4: Asderkarcsi ($3.82 in chips) 
Seat 5: sergeibab ($0.83 in chips) 
Seat 6: dfdrag100 ($2.41 in chips) 
Seat 7: silrange ($2.02 in chips) 
Seat 8: Dorex2007 ($2.44 in chips) 
Seat 9: Brakonyer ($0.80 in chips) 
sergeibab: posts small blind $0.01
dfdrag100: posts big blind $0.02
*** HOLE CARDS ***
Dealt to Dorex2007 [Kc 3h]
silrange: folds 
Dorex2007: folds 
Brakonyer: folds 
Kid Saickell: calls $0.02
silrange leaves the table
marko2401: folds 
Sqort: folds 
Asderkarcsi: calls $0.02
sergeibab: calls $0.01
dfdrag100: checks 
*** FLOP *** [3d Jd Jc]
Ptogreenb joins the table at seat #7 
sergeibab: checks 
dfdrag100: checks 
Kid Saickell: checks 
Asderkarcsi: checks 
*** TURN *** [3d Jd Jc] [Tc]
sergeibab: checks 
dfdrag100: checks 
Kid Saickell: checks 
Asderkarcsi: bets $0.02
sergeibab: folds 
dfdrag100: folds 
Kid Saickell: folds 
Uncalled bet ($0.02) returned to Asderkarcsi
Asderkarcsi collected $0.08 from pot
Asderkarcsi: doesn't show hand 
*** SUMMARY ***
Total pot $0.08 | Rake $0 
Board [3d Jd Jc Tc]
Seat 1: Kid Saickell folded on the Turn
Seat 2: marko2401 folded before Flop (didn't bet)
Seat 3: Sqort folded before Flop (didn't bet)
Seat 4: Asderkarcsi (button) collected ($0.08)
Seat 5: sergeibab (small blind) folded on the Turn
Seat 6: dfdrag100 (big blind) folded on the Turn
Seat 7: silrange folded before Flop (didn't bet)
Seat 8: Dorex2007 folded before Flop (didn't bet)
Seat 9: Brakonyer folded before Flop (didn't bet)



PokerStars Hand #227167164784:  Hold'em No Limit ($0.01/$0.02 USD) - 2021/05/29 12:02:50 PT [2021/05/29 15:02:50 ET]
Table 'Setebos IV' 9-max Seat #5 is the button
Seat 1: Kid Saickell ($0.99 in chips) 
Seat 2: marko2401 ($1.66 in chips) 
Seat 3: Sqort ($2 in chips) 
Seat 4: Asderkarcsi ($3.88 in chips) 
Seat 5: sergeibab ($0.81 in chips) 
Seat 6: dfdrag100 ($2.39 in chips) 
Seat 7: Ptogreenb ($2 in chips) 
Seat 8: Dorex2007 ($2.44 in chips) 
Seat 9: Brakonyer ($0.80 in chips) 
dfdrag100: posts small blind $0.01
Ptogreenb: posts big blind $0.02
*** HOLE CARDS ***
Dealt to Dorex2007 [9s 7s]
Dorex2007: folds 
Brakonyer: folds 
Kid Saickell: folds 
marko2401: folds 
Sqort: folds 
Asderkarcsi: calls $0.02
sergeibab: folds 
dfdrag100: folds 
Ptogreenb: checks 
*** FLOP *** [5s Ks Jd]
Ptogreenb: checks 
Asderkarcsi: checks 
*** TURN *** [5s Ks Jd] [6c]
Ptogreenb: bets $0.04
Asderkarcsi: calls $0.04
*** RIVER *** [5s Ks Jd 6c] [5c]
Ptogreenb: bets $0.06
Asderkarcsi: raises $0.06 to $0.12
Ptogreenb: calls $0.06
*** SHOW DOWN ***
Asderkarcsi: shows [4h Jh] (two pair, Jacks and Fives)
Ptogreenb: shows [6s Kd] (two pair, Kings and Sixes)
Ptogreenb collected $0.36 from pot
*** SUMMARY ***
Total pot $0.37 | Rake $0.01 
Board [5s Ks Jd 6c 5c]
Seat 1: Kid Saickell folded before Flop (didn't bet)
Seat 2: marko2401 folded before Flop (didn't bet)
Seat 3: Sqort folded before Flop (didn't bet)
Seat 4: Asderkarcsi showed [4h Jh] and lost with two pair, Jacks and Fives
Seat 5: sergeibab (button) folded before Flop (didn't bet)
Seat 6: dfdrag100 (small blind) folded before Flop
Seat 7: Ptogreenb (big blind) showed [6s Kd] and won ($0.36) with two pair, Kings and Sixes
Seat 8: Dorex2007 folded before Flop (didn't bet)
Seat 9: Brakonyer folded before Flop (didn't bet)



PokerStars Hand #227167180461:  Hold'em No Limit ($0.01/$0.02 USD) - 2021/05/29 12:03:25 PT [2021/05/29 15:03:25 ET]
Table 'Setebos IV' 9-max Seat #6 is the button
Seat 1: Kid Saickell ($0.99 in chips) 
Seat 2: marko2401 ($1.66 in chips) 
Seat 3: Sqort ($2 in chips) 
Seat 4: Asderkarcsi ($3.70 in chips) 
Seat 5: sergeibab ($0.81 in chips) 
Seat 6: dfdrag100 ($2.38 in chips) 
Seat 7: Ptogreenb ($2.18 in chips) 
Seat 8: Dorex2007 ($2.44 in chips) 
Seat 9: Brakonyer ($0.80 in chips) 
Ptogreenb: posts small blind $0.01
Dorex2007: posts big blind $0.02
*** HOLE CARDS ***
Dealt to Dorex2007 [Jh 5c]
Brakonyer has timed out
Brakonyer: folds 
Kid Saickell: raises $0.04 to $0.06
marko2401: folds 
Sqort: folds 
Asderkarcsi: calls $0.06
sergeibab: folds 
dfdrag100: calls $0.06
Ptogreenb: folds 
Dorex2007: folds 
*** FLOP *** [9h 9s 4h]
Kid Saickell: checks 
Asderkarcsi: bets $0.02
dfdrag100: calls $0.02
Kid Saickell: folds 
*** TURN *** [9h 9s 4h] [Ah]
Asderkarcsi: bets $0.02
dfdrag100: calls $0.02
*** RIVER *** [9h 9s 4h Ah] [6s]
Asderkarcsi: checks 
dfdrag100: checks 
*** SHOW DOWN ***
Asderkarcsi: shows [3c 9d] (three of a kind, Nines)
dfdrag100: mucks hand 
Asderkarcsi collected $0.28 from pot
*** SUMMARY ***
Total pot $0.29 | Rake $0.01 
Board [9h 9s 4h Ah 6s]
Seat 1: Kid Saickell folded on the Flop
Seat 2: marko2401 folded before Flop (didn't bet)
Seat 3: Sqort folded before Flop (didn't bet)
Seat 4: Asderkarcsi showed [3c 9d] and won ($0.28) with three of a kind, Nines
Seat 5: sergeibab folded before Flop (didn't bet)
Seat 6: dfdrag100 (button) mucked [Js Qd]
Seat 7: Ptogreenb (small blind) folded before Flop
Seat 8: Dorex2007 (big blind) folded before Flop
Seat 9: Brakonyer folded before Flop (didn't bet)



PokerStars Hand #227167200151:  Hold'em No Limit ($0.01/$0.02 USD) - 2021/05/29 12:04:08 PT [2021/05/29 15:04:08 ET]
Table 'Setebos IV' 9-max Seat #7 is the button
Seat 1: Kid Saickell ($0.93 in chips) 
Seat 2: marko2401 ($1.66 in chips) 
Seat 3: Sqort ($2 in chips) 
Seat 4: Asderkarcsi ($3.88 in chips) 
Seat 5: sergeibab ($0.81 in chips) 
Seat 6: dfdrag100 ($2.28 in chips) 
Seat 7: Ptogreenb ($2.17 in chips) 
Seat 8: Dorex2007 ($2.42 in chips) 
Seat 9: Brakonyer ($0.80 in chips) 
Dorex2007: posts small blind $0.01
Brakonyer: posts big blind $0.02
*** HOLE CARDS ***
Dealt to Dorex2007 [Qs 7d]
Kid Saickell: folds 
marko2401: folds 
Sqort: folds 
Asderkarcsi: calls $0.02
sergeibab: calls $0.02
dfdrag100: calls $0.02
Ptogreenb: folds 
Dorex2007: folds 
Brakonyer: checks 
*** FLOP *** [Ah 8s As]
Brakonyer: checks 
Asderkarcsi: checks 
sergeibab: bets $0.05
dfdrag100: folds 
Brakonyer: raises $0.73 to $0.78 and is all-in
Asderkarcsi: folds 
sergeibab: calls $0.73
*** TURN *** [Ah 8s As] [Kh]
*** RIVER *** [Ah 8s As Kh] [2c]
*** SHOW DOWN ***
Brakonyer: shows [Ac Qc] (three of a kind, Aces)
sergeibab: shows [7c Ad] (three of a kind, Aces - lower kicker)
Brakonyer cashed out the hand for $1.27 | Cash Out Fee $0.01
*** SUMMARY ***
Total pot $1.65 | Rake $0.06 
Board [Ah 8s As Kh 2c]
Seat 1: Kid Saickell folded before Flop (didn't bet)
Seat 2: marko2401 folded before Flop (didn't bet)
Seat 3: Sqort folded before Flop (didn't bet)
Seat 4: Asderkarcsi folded on the Flop
Seat 5: sergeibab showed [7c Ad] and lost with three of a kind, Aces
Seat 6: dfdrag100 folded on the Flop
Seat 7: Ptogreenb (button) folded before Flop (didn't bet)
Seat 8: Dorex2007 (small blind) folded before Flop
Seat 9: Brakonyer (big blind) showed [Ac Qc] and won ($1.59) with three of a kind, Aces (pot not awarded as player cashed out)



PokerStars Hand #227167220726:  Hold'em No Limit ($0.01/$0.02 USD) - 2021/05/29 12:04:53 PT [2021/05/29 15:04:53 ET]
Table 'Setebos IV' 9-max Seat #8 is the button
Seat 1: Kid Saickell ($0.93 in chips) 
Seat 2: marko2401 ($1.66 in chips) 
Seat 3: Sqort ($2 in chips) 
Seat 4: Asderkarcsi ($3.86 in chips) 
Seat 6: dfdrag100 ($2.26 in chips) 
Seat 7: Ptogreenb ($2.17 in chips) 
Seat 8: Dorex2007 ($2.41 in chips) 
Seat 9: Brakonyer ($1.27 in chips) 
Brakonyer: posts small blind $0.01
Kid Saickell: posts big blind $0.02
*** HOLE CARDS ***
Dealt to Dorex2007 [Ah As]
marko2401: folds 
Sqort: folds 
Asderkarcsi: calls $0.02
dfdrag100: folds 
Ptogreenb: folds 
Dorex2007: raises $0.04 to $0.06
Brakonyer: folds 
Kid Saickell: folds 
Asderkarcsi: calls $0.04
*** FLOP *** [Qd 6h Jc]
Asderkarcsi: checks 
Dorex2007: checks 
*** TURN *** [Qd 6h Jc] [3c]
Asderkarcsi: bets $0.02
Dorex2007: calls $0.02
*** RIVER *** [Qd 6h Jc 3c] [Ad]
Asderkarcsi: bets $0.02
Dorex2007: raises $0.22 to $0.24
Asderkarcsi: calls $0.22
*** SHOW DOWN ***
Dorex2007: shows [Ah As] (three of a kind, Aces)
Asderkarcsi: mucks hand 
Dorex2007 collected $0.65 from pot
*** SUMMARY ***
Total pot $0.67 | Rake $0.02 
Board [Qd 6h Jc 3c Ad]
Seat 1: Kid Saickell (big blind) folded before Flop
Seat 2: marko2401 folded before Flop (didn't bet)
Seat 3: Sqort folded before Flop (didn't bet)
Seat 4: Asderkarcsi mucked [Qh 5c]
Seat 6: dfdrag100 folded before Flop (didn't bet)
Seat 7: Ptogreenb folded before Flop (didn't bet)
Seat 8: Dorex2007 (button) showed [Ah As] and won ($0.65) with three of a kind, Aces
Seat 9: Brakonyer (small blind) folded before Flop



PokerStars Hand #227167233143:  Hold'em No Limit ($0.01/$0.02 USD) - 2021/05/29 12:05:19 PT [2021/05/29 15:05:19 ET]
Table 'Setebos IV' 9-max Seat #9 is the button
Seat 1: Kid Saickell ($0.91 in chips) 
Seat 2: marko2401 ($1.66 in chips) 
Seat 3: Sqort ($2 in chips) 
Seat 4: Asderkarcsi ($3.54 in chips) 
Seat 5: sergeibab ($1.01 in chips) 
Seat 6: dfdrag100 ($2.26 in chips) 
Seat 7: Ptogreenb ($2.17 in chips) 
Seat 8: Dorex2007 ($2.74 in chips) 
Seat 9: Brakonyer ($1.26 in chips) 
Kid Saickell: posts small blind $0.01
marko2401: posts big blind $0.02
*** HOLE CARDS ***
Dealt to Dorex2007 [9d 7s]
Sqort: folds 
Asderkarcsi: calls $0.02
sergeibab: folds 
dfdrag100: folds 
Ptogreenb: folds 
Dorex2007: folds 
Brakonyer: folds 
Kid Saickell: folds 
marko2401: checks 
*** FLOP *** [2c Jd 8s]
marko2401: bets $0.02
Asderkarcsi: calls $0.02
*** TURN *** [2c Jd 8s] [Qs]
marko2401: bets $0.04
Asderkarcsi: calls $0.04
*** RIVER *** [2c Jd 8s Qs] [4s]
marko2401: bets $0.02
Asderkarcsi: calls $0.02
*** SHOW DOWN ***
marko2401: shows [Jc 7c] (a pair of Jacks)
Asderkarcsi: mucks hand 
marko2401 collected $0.20 from pot
*** SUMMARY ***
Total pot $0.21 | Rake $0.01 
Board [2c Jd 8s Qs 4s]
Seat 1: Kid Saickell (small blind) folded before Flop
Seat 2: marko2401 (big blind) showed [Jc 7c] and won ($0.20) with a pair of Jacks
Seat 3: Sqort folded before Flop (didn't bet)
Seat 4: Asderkarcsi mucked [Th Ks]
Seat 5: sergeibab folded before Flop (didn't bet)
Seat 6: dfdrag100 folded before Flop (didn't bet)
Seat 7: Ptogreenb folded before Flop (didn't bet)
Seat 8: Dorex2007 folded before Flop (didn't bet)
Seat 9: Brakonyer (button) folded before Flop (didn't bet)



PokerStars Hand #227167273880:  Hold'em No Limit ($0.01/$0.02 USD) - 2021/05/29 12:06:44 PT [2021/05/29 15:06:44 ET]
Table 'Setebos IV' 9-max Seat #2 is the button
Seat 1: Kid Saickell ($0.90 in chips) 
Seat 2: marko2401 ($1.59 in chips) 
Seat 3: Sqort ($2 in chips) 
Seat 4: Asderkarcsi ($3.62 in chips) 
Seat 5: sergeibab ($1.01 in chips) 
Seat 6: dfdrag100 ($2.26 in chips) 
Seat 7: Ptogreenb ($2.17 in chips) 
Seat 8: Dorex2007 ($2.74 in chips) 
Seat 9: Brakonyer ($1.26 in chips) 
Sqort: posts small blind $0.01
Asderkarcsi: posts big blind $0.02
*** HOLE CARDS ***
Dealt to Dorex2007 [4d Tc]
sergeibab: raises $0.02 to $0.04
dfdrag100: calls $0.04
Ptogreenb: folds 
Dorex2007: folds 
Brakonyer: folds 
Kid Saickell: folds 
marko2401: raises $0.02 to $0.06
Sqort: folds 
Asderkarcsi: calls $0.04
sergeibab: calls $0.02
dfdrag100: calls $0.02
*** FLOP *** [9c Jh 4c]
Asderkarcsi: bets $0.12
sergeibab: folds 
dfdrag100: calls $0.12
marko2401: folds 
*** TURN *** [9c Jh 4c] [9h]
Asderkarcsi: bets $0.24
dfdrag100: calls $0.24
*** RIVER *** [9c Jh 4c 9h] [5d]
Asderkarcsi: bets $0.47
dfdrag100: calls $0.47
*** SHOW DOWN ***
Asderkarcsi: shows [Ah Jd] (two pair, Jacks and Nines)
dfdrag100: mucks hand 
Asderkarcsi collected $1.84 from pot
*** SUMMARY ***
Total pot $1.91 | Rake $0.07 
Board [9c Jh 4c 9h 5d]
Seat 1: Kid Saickell folded before Flop (didn't bet)
Seat 2: marko2401 (button) folded on the Flop
Seat 3: Sqort (small blind) folded before Flop
Seat 4: Asderkarcsi (big blind) showed [Ah Jd] and won ($1.84) with two pair, Jacks and Nines
Seat 5: sergeibab folded on the Flop
Seat 6: dfdrag100 mucked [Js Qd]
Seat 7: Ptogreenb folded before Flop (didn't bet)
Seat 8: Dorex2007 folded before Flop (didn't bet)
Seat 9: Brakonyer folded before Flop (didn't bet)



PokerStars Hand #227167308796:  Hold'em No Limit ($0.01/$0.02 USD) - 2021/05/29 12:07:57 PT [2021/05/29 15:07:57 ET]
Table 'Setebos IV' 9-max Seat #3 is the button
Seat 1: Kid Saickell ($0.90 in chips) 
Seat 2: marko2401 ($1.53 in chips) 
Seat 3: Sqort ($2 in chips) 
Seat 4: Asderkarcsi ($4.57 in chips) 
Seat 5: sergeibab ($0.95 in chips) 
Seat 6: dfdrag100 ($1.37 in chips) 
Seat 7: Ptogreenb ($2.17 in chips) 
Seat 8: Dorex2007 ($2.74 in chips) 
Seat 9: Brakonyer ($1.26 in chips) 
Asderkarcsi: posts small blind $0.01
sergeibab: posts big blind $0.02
*** HOLE CARDS ***
Dealt to Dorex2007 [Jd 2s]
dfdrag100: folds 
Ptogreenb: raises $0.04 to $0.06
dfdrag100 leaves the table
Dorex2007: folds 
Brakonyer: folds 
Kid Saickell: folds 
marko2401: folds 
Sqort: folds 
Asderkarcsi: calls $0.05
sergeibab: folds 
*** FLOP *** [4c Tc 2c]
tibi.nastase joins the table at seat #6 
Asderkarcsi: bets $0.02
Ptogreenb: calls $0.02
*** TURN *** [4c Tc 2c] [Qs]
Asderkarcsi: bets $0.09
Ptogreenb: calls $0.09
*** RIVER *** [4c Tc 2c Qs] [5s]
Asderkarcsi: bets $0.35
Ptogreenb: folds 
Uncalled bet ($0.35) returned to Asderkarcsi
Asderkarcsi collected $0.35 from pot
Asderkarcsi: doesn't show hand 
*** SUMMARY ***
Total pot $0.36 | Rake $0.01 
Board [4c Tc 2c Qs 5s]
Seat 1: Kid Saickell folded before Flop (didn't bet)
Seat 2: marko2401 folded before Flop (didn't bet)
Seat 3: Sqort (button) folded before Flop (didn't bet)
Seat 4: Asderkarcsi (small blind) collected ($0.35)
Seat 5: sergeibab (big blind) folded before Flop
Seat 6: dfdrag100 folded before Flop (didn't bet)
Seat 7: Ptogreenb folded on the River
Seat 8: Dorex2007 folded before Flop (didn't bet)
Seat 9: Brakonyer folded before Flop (didn't bet)



PokerStars Hand #227167329790:  Hold'em No Limit ($0.01/$0.02 USD) - 2021/05/29 12:08:41 PT [2021/05/29 15:08:41 ET]
Table 'Setebos IV' 9-max Seat #4 is the button
Seat 1: Kid Saickell ($0.90 in chips) 
Seat 2: marko2401 ($1.53 in chips) 
Seat 3: Sqort ($2 in chips) 
Seat 4: Asderkarcsi ($4.75 in chips) 
Seat 5: sergeibab ($0.93 in chips) 
Seat 6: tibi.nastase ($2 in chips) 
Seat 7: Ptogreenb ($2 in chips) 
Seat 8: Dorex2007 ($2.74 in chips) 
Seat 9: Brakonyer ($1.26 in chips) 
sergeibab: posts small blind $0.01
tibi.nastase: posts big blind $0.02
*** HOLE CARDS ***
Dealt to Dorex2007 [Ah Ts]
Ptogreenb: folds 
Dorex2007: folds 
Brakonyer: raises $0.05 to $0.07
Kid Saickell: calls $0.07
marko2401: folds 
Sqort: folds 
Asderkarcsi: folds 
sergeibab: folds 
tibi.nastase: folds 
*** FLOP *** [Jh 2d Kc]
Brakonyer: checks 
Kid Saickell: checks 
*** TURN *** [Jh 2d Kc] [Kd]
Brakonyer: checks 
Kid Saickell: bets $0.10
Brakonyer: calls $0.10
*** RIVER *** [Jh 2d Kc Kd] [6d]
Brakonyer: checks 
Kid Saickell: checks 
*** SHOW DOWN ***
Brakonyer: shows [Qh Qc] (two pair, Kings and Queens)
Kid Saickell: mucks hand 
Brakonyer collected $0.36 from pot
*** SUMMARY ***
Total pot $0.37 | Rake $0.01 
Board [Jh 2d Kc Kd 6d]
Seat 1: Kid Saickell mucked [Ac Qd]
Seat 2: marko2401 folded before Flop (didn't bet)
Seat 3: Sqort folded before Flop (didn't bet)
Seat 4: Asderkarcsi (button) folded before Flop (didn't bet)
Seat 5: sergeibab (small blind) folded before Flop
Seat 6: tibi.nastase (big blind) folded before Flop
Seat 7: Ptogreenb folded before Flop (didn't bet)
Seat 8: Dorex2007 folded before Flop (didn't bet)
Seat 9: Brakonyer showed [Qh Qc] and won ($0.36) with two pair, Kings and Queens



PokerStars Hand #227167364553:  Hold'em No Limit ($0.01/$0.02 USD) - 2021/05/29 12:09:50 PT [2021/05/29 15:09:50 ET]
Table 'Setebos IV' 9-max Seat #5 is the button
Seat 1: Kid Saickell ($0.73 in chips) 
Seat 2: marko2401 ($1.53 in chips) 
Seat 3: Sqort ($2 in chips) 
Seat 4: Asderkarcsi ($4.75 in chips) 
Seat 5: sergeibab ($0.92 in chips) 
Seat 6: tibi.nastase ($2 in chips) 
Seat 7: Ptogreenb ($2 in chips) 
Seat 8: Dorex2007 ($2.74 in chips) 
Seat 9: Brakonyer ($1.45 in chips) 
tibi.nastase: posts small blind $0.01
Ptogreenb: posts big blind $0.02
*** HOLE CARDS ***
Dealt to Dorex2007 [Tc Jd]
Dorex2007: folds 
Brakonyer: folds 
Kid Saickell: folds 
marko2401: folds 
Sqort: folds 
Asderkarcsi: raises $0.02 to $0.04
sergeibab: calls $0.04
tibi.nastase: folds 
Ptogreenb: calls $0.02
*** FLOP *** [8h Kc Ks]
Ptogreenb: checks 
Asderkarcsi: bets $0.07
sergeibab: folds 
Ptogreenb: folds 
Uncalled bet ($0.07) returned to Asderkarcsi
Asderkarcsi collected $0.13 from pot
Asderkarcsi: doesn't show hand 
*** SUMMARY ***
Total pot $0.13 | Rake $0 
Board [8h Kc Ks]
Seat 1: Kid Saickell folded before Flop (didn't bet)
Seat 2: marko2401 folded before Flop (didn't bet)
Seat 3: Sqort folded before Flop (didn't bet)
Seat 4: Asderkarcsi collected ($0.13)
Seat 5: sergeibab (button) folded on the Flop
Seat 6: tibi.nastase (small blind) folded before Flop
Seat 7: Ptogreenb (big blind) folded on the Flop
Seat 8: Dorex2007 folded before Flop (didn't bet)
Seat 9: Brakonyer folded before Flop (didn't bet)



PokerStars Hand #227167385730:  Hold'em No Limit ($0.01/$0.02 USD) - 2021/05/29 12:10:35 PT [2021/05/29 15:10:35 ET]
Table 'Setebos IV' 9-max Seat #6 is the button
Seat 1: Kid Saickell ($0.73 in chips) 
Seat 2: marko2401 ($1.53 in chips) 
Seat 3: Sqort ($2 in chips) 
Seat 4: Asderkarcsi ($4.84 in chips) 
Seat 5: sergeibab ($0.88 in chips) 
Seat 6: tibi.nastase ($2 in chips) 
Seat 7: Ptogreenb ($1.96 in chips) 
Seat 8: Dorex2007 ($2.74 in chips) 
Seat 9: Brakonyer ($1.45 in chips) 
Ptogreenb: posts small blind $0.01
Dorex2007: posts big blind $0.02
*** HOLE CARDS ***
Dealt to Dorex2007 [2s Tc]
Brakonyer: folds 
Kid Saickell: folds 
marko2401: folds 
Sqort: folds 
Asderkarcsi: calls $0.02
sergeibab: calls $0.02
tibi.nastase: calls $0.02
Ptogreenb: calls $0.01
Dorex2007: checks 
*** FLOP *** [5c Ts Qs]
Ptogreenb: checks 
Dorex2007: checks 
Asderkarcsi: checks 
sergeibab: bets $0.10
tibi.nastase: calls $0.10
Ptogreenb: folds 
Dorex2007: folds 
Asderkarcsi: folds 
*** TURN *** [5c Ts Qs] [8h]
sergeibab: bets $0.24
tibi.nastase: raises $0.77 to $1.01
Kid Saickell leaves the table
sergeibab: folds 
Uncalled bet ($0.77) returned to tibi.nastase
tibi.nastase collected $0.75 from pot
tibi.nastase: doesn't show hand 
*** SUMMARY ***
Total pot $0.78 | Rake $0.03 
Board [5c Ts Qs 8h]
Seat 1: Kid Saickell folded before Flop (didn't bet)
Seat 2: marko2401 folded before Flop (didn't bet)
Seat 3: Sqort folded before Flop (didn't bet)
Seat 4: Asderkarcsi folded on the Flop
Seat 5: sergeibab folded on the Turn
Seat 6: tibi.nastase (button) collected ($0.75)
Seat 7: Ptogreenb (small blind) folded on the Flop
Seat 8: Dorex2007 (big blind) folded on the Flop
Seat 9: Brakonyer folded before Flop (didn't bet)



PokerStars Hand #227167422387:  Hold'em No Limit ($0.01/$0.02 USD) - 2021/05/29 12:11:52 PT [2021/05/29 15:11:52 ET]
Table 'Setebos IV' 9-max Seat #7 is the button
Seat 2: marko2401 ($1.53 in chips) 
Seat 3: Sqort ($2 in chips) 
Seat 4: Asderkarcsi ($4.82 in chips) 
Seat 5: sergeibab ($0.52 in chips) 
Seat 6: tibi.nastase ($2.39 in chips) 
Seat 7: Ptogreenb ($1.94 in chips) 
Seat 8: Dorex2007 ($2.72 in chips) 
Seat 9: Brakonyer ($1.45 in chips) 
Dorex2007: posts small blind $0.01
Brakonyer: posts big blind $0.02
*** HOLE CARDS ***
Dealt to Dorex2007 [9d 9c]
marko2401: folds 
Sqort: folds 
Asderkarcsi: raises $0.02 to $0.04
sergeibab: folds 
Elrus90 joins the table at seat #1 
tibi.nastase: raises $0.12 to $0.16
Ptogreenb: folds 
Dorex2007: folds 
Brakonyer: folds 
Asderkarcsi: calls $0.12
*** FLOP *** [7s 4h Qs]
Asderkarcsi: bets $0.02
tibi.nastase: raises $0.20 to $0.22
Asderkarcsi: folds 
Uncalled bet ($0.20) returned to tibi.nastase
tibi.nastase collected $0.38 from pot
tibi.nastase: doesn't show hand 
*** SUMMARY ***
Total pot $0.39 | Rake $0.01 
Board [7s 4h Qs]
Seat 2: marko2401 folded before Flop (didn't bet)
Seat 3: Sqort folded before Flop (didn't bet)
Seat 4: Asderkarcsi folded on the Flop
Seat 5: sergeibab folded before Flop (didn't bet)
Seat 6: tibi.nastase collected ($0.38)
Seat 7: Ptogreenb (button) folded before Flop (didn't bet)
Seat 8: Dorex2007 (small blind) folded before Flop
Seat 9: Brakonyer (big blind) folded before Flop



PokerStars Hand #227167449297:  Hold'em No Limit ($0.01/$0.02 USD) - 2021/05/29 12:12:49 PT [2021/05/29 15:12:49 ET]
Table 'Setebos IV' 9-max Seat #8 is the button
Seat 1: Elrus90 ($1 in chips) 
Seat 2: marko2401 ($1.53 in chips) 
Seat 3: Sqort ($2 in chips) 
Seat 4: Asderkarcsi ($4.64 in chips) 
Seat 5: sergeibab ($0.52 in chips) 
Seat 6: tibi.nastase ($2.59 in chips) 
Seat 7: Ptogreenb ($1.94 in chips) 
Seat 8: Dorex2007 ($2.71 in chips) 
Seat 9: Brakonyer ($1.43 in chips) 
Brakonyer: posts small blind $0.01
Elrus90: posts big blind $0.02
*** HOLE CARDS ***
Dealt to Dorex2007 [8h Ac]
marko2401: folds 
Sqort: folds 
Asderkarcsi: calls $0.02
sergeibab: folds 
tibi.nastase: folds 
Ptogreenb: raises $0.02 to $0.04
Dorex2007: folds 
Brakonyer: folds 
Elrus90: calls $0.02
Asderkarcsi: calls $0.02
*** FLOP *** [Td 8s Js]
Elrus90: checks 
Asderkarcsi: bets $0.02
Ptogreenb: raises $0.06 to $0.08
Elrus90: folds 
Asderkarcsi: calls $0.06
*** TURN *** [Td 8s Js] [4s]
Asderkarcsi: bets $0.02
Ptogreenb: calls $0.02
*** RIVER *** [Td 8s Js 4s] [7h]
Asderkarcsi: bets $0.32
Ptogreenb: calls $0.32
*** SHOW DOWN ***
Asderkarcsi: shows [9h 3s] (a straight, Seven to Jack)
Ptogreenb: shows [Tc 9c] (a straight, Seven to Jack)
Asderkarcsi collected $0.47 from pot
Ptogreenb collected $0.47 from pot
*** SUMMARY ***
Total pot $0.97 | Rake $0.03 
Board [Td 8s Js 4s 7h]
Seat 1: Elrus90 (big blind) folded on the Flop
Seat 2: marko2401 folded before Flop (didn't bet)
Seat 3: Sqort folded before Flop (didn't bet)
Seat 4: Asderkarcsi showed [9h 3s] and won ($0.47) with a straight, Seven to Jack
Seat 5: sergeibab folded before Flop (didn't bet)
Seat 6: tibi.nastase folded before Flop (didn't bet)
Seat 7: Ptogreenb showed [Tc 9c] and won ($0.47) with a straight, Seven to Jack
Seat 8: Dorex2007 (button) folded before Flop (didn't bet)
Seat 9: Brakonyer (small blind) folded before Flop



PokerStars Hand #227167475481:  Hold'em No Limit ($0.01/$0.02 USD) - 2021/05/29 12:13:44 PT [2021/05/29 15:13:44 ET]
Table 'Setebos IV' 9-max Seat #9 is the button
Seat 1: Elrus90 ($0.96 in chips) 
Seat 2: marko2401 ($1.53 in chips) 
Seat 3: Sqort ($2 in chips) 
Seat 4: Asderkarcsi ($4.65 in chips) 
Seat 5: sergeibab ($0.52 in chips) 
Seat 6: tibi.nastase ($2.59 in chips) 
Seat 7: Ptogreenb ($1.95 in chips) 
Seat 8: Dorex2007 ($2.71 in chips) 
Seat 9: Brakonyer ($1.42 in chips) 
Elrus90: posts small blind $0.01
marko2401: posts big blind $0.02
*** HOLE CARDS ***
Dealt to Dorex2007 [2h 5c]
Sqort: folds 
Asderkarcsi: calls $0.02
sergeibab: folds 
tibi.nastase: folds 
Ptogreenb: folds 
Dorex2007: folds 
Brakonyer: raises $0.07 to $0.09
Elrus90: folds 
marko2401: folds 
Asderkarcsi: calls $0.07
*** FLOP *** [9c 2s Qc]
Asderkarcsi: bets $0.02
Brakonyer: raises $1.31 to $1.33 and is all-in
Asderkarcsi: folds 
Uncalled bet ($1.31) returned to Brakonyer
Brakonyer collected $0.24 from pot
*** SUMMARY ***
Total pot $0.25 | Rake $0.01 
Board [9c 2s Qc]
Seat 1: Elrus90 (small blind) folded before Flop
Seat 2: marko2401 (big blind) folded before Flop
Seat 3: Sqort folded before Flop (didn't bet)
Seat 4: Asderkarcsi folded on the Flop
Seat 5: sergeibab folded before Flop (didn't bet)
Seat 6: tibi.nastase folded before Flop (didn't bet)
Seat 7: Ptogreenb folded before Flop (didn't bet)
Seat 8: Dorex2007 folded before Flop (didn't bet)
Seat 9: Brakonyer (button) collected ($0.24)



PokerStars Hand #227167490584:  Hold'em No Limit ($0.01/$0.02 USD) - 2021/05/29 12:14:15 PT [2021/05/29 15:14:15 ET]
Table 'Setebos IV' 9-max Seat #1 is the button
Seat 1: Elrus90 ($0.95 in chips) 
Seat 2: marko2401 ($1.51 in chips) 
Seat 3: Sqort ($2 in chips) 
Seat 4: Asderkarcsi ($4.54 in chips) 
Seat 5: sergeibab ($0.52 in chips) 
Seat 6: tibi.nastase ($2.59 in chips) 
Seat 7: Ptogreenb ($1.95 in chips) 
Seat 8: Dorex2007 ($2.71 in chips) 
Seat 9: Brakonyer ($1.55 in chips) 
marko2401: posts small blind $0.01
Sqort: posts big blind $0.02
*** HOLE CARDS ***
Dealt to Dorex2007 [Qd 2s]
Asderkarcsi: raises $0.02 to $0.04
sergeibab: calls $0.04
tibi.nastase: folds 
Ptogreenb: folds 
Dorex2007: folds 
Brakonyer: calls $0.04
Elrus90: calls $0.04
marko2401: folds 
Sqort: calls $0.02
*** FLOP *** [5d Ac 9h]
Sqort: checks 
Asderkarcsi: bets $0.10
sergeibab: calls $0.10
Brakonyer: folds 
Elrus90: folds 
Sqort: folds 
*** TURN *** [5d Ac 9h] [Kc]
Asderkarcsi: bets $0.20
sergeibab: calls $0.20
*** RIVER *** [5d Ac 9h Kc] [2h]
Asderkarcsi: bets $0.39
sergeibab: calls $0.18 and is all-in
Uncalled bet ($0.21) returned to Asderkarcsi
*** SHOW DOWN ***
Asderkarcsi: shows [Jc 9d] (a pair of Nines)
sergeibab: shows [Ad 8d] (a pair of Aces)
sergeibab collected $1.13 from pot
*** SUMMARY ***
Total pot $1.17 | Rake $0.04 
Board [5d Ac 9h Kc 2h]
Seat 1: Elrus90 (button) folded on the Flop
Seat 2: marko2401 (small blind) folded before Flop
Seat 3: Sqort (big blind) folded on the Flop
Seat 4: Asderkarcsi showed [Jc 9d] and lost with a pair of Nines
Seat 5: sergeibab showed [Ad 8d] and won ($1.13) with a pair of Aces
Seat 6: tibi.nastase folded before Flop (didn't bet)
Seat 7: Ptogreenb folded before Flop (didn't bet)
Seat 8: Dorex2007 folded before Flop (didn't bet)
Seat 9: Brakonyer folded on the Flop



PokerStars Hand #227167523519:  Hold'em No Limit ($0.01/$0.02 USD) - 2021/05/29 12:14:56 PT [2021/05/29 15:14:56 ET]
Table 'Setebos IV' 9-max Seat #2 is the button
Seat 1: Elrus90 ($0.91 in chips) 
Seat 2: marko2401 ($1.50 in chips) 
Seat 3: Sqort ($2 in chips) 
Seat 4: Asderkarcsi ($4.02 in chips) 
Seat 5: sergeibab ($1.13 in chips) 
Seat 6: tibi.nastase ($2.59 in chips) 
Seat 7: Ptogreenb ($1.95 in chips) 
Seat 8: Dorex2007 ($2.71 in chips) 
Seat 9: Brakonyer ($1.51 in chips) 
Sqort: posts small blind $0.01
Asderkarcsi: posts big blind $0.02
*** HOLE CARDS ***
Dealt to Dorex2007 [5c 4s]
sergeibab: folds 
tibi.nastase: raises $0.04 to $0.06
Ptogreenb: folds 
Dorex2007: folds 
Brakonyer: folds 
Elrus90: folds 
marko2401: folds 
Sqort: folds 
Asderkarcsi: calls $0.04
*** FLOP *** [4h Ts 9h]
Asderkarcsi: bets $0.02
tibi.nastase: calls $0.02
*** TURN *** [4h Ts 9h] [Ah]
Asderkarcsi: bets $0.02
tibi.nastase: folds 
Uncalled bet ($0.02) returned to Asderkarcsi
Asderkarcsi collected $0.16 from pot
Asderkarcsi: doesn't show hand 
*** SUMMARY ***
Total pot $0.17 | Rake $0.01 
Board [4h Ts 9h Ah]
Seat 1: Elrus90 folded before Flop (didn't bet)
Seat 2: marko2401 (button) folded before Flop (didn't bet)
Seat 3: Sqort (small blind) folded before Flop
Seat 4: Asderkarcsi (big blind) collected ($0.16)
Seat 5: sergeibab folded before Flop (didn't bet)
Seat 6: tibi.nastase folded on the Turn
Seat 7: Ptogreenb folded before Flop (didn't bet)
Seat 8: Dorex2007 folded before Flop (didn't bet)
Seat 9: Brakonyer folded before Flop (didn't bet)



PokerStars Hand #227167544878:  Hold'em No Limit ($0.01/$0.02 USD) - 2021/05/29 12:15:40 PT [2021/05/29 15:15:40 ET]
Table 'Setebos IV' 9-max Seat #3 is the button
Seat 1: Elrus90 ($0.91 in chips) 
Seat 2: marko2401 ($1.50 in chips) 
Seat 3: Sqort ($2 in chips) 
Seat 4: Asderkarcsi ($4.10 in chips) 
Seat 5: sergeibab ($1.13 in chips) 
Seat 6: tibi.nastase ($2.51 in chips) 
Seat 7: Ptogreenb ($1.95 in chips) 
Seat 8: Dorex2007 ($2.71 in chips) 
Seat 9: Brakonyer ($1.51 in chips) 
Asderkarcsi: posts small blind $0.01
sergeibab: posts big blind $0.02
*** HOLE CARDS ***
Dealt to Dorex2007 [2h 7h]
tibi.nastase: raises $0.04 to $0.06
Ptogreenb: folds 
Dorex2007: folds 
Brakonyer: folds 
Elrus90: calls $0.06
marko2401: folds 
Sqort: folds 
Asderkarcsi: calls $0.05
sergeibab: folds 
*** FLOP *** [7s As 6h]
Asderkarcsi: bets $0.02
tibi.nastase: calls $0.02
Elrus90: raises $0.13 to $0.15
Asderkarcsi: calls $0.13
tibi.nastase: folds 
*** TURN *** [7s As 6h] [6d]
Asderkarcsi: bets $0.02
Elrus90: raises $0.68 to $0.70 and is all-in
Asderkarcsi: calls $0.68
*** RIVER *** [7s As 6h 6d] [Jd]
*** SHOW DOWN ***
Asderkarcsi: shows [5s 6s] (three of a kind, Sixes)
Elrus90: shows [Kc Ad] (two pair, Aces and Sixes)
Asderkarcsi collected $1.85 from pot
*** SUMMARY ***
Total pot $1.92 | Rake $0.07 
Board [7s As 6h 6d Jd]
Seat 1: Elrus90 showed [Kc Ad] and lost with two pair, Aces and Sixes
Seat 2: marko2401 folded before Flop (didn't bet)
Seat 3: Sqort (button) folded before Flop (didn't bet)
Seat 4: Asderkarcsi (small blind) showed [5s 6s] and won ($1.85) with three of a kind, Sixes
Seat 5: sergeibab (big blind) folded before Flop
Seat 6: tibi.nastase folded on the Flop
Seat 7: Ptogreenb folded before Flop (didn't bet)
Seat 8: Dorex2007 folded before Flop (didn't bet)
Seat 9: Brakonyer folded before Flop (didn't bet)



PokerStars Hand #227167566533:  Hold'em No Limit ($0.01/$0.02 USD) - 2021/05/29 12:16:25 PT [2021/05/29 15:16:25 ET]
Table 'Setebos IV' 9-max Seat #4 is the button
Seat 2: marko2401 ($1.50 in chips) 
Seat 3: Sqort ($2 in chips) 
Seat 4: Asderkarcsi ($5.04 in chips) 
Seat 5: sergeibab ($1.11 in chips) 
Seat 6: tibi.nastase ($2.43 in chips) 
Seat 7: Ptogreenb ($1.95 in chips) 
Seat 8: Dorex2007 ($2.71 in chips) 
Seat 9: Brakonyer ($1.51 in chips) 
sergeibab: posts small blind $0.01
tibi.nastase: posts big blind $0.02
*** HOLE CARDS ***
Dealt to Dorex2007 [Qh Kh]
Ptogreenb: folds 
Dorex2007: raises $0.04 to $0.06
Brakonyer: folds 
marko2401: folds 
Sqort: folds 
Asderkarcsi: calls $0.06
sergeibab: folds 
tibi.nastase: folds 
*** FLOP *** [5c 5d 9c]
Dorex2007: checks 
Asderkarcsi: checks 
*** TURN *** [5c 5d 9c] [Th]
Dorex2007: bets $0.14
Asderkarcsi: folds 
Uncalled bet ($0.14) returned to Dorex2007
Dorex2007 collected $0.14 from pot
Dorex2007: doesn't show hand 
*** SUMMARY ***
Total pot $0.15 | Rake $0.01 
Board [5c 5d 9c Th]
Seat 2: marko2401 folded before Flop (didn't bet)
Seat 3: Sqort folded before Flop (didn't bet)
Seat 4: Asderkarcsi (button) folded on the Turn
Seat 5: sergeibab (small blind) folded before Flop
Seat 6: tibi.nastase (big blind) folded before Flop
Seat 7: Ptogreenb folded before Flop (didn't bet)
Seat 8: Dorex2007 collected ($0.14)
Seat 9: Brakonyer folded before Flop (didn't bet)



PokerStars Hand #227167583036:  Hold'em No Limit ($0.01/$0.02 USD) - 2021/05/29 12:17:00 PT [2021/05/29 15:17:00 ET]
Table 'Setebos IV' 9-max Seat #5 is the button
Seat 1: Elrus90 ($2 in chips) 
Seat 2: marko2401 ($1.50 in chips) 
Seat 3: Sqort ($2 in chips) 
Seat 4: Asderkarcsi ($4.98 in chips) 
Seat 5: sergeibab ($1.10 in chips) 
Seat 6: tibi.nastase ($2.41 in chips) 
Seat 7: Ptogreenb ($1.95 in chips) 
Seat 8: Dorex2007 ($2.79 in chips) 
Seat 9: Brakonyer ($1.51 in chips) 
tibi.nastase: posts small blind $0.01
Ptogreenb: posts big blind $0.02
*** HOLE CARDS ***
Dealt to Dorex2007 [4c 2s]
Dorex2007: folds 
Brakonyer: folds 
Elrus90: folds 
marko2401: folds 
Sqort: folds 
Asderkarcsi: calls $0.02
sergeibab: folds 
tibi.nastase: folds 
Ptogreenb: checks 
*** FLOP *** [Kc Qs Ks]
Ptogreenb: checks 
Asderkarcsi: bets $0.02
Ptogreenb: folds 
Uncalled bet ($0.02) returned to Asderkarcsi
Asderkarcsi collected $0.05 from pot
Asderkarcsi: doesn't show hand 
*** SUMMARY ***
Total pot $0.05 | Rake $0 
Board [Kc Qs Ks]
Seat 1: Elrus90 folded before Flop (didn't bet)
Seat 2: marko2401 folded before Flop (didn't bet)
Seat 3: Sqort folded before Flop (didn't bet)
Seat 4: Asderkarcsi collected ($0.05)
Seat 5: sergeibab (button) folded before Flop (didn't bet)
Seat 6: tibi.nastase (small blind) folded before Flop
Seat 7: Ptogreenb (big blind) folded on the Flop
Seat 8: Dorex2007 folded before Flop (didn't bet)
Seat 9: Brakonyer folded before Flop (didn't bet)



PokerStars Hand #227167593470:  Hold'em No Limit ($0.01/$0.02 USD) - 2021/05/29 12:17:22 PT [2021/05/29 15:17:22 ET]
Table 'Setebos IV' 9-max Seat #6 is the button
Seat 1: Elrus90 ($2 in chips) 
Seat 2: marko2401 ($1.50 in chips) 
Seat 3: Sqort ($2 in chips) 
Seat 4: Asderkarcsi ($5.01 in chips) 
Seat 5: sergeibab ($1.10 in chips) 
Seat 6: tibi.nastase ($2.40 in chips) 
Seat 7: Ptogreenb ($1.93 in chips) 
Seat 8: Dorex2007 ($2.79 in chips) 
Seat 9: Brakonyer ($1.51 in chips) 
Ptogreenb: posts small blind $0.01
Dorex2007: posts big blind $0.02
*** HOLE CARDS ***
Dealt to Dorex2007 [Kc 3h]
Brakonyer: folds 
Elrus90: raises $0.04 to $0.06
marko2401: folds 
Sqort: folds 
Asderkarcsi: calls $0.06
sergeibab: folds 
tibi.nastase: folds 
Ptogreenb: folds 
Dorex2007: folds 
*** FLOP *** [7c Jd 7h]
Elrus90: bets $0.07
Asderkarcsi: calls $0.07
*** TURN *** [7c Jd 7h] [3c]
Elrus90: bets $0.14
Asderkarcsi: folds 
Uncalled bet ($0.14) returned to Elrus90
Elrus90 collected $0.28 from pot
Elrus90: doesn't show hand 
*** SUMMARY ***
Total pot $0.29 | Rake $0.01 
Board [7c Jd 7h 3c]
Seat 1: Elrus90 collected ($0.28)
Seat 2: marko2401 folded before Flop (didn't bet)
Seat 3: Sqort folded before Flop (didn't bet)
Seat 4: Asderkarcsi folded on the Turn
Seat 5: sergeibab folded before Flop (didn't bet)
Seat 6: tibi.nastase (button) folded before Flop (didn't bet)
Seat 7: Ptogreenb (small blind) folded before Flop
Seat 8: Dorex2007 (big blind) folded before Flop
Seat 9: Brakonyer folded before Flop (didn't bet)



PokerStars Hand #227167608882:  Hold'em No Limit ($0.01/$0.02 USD) - 2021/05/29 12:17:54 PT [2021/05/29 15:17:54 ET]
Table 'Setebos IV' 9-max Seat #7 is the button
Seat 1: Elrus90 ($2.15 in chips) 
Seat 2: marko2401 ($1.50 in chips) 
Seat 3: Sqort ($2 in chips) 
Seat 4: Asderkarcsi ($4.88 in chips) 
Seat 5: sergeibab ($1.10 in chips) 
Seat 6: tibi.nastase ($2.40 in chips) 
Seat 7: Ptogreenb ($1.92 in chips) 
Seat 8: Dorex2007 ($2.77 in chips) 
Seat 9: Brakonyer ($1.51 in chips) 
Dorex2007: posts small blind $0.01
Brakonyer: posts big blind $0.02
*** HOLE CARDS ***
Dealt to Dorex2007 [3s 6h]
Elrus90: folds 
marko2401: folds 
Sqort: folds 
Asderkarcsi: calls $0.02
sergeibab: folds 
tibi.nastase: folds 
Ptogreenb: folds 
Dorex2007: folds 
Brakonyer: checks 
*** FLOP *** [Td Jd Ad]
Brakonyer: checks 
Asderkarcsi: checks 
*** TURN *** [Td Jd Ad] [9s]
Brakonyer: checks 
Asderkarcsi: checks 
*** RIVER *** [Td Jd Ad 9s] [2d]
Brakonyer: checks 
Asderkarcsi: checks 
*** SHOW DOWN ***
Brakonyer: shows [Jh 6s] (a pair of Jacks)
Asderkarcsi: mucks hand 
Brakonyer collected $0.05 from pot
*** SUMMARY ***
Total pot $0.05 | Rake $0 
Board [Td Jd Ad 9s 2d]
Seat 1: Elrus90 folded before Flop (didn't bet)
Seat 2: marko2401 folded before Flop (didn't bet)
Seat 3: Sqort folded before Flop (didn't bet)
Seat 4: Asderkarcsi mucked [7c 5s]
Seat 5: sergeibab folded before Flop (didn't bet)
Seat 6: tibi.nastase folded before Flop (didn't bet)
Seat 7: Ptogreenb (button) folded before Flop (didn't bet)
Seat 8: Dorex2007 (small blind) folded before Flop
Seat 9: Brakonyer (big blind) showed [Jh 6s] and won ($0.05) with a pair of Jacks



PokerStars Hand #227167625713:  Hold'em No Limit ($0.01/$0.02 USD) - 2021/05/29 12:18:30 PT [2021/05/29 15:18:30 ET]
Table 'Setebos IV' 9-max Seat #8 is the button
Seat 1: Elrus90 ($2.15 in chips) 
Seat 2: marko2401 ($1.50 in chips) 
Seat 3: Sqort ($2 in chips) 
Seat 4: Asderkarcsi ($4.86 in chips) 
Seat 5: sergeibab ($1.10 in chips) 
Seat 6: tibi.nastase ($2.40 in chips) 
Seat 7: Ptogreenb ($1.92 in chips) 
Seat 8: Dorex2007 ($2.76 in chips) 
Seat 9: Brakonyer ($1.54 in chips) 
Brakonyer: posts small blind $0.01
Elrus90: posts big blind $0.02
*** HOLE CARDS ***
Dealt to Dorex2007 [Qc 4h]
marko2401: folds 
Sqort: folds 
Asderkarcsi: calls $0.02
sergeibab: folds 
tibi.nastase: folds 
Ptogreenb: folds 
Dorex2007: folds 
Brakonyer: folds 
Elrus90: raises $0.04 to $0.06
Asderkarcsi: calls $0.04
*** FLOP *** [8s Ad Jc]
Elrus90: checks 
Asderkarcsi: bets $0.02
Elrus90: calls $0.02
*** TURN *** [8s Ad Jc] [2c]
Elrus90: checks 
Asderkarcsi: bets $0.08
Elrus90: calls $0.08
*** RIVER *** [8s Ad Jc 2c] [8d]
Elrus90: checks 
Asderkarcsi: bets $4.70 and is all-in
Elrus90: folds 
Uncalled bet ($4.70) returned to Asderkarcsi
Asderkarcsi collected $0.32 from pot
Asderkarcsi: doesn't show hand 
*** SUMMARY ***
Total pot $0.33 | Rake $0.01 
Board [8s Ad Jc 2c 8d]
Seat 1: Elrus90 (big blind) folded on the River
Seat 2: marko2401 folded before Flop (didn't bet)
Seat 3: Sqort folded before Flop (didn't bet)
Seat 4: Asderkarcsi collected ($0.32)
Seat 5: sergeibab folded before Flop (didn't bet)
Seat 6: tibi.nastase folded before Flop (didn't bet)
Seat 7: Ptogreenb folded before Flop (didn't bet)
Seat 8: Dorex2007 (button) folded before Flop (didn't bet)
Seat 9: Brakonyer (small blind) folded before Flop



PokerStars Hand #227167649132:  Hold'em No Limit ($0.01/$0.02 USD) - 2021/05/29 12:19:18 PT [2021/05/29 15:19:18 ET]
Table 'Setebos IV' 9-max Seat #9 is the button
Seat 1: Elrus90 ($1.99 in chips) 
Seat 2: marko2401 ($1.50 in chips) 
Seat 3: Sqort ($2 in chips) 
Seat 4: Asderkarcsi ($5.02 in chips) 
Seat 5: sergeibab ($1.10 in chips) 
Seat 6: tibi.nastase ($2.40 in chips) 
Seat 7: Ptogreenb ($1.92 in chips) 
Seat 8: Dorex2007 ($2.76 in chips) 
Seat 9: Brakonyer ($1.53 in chips) 
Elrus90: posts small blind $0.01
marko2401: posts big blind $0.02
*** HOLE CARDS ***
Dealt to Dorex2007 [7h 8d]
Sqort: folds 
Asderkarcsi: calls $0.02
sergeibab: folds 
tibi.nastase: folds 
Ptogreenb: folds 
Dorex2007: folds 
Brakonyer: folds 
Elrus90: folds 
marko2401: checks 
*** FLOP *** [9s 7c 4d]
marko2401: checks 
Asderkarcsi: bets $0.02
marko2401: calls $0.02
*** TURN *** [9s 7c 4d] [4h]
marko2401: checks 
Asderkarcsi: bets $0.02
marko2401: calls $0.02
*** RIVER *** [9s 7c 4d 4h] [8s]
marko2401: checks 
Asderkarcsi: bets $1
marko2401: folds 
Uncalled bet ($1) returned to Asderkarcsi
Asderkarcsi collected $0.13 from pot
Asderkarcsi: doesn't show hand 
*** SUMMARY ***
Total pot $0.13 | Rake $0 
Board [9s 7c 4d 4h 8s]
Seat 1: Elrus90 (small blind) folded before Flop
Seat 2: marko2401 (big blind) folded on the River
Seat 3: Sqort folded before Flop (didn't bet)
Seat 4: Asderkarcsi collected ($0.13)
Seat 5: sergeibab folded before Flop (didn't bet)
Seat 6: tibi.nastase folded before Flop (didn't bet)
Seat 7: Ptogreenb folded before Flop (didn't bet)
Seat 8: Dorex2007 folded before Flop (didn't bet)
Seat 9: Brakonyer (button) folded before Flop (didn't bet)



PokerStars Hand #227167680908:  Hold'em No Limit ($0.01/$0.02 USD) - 2021/05/29 12:20:25 PT [2021/05/29 15:20:25 ET]
Table 'Setebos IV' 9-max Seat #1 is the button
Seat 1: Elrus90 ($1.98 in chips) 
Seat 2: marko2401 ($1.44 in chips) 
Seat 3: Sqort ($2 in chips) 
Seat 4: Asderkarcsi ($5.09 in chips) 
Seat 5: sergeibab ($1.10 in chips) 
Seat 6: tibi.nastase ($2.40 in chips) 
Seat 7: Ptogreenb ($1.92 in chips) 
Seat 8: Dorex2007 ($2.76 in chips) 
Seat 9: Brakonyer ($1.53 in chips) 
marko2401: posts small blind $0.01
Sqort: posts big blind $0.02
*** HOLE CARDS ***
Dealt to Dorex2007 [Th 4d]
Asderkarcsi: calls $0.02
sergeibab: calls $0.02
tibi.nastase: folds 
Ptogreenb: calls $0.02
Dorex2007: folds 
Brakonyer: folds 
Elrus90: folds 
marko2401: folds 
Sqort: checks 
*** FLOP *** [Ts 2d 4c]
Sqort: checks 
Asderkarcsi: bets $0.02
sergeibab: folds 
Ptogreenb: calls $0.02
Sqort: calls $0.02
*** TURN *** [Ts 2d 4c] [7d]
Sqort: checks 
Asderkarcsi: bets $0.02
Ptogreenb: calls $0.02
Sqort: calls $0.02
*** RIVER *** [Ts 2d 4c 7d] [Kd]
Sqort: checks 
Asderkarcsi: bets $0.02
Ptogreenb: calls $0.02
Sqort: calls $0.02
*** SHOW DOWN ***
Asderkarcsi: shows [3h 5c] (high card King)
Ptogreenb: shows [As 7s] (a pair of Sevens)
Sqort: mucks hand 
Ptogreenb collected $0.26 from pot
*** SUMMARY ***
Total pot $0.27 | Rake $0.01 
Board [Ts 2d 4c 7d Kd]
Seat 1: Elrus90 (button) folded before Flop (didn't bet)
Seat 2: marko2401 (small blind) folded before Flop
Seat 3: Sqort (big blind) mucked [4s 6s]
Seat 4: Asderkarcsi showed [3h 5c] and lost with high card King
Seat 5: sergeibab folded on the Flop
Seat 6: tibi.nastase folded before Flop (didn't bet)
Seat 7: Ptogreenb showed [As 7s] and won ($0.26) with a pair of Sevens
Seat 8: Dorex2007 folded before Flop (didn't bet)
Seat 9: Brakonyer folded before Flop (didn't bet)



PokerStars Hand #227167706199:  Hold'em No Limit ($0.01/$0.02 USD) - 2021/05/29 12:21:17 PT [2021/05/29 15:21:17 ET]
Table 'Setebos IV' 9-max Seat #2 is the button
Seat 1: Elrus90 ($1.98 in chips) 
Seat 2: marko2401 ($1.43 in chips) 
Seat 3: Sqort ($2 in chips) 
Seat 4: Asderkarcsi ($5.01 in chips) 
Seat 5: sergeibab ($1.08 in chips) 
Seat 6: tibi.nastase ($2.40 in chips) 
Seat 7: Ptogreenb ($2.10 in chips) 
Seat 8: Dorex2007 ($2.76 in chips) 
Seat 9: Brakonyer ($1.53 in chips) 
Sqort: posts small blind $0.01
Asderkarcsi: posts big blind $0.02
*** HOLE CARDS ***
Dealt to Dorex2007 [9c Qd]
sergeibab: folds 
tibi.nastase: folds 
Ptogreenb: folds 
Dorex2007: folds 
sergeibab leaves the table
Brakonyer: folds 
Elrus90: folds 
marko2401: folds 
Sqort: folds 
Uncalled bet ($0.01) returned to Asderkarcsi
Asderkarcsi collected $0.02 from pot
Asderkarcsi: doesn't show hand 
*** SUMMARY ***
Total pot $0.02 | Rake $0 
Seat 1: Elrus90 folded before Flop (didn't bet)
Seat 2: marko2401 (button) folded before Flop (didn't bet)
Seat 3: Sqort (small blind) folded before Flop
Seat 4: Asderkarcsi (big blind) collected ($0.02)
Seat 5: sergeibab folded before Flop (didn't bet)
Seat 6: tibi.nastase folded before Flop (didn't bet)
Seat 7: Ptogreenb folded before Flop (didn't bet)
Seat 8: Dorex2007 folded before Flop (didn't bet)
Seat 9: Brakonyer folded before Flop (didn't bet)



PokerStars Hand #227167713721:  Hold'em No Limit ($0.01/$0.02 USD) - 2021/05/29 12:21:33 PT [2021/05/29 15:21:33 ET]
Table 'Setebos IV' 9-max Seat #3 is the button
Seat 1: Elrus90 ($1.98 in chips) 
Seat 2: marko2401 ($1.43 in chips) 
Seat 3: Sqort ($2 in chips) 
Seat 4: Asderkarcsi ($5.02 in chips) 
Seat 6: tibi.nastase ($2.40 in chips) 
Seat 7: Ptogreenb ($2.10 in chips) 
Seat 8: Dorex2007 ($2.76 in chips) 
Seat 9: Brakonyer ($1.53 in chips) 
Asderkarcsi: posts small blind $0.01
tibi.nastase: posts big blind $0.02
*** HOLE CARDS ***
Dealt to Dorex2007 [3c Qc]
Dönci54 joins the table at seat #5 
Ptogreenb: folds 
Dorex2007: folds 
Brakonyer: folds 
Elrus90: folds 
marko2401: folds 
Sqort: raises $0.04 to $0.06
Asderkarcsi: calls $0.05
tibi.nastase: folds 
*** FLOP *** [6c 4h Ks]
Asderkarcsi: bets $0.02
Sqort: raises $0.11 to $0.13
Asderkarcsi: calls $0.11
*** TURN *** [6c 4h Ks] [4c]
Asderkarcsi: bets $0.02
Sqort: raises $0.26 to $0.28
Asderkarcsi: raises $0.26 to $0.54
Sqort: calls $0.26
*** RIVER *** [6c 4h Ks 4c] [9h]
Asderkarcsi: bets $1.43
Sqort: calls $1.27 and is all-in
Uncalled bet ($0.16) returned to Asderkarcsi
*** SHOW DOWN ***
Asderkarcsi: shows [4d 5c] (three of a kind, Fours)
Sqort: shows [Ac 4s] (three of a kind, Fours - Ace kicker)
Sqort collected $3.88 from pot
*** SUMMARY ***
Total pot $4.02 | Rake $0.14 
Board [6c 4h Ks 4c 9h]
Seat 1: Elrus90 folded before Flop (didn't bet)
Seat 2: marko2401 folded before Flop (didn't bet)
Seat 3: Sqort (button) showed [Ac 4s] and won ($3.88) with three of a kind, Fours
Seat 4: Asderkarcsi (small blind) showed [4d 5c] and lost with three of a kind, Fours
Seat 6: tibi.nastase (big blind) folded before Flop
Seat 7: Ptogreenb folded before Flop (didn't bet)
Seat 8: Dorex2007 folded before Flop (didn't bet)
Seat 9: Brakonyer folded before Flop (didn't bet)



PokerStars Hand #227167733571:  Hold'em No Limit ($0.01/$0.02 USD) - 2021/05/29 12:22:14 PT [2021/05/29 15:22:14 ET]
Table 'Setebos IV' 9-max Seat #4 is the button
Seat 1: Elrus90 ($1.98 in chips) 
Seat 2: marko2401 ($1.43 in chips) 
Seat 3: Sqort ($3.88 in chips) 
Seat 4: Asderkarcsi ($3.02 in chips) 
Seat 6: tibi.nastase ($2.38 in chips) 
Seat 7: Ptogreenb ($2.10 in chips) 
Seat 8: Dorex2007 ($2.76 in chips) 
Seat 9: Brakonyer ($1.53 in chips) 
tibi.nastase: posts small blind $0.01
Ptogreenb: posts big blind $0.02
*** HOLE CARDS ***
Dealt to Dorex2007 [4d Qd]
Dorex2007: folds 
Brakonyer: folds 
Elrus90: folds 
marko2401: folds 
Sqort: folds 
Asderkarcsi: calls $0.02
tibi.nastase: folds 
Ptogreenb: checks 
*** FLOP *** [4h Qc 7c]
Ptogreenb: checks 
Asderkarcsi: checks 
*** TURN *** [4h Qc 7c] [8h]
Ptogreenb: checks 
Asderkarcsi: checks 
*** RIVER *** [4h Qc 7c 8h] [Th]
Ptogreenb: checks 
Asderkarcsi: checks 
*** SHOW DOWN ***
Ptogreenb: shows [6d As] (high card Ace)
Asderkarcsi: mucks hand 
Ptogreenb collected $0.05 from pot
*** SUMMARY ***
Total pot $0.05 | Rake $0 
Board [4h Qc 7c 8h Th]
Seat 1: Elrus90 folded before Flop (didn't bet)
Seat 2: marko2401 folded before Flop (didn't bet)
Seat 3: Sqort folded before Flop (didn't bet)
Seat 4: Asderkarcsi (button) mucked [Kh Js]
Seat 6: tibi.nastase (small blind) folded before Flop
Seat 7: Ptogreenb (big blind) showed [6d As] and won ($0.05) with high card Ace
Seat 8: Dorex2007 folded before Flop (didn't bet)
Seat 9: Brakonyer folded before Flop (didn't bet)



PokerStars Hand #227167747006:  Hold'em No Limit ($0.01/$0.02 USD) - 2021/05/29 12:22:42 PT [2021/05/29 15:22:42 ET]
Table 'Setebos IV' 9-max Seat #6 is the button
Seat 1: Elrus90 ($1.98 in chips) 
Seat 2: marko2401 ($1.43 in chips) 
Seat 3: Sqort ($3.88 in chips) 
Seat 4: Asderkarcsi ($3 in chips) 
Seat 5: Dönci54 ($1.60 in chips) 
Seat 6: tibi.nastase ($2.37 in chips) 
Seat 7: Ptogreenb ($2.13 in chips) 
Seat 8: Dorex2007 ($2.76 in chips) 
Seat 9: Brakonyer ($1.53 in chips) 
Ptogreenb: posts small blind $0.01
Dorex2007: posts big blind $0.02
Dönci54: posts big blind $0.02
*** HOLE CARDS ***
Dealt to Dorex2007 [9d 6d]
Brakonyer: folds 
Elrus90: folds 
marko2401: folds 
Sqort: folds 
Asderkarcsi: calls $0.02
Dönci54: checks 
tibi.nastase: folds 
Ptogreenb: calls $0.01
Dorex2007: checks 
*** FLOP *** [Ah 5s 6c]
Ptogreenb: checks 
Dorex2007: checks 
Asderkarcsi: checks 
Dönci54: checks 
*** TURN *** [Ah 5s 6c] [2s]
Ptogreenb: checks 
Dorex2007: bets $0.05
Asderkarcsi: calls $0.05
Dönci54: folds 
Ptogreenb: folds 
*** RIVER *** [Ah 5s 6c 2s] [Ac]
Dorex2007: checks 
Asderkarcsi: checks 
*** SHOW DOWN ***
Dorex2007: shows [9d 6d] (two pair, Aces and Sixes)
Asderkarcsi: mucks hand 
Dorex2007 collected $0.17 from pot
*** SUMMARY ***
Total pot $0.18 | Rake $0.01 
Board [Ah 5s 6c 2s Ac]
Seat 1: Elrus90 folded before Flop (didn't bet)
Seat 2: marko2401 folded before Flop (didn't bet)
Seat 3: Sqort folded before Flop (didn't bet)
Seat 4: Asderkarcsi mucked [2c 7s]
Seat 5: Dönci54 folded on the Turn (didn't bet)
Seat 6: tibi.nastase (button) folded before Flop (didn't bet)
Seat 7: Ptogreenb (small blind) folded on the Turn
Seat 8: Dorex2007 (big blind) showed [9d 6d] and won ($0.17) with two pair, Aces and Sixes
Seat 9: Brakonyer folded before Flop (didn't bet)



PokerStars Hand #227167773988:  Hold'em No Limit ($0.01/$0.02 USD) - 2021/05/29 12:23:39 PT [2021/05/29 15:23:39 ET]
Table 'Setebos IV' 9-max Seat #7 is the button
Seat 1: Elrus90 ($1.98 in chips) 
Seat 2: marko2401 ($1.43 in chips) 
Seat 3: Sqort ($3.88 in chips) 
Seat 4: Asderkarcsi ($2.93 in chips) 
Seat 5: Dönci54 ($1.58 in chips) 
Seat 6: tibi.nastase ($2.37 in chips) 
Seat 7: Ptogreenb ($2.11 in chips) 
Seat 8: Dorex2007 ($2.86 in chips) 
Seat 9: Brakonyer ($1.53 in chips) 
Dorex2007: posts small blind $0.01
Brakonyer: posts big blind $0.02
*** HOLE CARDS ***
Dealt to Dorex2007 [7d 4h]
Elrus90: folds 
marko2401: folds 
Sqort: folds 
Asderkarcsi: calls $0.02
Dönci54: folds 
tibi.nastase: folds 
Ptogreenb: folds 
Dorex2007: folds 
Brakonyer: checks 
*** FLOP *** [8c Ah Ts]
Brakonyer: checks 
Asderkarcsi: bets $0.02
Brakonyer: folds 
Uncalled bet ($0.02) returned to Asderkarcsi
Asderkarcsi collected $0.05 from pot
Asderkarcsi: doesn't show hand 
*** SUMMARY ***
Total pot $0.05 | Rake $0 
Board [8c Ah Ts]
Seat 1: Elrus90 folded before Flop (didn't bet)
Seat 2: marko2401 folded before Flop (didn't bet)
Seat 3: Sqort folded before Flop (didn't bet)
Seat 4: Asderkarcsi collected ($0.05)
Seat 5: Dönci54 folded before Flop (didn't bet)
Seat 6: tibi.nastase folded before Flop (didn't bet)
Seat 7: Ptogreenb (button) folded before Flop (didn't bet)
Seat 8: Dorex2007 (small blind) folded before Flop
Seat 9: Brakonyer (big blind) folded on the Flop



PokerStars Hand #227167787553:  Hold'em No Limit ($0.01/$0.02 USD) - 2021/05/29 12:24:07 PT [2021/05/29 15:24:07 ET]
Table 'Setebos IV' 9-max Seat #8 is the button
Seat 1: Elrus90 ($1.98 in chips) 
Seat 2: marko2401 ($1.43 in chips) 
Seat 3: Sqort ($3.88 in chips) 
Seat 4: Asderkarcsi ($2.96 in chips) 
Seat 5: Dönci54 ($1.58 in chips) 
Seat 6: tibi.nastase ($2.37 in chips) 
Seat 7: Ptogreenb ($2.11 in chips) 
Seat 8: Dorex2007 ($2.85 in chips) 
Seat 9: Brakonyer ($1.51 in chips) 
Brakonyer: posts small blind $0.01
Elrus90: posts big blind $0.02
*** HOLE CARDS ***
Dealt to Dorex2007 [6d 5c]
marko2401: folds 
Sqort: folds 
Asderkarcsi: calls $0.02
Dönci54: raises $0.02 to $0.04
tibi.nastase has timed out
tibi.nastase: folds 
Ptogreenb: folds 
Dorex2007: folds 
Brakonyer: folds 
Elrus90: calls $0.02
Asderkarcsi: calls $0.02
*** FLOP *** [5h 6c Ts]
Elrus90: checks 
Asderkarcsi: bets $0.02
Dönci54: raises $0.04 to $0.06
Elrus90: folds 
Asderkarcsi: calls $0.04
*** TURN *** [5h 6c Ts] [Td]
Asderkarcsi: bets $0.02
Dönci54: calls $0.02
*** RIVER *** [5h 6c Ts Td] [9d]
Asderkarcsi: bets $0.28
Dönci54: folds 
Uncalled bet ($0.28) returned to Asderkarcsi
Asderkarcsi collected $0.28 from pot
Asderkarcsi: doesn't show hand 
*** SUMMARY ***
Total pot $0.29 | Rake $0.01 
Board [5h 6c Ts Td 9d]
Seat 1: Elrus90 (big blind) folded on the Flop
Seat 2: marko2401 folded before Flop (didn't bet)
Seat 3: Sqort folded before Flop (didn't bet)
Seat 4: Asderkarcsi collected ($0.28)
Seat 5: Dönci54 folded on the River
Seat 6: tibi.nastase folded before Flop (didn't bet)
Seat 7: Ptogreenb folded before Flop (didn't bet)
Seat 8: Dorex2007 (button) folded before Flop (didn't bet)
Seat 9: Brakonyer (small blind) folded before Flop



PokerStars Hand #227167812869:  Hold'em No Limit ($0.01/$0.02 USD) - 2021/05/29 12:25:00 PT [2021/05/29 15:25:00 ET]
Table 'Setebos IV' 9-max Seat #9 is the button
Seat 1: Elrus90 ($1.94 in chips) 
Seat 2: marko2401 ($1.43 in chips) 
Seat 3: Sqort ($3.88 in chips) 
Seat 4: Asderkarcsi ($3.12 in chips) 
Seat 5: Dönci54 ($1.46 in chips) 
Seat 6: tibi.nastase ($2.37 in chips) 
Seat 7: Ptogreenb ($2.11 in chips) 
Seat 8: Dorex2007 ($2.85 in chips) 
Seat 9: Brakonyer ($1.50 in chips) 
Elrus90: posts small blind $0.01
marko2401: posts big blind $0.02
*** HOLE CARDS ***
Dealt to Dorex2007 [9s 9h]
Sqort: folds 
Asderkarcsi: calls $0.02
Dönci54: raises $0.02 to $0.04
tibi.nastase: folds 
Ptogreenb: calls $0.04
Dorex2007: calls $0.04
Brakonyer: folds 
Elrus90: folds 
marko2401: raises $0.14 to $0.18
Asderkarcsi: calls $0.16
Dönci54: calls $0.14
Ptogreenb: folds 
Dorex2007: folds 
*** FLOP *** [Qh 6s Ac]
marko2401: bets $0.31
Asderkarcsi: folds 
Dönci54: calls $0.31
*** TURN *** [Qh 6s Ac] [3d]
marko2401: bets $0.94 and is all-in
Dönci54: folds 
Uncalled bet ($0.94) returned to marko2401
marko2401 collected $1.21 from pot
marko2401: doesn't show hand 
*** SUMMARY ***
Total pot $1.25 | Rake $0.04 
Board [Qh 6s Ac 3d]
Seat 1: Elrus90 (small blind) folded before Flop
Seat 2: marko2401 (big blind) collected ($1.21)
Seat 3: Sqort folded before Flop (didn't bet)
Seat 4: Asderkarcsi folded on the Flop
Seat 5: Dönci54 folded on the Turn
Seat 6: tibi.nastase folded before Flop (didn't bet)
Seat 7: Ptogreenb folded before Flop
Seat 8: Dorex2007 folded before Flop
Seat 9: Brakonyer (button) folded before Flop (didn't bet)



PokerStars Hand #227167850843:  Hold'em No Limit ($0.01/$0.02 USD) - 2021/05/29 12:26:18 PT [2021/05/29 15:26:18 ET]
Table 'Setebos IV' 9-max Seat #1 is the button
Seat 1: Elrus90 ($1.93 in chips) 
Seat 2: marko2401 ($2.15 in chips) 
Seat 3: Sqort ($3.88 in chips) 
Seat 4: Asderkarcsi ($2.94 in chips) 
Seat 5: Dönci54 ($0.97 in chips) 
Seat 6: tibi.nastase ($2.37 in chips) 
Seat 7: Ptogreenb ($2.07 in chips) 
Seat 8: Dorex2007 ($2.81 in chips) 
Seat 9: Brakonyer ($1.50 in chips) 
marko2401: posts small blind $0.01
Sqort: posts big blind $0.02
*** HOLE CARDS ***
Dealt to Dorex2007 [9s 8h]
Asderkarcsi: calls $0.02
Dönci54: raises $0.02 to $0.04
tibi.nastase: folds 
Ptogreenb: folds 
Dorex2007: folds 
Brakonyer: folds 
Elrus90: raises $0.02 to $0.06
marko2401: folds 
Sqort: calls $0.04
Asderkarcsi: calls $0.04
Dönci54: calls $0.02
*** FLOP *** [Qc 3d Kh]
Sqort: checks 
Asderkarcsi: bets $0.02
Dönci54: folds 
Elrus90: calls $0.02
Sqort: folds 
*** TURN *** [Qc 3d Kh] [7c]
Asderkarcsi: checks 
Elrus90: checks 
*** RIVER *** [Qc 3d Kh 7c] [5h]
Asderkarcsi: checks 
Elrus90: checks 
*** SHOW DOWN ***
Asderkarcsi: shows [5s Ac] (a pair of Fives)
Elrus90: mucks hand 
Asderkarcsi collected $0.28 from pot
*** SUMMARY ***
Total pot $0.29 | Rake $0.01 
Board [Qc 3d Kh 7c 5h]
Seat 1: Elrus90 (button) mucked [Tc As]
Seat 2: marko2401 (small blind) folded before Flop
Seat 3: Sqort (big blind) folded on the Flop
Seat 4: Asderkarcsi showed [5s Ac] and won ($0.28) with a pair of Fives
Seat 5: Dönci54 folded on the Flop
Seat 6: tibi.nastase folded before Flop (didn't bet)
Seat 7: Ptogreenb folded before Flop (didn't bet)
Seat 8: Dorex2007 folded before Flop (didn't bet)
Seat 9: Brakonyer folded before Flop (didn't bet)



PokerStars Hand #227167875806:  Hold'em No Limit ($0.01/$0.02 USD) - 2021/05/29 12:27:10 PT [2021/05/29 15:27:10 ET]
Table 'Setebos IV' 9-max Seat #2 is the button
Seat 1: Elrus90 ($1.85 in chips) 
Seat 2: marko2401 ($2.14 in chips) 
Seat 3: Sqort ($3.82 in chips) 
Seat 4: Asderkarcsi ($3.14 in chips) 
Seat 5: Dönci54 ($0.91 in chips) 
Seat 6: tibi.nastase ($2.37 in chips) 
Seat 7: Ptogreenb ($2.07 in chips) 
Seat 8: Dorex2007 ($2.81 in chips) 
Seat 9: Brakonyer ($1.50 in chips) 
Sqort: posts small blind $0.01
Asderkarcsi: posts big blind $0.02
*** HOLE CARDS ***
Dealt to Dorex2007 [3c Td]
Dönci54: folds 
tibi.nastase: folds 
Ptogreenb: folds 
Dorex2007: folds 
Brakonyer: folds 
Elrus90: raises $0.04 to $0.06
marko2401: folds 
Sqort: raises $0.12 to $0.18
Asderkarcsi: folds 
Elrus90: folds 
Uncalled bet ($0.12) returned to Sqort
Sqort collected $0.14 from pot
Sqort: doesn't show hand 
*** SUMMARY ***
Total pot $0.14 | Rake $0 
Seat 1: Elrus90 folded before Flop
Seat 2: marko2401 (button) folded before Flop (didn't bet)
Seat 3: Sqort (small blind) collected ($0.14)
Seat 4: Asderkarcsi (big blind) folded before Flop
Seat 5: Dönci54 folded before Flop (didn't bet)
Seat 6: tibi.nastase folded before Flop (didn't bet)
Seat 7: Ptogreenb folded before Flop (didn't bet)
Seat 8: Dorex2007 folded before Flop (didn't bet)
Seat 9: Brakonyer folded before Flop (didn't bet)



PokerStars Hand #227167891643:  Hold'em No Limit ($0.01/$0.02 USD) - 2021/05/29 12:27:43 PT [2021/05/29 15:27:43 ET]
Table 'Setebos IV' 9-max Seat #3 is the button
Seat 1: Elrus90 ($1.79 in chips) 
Seat 2: marko2401 ($2.14 in chips) 
Seat 3: Sqort ($3.90 in chips) 
Seat 4: Asderkarcsi ($3.12 in chips) 
Seat 5: Dönci54 ($0.91 in chips) 
Seat 6: tibi.nastase ($2.37 in chips) 
Seat 7: Ptogreenb ($2.07 in chips) 
Seat 8: Dorex2007 ($2.81 in chips) 
Seat 9: Brakonyer ($1.50 in chips) 
Asderkarcsi: posts small blind $0.01
Dönci54: posts big blind $0.02
*** HOLE CARDS ***
Dealt to Dorex2007 [Td As]
tibi.nastase: folds 
Ptogreenb: folds 
Dorex2007: folds 
Brakonyer: folds 
Elrus90: folds 
marko2401: folds 
Sqort: folds 
Asderkarcsi: calls $0.01
Dönci54: raises $0.04 to $0.06
Asderkarcsi: calls $0.04
*** FLOP *** [2c 9d 5h]
Asderkarcsi: bets $0.06
Dönci54: calls $0.06
*** TURN *** [2c 9d 5h] [3h]
Asderkarcsi: bets $0.12
Dönci54: calls $0.12
*** RIVER *** [2c 9d 5h 3h] [3d]
Asderkarcsi: checks 
Dönci54: checks 
*** SHOW DOWN ***
Asderkarcsi: shows [Kh Th] (a pair of Threes)
Dönci54: shows [Jh Ah] (a pair of Threes - Ace kicker)
Dönci54 collected $0.46 from pot
*** SUMMARY ***
Total pot $0.48 | Rake $0.02 
Board [2c 9d 5h 3h 3d]
Seat 1: Elrus90 folded before Flop (didn't bet)
Seat 2: marko2401 folded before Flop (didn't bet)
Seat 3: Sqort (button) folded before Flop (didn't bet)
Seat 4: Asderkarcsi (small blind) showed [Kh Th] and lost with a pair of Threes
Seat 5: Dönci54 (big blind) showed [Jh Ah] and won ($0.46) with a pair of Threes
Seat 6: tibi.nastase folded before Flop (didn't bet)
Seat 7: Ptogreenb folded before Flop (didn't bet)
Seat 8: Dorex2007 folded before Flop (didn't bet)
Seat 9: Brakonyer folded before Flop (didn't bet)



PokerStars Hand #227167911204:  Hold'em No Limit ($0.01/$0.02 USD) - 2021/05/29 12:28:15 PT [2021/05/29 15:28:15 ET]
Table 'Setebos IV' 9-max Seat #4 is the button
Seat 1: Elrus90 ($1.79 in chips) 
Seat 2: marko2401 ($2.14 in chips) 
Seat 3: Sqort ($3.90 in chips) 
Seat 4: Asderkarcsi ($2.88 in chips) 
Seat 5: Dönci54 ($1.13 in chips) 
Seat 6: tibi.nastase ($2.37 in chips) 
Seat 7: Ptogreenb ($2.07 in chips) 
Seat 8: Dorex2007 ($2.81 in chips) 
Seat 9: Brakonyer ($1.50 in chips) 
Dönci54: posts small blind $0.01
tibi.nastase: posts big blind $0.02
*** HOLE CARDS ***
Dealt to Dorex2007 [6h 7c]
Ptogreenb: calls $0.02
Dorex2007: folds 
Brakonyer: folds 
Elrus90: folds 
marko2401: raises $0.06 to $0.08
Sqort: folds 
Asderkarcsi: calls $0.08
Dönci54: calls $0.07
tibi.nastase: folds 
Ptogreenb: calls $0.06
*** FLOP *** [4d Qh 9s]
Dönci54: checks 
Ptogreenb: checks 
marko2401: bets $0.22
Asderkarcsi: folds 
Dönci54: folds 
Ptogreenb: folds 
Uncalled bet ($0.22) returned to marko2401
marko2401 collected $0.33 from pot
marko2401: doesn't show hand 
*** SUMMARY ***
Total pot $0.34 | Rake $0.01 
Board [4d Qh 9s]
Seat 1: Elrus90 folded before Flop (didn't bet)
Seat 2: marko2401 collected ($0.33)
Seat 3: Sqort folded before Flop (didn't bet)
Seat 4: Asderkarcsi (button) folded on the Flop
Seat 5: Dönci54 (small blind) folded on the Flop
Seat 6: tibi.nastase (big blind) folded before Flop
Seat 7: Ptogreenb folded on the Flop
Seat 8: Dorex2007 folded before Flop (didn't bet)
Seat 9: Brakonyer folded before Flop (didn't bet)



PokerStars Hand #227167936802:  Hold'em No Limit ($0.01/$0.02 USD) - 2021/05/29 12:29:09 PT [2021/05/29 15:29:09 ET]
Table 'Setebos IV' 9-max Seat #5 is the button
Seat 1: Elrus90 ($1.79 in chips) 
Seat 2: marko2401 ($2.39 in chips) 
Seat 3: Sqort ($3.90 in chips) 
Seat 4: Asderkarcsi ($2.80 in chips) 
Seat 5: Dönci54 ($1.05 in chips) 
Seat 6: tibi.nastase ($2.35 in chips) 
Seat 7: Ptogreenb ($1.99 in chips) 
Seat 8: Dorex2007 ($2.81 in chips) 
Seat 9: Brakonyer ($1.50 in chips) 
tibi.nastase: posts small blind $0.01
Ptogreenb: posts big blind $0.02
*** HOLE CARDS ***
Dealt to Dorex2007 [4h 5s]
Dorex2007: folds 
Brakonyer: folds 
Elrus90: raises $0.04 to $0.06
marko2401: folds 
Sqort: folds 
Asderkarcsi: calls $0.06
Dönci54: calls $0.06
tibi.nastase: folds 
Ptogreenb: folds 
*** FLOP *** [3s Ks 3c]
Elrus90: bets $0.10
Asderkarcsi: folds 
Dönci54: folds 
Uncalled bet ($0.10) returned to Elrus90
Elrus90 collected $0.20 from pot
Elrus90: doesn't show hand 
*** SUMMARY ***
Total pot $0.21 | Rake $0.01 
Board [3s Ks 3c]
Seat 1: Elrus90 collected ($0.20)
Seat 2: marko2401 folded before Flop (didn't bet)
Seat 3: Sqort folded before Flop (didn't bet)
Seat 4: Asderkarcsi folded on the Flop
Seat 5: Dönci54 (button) folded on the Flop
Seat 6: tibi.nastase (small blind) folded before Flop
Seat 7: Ptogreenb (big blind) folded before Flop
Seat 8: Dorex2007 folded before Flop (didn't bet)
Seat 9: Brakonyer folded before Flop (didn't bet)



PokerStars Hand #227167948905:  Hold'em No Limit ($0.01/$0.02 USD) - 2021/05/29 12:29:34 PT [2021/05/29 15:29:34 ET]
Table 'Setebos IV' 9-max Seat #6 is the button
Seat 1: Elrus90 ($1.93 in chips) 
Seat 2: marko2401 ($2.39 in chips) 
Seat 3: Sqort ($3.90 in chips) 
Seat 4: Asderkarcsi ($2.74 in chips) 
Seat 5: Dönci54 ($0.99 in chips) 
Seat 6: tibi.nastase ($2.34 in chips) 
Seat 7: Ptogreenb ($1.97 in chips) 
Seat 8: Dorex2007 ($2.81 in chips) 
Seat 9: Brakonyer ($1.50 in chips) 
Ptogreenb: posts small blind $0.01
Dorex2007: posts big blind $0.02
*** HOLE CARDS ***
Dealt to Dorex2007 [8h Jd]
Brakonyer: folds 
Elrus90: raises $0.04 to $0.06
marko2401: folds 
Sqort: folds 
Asderkarcsi: folds 
Dönci54: folds 
tibi.nastase: folds 
Ptogreenb: folds 
Dorex2007: folds 
Uncalled bet ($0.04) returned to Elrus90
Elrus90 collected $0.05 from pot
Elrus90: doesn't show hand 
*** SUMMARY ***
Total pot $0.05 | Rake $0 
Seat 1: Elrus90 collected ($0.05)
Seat 2: marko2401 folded before Flop (didn't bet)
Seat 3: Sqort folded before Flop (didn't bet)
Seat 4: Asderkarcsi folded before Flop (didn't bet)
Seat 5: Dönci54 folded before Flop (didn't bet)
Seat 6: tibi.nastase (button) folded before Flop (didn't bet)
Seat 7: Ptogreenb (small blind) folded before Flop
Seat 8: Dorex2007 (big blind) folded before Flop
Seat 9: Brakonyer folded before Flop (didn't bet)



PokerStars Hand #227167960421:  Hold'em No Limit ($0.01/$0.02 USD) - 2021/05/29 12:29:58 PT [2021/05/29 15:29:58 ET]
Table 'Setebos IV' 9-max Seat #7 is the button
Seat 1: Elrus90 ($1.96 in chips) 
Seat 2: marko2401 ($2.39 in chips) 
Seat 3: Sqort ($3.90 in chips) 
Seat 4: Asderkarcsi ($2.74 in chips) 
Seat 5: Dönci54 ($0.99 in chips) 
Seat 6: tibi.nastase ($2.34 in chips) 
Seat 7: Ptogreenb ($1.96 in chips) 
Seat 8: Dorex2007 ($2.79 in chips) 
Dorex2007: posts small blind $0.01
Brakonyer: is sitting out 
Elrus90: posts big blind $0.02
*** HOLE CARDS ***
Dealt to Dorex2007 [Kd 6h]
Brakonyer leaves the table
letsg0fishin joins the table at seat #9 
marko2401: raises $0.03 to $0.05
Sqort: folds 
Asderkarcsi: calls $0.05
Dönci54: folds 
tibi.nastase: folds 
Ptogreenb: folds 
Dorex2007: folds 
Elrus90: calls $0.03
*** FLOP *** [3h 8h 2h]
Elrus90: checks 
marko2401: bets $0.02
Asderkarcsi: calls $0.02
Elrus90: calls $0.02
*** TURN *** [3h 8h 2h] [8d]
Elrus90: bets $0.07
marko2401: folds 
Asderkarcsi: calls $0.07
*** RIVER *** [3h 8h 2h 8d] [Ad]
Elrus90: checks 
Asderkarcsi: bets $0.02
Elrus90: calls $0.02
*** SHOW DOWN ***
Asderkarcsi: shows [3d 5d] (two pair, Eights and Threes)
Elrus90: shows [Ts Th] (two pair, Tens and Eights)
Elrus90 collected $0.39 from pot
*** SUMMARY ***
Total pot $0.40 | Rake $0.01 
Board [3h 8h 2h 8d Ad]
Seat 1: Elrus90 (big blind) showed [Ts Th] and won ($0.39) with two pair, Tens and Eights
Seat 2: marko2401 folded on the Turn
Seat 3: Sqort folded before Flop (didn't bet)
Seat 4: Asderkarcsi showed [3d 5d] and lost with two pair, Eights and Threes
Seat 5: Dönci54 folded before Flop (didn't bet)
Seat 6: tibi.nastase folded before Flop (didn't bet)
Seat 7: Ptogreenb (button) folded before Flop (didn't bet)
Seat 8: Dorex2007 (small blind) folded before Flop



PokerStars Hand #227167985984:  Hold'em No Limit ($0.01/$0.02 USD) - 2021/05/29 12:30:50 PT [2021/05/29 15:30:50 ET]
Table 'Setebos IV' 9-max Seat #8 is the button
Seat 1: Elrus90 ($2.19 in chips) 
Seat 2: marko2401 ($2.32 in chips) 
Seat 3: Sqort ($3.90 in chips) 
Seat 4: Asderkarcsi ($2.58 in chips) 
Seat 5: Dönci54 ($0.99 in chips) 
Seat 6: tibi.nastase ($2.34 in chips) 
Seat 7: Ptogreenb ($1.96 in chips) 
Seat 8: Dorex2007 ($2.78 in chips) 
Elrus90: posts small blind $0.01
marko2401: posts big blind $0.02
*** HOLE CARDS ***
Dealt to Dorex2007 [3s 6h]
Sqort: folds 
Asderkarcsi: calls $0.02
Dönci54: folds 
tibi.nastase: folds 
Ptogreenb: folds 
Dorex2007: folds 
Elrus90: calls $0.01
marko2401: checks 
*** FLOP *** [Qs 4s 9c]
Elrus90: checks 
marko2401: checks 
Asderkarcsi: checks 
*** TURN *** [Qs 4s 9c] [9d]
Elrus90: bets $0.04
marko2401: folds 
Asderkarcsi: folds 
Uncalled bet ($0.04) returned to Elrus90
Elrus90 collected $0.06 from pot
Elrus90: doesn't show hand 
*** SUMMARY ***
Total pot $0.06 | Rake $0 
Board [Qs 4s 9c 9d]
Seat 1: Elrus90 (small blind) collected ($0.06)
Seat 2: marko2401 (big blind) folded on the Turn
Seat 3: Sqort folded before Flop (didn't bet)
Seat 4: Asderkarcsi folded on the Turn
Seat 5: Dönci54 folded before Flop (didn't bet)
Seat 6: tibi.nastase folded before Flop (didn't bet)
Seat 7: Ptogreenb folded before Flop (didn't bet)
Seat 8: Dorex2007 (button) folded before Flop (didn't bet)



PokerStars Hand #227167997770:  Hold'em No Limit ($0.01/$0.02 USD) - 2021/05/29 12:31:14 PT [2021/05/29 15:31:14 ET]
Table 'Setebos IV' 9-max Seat #1 is the button
Seat 1: Elrus90 ($2.23 in chips) 
Seat 2: marko2401 ($2.30 in chips) 
Seat 3: Sqort ($3.90 in chips) 
Seat 4: Asderkarcsi ($2.56 in chips) 
Seat 5: Dönci54 ($0.99 in chips) 
Seat 6: tibi.nastase ($2.34 in chips) 
Seat 7: Ptogreenb ($1.96 in chips) 
Seat 8: Dorex2007 ($2.78 in chips) 
marko2401: posts small blind $0.01
Sqort: posts big blind $0.02
letsg0fishin: sits out 
*** HOLE CARDS ***
Dealt to Dorex2007 [6s 9s]
Asderkarcsi: calls $0.02
Dönci54: raises $0.04 to $0.06
tibi.nastase: folds 
Ptogreenb: folds 
Dorex2007: folds 
Elrus90: folds 
marko2401: folds 
Sqort: folds 
Asderkarcsi: calls $0.04
*** FLOP *** [2d 2s Tc]
Asderkarcsi: bets $0.02
Dönci54: calls $0.02
*** TURN *** [2d 2s Tc] [5s]
Asderkarcsi: bets $0.02
Dönci54: calls $0.02
*** RIVER *** [2d 2s Tc 5s] [9c]
Asderkarcsi: bets $0.02
Dönci54: calls $0.02
*** SHOW DOWN ***
Asderkarcsi: shows [Ac 6c] (a pair of Deuces)
Dönci54: mucks hand 
Asderkarcsi collected $0.26 from pot
*** SUMMARY ***
Total pot $0.27 | Rake $0.01 
Board [2d 2s Tc 5s 9c]
Seat 1: Elrus90 (button) folded before Flop (didn't bet)
Seat 2: marko2401 (small blind) folded before Flop
Seat 3: Sqort (big blind) folded before Flop
Seat 4: Asderkarcsi showed [Ac 6c] and won ($0.26) with a pair of Deuces
Seat 5: Dönci54 mucked [Jc Kd]
Seat 6: tibi.nastase folded before Flop (didn't bet)
Seat 7: Ptogreenb folded before Flop (didn't bet)
Seat 8: Dorex2007 folded before Flop (didn't bet)



PokerStars Hand #227168013212:  Hold'em No Limit ($0.01/$0.02 USD) - 2021/05/29 12:31:46 PT [2021/05/29 15:31:46 ET]
Table 'Setebos IV' 9-max Seat #2 is the button
Seat 1: Elrus90 ($2.23 in chips) 
Seat 2: marko2401 ($2.29 in chips) 
Seat 3: Sqort ($3.88 in chips) 
Seat 5: Dönci54 ($0.87 in chips) 
Seat 6: tibi.nastase ($2.34 in chips) 
Seat 7: Ptogreenb ($1.96 in chips) 
Seat 8: Dorex2007 ($2.78 in chips) 
Sqort: posts small blind $0.01
Dönci54: posts big blind $0.02
letsg0fishin: sits out 
*** HOLE CARDS ***
Dealt to Dorex2007 [5h 4d]
tibi.nastase: folds 
Asderkarcsi leaves the table
Ptogreenb: raises $0.02 to $0.04
Dorex2007: folds 
Elrus90: folds 
marko2401: folds 
Sqort: folds 
Dönci54: calls $0.02
*** FLOP *** [6h Kd 7d]
Dönci54: checks 
Ptogreenb: bets $0.04
Dönci54: calls $0.04
*** TURN *** [6h Kd 7d] [7c]
Dönci54: checks 
Ptogreenb: checks 
*** RIVER *** [6h Kd 7d 7c] [2c]
letsg0fishin leaves the table
Dönci54: checks 
Ptogreenb: checks 
*** SHOW DOWN ***
Dönci54: shows [8c 6s] (two pair, Sevens and Sixes)
Ptogreenb: mucks hand 
Dönci54 collected $0.16 from pot
*** SUMMARY ***
Total pot $0.17 | Rake $0.01 
Board [6h Kd 7d 7c 2c]
Seat 1: Elrus90 folded before Flop (didn't bet)
Seat 2: marko2401 (button) folded before Flop (didn't bet)
Seat 3: Sqort (small blind) folded before Flop
Seat 5: Dönci54 (big blind) showed [8c 6s] and won ($0.16) with two pair, Sevens and Sixes
Seat 6: tibi.nastase folded before Flop (didn't bet)
Seat 7: Ptogreenb mucked [Ad Qs]
Seat 8: Dorex2007 folded before Flop (didn't bet)



PokerStars Hand #227168026870:  Hold'em No Limit ($0.01/$0.02 USD) - 2021/05/29 12:32:14 PT [2021/05/29 15:32:14 ET]
Table 'Setebos IV' 9-max Seat #3 is the button
Seat 1: Elrus90 ($2.23 in chips) 
Seat 2: marko2401 ($2.29 in chips) 
Seat 3: Sqort ($3.87 in chips) 
Seat 5: Dönci54 ($0.95 in chips) 
Seat 6: tibi.nastase ($2.34 in chips) 
Seat 7: Ptogreenb ($1.88 in chips) 
Seat 8: Dorex2007 ($2.78 in chips) 
Dönci54: posts small blind $0.01
tibi.nastase: posts big blind $0.02
*** HOLE CARDS ***
Dealt to Dorex2007 [7h Kc]
Ptogreenb: folds 
Dorex2007: folds 
Elrus90: folds 
marko2401: folds 
Sqort: folds 
Dönci54: folds 
Uncalled bet ($0.01) returned to tibi.nastase
tibi.nastase collected $0.02 from pot
tibi.nastase: doesn't show hand 
*** SUMMARY ***
Total pot $0.02 | Rake $0 
Seat 1: Elrus90 folded before Flop (didn't bet)
Seat 2: marko2401 folded before Flop (didn't bet)
Seat 3: Sqort (button) folded before Flop (didn't bet)
Seat 5: Dönci54 (small blind) folded before Flop
Seat 6: tibi.nastase (big blind) collected ($0.02)
Seat 7: Ptogreenb folded before Flop (didn't bet)
Seat 8: Dorex2007 folded before Flop (didn't bet)



PokerStars Hand #227168030113:  Hold'em No Limit ($0.01/$0.02 USD) - 2021/05/29 12:32:21 PT [2021/05/29 15:32:21 ET]
Table 'Setebos IV' 9-max Seat #5 is the button
Seat 1: Elrus90 ($2.23 in chips) 
Seat 2: marko2401 ($2.29 in chips) 
Seat 3: Sqort ($3.87 in chips) 
Seat 5: Dönci54 ($0.94 in chips) 
Seat 6: tibi.nastase ($2.35 in chips) 
Seat 7: Ptogreenb ($1.88 in chips) 
Seat 8: Dorex2007 ($2.78 in chips) 
tibi.nastase: posts small blind $0.01
Ptogreenb: posts big blind $0.02
*** HOLE CARDS ***
Dealt to Dorex2007 [Jd 6s]
Dorex2007: folds 
Elrus90: folds 
marko2401: folds 
Sqort: folds 
Dönci54: raises $0.04 to $0.06
tibi.nastase: calls $0.05
Ptogreenb: folds 
*** FLOP *** [4h Td 3s]
tibi.nastase: checks 
Dönci54: bets $0.14
tibi.nastase: folds 
Uncalled bet ($0.14) returned to Dönci54
Dönci54 collected $0.14 from pot
Dönci54: doesn't show hand 
*** SUMMARY ***
Total pot $0.14 | Rake $0 
Board [4h Td 3s]
Seat 1: Elrus90 folded before Flop (didn't bet)
Seat 2: marko2401 folded before Flop (didn't bet)
Seat 3: Sqort folded before Flop (didn't bet)
Seat 5: Dönci54 (button) collected ($0.14)
Seat 6: tibi.nastase (small blind) folded on the Flop
Seat 7: Ptogreenb (big blind) folded before Flop
Seat 8: Dorex2007 folded before Flop (didn't bet)



PokerStars Hand #227168046879:  Hold'em No Limit ($0.01/$0.02 USD) - 2021/05/29 12:32:56 PT [2021/05/29 15:32:56 ET]
Table 'Setebos IV' 9-max Seat #6 is the button
Seat 1: Elrus90 ($2.23 in chips) 
Seat 2: marko2401 ($2.29 in chips) 
Seat 3: Sqort ($3.87 in chips) 
Seat 5: Dönci54 ($1.02 in chips) 
Seat 6: tibi.nastase ($2.29 in chips) 
Seat 7: Ptogreenb ($1.86 in chips) 
Seat 8: Dorex2007 ($2.78 in chips) 
Ptogreenb: posts small blind $0.01
Dorex2007: posts big blind $0.02
*** HOLE CARDS ***
Dealt to Dorex2007 [Ad As]
Elrus90: folds 
marko2401: folds 
Sqort: folds 
Dönci54: calls $0.02
tibi.nastase: calls $0.02
Ptogreenb: folds 
Dorex2007: raises $0.04 to $0.06
Dönci54: calls $0.04
tibi.nastase: calls $0.04
*** FLOP *** [Jh Kc Tc]
Dorex2007: bets $0.18
Dönci54: folds 
tibi.nastase: folds 
Uncalled bet ($0.18) returned to Dorex2007
Dorex2007 collected $0.18 from pot
marko2401 leaves the table
Dorex2007: doesn't show hand 
*** SUMMARY ***
Total pot $0.19 | Rake $0.01 
Board [Jh Kc Tc]
Seat 1: Elrus90 folded before Flop (didn't bet)
Seat 2: marko2401 folded before Flop (didn't bet)
Seat 3: Sqort folded before Flop (didn't bet)
Seat 5: Dönci54 folded on the Flop
Seat 6: tibi.nastase (button) folded on the Flop
Seat 7: Ptogreenb (small blind) folded before Flop
Seat 8: Dorex2007 (big blind) collected ($0.18)



PokerStars Hand #227168065792:  Hold'em No Limit ($0.01/$0.02 USD) - 2021/05/29 12:33:35 PT [2021/05/29 15:33:35 ET]
Table 'Setebos IV' 9-max Seat #7 is the button
Seat 1: Elrus90 ($2.23 in chips) 
Seat 3: Sqort ($3.87 in chips) 
Seat 5: Dönci54 ($0.96 in chips) 
Seat 6: tibi.nastase ($2.23 in chips) 
Seat 7: Ptogreenb ($1.85 in chips) 
Seat 8: Dorex2007 ($2.90 in chips) 
Dorex2007: posts small blind $0.01
Elrus90: posts big blind $0.02
*** HOLE CARDS ***
Dealt to Dorex2007 [2h 9h]
Sqort: folds 
Dönci54: folds 
tibi.nastase: folds 
Ptogreenb: folds 
Dorex2007: folds 
Uncalled bet ($0.01) returned to Elrus90
Elrus90 collected $0.02 from pot
Elrus90: doesn't show hand 
*** SUMMARY ***
Total pot $0.02 | Rake $0 
Seat 1: Elrus90 (big blind) collected ($0.02)
Seat 3: Sqort folded before Flop (didn't bet)
Seat 5: Dönci54 folded before Flop (didn't bet)
Seat 6: tibi.nastase folded before Flop (didn't bet)
Seat 7: Ptogreenb (button) folded before Flop (didn't bet)
Seat 8: Dorex2007 (small blind) folded before Flop



PokerStars Hand #227168072022:  Hold'em No Limit ($0.01/$0.02 USD) - 2021/05/29 12:33:47 PT [2021/05/29 15:33:47 ET]
Table 'Setebos IV' 9-max Seat #8 is the button
Seat 1: Elrus90 ($2.24 in chips) 
Seat 3: Sqort ($3.87 in chips) 
Seat 5: Dönci54 ($0.96 in chips) 
Seat 6: tibi.nastase ($2.23 in chips) 
Seat 7: Ptogreenb ($1.85 in chips) 
Seat 8: Dorex2007 ($2.89 in chips) 
Elrus90: posts small blind $0.01
Sqort: posts big blind $0.02
*** HOLE CARDS ***
Dealt to Dorex2007 [6s Tc]
Dönci54: calls $0.02
tibi.nastase: folds 
Ptogreenb: folds 
Dorex2007: folds 
Elrus90: calls $0.01
Sqort: checks 
*** FLOP *** [Js Qh As]
Elrus90: checks 
Sqort: bets $0.04
Dönci54: calls $0.04
Elrus90: folds 
*** TURN *** [Js Qh As] [5s]
Sqort: bets $0.08
Dönci54: calls $0.08
*** RIVER *** [Js Qh As 5s] [2c]
Sqort: checks 
Dönci54: checks 
*** SHOW DOWN ***
Sqort: shows [Ts Jc] (a pair of Jacks)
Dönci54: shows [9d Ac] (a pair of Aces)
Dönci54 collected $0.29 from pot
*** SUMMARY ***
Total pot $0.30 | Rake $0.01 
Board [Js Qh As 5s 2c]
Seat 1: Elrus90 (small blind) folded on the Flop
Seat 3: Sqort (big blind) showed [Ts Jc] and lost with a pair of Jacks
Seat 5: Dönci54 showed [9d Ac] and won ($0.29) with a pair of Aces
Seat 6: tibi.nastase folded before Flop (didn't bet)
Seat 7: Ptogreenb folded before Flop (didn't bet)
Seat 8: Dorex2007 (button) folded before Flop (didn't bet)



PokerStars Hand #227168084248:  Hold'em No Limit ($0.01/$0.02 USD) - 2021/05/29 12:34:13 PT [2021/05/29 15:34:13 ET]
Table 'Setebos IV' 9-max Seat #1 is the button
Seat 1: Elrus90 ($2.22 in chips) 
Seat 3: Sqort ($3.73 in chips) 
Seat 5: Dönci54 ($1.11 in chips) 
Seat 6: tibi.nastase ($2.23 in chips) 
Seat 7: Ptogreenb ($1.85 in chips) 
Seat 8: Dorex2007 ($2.89 in chips) 
Sqort: posts small blind $0.01
Dönci54: posts big blind $0.02
*** HOLE CARDS ***
Dealt to Dorex2007 [Ts 4s]
tibi.nastase: folds 
Ptogreenb: folds 
Dorex2007: folds 
Elrus90: folds 
Sqort: folds 
Uncalled bet ($0.01) returned to Dönci54
Dönci54 collected $0.02 from pot
Dönci54: doesn't show hand 
*** SUMMARY ***
Total pot $0.02 | Rake $0 
Seat 1: Elrus90 (button) folded before Flop (didn't bet)
Seat 3: Sqort (small blind) folded before Flop
Seat 5: Dönci54 (big blind) collected ($0.02)
Seat 6: tibi.nastase folded before Flop (didn't bet)
Seat 7: Ptogreenb folded before Flop (didn't bet)
Seat 8: Dorex2007 folded before Flop (didn't bet)



PokerStars Hand #227168088756:  Hold'em No Limit ($0.01/$0.02 USD) - 2021/05/29 12:34:23 PT [2021/05/29 15:34:23 ET]
Table 'Setebos IV' 9-max Seat #3 is the button
Seat 1: Elrus90 ($2.22 in chips) 
Seat 3: Sqort ($3.72 in chips) 
Seat 5: Dönci54 ($1.12 in chips) 
Seat 6: tibi.nastase ($2.23 in chips) 
Seat 7: Ptogreenb ($1.85 in chips) 
Seat 8: Dorex2007 ($2.89 in chips) 
Dönci54: posts small blind $0.01
tibi.nastase: posts big blind $0.02
*** HOLE CARDS ***
Dealt to Dorex2007 [2c 9s]
Ptogreenb: folds 
Dorex2007: folds 
Elrus90: folds 
Sqort: folds 
Sqort leaves the table
Dönci54: folds 
Uncalled bet ($0.01) returned to tibi.nastase
tibi.nastase collected $0.02 from pot
tibi.nastase: doesn't show hand 
*** SUMMARY ***
Total pot $0.02 | Rake $0 
Seat 1: Elrus90 folded before Flop (didn't bet)
Seat 3: Sqort (button) folded before Flop (didn't bet)
Seat 5: Dönci54 (small blind) folded before Flop
Seat 6: tibi.nastase (big blind) collected ($0.02)
Seat 7: Ptogreenb folded before Flop (didn't bet)
Seat 8: Dorex2007 folded before Flop (didn't bet)



