PokerStars Hand #233868179595:  Hold'em No Limit ($0.01/$0.02 USD) - 2022/02/07 12:27:02 PT [2022/02/07 15:27:02 ET]
Table 'Armisticia III' 9-max Seat #8 is the button
Seat 1: fastmind ($0.56 in chips) 
Seat 2: 88Aurum88 ($1.90 in chips) 
Seat 3: dmblovr ($1.44 in chips) 
Seat 4: Stebug76 ($1.97 in chips) 
Seat 5: hesc a. ($1.06 in chips) 
Seat 6: Dorex2007 ($2 in chips) 
Seat 8: MaratKzn ($3.19 in chips) 
Seat 9: Arn0Nyn ($1.93 in chips) 
Arn0Nyn: posts small blind $0.01
fastmind: posts big blind $0.02
Dorex2007: posts big blind $0.02
timurilla7: sits out 
*** HOLE CARDS ***
Dealt to Dorex2007 [4s 8c]
88Aurum88: folds 
dmblovr: folds 
Stebug76: folds 
hesc a.: folds 
Dorex2007: checks 
MaratKzn: folds 
Arn0Nyn: calls $0.01
fastmind: checks 
*** FLOP *** [9d 6h 3h]
Arn0Nyn: bets $0.02
fastmind: calls $0.02
Dorex2007: folds 
*** TURN *** [9d 6h 3h] [Kd]
Arn0Nyn: checks 
fastmind: checks 
*** RIVER *** [9d 6h 3h Kd] [8h]
Arn0Nyn: checks 
fastmind: checks 
*** SHOW DOWN ***
Arn0Nyn: shows [8d 7c] (a pair of Eights)
fastmind: shows [4d 9s] (a pair of Nines)
fastmind collected $0.10 from pot
*** SUMMARY ***
Total pot $0.10 | Rake $0 
Board [9d 6h 3h Kd 8h]
Seat 1: fastmind (big blind) showed [4d 9s] and won ($0.10) with a pair of Nines
Seat 2: 88Aurum88 folded before Flop (didn't bet)
Seat 3: dmblovr folded before Flop (didn't bet)
Seat 4: Stebug76 folded before Flop (didn't bet)
Seat 5: hesc a. folded before Flop (didn't bet)
Seat 6: Dorex2007 folded on the Flop (didn't bet)
Seat 8: MaratKzn (button) folded before Flop (didn't bet)
Seat 9: Arn0Nyn (small blind) showed [8d 7c] and lost with a pair of Eights



PokerStars Hand #233868234856:  Hold'em No Limit ($0.01/$0.02 USD) - 2022/02/07 12:28:33 PT [2022/02/07 15:28:33 ET]
Table 'Armisticia III' 9-max Seat #9 is the button
Seat 1: fastmind ($0.62 in chips) 
Seat 2: 88Aurum88 ($1.90 in chips) 
Seat 3: dmblovr ($1.44 in chips) 
Seat 4: Stebug76 ($1.97 in chips) 
Seat 5: hesc a. ($1.06 in chips) 
Seat 6: Dorex2007 ($2 in chips) 
Seat 8: MaratKzn ($3.19 in chips) 
Seat 9: Arn0Nyn ($1.89 in chips) 
fastmind: posts small blind $0.01
88Aurum88: posts big blind $0.02
timurilla7: sits out 
*** HOLE CARDS ***
Dealt to Dorex2007 [6c 7h]
dmblovr: folds 
Stebug76 has timed out
Stebug76: folds 
hesc a.: folds 
Dorex2007: folds 
MaratKzn: raises $0.04 to $0.06
Arn0Nyn: folds 
fastmind: calls $0.05
88Aurum88: folds 
*** FLOP *** [5d Qc 7s]
fastmind: checks 
MaratKzn: checks 
*** TURN *** [5d Qc 7s] [9c]
fastmind: bets $0.02
MaratKzn: folds 
Uncalled bet ($0.02) returned to fastmind
fastmind collected $0.14 from pot
fastmind: doesn't show hand 
*** SUMMARY ***
Total pot $0.14 | Rake $0 
Board [5d Qc 7s 9c]
Seat 1: fastmind (small blind) collected ($0.14)
Seat 2: 88Aurum88 (big blind) folded before Flop
Seat 3: dmblovr folded before Flop (didn't bet)
Seat 4: Stebug76 folded before Flop (didn't bet)
Seat 5: hesc a. folded before Flop (didn't bet)
Seat 6: Dorex2007 folded before Flop (didn't bet)
Seat 8: MaratKzn folded on the Turn
Seat 9: Arn0Nyn (button) folded before Flop (didn't bet)



PokerStars Hand #233868270918:  Hold'em No Limit ($0.01/$0.02 USD) - 2022/02/07 12:29:33 PT [2022/02/07 15:29:33 ET]
Table 'Armisticia III' 9-max Seat #1 is the button
Seat 1: fastmind ($0.70 in chips) 
Seat 2: 88Aurum88 ($1.88 in chips) 
Seat 3: dmblovr ($1.44 in chips) 
Seat 4: Stebug76 ($1.97 in chips) 
Seat 5: hesc a. ($1.06 in chips) 
Seat 6: Dorex2007 ($2 in chips) 
Seat 8: MaratKzn ($3.13 in chips) 
Seat 9: Arn0Nyn ($1.89 in chips) 
88Aurum88: posts small blind $0.01
dmblovr: posts big blind $0.02
timurilla7: sits out 
*** HOLE CARDS ***
Dealt to Dorex2007 [Kc 2d]
Stebug76: folds 
hesc a.: calls $0.02
Dorex2007: folds 
MaratKzn: calls $0.02
Arn0Nyn: calls $0.02
fastmind: calls $0.02
88Aurum88: calls $0.01
dmblovr: checks 
*** FLOP *** [Tc 9h 9d]
88Aurum88: checks 
dmblovr: checks 
hesc a.: checks 
MaratKzn: checks 
Arn0Nyn: checks 
fastmind: checks 
*** TURN *** [Tc 9h 9d] [Jd]
88Aurum88: bets $0.08
dmblovr: folds 
hesc a.: folds 
MaratKzn: folds 
Arn0Nyn: folds 
fastmind: folds 
Uncalled bet ($0.08) returned to 88Aurum88
88Aurum88 collected $0.12 from pot
*** SUMMARY ***
Total pot $0.12 | Rake $0 
Board [Tc 9h 9d Jd]
Seat 1: fastmind (button) folded on the Turn
Seat 2: 88Aurum88 (small blind) collected ($0.12)
Seat 3: dmblovr (big blind) folded on the Turn
Seat 4: Stebug76 folded before Flop (didn't bet)
Seat 5: hesc a. folded on the Turn
Seat 6: Dorex2007 folded before Flop (didn't bet)
Seat 8: MaratKzn folded on the Turn
Seat 9: Arn0Nyn folded on the Turn



PokerStars Hand #233868316257:  Hold'em No Limit ($0.01/$0.02 USD) - 2022/02/07 12:30:47 PT [2022/02/07 15:30:47 ET]
Table 'Armisticia III' 9-max Seat #2 is the button
Seat 1: fastmind ($0.68 in chips) 
Seat 2: 88Aurum88 ($1.98 in chips) 
Seat 3: dmblovr ($1.42 in chips) 
Seat 4: Stebug76 ($1.97 in chips) 
Seat 5: hesc a. ($1.04 in chips) 
Seat 6: Dorex2007 ($2 in chips) 
Seat 8: MaratKzn ($3.11 in chips) 
Seat 9: Arn0Nyn ($1.87 in chips) 
dmblovr: posts small blind $0.01
Stebug76: posts big blind $0.02
timurilla7: sits out 
*** HOLE CARDS ***
Dealt to Dorex2007 [Td 8d]
hesc a.: calls $0.02
Dorex2007: folds 
MaratKzn: raises $0.06 to $0.08
Arn0Nyn: folds 
fastmind has timed out
fastmind: folds 
88Aurum88: folds 
dmblovr: folds 
Stebug76: folds 
hesc a.: calls $0.06
*** FLOP *** [4h Ad 6h]
hesc a.: checks 
MaratKzn: bets $0.06
hesc a.: calls $0.06
*** TURN *** [4h Ad 6h] [Ks]
hesc a.: bets $0.06
MaratKzn: raises $0.16 to $0.22
hesc a.: folds 
Uncalled bet ($0.16) returned to MaratKzn
MaratKzn collected $0.41 from pot
*** SUMMARY ***
Total pot $0.43 | Rake $0.02 
Board [4h Ad 6h Ks]
Seat 1: fastmind folded before Flop (didn't bet)
Seat 2: 88Aurum88 (button) folded before Flop (didn't bet)
Seat 3: dmblovr (small blind) folded before Flop
Seat 4: Stebug76 (big blind) folded before Flop
Seat 5: hesc a. folded on the Turn
Seat 6: Dorex2007 folded before Flop (didn't bet)
Seat 8: MaratKzn collected ($0.41)
Seat 9: Arn0Nyn folded before Flop (didn't bet)



PokerStars Hand #233868354875:  Hold'em No Limit ($0.01/$0.02 USD) - 2022/02/07 12:31:50 PT [2022/02/07 15:31:50 ET]
Table 'Armisticia III' 9-max Seat #3 is the button
Seat 1: fastmind ($0.68 in chips) 
Seat 2: 88Aurum88 ($1.98 in chips) 
Seat 3: dmblovr ($1.41 in chips) 
Seat 4: Stebug76 ($1.95 in chips) 
Seat 5: hesc a. ($0.84 in chips) 
Seat 6: Dorex2007 ($2 in chips) 
Seat 8: MaratKzn ($3.32 in chips) 
Seat 9: Arn0Nyn ($1.87 in chips) 
Stebug76: posts small blind $0.01
hesc a.: posts big blind $0.02
timurilla7: sits out 
*** HOLE CARDS ***
Dealt to Dorex2007 [Ah 5s]
Dorex2007: folds 
MaratKzn: folds 
Arn0Nyn: folds 
fastmind: folds 
88Aurum88: raises $0.04 to $0.06
dmblovr: folds 
Stebug76: calls $0.05
hesc a.: calls $0.04
*** FLOP *** [Js 6h 3c]
Stebug76: checks 
hesc a.: checks 
88Aurum88: checks 
*** TURN *** [Js 6h 3c] [2d]
Stebug76: bets $0.09
hesc a.: folds 
88Aurum88: folds 
Uncalled bet ($0.09) returned to Stebug76
Stebug76 collected $0.17 from pot
Stebug76: doesn't show hand 
*** SUMMARY ***
Total pot $0.18 | Rake $0.01 
Board [Js 6h 3c 2d]
Seat 1: fastmind folded before Flop (didn't bet)
Seat 2: 88Aurum88 folded on the Turn
Seat 3: dmblovr (button) folded before Flop (didn't bet)
Seat 4: Stebug76 (small blind) collected ($0.17)
Seat 5: hesc a. (big blind) folded on the Turn
Seat 6: Dorex2007 folded before Flop (didn't bet)
Seat 8: MaratKzn folded before Flop (didn't bet)
Seat 9: Arn0Nyn folded before Flop (didn't bet)



PokerStars Hand #233868396448:  Hold'em No Limit ($0.01/$0.02 USD) - 2022/02/07 12:32:58 PT [2022/02/07 15:32:58 ET]
Table 'Armisticia III' 9-max Seat #4 is the button
Seat 1: fastmind ($0.68 in chips) 
Seat 2: 88Aurum88 ($1.92 in chips) 
Seat 3: dmblovr ($1.41 in chips) 
Seat 4: Stebug76 ($2.06 in chips) 
Seat 5: hesc a. ($0.78 in chips) 
Seat 6: Dorex2007 ($2 in chips) 
Seat 8: MaratKzn ($3.32 in chips) 
Seat 9: Arn0Nyn ($1.87 in chips) 
hesc a.: posts small blind $0.01
Dorex2007: posts big blind $0.02
timurilla7: sits out 
*** HOLE CARDS ***
Dealt to Dorex2007 [7c Qd]
MaratKzn: raises $0.04 to $0.06
Arn0Nyn: folds 
fastmind: calls $0.06
88Aurum88: folds 
dmblovr: folds 
Stebug76: folds 
hesc a.: folds 
Dorex2007: folds 
*** FLOP *** [5c 3h 2d]
MaratKzn: checks 
fastmind: checks 
*** TURN *** [5c 3h 2d] [8s]
MaratKzn: checks 
hesc a. leaves the table
fastmind: checks 
*** RIVER *** [5c 3h 2d 8s] [9h]
Polmerana joins the table at seat #5 
MaratKzn: checks 
fastmind has timed out
fastmind: checks 
*** SHOW DOWN ***
MaratKzn: shows [Qh Ad] (high card Ace)
fastmind: shows [8c 9s] (two pair, Nines and Eights)
fastmind collected $0.14 from pot
*** SUMMARY ***
Total pot $0.15 | Rake $0.01 
Board [5c 3h 2d 8s 9h]
Seat 1: fastmind showed [8c 9s] and won ($0.14) with two pair, Nines and Eights
Seat 2: 88Aurum88 folded before Flop (didn't bet)
Seat 3: dmblovr folded before Flop (didn't bet)
Seat 4: Stebug76 (button) folded before Flop (didn't bet)
Seat 5: hesc a. (small blind) folded before Flop
Seat 6: Dorex2007 (big blind) folded before Flop
Seat 8: MaratKzn showed [Qh Ad] and lost with high card Ace
Seat 9: Arn0Nyn folded before Flop (didn't bet)



PokerStars Hand #233868448192:  Hold'em No Limit ($0.01/$0.02 USD) - 2022/02/07 12:34:23 PT [2022/02/07 15:34:23 ET]
Table 'Armisticia III' 9-max Seat #6 is the button
Seat 1: fastmind ($0.76 in chips) 
Seat 2: 88Aurum88 ($1.92 in chips) 
Seat 3: dmblovr ($1.41 in chips) 
Seat 4: Stebug76 ($2.06 in chips) 
Seat 6: Dorex2007 ($2 in chips) 
Seat 8: MaratKzn ($3.26 in chips) 
Seat 9: Arn0Nyn ($1.87 in chips) 
MaratKzn: posts small blind $0.01
Arn0Nyn: posts big blind $0.02
Polmerana: sits out 
*** HOLE CARDS ***
Dealt to Dorex2007 [Kc 3d]
fastmind has timed out
fastmind: folds 
88Aurum88: folds 
dmblovr: folds 
Stebug76: folds 
Dorex2007: folds 
MaratKzn: folds 
Uncalled bet ($0.01) returned to Arn0Nyn
Arn0Nyn collected $0.02 from pot
*** SUMMARY ***
Total pot $0.02 | Rake $0 
Seat 1: fastmind folded before Flop (didn't bet)
Seat 2: 88Aurum88 folded before Flop (didn't bet)
Seat 3: dmblovr folded before Flop (didn't bet)
Seat 4: Stebug76 folded before Flop (didn't bet)
Seat 6: Dorex2007 (button) folded before Flop (didn't bet)
Seat 8: MaratKzn (small blind) folded before Flop
Seat 9: Arn0Nyn (big blind) collected ($0.02)



PokerStars Hand #233868458539:  Hold'em No Limit ($0.01/$0.02 USD) - 2022/02/07 12:34:40 PT [2022/02/07 15:34:40 ET]
Table 'Armisticia III' 9-max Seat #8 is the button
Seat 2: 88Aurum88 ($1.92 in chips) 
Seat 3: dmblovr ($1.41 in chips) 
Seat 4: Stebug76 ($2.06 in chips) 
Seat 6: Dorex2007 ($2 in chips) 
Seat 8: MaratKzn ($3.25 in chips) 
Seat 9: Arn0Nyn ($1.88 in chips) 
Arn0Nyn: posts small blind $0.01
88Aurum88: posts big blind $0.02
Polmerana: sits out 
timurilla7: sits out 
*** HOLE CARDS ***
Dealt to Dorex2007 [9c 8d]
dmblovr: raises $0.04 to $0.06
Stebug76: folds 
Dorex2007: folds 
MaratKzn: folds 
Arn0Nyn: folds 
88Aurum88: folds 
Uncalled bet ($0.04) returned to dmblovr
dmblovr collected $0.05 from pot
*** SUMMARY ***
Total pot $0.05 | Rake $0 
Seat 2: 88Aurum88 (big blind) folded before Flop
Seat 3: dmblovr collected ($0.05)
Seat 4: Stebug76 folded before Flop (didn't bet)
Seat 6: Dorex2007 folded before Flop (didn't bet)
Seat 8: MaratKzn (button) folded before Flop (didn't bet)
Seat 9: Arn0Nyn (small blind) folded before Flop



PokerStars Hand #233868466252:  Hold'em No Limit ($0.01/$0.02 USD) - 2022/02/07 12:34:53 PT [2022/02/07 15:34:53 ET]
Table 'Armisticia III' 9-max Seat #9 is the button
Seat 2: 88Aurum88 ($1.90 in chips) 
Seat 3: dmblovr ($1.44 in chips) 
Seat 4: Stebug76 ($2.06 in chips) 
Seat 6: Dorex2007 ($2 in chips) 
Seat 8: MaratKzn ($3.25 in chips) 
Seat 9: Arn0Nyn ($1.87 in chips) 
88Aurum88: posts small blind $0.01
dmblovr: posts big blind $0.02
Polmerana: sits out 
timurilla7: sits out 
*** HOLE CARDS ***
Dealt to Dorex2007 [2d Js]
Stebug76: folds 
Dorex2007: folds 
MaratKzn: folds 
Arn0Nyn: folds 
88Aurum88: raises $0.04 to $0.06
dmblovr: folds 
Uncalled bet ($0.04) returned to 88Aurum88
88Aurum88 collected $0.04 from pot
*** SUMMARY ***
Total pot $0.04 | Rake $0 
Seat 2: 88Aurum88 (small blind) collected ($0.04)
Seat 3: dmblovr (big blind) folded before Flop
Seat 4: Stebug76 folded before Flop (didn't bet)
Seat 6: Dorex2007 folded before Flop (didn't bet)
Seat 8: MaratKzn folded before Flop (didn't bet)
Seat 9: Arn0Nyn (button) folded before Flop (didn't bet)



PokerStars Hand #233868476584:  Hold'em No Limit ($0.01/$0.02 USD) - 2022/02/07 12:35:10 PT [2022/02/07 15:35:10 ET]
Table 'Armisticia III' 9-max Seat #2 is the button
Seat 2: 88Aurum88 ($1.92 in chips) 
Seat 3: dmblovr ($1.42 in chips) 
Seat 4: Stebug76 ($2.06 in chips) 
Seat 6: Dorex2007 ($2 in chips) 
Seat 8: MaratKzn ($3.25 in chips) 
Seat 9: Arn0Nyn ($1.87 in chips) 
dmblovr: posts small blind $0.01
Stebug76: posts big blind $0.02
Polmerana: sits out 
timurilla7: sits out 
*** HOLE CARDS ***
Dealt to Dorex2007 [3h 9s]
Dorex2007: folds 
MaratKzn: folds 
Arn0Nyn: folds 
88Aurum88: folds 
dmblovr: raises $0.02 to $0.04
Stebug76: folds 
Uncalled bet ($0.02) returned to dmblovr
dmblovr collected $0.04 from pot
*** SUMMARY ***
Total pot $0.04 | Rake $0 
Seat 2: 88Aurum88 (button) folded before Flop (didn't bet)
Seat 3: dmblovr (small blind) collected ($0.04)
Seat 4: Stebug76 (big blind) folded before Flop
Seat 6: Dorex2007 folded before Flop (didn't bet)
Seat 8: MaratKzn folded before Flop (didn't bet)
Seat 9: Arn0Nyn folded before Flop (didn't bet)



PokerStars Hand #233868485619:  Hold'em No Limit ($0.01/$0.02 USD) - 2022/02/07 12:35:24 PT [2022/02/07 15:35:24 ET]
Table 'Armisticia III' 9-max Seat #3 is the button
Seat 2: 88Aurum88 ($1.92 in chips) 
Seat 3: dmblovr ($1.44 in chips) 
Seat 4: Stebug76 ($2.04 in chips) 
Seat 5: Polmerana ($2 in chips) 
Seat 6: Dorex2007 ($2 in chips) 
Seat 8: MaratKzn ($3.25 in chips) 
Seat 9: Arn0Nyn ($1.87 in chips) 
Stebug76: posts small blind $0.01
Polmerana: posts big blind $0.02
timurilla7: sits out 
*** HOLE CARDS ***
Dealt to Dorex2007 [Qc Ad]
Dorex2007: raises $0.04 to $0.06
MaratKzn: folds 
Arn0Nyn: folds 
88Aurum88: calls $0.06
dmblovr: folds 
Stebug76: folds 
Polmerana: folds 
*** FLOP *** [9d 7h 2s]
Dorex2007: bets $0.07
88Aurum88: folds 
Uncalled bet ($0.07) returned to Dorex2007
Dorex2007 collected $0.14 from pot
Dorex2007: doesn't show hand 
*** SUMMARY ***
Total pot $0.15 | Rake $0.01 
Board [9d 7h 2s]
Seat 2: 88Aurum88 folded on the Flop
Seat 3: dmblovr (button) folded before Flop (didn't bet)
Seat 4: Stebug76 (small blind) folded before Flop
Seat 5: Polmerana (big blind) folded before Flop
Seat 6: Dorex2007 collected ($0.14)
Seat 8: MaratKzn folded before Flop (didn't bet)
Seat 9: Arn0Nyn folded before Flop (didn't bet)



PokerStars Hand #233868503357:  Hold'em No Limit ($0.01/$0.02 USD) - 2022/02/07 12:35:53 PT [2022/02/07 15:35:53 ET]
Table 'Armisticia III' 9-max Seat #4 is the button
Seat 2: 88Aurum88 ($1.86 in chips) 
Seat 3: dmblovr ($1.44 in chips) 
Seat 4: Stebug76 ($2.03 in chips) 
Seat 5: Polmerana ($2 in chips) 
Seat 6: Dorex2007 ($2.08 in chips) 
Seat 8: MaratKzn ($3.25 in chips) 
Seat 9: Arn0Nyn ($1.87 in chips) 
Polmerana: posts small blind $0.01
Dorex2007: posts big blind $0.02
timurilla7: sits out 
*** HOLE CARDS ***
Dealt to Dorex2007 [8d 6h]
MaratKzn: folds 
Arn0Nyn: folds 
88Aurum88: folds 
dmblovr: folds 
Stebug76: folds 
Polmerana: raises $0.04 to $0.06
Dorex2007: folds 
Uncalled bet ($0.04) returned to Polmerana
Polmerana collected $0.04 from pot
*** SUMMARY ***
Total pot $0.04 | Rake $0 
Seat 2: 88Aurum88 folded before Flop (didn't bet)
Seat 3: dmblovr folded before Flop (didn't bet)
Seat 4: Stebug76 (button) folded before Flop (didn't bet)
Seat 5: Polmerana (small blind) collected ($0.04)
Seat 6: Dorex2007 (big blind) folded before Flop
Seat 8: MaratKzn folded before Flop (didn't bet)
Seat 9: Arn0Nyn folded before Flop (didn't bet)



PokerStars Hand #233868518714:  Hold'em No Limit ($0.01/$0.02 USD) - 2022/02/07 12:36:19 PT [2022/02/07 15:36:19 ET]
Table 'Armisticia III' 9-max Seat #5 is the button
Seat 2: 88Aurum88 ($1.86 in chips) 
Seat 3: dmblovr ($1.44 in chips) 
Seat 4: Stebug76 ($2.03 in chips) 
Seat 5: Polmerana ($2.02 in chips) 
Seat 6: Dorex2007 ($2.06 in chips) 
Seat 7: timurilla7 ($2 in chips) 
Seat 8: MaratKzn ($3.25 in chips) 
Seat 9: Arn0Nyn ($1.87 in chips) 
Dorex2007: posts small blind $0.01
timurilla7: posts big blind $0.02
*** HOLE CARDS ***
Dealt to Dorex2007 [2h 3h]
MaratKzn: folds 
Arn0Nyn has timed out
Arn0Nyn: folds 
88Aurum88: folds 
dmblovr: folds 
Stebug76: raises $0.04 to $0.06
Polmerana: folds 
Dorex2007: folds 
timurilla7: folds 
Uncalled bet ($0.04) returned to Stebug76
fastmind leaves the table
Stebug76 collected $0.05 from pot
Stebug76: doesn't show hand 
*** SUMMARY ***
Total pot $0.05 | Rake $0 
Seat 2: 88Aurum88 folded before Flop (didn't bet)
Seat 3: dmblovr folded before Flop (didn't bet)
Seat 4: Stebug76 collected ($0.05)
Seat 5: Polmerana (button) folded before Flop (didn't bet)
Seat 6: Dorex2007 (small blind) folded before Flop
Seat 7: timurilla7 (big blind) folded before Flop
Seat 8: MaratKzn folded before Flop (didn't bet)
Seat 9: Arn0Nyn folded before Flop (didn't bet)



PokerStars Hand #233868536089:  Hold'em No Limit ($0.01/$0.02 USD) - 2022/02/07 12:36:47 PT [2022/02/07 15:36:47 ET]
Table 'Armisticia III' 9-max Seat #6 is the button
Seat 2: 88Aurum88 ($1.86 in chips) 
Seat 3: dmblovr ($1.44 in chips) 
Seat 4: Stebug76 ($2.06 in chips) 
Seat 5: Polmerana ($2.02 in chips) 
Seat 6: Dorex2007 ($2.05 in chips) 
Seat 7: timurilla7 ($1.98 in chips) 
timurilla7: posts small blind $0.01
MaratKzn: is sitting out 
88Aurum88: posts big blind $0.02
*** HOLE CARDS ***
Dealt to Dorex2007 [5s 4s]
dmblovr: folds 
Stebug76: raises $0.04 to $0.06
MaratKzn leaves the table
Polmerana: folds 
Dorex2007: folds 
timurilla7: folds 
88Aurum88: folds 
Uncalled bet ($0.04) returned to Stebug76
Stebug76 collected $0.05 from pot
Stebug76: doesn't show hand 
*** SUMMARY ***
Total pot $0.05 | Rake $0 
Seat 2: 88Aurum88 (big blind) folded before Flop
Seat 3: dmblovr folded before Flop (didn't bet)
Seat 4: Stebug76 collected ($0.05)
Seat 5: Polmerana folded before Flop (didn't bet)
Seat 6: Dorex2007 (button) folded before Flop (didn't bet)
Seat 7: timurilla7 (small blind) folded before Flop



PokerStars Hand #233868546852:  Hold'em No Limit ($0.01/$0.02 USD) - 2022/02/07 12:37:05 PT [2022/02/07 15:37:05 ET]
Table 'Armisticia III' 9-max Seat #7 is the button
Seat 2: 88Aurum88 ($1.84 in chips) 
Seat 3: dmblovr ($1.44 in chips) 
Seat 4: Stebug76 ($2.09 in chips) 
Seat 5: Polmerana ($2.02 in chips) 
Seat 6: Dorex2007 ($2.05 in chips) 
Seat 7: timurilla7 ($1.97 in chips) 
88Aurum88: posts small blind $0.01
dmblovr: posts big blind $0.02
*** HOLE CARDS ***
Dealt to Dorex2007 [8s Qc]
Stebug76: folds 
Polmerana: folds 
Dorex2007: folds 
timurilla7: folds 
88Aurum88: raises $0.04 to $0.06
dmblovr: folds 
Uncalled bet ($0.04) returned to 88Aurum88
88Aurum88 collected $0.04 from pot
*** SUMMARY ***
Total pot $0.04 | Rake $0 
Seat 2: 88Aurum88 (small blind) collected ($0.04)
Seat 3: dmblovr (big blind) folded before Flop
Seat 4: Stebug76 folded before Flop (didn't bet)
Seat 5: Polmerana folded before Flop (didn't bet)
Seat 6: Dorex2007 folded before Flop (didn't bet)
Seat 7: timurilla7 (button) folded before Flop (didn't bet)



PokerStars Hand #233868556958:  Hold'em No Limit ($0.01/$0.02 USD) - 2022/02/07 12:37:21 PT [2022/02/07 15:37:21 ET]
Table 'Armisticia III' 9-max Seat #2 is the button
Seat 2: 88Aurum88 ($1.86 in chips) 
Seat 3: dmblovr ($1.42 in chips) 
Seat 4: Stebug76 ($2.09 in chips) 
Seat 5: Polmerana ($2.02 in chips) 
Seat 6: Dorex2007 ($2.05 in chips) 
Seat 7: timurilla7 ($1.97 in chips) 
dmblovr: posts small blind $0.01
Stebug76: posts big blind $0.02
Arn0Nyn: sits out 
*** HOLE CARDS ***
Dealt to Dorex2007 [Td 2s]
Polmerana: folds 
Dorex2007: folds 
timurilla7: raises $0.04 to $0.06
88Aurum88: calls $0.06
dmblovr: folds 
Stebug76: folds 
*** FLOP *** [2d 4d Qd]
timurilla7: checks 
88Aurum88: bets $0.07
timurilla7: folds 
Uncalled bet ($0.07) returned to 88Aurum88
88Aurum88 collected $0.14 from pot
*** SUMMARY ***
Total pot $0.15 | Rake $0.01 
Board [2d 4d Qd]
Seat 2: 88Aurum88 (button) collected ($0.14)
Seat 3: dmblovr (small blind) folded before Flop
Seat 4: Stebug76 (big blind) folded before Flop
Seat 5: Polmerana folded before Flop (didn't bet)
Seat 6: Dorex2007 folded before Flop (didn't bet)
Seat 7: timurilla7 folded on the Flop



PokerStars Hand #233868574902:  Hold'em No Limit ($0.01/$0.02 USD) - 2022/02/07 12:37:51 PT [2022/02/07 15:37:51 ET]
Table 'Armisticia III' 9-max Seat #3 is the button
Seat 2: 88Aurum88 ($1.94 in chips) 
Seat 3: dmblovr ($1.41 in chips) 
Seat 4: Stebug76 ($2.07 in chips) 
Seat 5: Polmerana ($2.02 in chips) 
Seat 6: Dorex2007 ($2.05 in chips) 
Seat 7: timurilla7 ($1.91 in chips) 
Stebug76: posts small blind $0.01
Polmerana: posts big blind $0.02
Arn0Nyn: sits out 
*** HOLE CARDS ***
Dealt to Dorex2007 [Jc 8s]
Dorex2007: folds 
timurilla7: folds 
88Aurum88: folds 
dmblovr: calls $0.02
Stanislas_V joins the table at seat #8 
Stebug76: raises $0.06 to $0.08
Polmerana: folds 
dmblovr: folds 
Uncalled bet ($0.06) returned to Stebug76
Stebug76 collected $0.06 from pot
Stebug76: doesn't show hand 
*** SUMMARY ***
Total pot $0.06 | Rake $0 
Seat 2: 88Aurum88 folded before Flop (didn't bet)
Seat 3: dmblovr (button) folded before Flop
Seat 4: Stebug76 (small blind) collected ($0.06)
Seat 5: Polmerana (big blind) folded before Flop
Seat 6: Dorex2007 folded before Flop (didn't bet)
Seat 7: timurilla7 folded before Flop (didn't bet)



PokerStars Hand #233868595539:  Hold'em No Limit ($0.01/$0.02 USD) - 2022/02/07 12:38:25 PT [2022/02/07 15:38:25 ET]
Table 'Armisticia III' 9-max Seat #4 is the button
Seat 2: 88Aurum88 ($1.94 in chips) 
Seat 3: dmblovr ($1.39 in chips) 
Seat 4: Stebug76 ($2.11 in chips) 
Seat 5: Polmerana ($2 in chips) 
Seat 6: Dorex2007 ($2.05 in chips) 
Seat 7: timurilla7 ($1.91 in chips) 
Seat 8: Stanislas_V ($1.60 in chips) 
Polmerana: posts small blind $0.01
Dorex2007: posts big blind $0.02
Stanislas_V: posts big blind $0.02
Arn0Nyn: sits out 
*** HOLE CARDS ***
Dealt to Dorex2007 [2d Js]
timurilla7: folds 
Stanislas_V: checks 
88Aurum88: raises $0.04 to $0.06
dmblovr: folds 
Stebug76: folds 
Polmerana: calls $0.05
Dorex2007: folds 
Stanislas_V: calls $0.04
*** FLOP *** [9h 7d 2h]
Pokerfox68 joins the table at seat #1 
Polmerana: checks 
Stanislas_V: checks 
88Aurum88: checks 
*** TURN *** [9h 7d 2h] [9c]
Polmerana: checks 
Stanislas_V: checks 
88Aurum88: checks 
*** RIVER *** [9h 7d 2h 9c] [5c]
Polmerana: checks 
Stanislas_V: checks 
88Aurum88: checks 
*** SHOW DOWN ***
Polmerana: shows [Qs Jh] (a pair of Nines)
Stanislas_V: shows [Kh 8h] (a pair of Nines - King kicker)
88Aurum88: shows [Th Kd] (a pair of Nines - King+Ten kicker)
88Aurum88 collected $0.19 from pot
*** SUMMARY ***
Total pot $0.20 | Rake $0.01 
Board [9h 7d 2h 9c 5c]
Seat 2: 88Aurum88 showed [Th Kd] and won ($0.19) with a pair of Nines
Seat 3: dmblovr folded before Flop (didn't bet)
Seat 4: Stebug76 (button) folded before Flop (didn't bet)
Seat 5: Polmerana (small blind) showed [Qs Jh] and lost with a pair of Nines
Seat 6: Dorex2007 (big blind) folded before Flop
Seat 7: timurilla7 folded before Flop (didn't bet)
Seat 8: Stanislas_V showed [Kh 8h] and lost with a pair of Nines



PokerStars Hand #233868636101:  Hold'em No Limit ($0.01/$0.02 USD) - 2022/02/07 12:39:32 PT [2022/02/07 15:39:32 ET]
Table 'Armisticia III' 9-max Seat #5 is the button
Seat 2: 88Aurum88 ($2.07 in chips) 
Seat 3: dmblovr ($1.39 in chips) 
Seat 4: Stebug76 ($2.11 in chips) 
Seat 5: Polmerana ($2 in chips) 
Seat 6: Dorex2007 ($2.03 in chips) 
Seat 7: timurilla7 ($1.91 in chips) 
Seat 8: Stanislas_V ($1.54 in chips) 
Dorex2007: posts small blind $0.01
timurilla7: posts big blind $0.02
Arn0Nyn: sits out 
Pokerfox68: sits out 
*** HOLE CARDS ***
Dealt to Dorex2007 [Qc 6c]
Stanislas_V: calls $0.02
88Aurum88: folds 
dmblovr: folds 
Stebug76: folds 
Polmerana: raises $0.07 to $0.09
Dorex2007: folds 
timurilla7: calls $0.07
Stanislas_V: calls $0.07
*** FLOP *** [4c Qs 3h]
timurilla7: checks 
Stanislas_V: checks 
Polmerana: bets $0.14
timurilla7: folds 
Stanislas_V: calls $0.14
*** TURN *** [4c Qs 3h] [5c]
Stanislas_V: checks 
Polmerana: checks 
*** RIVER *** [4c Qs 3h 5c] [5h]
Stanislas_V: checks 
Polmerana: checks 
*** SHOW DOWN ***
Stanislas_V: shows [Ad 3d] (two pair, Fives and Threes)
Polmerana: shows [9c 9s] (two pair, Nines and Fives)
Polmerana collected $0.54 from pot
*** SUMMARY ***
Total pot $0.56 | Rake $0.02 
Board [4c Qs 3h 5c 5h]
Seat 2: 88Aurum88 folded before Flop (didn't bet)
Seat 3: dmblovr folded before Flop (didn't bet)
Seat 4: Stebug76 folded before Flop (didn't bet)
Seat 5: Polmerana (button) showed [9c 9s] and won ($0.54) with two pair, Nines and Fives
Seat 6: Dorex2007 (small blind) folded before Flop
Seat 7: timurilla7 (big blind) folded on the Flop
Seat 8: Stanislas_V showed [Ad 3d] and lost with two pair, Fives and Threes



PokerStars Hand #233868676164:  Hold'em No Limit ($0.01/$0.02 USD) - 2022/02/07 12:40:38 PT [2022/02/07 15:40:38 ET]
Table 'Armisticia III' 9-max Seat #6 is the button
Seat 2: 88Aurum88 ($2.07 in chips) 
Seat 3: dmblovr ($1.39 in chips) 
Seat 4: Stebug76 ($2.11 in chips) 
Seat 5: Polmerana ($2.31 in chips) 
Seat 6: Dorex2007 ($2.02 in chips) 
Seat 7: timurilla7 ($1.82 in chips) 
Seat 8: Stanislas_V ($1.31 in chips) 
timurilla7: posts small blind $0.01
Stanislas_V: posts big blind $0.02
Arn0Nyn: sits out 
Pokerfox68: sits out 
*** HOLE CARDS ***
Dealt to Dorex2007 [Kc 7h]
88Aurum88 has timed out
88Aurum88: folds 
dmblovr: raises $0.03 to $0.05
Stebug76: folds 
Polmerana: calls $0.05
Dorex2007: folds 
timurilla7: folds 
Stanislas_V: folds 
*** FLOP *** [3c 2s Qh]
dmblovr: bets $0.06
Polmerana: calls $0.06
*** TURN *** [3c 2s Qh] [8d]
dmblovr: checks 
Polmerana: bets $0.12
dmblovr: folds 
Uncalled bet ($0.12) returned to Polmerana
Polmerana collected $0.24 from pot
*** SUMMARY ***
Total pot $0.25 | Rake $0.01 
Board [3c 2s Qh 8d]
Seat 2: 88Aurum88 folded before Flop (didn't bet)
Seat 3: dmblovr folded on the Turn
Seat 4: Stebug76 folded before Flop (didn't bet)
Seat 5: Polmerana collected ($0.24)
Seat 6: Dorex2007 (button) folded before Flop (didn't bet)
Seat 7: timurilla7 (small blind) folded before Flop
Seat 8: Stanislas_V (big blind) folded before Flop



PokerStars Hand #233868703836:  Hold'em No Limit ($0.01/$0.02 USD) - 2022/02/07 12:41:24 PT [2022/02/07 15:41:24 ET]
Table 'Armisticia III' 9-max Seat #7 is the button
Seat 2: 88Aurum88 ($2.07 in chips) 
Seat 3: dmblovr ($1.28 in chips) 
Seat 4: Stebug76 ($2.11 in chips) 
Seat 5: Polmerana ($2.44 in chips) 
Seat 6: Dorex2007 ($2.02 in chips) 
Seat 7: timurilla7 ($1.81 in chips) 
Seat 8: Stanislas_V ($1.29 in chips) 
Seat 9: Arn0Nyn ($1.87 in chips) 
Stanislas_V: posts small blind $0.01
Arn0Nyn: posts big blind $0.02
Pokerfox68: sits out 
*** HOLE CARDS ***
Dealt to Dorex2007 [Qs As]
88Aurum88: folds 
dmblovr: folds 
Stebug76 has timed out
Stebug76: folds 
Polmerana: raises $0.04 to $0.06
Dorex2007: calls $0.06
timurilla7: folds 
Stanislas_V: calls $0.05
Arn0Nyn: folds 
*** FLOP *** [Jc 6d 3h]
Stanislas_V: checks 
Polmerana: checks 
Dorex2007: checks 
*** TURN *** [Jc 6d 3h] [6s]
Stanislas_V: bets $0.10
Polmerana: folds 
Dorex2007: folds 
Uncalled bet ($0.10) returned to Stanislas_V
Stanislas_V collected $0.19 from pot
Stanislas_V: doesn't show hand 
*** SUMMARY ***
Total pot $0.20 | Rake $0.01 
Board [Jc 6d 3h 6s]
Seat 2: 88Aurum88 folded before Flop (didn't bet)
Seat 3: dmblovr folded before Flop (didn't bet)
Seat 4: Stebug76 folded before Flop (didn't bet)
Seat 5: Polmerana folded on the Turn
Seat 6: Dorex2007 folded on the Turn
Seat 7: timurilla7 (button) folded before Flop (didn't bet)
Seat 8: Stanislas_V (small blind) collected ($0.19)
Seat 9: Arn0Nyn (big blind) folded before Flop



PokerStars Hand #233868739526:  Hold'em No Limit ($0.01/$0.02 USD) - 2022/02/07 12:42:23 PT [2022/02/07 15:42:23 ET]
Table 'Armisticia III' 9-max Seat #8 is the button
Seat 1: Pokerfox68 ($2 in chips) 
Seat 2: 88Aurum88 ($2.07 in chips) 
Seat 3: dmblovr ($1.28 in chips) 
Seat 4: Stebug76 ($2.11 in chips) 
Seat 5: Polmerana ($2.38 in chips) 
Seat 6: Dorex2007 ($2 in chips) 
Seat 7: timurilla7 ($1.81 in chips) 
Seat 8: Stanislas_V ($1.42 in chips) 
Seat 9: Arn0Nyn ($1.85 in chips) 
Arn0Nyn: posts small blind $0.01
Pokerfox68: posts big blind $0.02
*** HOLE CARDS ***
Dealt to Dorex2007 [Ts 5d]
88Aurum88: folds 
dmblovr: folds 
Stebug76: raises $0.04 to $0.06
Polmerana: folds 
Dorex2007: folds 
timurilla7: folds 
Stanislas_V: folds 
Arn0Nyn: folds 
Pokerfox68: raises $0.16 to $0.22
Stebug76: calls $0.16
*** FLOP *** [2d 9d 4h]
Pokerfox68: bets $0.28
Stebug76: calls $0.28
*** TURN *** [2d 9d 4h] [9h]
Pokerfox68: bets $0.48
Stebug76: raises $1.13 to $1.61 and is all-in
Pokerfox68: calls $1.02 and is all-in
Uncalled bet ($0.11) returned to Stebug76
*** FIRST RIVER *** [2d 9d 4h 9h] [9c]
*** SECOND RIVER *** [2d 9d 4h 9h] [Jd]
*** FIRST SHOW DOWN ***
Pokerfox68: shows [Kd Kc] (a full house, Nines full of Kings)
Stebug76: shows [8h 8c] (a full house, Nines full of Eights)
Pokerfox68 collected $1.92 from pot
*** SECOND SHOW DOWN ***
Pokerfox68: shows [Kd Kc] (two pair, Kings and Nines)
Stebug76: shows [8h 8c] (two pair, Nines and Eights)
Pokerfox68 collected $1.91 from pot
*** SUMMARY ***
Total pot $4.01 | Rake $0.18 
Hand was run twice
FIRST Board [2d 9d 4h 9h 9c]
SECOND Board [2d 9d 4h 9h Jd]
Seat 1: Pokerfox68 (big blind) showed [Kd Kc] and won ($1.92) with a full house, Nines full of Kings, and won ($1.91) with two pair, Kings and Nines
Seat 2: 88Aurum88 folded before Flop (didn't bet)
Seat 3: dmblovr folded before Flop (didn't bet)
Seat 4: Stebug76 showed [8h 8c] and lost with a full house, Nines full of Eights, and lost with two pair, Nines and Eights
Seat 5: Polmerana folded before Flop (didn't bet)
Seat 6: Dorex2007 folded before Flop (didn't bet)
Seat 7: timurilla7 folded before Flop (didn't bet)
Seat 8: Stanislas_V (button) folded before Flop (didn't bet)
Seat 9: Arn0Nyn (small blind) folded before Flop



PokerStars Hand #233868811733:  Hold'em No Limit ($0.01/$0.02 USD) - 2022/02/07 12:44:23 PT [2022/02/07 15:44:23 ET]
Table 'Armisticia III' 9-max Seat #9 is the button
Seat 1: Pokerfox68 ($3.83 in chips) 
Seat 2: 88Aurum88 ($2.07 in chips) 
Seat 3: dmblovr ($1.28 in chips) 
Seat 4: Stebug76 ($2 in chips) 
Seat 5: Polmerana ($2.38 in chips) 
Seat 6: Dorex2007 ($2 in chips) 
Seat 7: timurilla7 ($1.81 in chips) 
Seat 8: Stanislas_V ($1.42 in chips) 
Seat 9: Arn0Nyn ($1.84 in chips) 
Pokerfox68: posts small blind $0.01
88Aurum88: posts big blind $0.02
*** HOLE CARDS ***
Dealt to Dorex2007 [As Ac]
dmblovr: folds 
Stebug76: folds 
Polmerana: folds 
Dorex2007: raises $0.06 to $0.08
timurilla7: folds 
Stanislas_V: folds 
Arn0Nyn: folds 
Pokerfox68: folds 
88Aurum88: folds 
Uncalled bet ($0.06) returned to Dorex2007
Dorex2007 collected $0.05 from pot
Dorex2007: doesn't show hand 
*** SUMMARY ***
Total pot $0.05 | Rake $0 
Seat 1: Pokerfox68 (small blind) folded before Flop
Seat 2: 88Aurum88 (big blind) folded before Flop
Seat 3: dmblovr folded before Flop (didn't bet)
Seat 4: Stebug76 folded before Flop (didn't bet)
Seat 5: Polmerana folded before Flop (didn't bet)
Seat 6: Dorex2007 collected ($0.05)
Seat 7: timurilla7 folded before Flop (didn't bet)
Seat 8: Stanislas_V folded before Flop (didn't bet)
Seat 9: Arn0Nyn (button) folded before Flop (didn't bet)



PokerStars Hand #233868822805:  Hold'em No Limit ($0.01/$0.02 USD) - 2022/02/07 12:44:41 PT [2022/02/07 15:44:41 ET]
Table 'Armisticia III' 9-max Seat #1 is the button
Seat 1: Pokerfox68 ($3.82 in chips) 
Seat 2: 88Aurum88 ($2.05 in chips) 
Seat 3: dmblovr ($1.28 in chips) 
Seat 4: Stebug76 ($2 in chips) 
Seat 5: Polmerana ($2.38 in chips) 
Seat 6: Dorex2007 ($2.03 in chips) 
Seat 7: timurilla7 ($1.81 in chips) 
Seat 8: Stanislas_V ($1.42 in chips) 
Seat 9: Arn0Nyn ($1.84 in chips) 
88Aurum88: posts small blind $0.01
dmblovr: posts big blind $0.02
*** HOLE CARDS ***
Dealt to Dorex2007 [8h Qh]
Stebug76: folds 
Polmerana: folds 
Dorex2007: folds 
timurilla7: folds 
Stanislas_V: folds 
Arn0Nyn: folds 
Pokerfox68: folds 
88Aurum88: folds 
Uncalled bet ($0.01) returned to dmblovr
dmblovr collected $0.02 from pot
*** SUMMARY ***
Total pot $0.02 | Rake $0 
Seat 1: Pokerfox68 (button) folded before Flop (didn't bet)
Seat 2: 88Aurum88 (small blind) folded before Flop
Seat 3: dmblovr (big blind) collected ($0.02)
Seat 4: Stebug76 folded before Flop (didn't bet)
Seat 5: Polmerana folded before Flop (didn't bet)
Seat 6: Dorex2007 folded before Flop (didn't bet)
Seat 7: timurilla7 folded before Flop (didn't bet)
Seat 8: Stanislas_V folded before Flop (didn't bet)
Seat 9: Arn0Nyn folded before Flop (didn't bet)



PokerStars Hand #233868831306:  Hold'em No Limit ($0.01/$0.02 USD) - 2022/02/07 12:44:55 PT [2022/02/07 15:44:55 ET]
Table 'Armisticia III' 9-max Seat #2 is the button
Seat 1: Pokerfox68 ($3.82 in chips) 
Seat 2: 88Aurum88 ($2.04 in chips) 
Seat 3: dmblovr ($1.29 in chips) 
Seat 4: Stebug76 ($2 in chips) 
Seat 5: Polmerana ($2.38 in chips) 
Seat 6: Dorex2007 ($2.03 in chips) 
Seat 7: timurilla7 ($1.81 in chips) 
Seat 8: Stanislas_V ($1.42 in chips) 
Seat 9: Arn0Nyn ($1.84 in chips) 
dmblovr: posts small blind $0.01
Stebug76: posts big blind $0.02
*** HOLE CARDS ***
Dealt to Dorex2007 [6d 9h]
Polmerana: folds 
Dorex2007: folds 
timurilla7: folds 
Stanislas_V: folds 
Arn0Nyn: calls $0.02
Pokerfox68: calls $0.02
88Aurum88: folds 
dmblovr: calls $0.01
Stebug76: checks 
*** FLOP *** [2d Qd 6s]
dmblovr: bets $0.04
Stebug76: folds 
Arn0Nyn: folds 
Pokerfox68: folds 
Uncalled bet ($0.04) returned to dmblovr
dmblovr collected $0.08 from pot
*** SUMMARY ***
Total pot $0.08 | Rake $0 
Board [2d Qd 6s]
Seat 1: Pokerfox68 folded on the Flop
Seat 2: 88Aurum88 (button) folded before Flop (didn't bet)
Seat 3: dmblovr (small blind) collected ($0.08)
Seat 4: Stebug76 (big blind) folded on the Flop
Seat 5: Polmerana folded before Flop (didn't bet)
Seat 6: Dorex2007 folded before Flop (didn't bet)
Seat 7: timurilla7 folded before Flop (didn't bet)
Seat 8: Stanislas_V folded before Flop (didn't bet)
Seat 9: Arn0Nyn folded on the Flop



PokerStars Hand #233868863592:  Hold'em No Limit ($0.01/$0.02 USD) - 2022/02/07 12:45:49 PT [2022/02/07 15:45:49 ET]
Table 'Armisticia III' 9-max Seat #3 is the button
Seat 1: Pokerfox68 ($3.80 in chips) 
Seat 2: 88Aurum88 ($2.04 in chips) 
Seat 3: dmblovr ($1.35 in chips) 
Seat 4: Stebug76 ($1.98 in chips) 
Seat 5: Polmerana ($2.38 in chips) 
Seat 6: Dorex2007 ($2.03 in chips) 
Seat 7: timurilla7 ($1.81 in chips) 
Seat 8: Stanislas_V ($1.42 in chips) 
Seat 9: Arn0Nyn ($1.82 in chips) 
Stebug76: posts small blind $0.01
Polmerana: posts big blind $0.02
*** HOLE CARDS ***
Dealt to Dorex2007 [9s Tc]
Dorex2007: folds 
timurilla7: folds 
Stanislas_V: folds 
Arn0Nyn has timed out
Arn0Nyn: folds 
Pokerfox68: raises $0.04 to $0.06
88Aurum88: folds 
dmblovr: folds 
Stebug76: raises $0.14 to $0.20
Polmerana: folds 
Pokerfox68: folds 
Uncalled bet ($0.14) returned to Stebug76
Stebug76 collected $0.14 from pot
Stebug76: doesn't show hand 
*** SUMMARY ***
Total pot $0.14 | Rake $0 
Seat 1: Pokerfox68 folded before Flop
Seat 2: 88Aurum88 folded before Flop (didn't bet)
Seat 3: dmblovr (button) folded before Flop (didn't bet)
Seat 4: Stebug76 (small blind) collected ($0.14)
Seat 5: Polmerana (big blind) folded before Flop
Seat 6: Dorex2007 folded before Flop (didn't bet)
Seat 7: timurilla7 folded before Flop (didn't bet)
Seat 8: Stanislas_V folded before Flop (didn't bet)
Seat 9: Arn0Nyn folded before Flop (didn't bet)



PokerStars Hand #233868889376:  Hold'em No Limit ($0.01/$0.02 USD) - 2022/02/07 12:46:31 PT [2022/02/07 15:46:31 ET]
Table 'Armisticia III' 9-max Seat #4 is the button
Seat 1: Pokerfox68 ($3.74 in chips) 
Seat 2: 88Aurum88 ($2.04 in chips) 
Seat 3: dmblovr ($1.35 in chips) 
Seat 4: Stebug76 ($2.06 in chips) 
Seat 5: Polmerana ($2.36 in chips) 
Seat 6: Dorex2007 ($2.03 in chips) 
Seat 7: timurilla7 ($1.81 in chips) 
Seat 8: Stanislas_V ($1.42 in chips) 
Seat 9: Arn0Nyn ($1.82 in chips) 
Polmerana: posts small blind $0.01
Dorex2007: posts big blind $0.02
*** HOLE CARDS ***
Dealt to Dorex2007 [Td Kh]
timurilla7: folds 
Stanislas_V: folds 
Arn0Nyn: calls $0.02
Pokerfox68: folds 
88Aurum88: raises $0.04 to $0.06
dmblovr: calls $0.06
Stebug76: folds 
Polmerana: folds 
Dorex2007: folds 
Arn0Nyn: calls $0.04
*** FLOP *** [8h Qs As]
Arn0Nyn: checks 
88Aurum88: checks 
dmblovr: checks 
*** TURN *** [8h Qs As] [3c]
Arn0Nyn: bets $0.04
88Aurum88: calls $0.04
dmblovr: calls $0.04
*** RIVER *** [8h Qs As 3c] [6d]
Arn0Nyn: bets $0.22
88Aurum88: calls $0.22
dmblovr: folds 
*** SHOW DOWN ***
Arn0Nyn: shows [Ac 6c] (two pair, Aces and Sixes)
88Aurum88: mucks hand 
Arn0Nyn collected $0.73 from pot
*** SUMMARY ***
Total pot $0.77 | Rake $0.04 
Board [8h Qs As 3c 6d]
Seat 1: Pokerfox68 folded before Flop (didn't bet)
Seat 2: 88Aurum88 mucked [7h Ah]
Seat 3: dmblovr folded on the River
Seat 4: Stebug76 (button) folded before Flop (didn't bet)
Seat 5: Polmerana (small blind) folded before Flop
Seat 6: Dorex2007 (big blind) folded before Flop
Seat 7: timurilla7 folded before Flop (didn't bet)
Seat 8: Stanislas_V folded before Flop (didn't bet)
Seat 9: Arn0Nyn showed [Ac 6c] and won ($0.73) with two pair, Aces and Sixes



PokerStars Hand #233868927889:  Hold'em No Limit ($0.01/$0.02 USD) - 2022/02/07 12:47:36 PT [2022/02/07 15:47:36 ET]
Table 'Armisticia III' 9-max Seat #5 is the button
Seat 1: Pokerfox68 ($3.74 in chips) 
Seat 2: 88Aurum88 ($1.72 in chips) 
Seat 3: dmblovr ($1.25 in chips) 
Seat 4: Stebug76 ($2.06 in chips) 
Seat 5: Polmerana ($2.35 in chips) 
Seat 6: Dorex2007 ($2.01 in chips) 
Seat 7: timurilla7 ($1.81 in chips) 
Seat 8: Stanislas_V ($1.42 in chips) 
Seat 9: Arn0Nyn ($2.23 in chips) 
Dorex2007: posts small blind $0.01
timurilla7: posts big blind $0.02
*** HOLE CARDS ***
Dealt to Dorex2007 [Jh 9c]
Stanislas_V: folds 
Arn0Nyn: folds 
Pokerfox68: folds 
88Aurum88: folds 
dmblovr: folds 
Stebug76: folds 
Polmerana: raises $0.04 to $0.06
Dorex2007: folds 
timurilla7: folds 
Uncalled bet ($0.04) returned to Polmerana
Arn0Nyn leaves the table
Polmerana collected $0.05 from pot
*** SUMMARY ***
Total pot $0.05 | Rake $0 
Seat 1: Pokerfox68 folded before Flop (didn't bet)
Seat 2: 88Aurum88 folded before Flop (didn't bet)
Seat 3: dmblovr folded before Flop (didn't bet)
Seat 4: Stebug76 folded before Flop (didn't bet)
Seat 5: Polmerana (button) collected ($0.05)
Seat 6: Dorex2007 (small blind) folded before Flop
Seat 7: timurilla7 (big blind) folded before Flop
Seat 8: Stanislas_V folded before Flop (didn't bet)
Seat 9: Arn0Nyn folded before Flop (didn't bet)



PokerStars Hand #233868946708:  Hold'em No Limit ($0.01/$0.02 USD) - 2022/02/07 12:48:07 PT [2022/02/07 15:48:07 ET]
Table 'Armisticia III' 9-max Seat #6 is the button
Seat 1: Pokerfox68 ($3.74 in chips) 
Seat 2: 88Aurum88 ($1.72 in chips) 
Seat 3: dmblovr ($1.25 in chips) 
Seat 4: Stebug76 ($2.06 in chips) 
Seat 5: Polmerana ($2.38 in chips) 
Seat 6: Dorex2007 ($2 in chips) 
Seat 7: timurilla7 ($1.79 in chips) 
Seat 8: Stanislas_V ($1.42 in chips) 
timurilla7: posts small blind $0.01
Stanislas_V: posts big blind $0.02
*** HOLE CARDS ***
Dealt to Dorex2007 [Th 3s]
Pokerfox68: folds 
88Aurum88: raises $0.04 to $0.06
dmblovr: folds 
Stebug76: folds 
Polmerana: folds 
Dorex2007: folds 
timurilla7: folds 
Stanislas_V: calls $0.04
*** FLOP *** [Qh 5s 4h]
Stanislas_V: checks 
88Aurum88: checks 
*** TURN *** [Qh 5s 4h] [Kc]
Stanislas_V: checks 
88Aurum88: bets $0.07
Stanislas_V: folds 
Uncalled bet ($0.07) returned to 88Aurum88
88Aurum88 collected $0.13 from pot
88Aurum88: doesn't show hand 
*** SUMMARY ***
Total pot $0.13 | Rake $0 
Board [Qh 5s 4h Kc]
Seat 1: Pokerfox68 folded before Flop (didn't bet)
Seat 2: 88Aurum88 collected ($0.13)
Seat 3: dmblovr folded before Flop (didn't bet)
Seat 4: Stebug76 folded before Flop (didn't bet)
Seat 5: Polmerana folded before Flop (didn't bet)
Seat 6: Dorex2007 (button) folded before Flop (didn't bet)
Seat 7: timurilla7 (small blind) folded before Flop
Seat 8: Stanislas_V (big blind) folded on the Turn



PokerStars Hand #233868967497:  Hold'em No Limit ($0.01/$0.02 USD) - 2022/02/07 12:48:42 PT [2022/02/07 15:48:42 ET]
Table 'Armisticia III' 9-max Seat #7 is the button
Seat 1: Pokerfox68 ($3.74 in chips) 
Seat 2: 88Aurum88 ($1.79 in chips) 
Seat 3: dmblovr ($1.25 in chips) 
Seat 4: Stebug76 ($2.06 in chips) 
Seat 5: Polmerana ($2.38 in chips) 
Seat 6: Dorex2007 ($2 in chips) 
Seat 7: timurilla7 ($1.78 in chips) 
Seat 8: Stanislas_V ($1.36 in chips) 
Stanislas_V: posts small blind $0.01
Pokerfox68: posts big blind $0.02
*** HOLE CARDS ***
Dealt to Dorex2007 [Jc Td]
88Aurum88: folds 
dmblovr: folds 
Stebug76: folds 
Polmerana: folds 
Dorex2007: folds 
timurilla7: folds 
Stanislas_V: calls $0.01
Pokerfox68: checks 
*** FLOP *** [2s 5h 3c]
Stanislas_V: bets $0.04
Pokerfox68: calls $0.04
*** TURN *** [2s 5h 3c] [2d]
Stanislas_V: bets $0.06
chacalay1 joins the table at seat #9 
Pokerfox68: calls $0.06
*** RIVER *** [2s 5h 3c 2d] [2h]
Stanislas_V: bets $0.23
Pokerfox68: calls $0.23
*** SHOW DOWN ***
Stanislas_V: shows [5d Qc] (a full house, Deuces full of Fives)
Pokerfox68: shows [8s 5c] (a full house, Deuces full of Fives)
Stanislas_V collected $0.34 from pot
Pokerfox68 collected $0.34 from pot
*** SUMMARY ***
Total pot $0.70 | Rake $0.02 
Board [2s 5h 3c 2d 2h]
Seat 1: Pokerfox68 (big blind) showed [8s 5c] and won ($0.34) with a full house, Deuces full of Fives
Seat 2: 88Aurum88 folded before Flop (didn't bet)
Seat 3: dmblovr folded before Flop (didn't bet)
Seat 4: Stebug76 folded before Flop (didn't bet)
Seat 5: Polmerana folded before Flop (didn't bet)
Seat 6: Dorex2007 folded before Flop (didn't bet)
Seat 7: timurilla7 (button) folded before Flop (didn't bet)
Seat 8: Stanislas_V (small blind) showed [5d Qc] and won ($0.34) with a full house, Deuces full of Fives



PokerStars Hand #233868992870:  Hold'em No Limit ($0.01/$0.02 USD) - 2022/02/07 12:49:24 PT [2022/02/07 15:49:24 ET]
Table 'Armisticia III' 9-max Seat #8 is the button
Seat 1: Pokerfox68 ($3.73 in chips) 
Seat 2: 88Aurum88 ($1.79 in chips) 
Seat 3: dmblovr ($1.25 in chips) 
Seat 4: Stebug76 ($2.06 in chips) 
Seat 5: Polmerana ($2.38 in chips) 
Seat 6: Dorex2007 ($2 in chips) 
Seat 7: timurilla7 ($1.78 in chips) 
Seat 8: Stanislas_V ($1.35 in chips) 
Pokerfox68: posts small blind $0.01
88Aurum88: posts big blind $0.02
*** HOLE CARDS ***
Dealt to Dorex2007 [Qs 3s]
dmblovr: folds 
Stebug76: folds 
Polmerana: folds 
Dorex2007: folds 
timurilla7: raises $0.04 to $0.06
Stanislas_V: folds 
Pokerfox68: folds 
88Aurum88: calls $0.04
*** FLOP *** [Kd Jh Ad]
88Aurum88: checks 
timurilla7: checks 
*** TURN *** [Kd Jh Ad] [Qd]
88Aurum88: checks 
timurilla7: bets $0.05
88Aurum88: folds 
Uncalled bet ($0.05) returned to timurilla7
timurilla7 collected $0.13 from pot
timurilla7: doesn't show hand 
*** SUMMARY ***
Total pot $0.13 | Rake $0 
Board [Kd Jh Ad Qd]
Seat 1: Pokerfox68 (small blind) folded before Flop
Seat 2: 88Aurum88 (big blind) folded on the Turn
Seat 3: dmblovr folded before Flop (didn't bet)
Seat 4: Stebug76 folded before Flop (didn't bet)
Seat 5: Polmerana folded before Flop (didn't bet)
Seat 6: Dorex2007 folded before Flop (didn't bet)
Seat 7: timurilla7 collected ($0.13)
Seat 8: Stanislas_V (button) folded before Flop (didn't bet)



PokerStars Hand #233869017942:  Hold'em No Limit ($0.01/$0.02 USD) - 2022/02/07 12:50:06 PT [2022/02/07 15:50:06 ET]
Table 'Armisticia III' 9-max Seat #1 is the button
Seat 1: Pokerfox68 ($3.72 in chips) 
Seat 2: 88Aurum88 ($1.73 in chips) 
Seat 3: dmblovr ($1.25 in chips) 
Seat 4: Stebug76 ($2.06 in chips) 
Seat 5: Polmerana ($2.38 in chips) 
Seat 6: Dorex2007 ($2 in chips) 
Seat 7: timurilla7 ($1.85 in chips) 
Seat 8: Stanislas_V ($1.35 in chips) 
88Aurum88: posts small blind $0.01
dmblovr: posts big blind $0.02
chacalay1: sits out 
*** HOLE CARDS ***
Dealt to Dorex2007 [4d 9c]
Stebug76: folds 
Polmerana: raises $0.04 to $0.06
Dorex2007: folds 
timurilla7: folds 
Stanislas_V: folds 
Pokerfox68: folds 
88Aurum88: folds 
dmblovr: folds 
Uncalled bet ($0.04) returned to Polmerana
Polmerana collected $0.05 from pot
*** SUMMARY ***
Total pot $0.05 | Rake $0 
Seat 1: Pokerfox68 (button) folded before Flop (didn't bet)
Seat 2: 88Aurum88 (small blind) folded before Flop
Seat 3: dmblovr (big blind) folded before Flop
Seat 4: Stebug76 folded before Flop (didn't bet)
Seat 5: Polmerana collected ($0.05)
Seat 6: Dorex2007 folded before Flop (didn't bet)
Seat 7: timurilla7 folded before Flop (didn't bet)
Seat 8: Stanislas_V folded before Flop (didn't bet)



PokerStars Hand #233869029657:  Hold'em No Limit ($0.01/$0.02 USD) - 2022/02/07 12:50:26 PT [2022/02/07 15:50:26 ET]
Table 'Armisticia III' 9-max Seat #2 is the button
Seat 1: Pokerfox68 ($3.72 in chips) 
Seat 2: 88Aurum88 ($1.72 in chips) 
Seat 3: dmblovr ($1.23 in chips) 
Seat 4: Stebug76 ($2.06 in chips) 
Seat 5: Polmerana ($2.41 in chips) 
Seat 6: Dorex2007 ($2 in chips) 
Seat 7: timurilla7 ($1.85 in chips) 
Seat 8: Stanislas_V ($1.35 in chips) 
dmblovr: posts small blind $0.01
Stebug76: posts big blind $0.02
chacalay1: sits out 
*** HOLE CARDS ***
Dealt to Dorex2007 [Tc 4d]
Polmerana: folds 
Dorex2007: folds 
timurilla7: folds 
Stanislas_V: folds 
Pokerfox68: folds 
88Aurum88: folds 
dmblovr: folds 
Uncalled bet ($0.01) returned to Stebug76
Stebug76 collected $0.02 from pot
Stebug76: doesn't show hand 
*** SUMMARY ***
Total pot $0.02 | Rake $0 
Seat 1: Pokerfox68 folded before Flop (didn't bet)
Seat 2: 88Aurum88 (button) folded before Flop (didn't bet)
Seat 3: dmblovr (small blind) folded before Flop
Seat 4: Stebug76 (big blind) collected ($0.02)
Seat 5: Polmerana folded before Flop (didn't bet)
Seat 6: Dorex2007 folded before Flop (didn't bet)
Seat 7: timurilla7 folded before Flop (didn't bet)
Seat 8: Stanislas_V folded before Flop (didn't bet)



PokerStars Hand #233869045110:  Hold'em No Limit ($0.01/$0.02 USD) - 2022/02/07 12:50:52 PT [2022/02/07 15:50:52 ET]
Table 'Armisticia III' 9-max Seat #3 is the button
Seat 1: Pokerfox68 ($3.72 in chips) 
Seat 2: 88Aurum88 ($1.72 in chips) 
Seat 3: dmblovr ($1.22 in chips) 
Seat 4: Stebug76 ($2.07 in chips) 
Seat 5: Polmerana ($2.41 in chips) 
Seat 6: Dorex2007 ($2 in chips) 
Seat 7: timurilla7 ($1.85 in chips) 
Seat 8: Stanislas_V ($1.35 in chips) 
Stebug76: posts small blind $0.01
Polmerana: posts big blind $0.02
chacalay1: sits out 
*** HOLE CARDS ***
Dealt to Dorex2007 [Qs 8s]
Dorex2007: folds 
timurilla7: folds 
Stanislas_V: folds 
Pokerfox68: raises $0.04 to $0.06
88Aurum88: calls $0.06
dmblovr: folds 
Stebug76: folds 
Polmerana: calls $0.04
*** FLOP *** [9d 6c 9h]
Polmerana: checks 
Pokerfox68: checks 
88Aurum88: checks 
*** TURN *** [9d 6c 9h] [Qh]
Polmerana: bets $0.18
Pokerfox68: folds 
88Aurum88: folds 
Uncalled bet ($0.18) returned to Polmerana
Polmerana collected $0.18 from pot
*** SUMMARY ***
Total pot $0.19 | Rake $0.01 
Board [9d 6c 9h Qh]
Seat 1: Pokerfox68 folded on the Turn
Seat 2: 88Aurum88 folded on the Turn
Seat 3: dmblovr (button) folded before Flop (didn't bet)
Seat 4: Stebug76 (small blind) folded before Flop
Seat 5: Polmerana (big blind) collected ($0.18)
Seat 6: Dorex2007 folded before Flop (didn't bet)
Seat 7: timurilla7 folded before Flop (didn't bet)
Seat 8: Stanislas_V folded before Flop (didn't bet)



PokerStars Hand #233869080998:  Hold'em No Limit ($0.01/$0.02 USD) - 2022/02/07 12:51:53 PT [2022/02/07 15:51:53 ET]
Table 'Armisticia III' 9-max Seat #4 is the button
Seat 1: Pokerfox68 ($3.66 in chips) 
Seat 2: 88Aurum88 ($1.66 in chips) 
Seat 3: dmblovr ($1.22 in chips) 
Seat 4: Stebug76 ($2.06 in chips) 
Seat 5: Polmerana ($2.53 in chips) 
Seat 6: Dorex2007 ($2 in chips) 
Seat 7: timurilla7 ($1.85 in chips) 
Seat 8: Stanislas_V ($1.35 in chips) 
Polmerana: posts small blind $0.01
Dorex2007: posts big blind $0.02
chacalay1: sits out 
*** HOLE CARDS ***
Dealt to Dorex2007 [3c 6s]
timurilla7: calls $0.02
Stanislas_V: folds 
Pokerfox68: raises $0.06 to $0.08
88Aurum88: folds 
dmblovr: calls $0.08
Stebug76: folds 
Polmerana: folds 
Dorex2007: folds 
timurilla7: calls $0.06
*** FLOP *** [7d Js 8d]
timurilla7: checks 
Pokerfox68: bets $0.22
dmblovr: folds 
timurilla7: calls $0.22
*** TURN *** [7d Js 8d] [5s]
timurilla7: checks 
Pokerfox68: bets $0.58
timurilla7: raises $0.58 to $1.16
Pokerfox68: raises $2.20 to $3.36 and is all-in
timurilla7: calls $0.39 and is all-in
Uncalled bet ($1.81) returned to Pokerfox68
*** RIVER *** [7d Js 8d 5s] [Td]
*** SHOW DOWN ***
timurilla7: shows [8h 8c] (three of a kind, Eights)
Pokerfox68: shows [7h 7s] (three of a kind, Sevens)
timurilla7 collected $3.68 from pot
*** SUMMARY ***
Total pot $3.81 | Rake $0.13 
Board [7d Js 8d 5s Td]
Seat 1: Pokerfox68 showed [7h 7s] and lost with three of a kind, Sevens
Seat 2: 88Aurum88 folded before Flop (didn't bet)
Seat 3: dmblovr folded on the Flop
Seat 4: Stebug76 (button) folded before Flop (didn't bet)
Seat 5: Polmerana (small blind) folded before Flop
Seat 6: Dorex2007 (big blind) folded before Flop
Seat 7: timurilla7 showed [8h 8c] and won ($3.68) with three of a kind, Eights
Seat 8: Stanislas_V folded before Flop (didn't bet)



PokerStars Hand #233869120376:  Hold'em No Limit ($0.01/$0.02 USD) - 2022/02/07 12:53:00 PT [2022/02/07 15:53:00 ET]
Table 'Armisticia III' 9-max Seat #5 is the button
Seat 1: Pokerfox68 ($2 in chips) 
Seat 2: 88Aurum88 ($1.66 in chips) 
Seat 3: dmblovr ($1.14 in chips) 
Seat 4: Stebug76 ($2.06 in chips) 
Seat 5: Polmerana ($2.52 in chips) 
Seat 6: Dorex2007 ($2 in chips) 
Seat 7: timurilla7 ($3.68 in chips) 
Seat 8: Stanislas_V ($1.35 in chips) 
Dorex2007: posts small blind $0.01
timurilla7: posts big blind $0.02
chacalay1: sits out 
*** HOLE CARDS ***
Dealt to Dorex2007 [9d 2s]
Stanislas_V: folds 
Pokerfox68: folds 
88Aurum88: folds 
dmblovr: folds 
Stebug76: folds 
Polmerana: raises $0.04 to $0.06
Dorex2007: folds 
timurilla7: folds 
Uncalled bet ($0.04) returned to Polmerana
Polmerana collected $0.05 from pot
*** SUMMARY ***
Total pot $0.05 | Rake $0 
Seat 1: Pokerfox68 folded before Flop (didn't bet)
Seat 2: 88Aurum88 folded before Flop (didn't bet)
Seat 3: dmblovr folded before Flop (didn't bet)
Seat 4: Stebug76 folded before Flop (didn't bet)
Seat 5: Polmerana (button) collected ($0.05)
Seat 6: Dorex2007 (small blind) folded before Flop
Seat 7: timurilla7 (big blind) folded before Flop
Seat 8: Stanislas_V folded before Flop (didn't bet)



PokerStars Hand #233869133781:  Hold'em No Limit ($0.01/$0.02 USD) - 2022/02/07 12:53:23 PT [2022/02/07 15:53:23 ET]
Table 'Armisticia III' 9-max Seat #6 is the button
Seat 1: Pokerfox68 ($2 in chips) 
Seat 2: 88Aurum88 ($1.66 in chips) 
Seat 3: dmblovr ($1.14 in chips) 
Seat 4: Stebug76 ($2.06 in chips) 
Seat 5: Polmerana ($2.55 in chips) 
Seat 6: Dorex2007 ($2 in chips) 
Seat 7: timurilla7 ($3.66 in chips) 
Seat 8: Stanislas_V ($1.35 in chips) 
timurilla7: posts small blind $0.01
Stanislas_V: posts big blind $0.02
chacalay1: sits out 
*** HOLE CARDS ***
Dealt to Dorex2007 [3c 5s]
Pokerfox68: raises $0.05 to $0.07
88Aurum88: folds 
dmblovr: folds 
Stebug76: raises $0.17 to $0.24
Polmerana: calls $0.24
Dorex2007: folds 
timurilla7: folds 
Stanislas_V: folds 
Pokerfox68: calls $0.17
*** FLOP *** [7d 7s 2h]
Pokerfox68: checks 
Stebug76: bets $0.36
Polmerana: calls $0.36
Pokerfox68: calls $0.36
*** TURN *** [7d 7s 2h] [4d]
Pokerfox68: checks 
Stebug76: bets $1.46 and is all-in
Polmerana: calls $1.46
Pokerfox68: folds 
*** RIVER *** [7d 7s 2h 4d] [Jh]
*** SHOW DOWN ***
Stebug76: shows [2d Ad] (two pair, Sevens and Deuces)
Polmerana: shows [Qs Qh] (two pair, Queens and Sevens)
Polmerana collected $4.58 from pot
*** SUMMARY ***
Total pot $4.75 | Rake $0.17 
Board [7d 7s 2h 4d Jh]
Seat 1: Pokerfox68 folded on the Turn
Seat 2: 88Aurum88 folded before Flop (didn't bet)
Seat 3: dmblovr folded before Flop (didn't bet)
Seat 4: Stebug76 showed [2d Ad] and lost with two pair, Sevens and Deuces
Seat 5: Polmerana showed [Qs Qh] and won ($4.58) with two pair, Queens and Sevens
Seat 6: Dorex2007 (button) folded before Flop (didn't bet)
Seat 7: timurilla7 (small blind) folded before Flop
Seat 8: Stanislas_V (big blind) folded before Flop



PokerStars Hand #233869179554:  Hold'em No Limit ($0.01/$0.02 USD) - 2022/02/07 12:54:41 PT [2022/02/07 15:54:41 ET]
Table 'Armisticia III' 9-max Seat #7 is the button
Seat 1: Pokerfox68 ($2 in chips) 
Seat 2: 88Aurum88 ($1.66 in chips) 
Seat 3: dmblovr ($1.14 in chips) 
Seat 4: Stebug76 ($2 in chips) 
Seat 5: Polmerana ($5.07 in chips) 
Seat 6: Dorex2007 ($2 in chips) 
Seat 7: timurilla7 ($3.65 in chips) 
Seat 8: Stanislas_V ($1.33 in chips) 
Seat 9: chacalay1 ($1.60 in chips) 
Stanislas_V: posts small blind $0.01
chacalay1: posts big blind $0.02
*** HOLE CARDS ***
Dealt to Dorex2007 [2d 8d]
Pokerfox68: folds 
88Aurum88: raises $0.04 to $0.06
dmblovr: folds 
Stebug76: folds 
Polmerana: folds 
Dorex2007: folds 
timurilla7: folds 
Stanislas_V: folds 
chacalay1: calls $0.04
*** FLOP *** [Qd 3c 6d]
chacalay1: checks 
88Aurum88: checks 
*** TURN *** [Qd 3c 6d] [3s]
chacalay1: bets $0.13
88Aurum88: folds 
Uncalled bet ($0.13) returned to chacalay1
chacalay1 collected $0.13 from pot
chacalay1: doesn't show hand 
*** SUMMARY ***
Total pot $0.13 | Rake $0 
Board [Qd 3c 6d 3s]
Seat 1: Pokerfox68 folded before Flop (didn't bet)
Seat 2: 88Aurum88 folded on the Turn
Seat 3: dmblovr folded before Flop (didn't bet)
Seat 4: Stebug76 folded before Flop (didn't bet)
Seat 5: Polmerana folded before Flop (didn't bet)
Seat 6: Dorex2007 folded before Flop (didn't bet)
Seat 7: timurilla7 (button) folded before Flop (didn't bet)
Seat 8: Stanislas_V (small blind) folded before Flop
Seat 9: chacalay1 (big blind) collected ($0.13)



PokerStars Hand #233869196206:  Hold'em No Limit ($0.01/$0.02 USD) - 2022/02/07 12:55:10 PT [2022/02/07 15:55:10 ET]
Table 'Armisticia III' 9-max Seat #8 is the button
Seat 1: Pokerfox68 ($2 in chips) 
Seat 2: 88Aurum88 ($1.60 in chips) 
Seat 3: dmblovr ($1.14 in chips) 
Seat 4: Stebug76 ($2 in chips) 
Seat 5: Polmerana ($5.07 in chips) 
Seat 6: Dorex2007 ($2 in chips) 
Seat 7: timurilla7 ($3.65 in chips) 
Seat 8: Stanislas_V ($1.32 in chips) 
Seat 9: chacalay1 ($1.67 in chips) 
chacalay1: posts small blind $0.01
Pokerfox68: posts big blind $0.02
*** HOLE CARDS ***
Dealt to Dorex2007 [Tc 5c]
88Aurum88: folds 
dmblovr: raises $0.04 to $0.06
Stebug76: folds 
Polmerana: raises $0.15 to $0.21
Dorex2007: folds 
timurilla7: folds 
Stanislas_V: folds 
chacalay1: folds 
Pokerfox68: folds 
dmblovr: folds 
Uncalled bet ($0.15) returned to Polmerana
Polmerana collected $0.15 from pot
*** SUMMARY ***
Total pot $0.15 | Rake $0 
Seat 1: Pokerfox68 (big blind) folded before Flop
Seat 2: 88Aurum88 folded before Flop (didn't bet)
Seat 3: dmblovr folded before Flop
Seat 4: Stebug76 folded before Flop (didn't bet)
Seat 5: Polmerana collected ($0.15)
Seat 6: Dorex2007 folded before Flop (didn't bet)
Seat 7: timurilla7 folded before Flop (didn't bet)
Seat 8: Stanislas_V (button) folded before Flop (didn't bet)
Seat 9: chacalay1 (small blind) folded before Flop



PokerStars Hand #233869204846:  Hold'em No Limit ($0.01/$0.02 USD) - 2022/02/07 12:55:31 PT [2022/02/07 15:55:31 ET]
Table 'Armisticia III' 9-max Seat #9 is the button
Seat 1: Pokerfox68 ($2 in chips) 
Seat 2: 88Aurum88 ($1.60 in chips) 
Seat 3: dmblovr ($1.08 in chips) 
Seat 4: Stebug76 ($2 in chips) 
Seat 5: Polmerana ($5.16 in chips) 
Seat 6: Dorex2007 ($2 in chips) 
Seat 7: timurilla7 ($3.65 in chips) 
Seat 8: Stanislas_V ($1.32 in chips) 
Seat 9: chacalay1 ($1.66 in chips) 
Pokerfox68: posts small blind $0.01
88Aurum88: posts big blind $0.02
*** HOLE CARDS ***
Dealt to Dorex2007 [Jd 8s]
dmblovr: raises $0.03 to $0.05
Stebug76: folds 
Polmerana: folds 
Dorex2007: folds 
timurilla7: folds 
Stanislas_V: folds 
chacalay1: folds 
Pokerfox68: folds 
88Aurum88: calls $0.03
*** FLOP *** [Tc 2h Js]
88Aurum88: checks 
dmblovr: bets $0.10
88Aurum88: calls $0.10
*** TURN *** [Tc 2h Js] [7d]
88Aurum88: checks 
dmblovr: bets $0.15
88Aurum88: folds 
Uncalled bet ($0.15) returned to dmblovr
dmblovr collected $0.30 from pot
*** SUMMARY ***
Total pot $0.31 | Rake $0.01 
Board [Tc 2h Js 7d]
Seat 1: Pokerfox68 (small blind) folded before Flop
Seat 2: 88Aurum88 (big blind) folded on the Turn
Seat 3: dmblovr collected ($0.30)
Seat 4: Stebug76 folded before Flop (didn't bet)
Seat 5: Polmerana folded before Flop (didn't bet)
Seat 6: Dorex2007 folded before Flop (didn't bet)
Seat 7: timurilla7 folded before Flop (didn't bet)
Seat 8: Stanislas_V folded before Flop (didn't bet)
Seat 9: chacalay1 (button) folded before Flop (didn't bet)



PokerStars Hand #233869222757:  Hold'em No Limit ($0.01/$0.02 USD) - 2022/02/07 12:56:13 PT [2022/02/07 15:56:13 ET]
Table 'Armisticia III' 9-max Seat #1 is the button
Seat 1: Pokerfox68 ($2 in chips) 
Seat 2: 88Aurum88 ($1.45 in chips) 
Seat 3: dmblovr ($1.23 in chips) 
Seat 4: Stebug76 ($2 in chips) 
Seat 5: Polmerana ($5.16 in chips) 
Seat 6: Dorex2007 ($2 in chips) 
Seat 7: timurilla7 ($3.65 in chips) 
Seat 8: Stanislas_V ($1.32 in chips) 
Seat 9: chacalay1 ($1.66 in chips) 
88Aurum88: posts small blind $0.01
dmblovr: posts big blind $0.02
*** HOLE CARDS ***
Dealt to Dorex2007 [7c 2h]
Stebug76 has timed out
Stebug76: folds 
Polmerana: raises $0.04 to $0.06
Dorex2007: folds 
timurilla7: folds 
Stanislas_V: calls $0.06
chacalay1: folds 
Pokerfox68: folds 
88Aurum88: folds 
dmblovr: folds 
*** FLOP *** [4c 3s Th]
Polmerana: checks 
Stanislas_V: checks 
*** TURN *** [4c 3s Th] [9h]
Polmerana: bets $0.08
Stanislas_V: calls $0.08
*** RIVER *** [4c 3s Th 9h] [Ad]
Polmerana: bets $0.10
Stanislas_V: folds 
Uncalled bet ($0.10) returned to Polmerana
Polmerana collected $0.30 from pot
*** SUMMARY ***
Total pot $0.31 | Rake $0.01 
Board [4c 3s Th 9h Ad]
Seat 1: Pokerfox68 (button) folded before Flop (didn't bet)
Seat 2: 88Aurum88 (small blind) folded before Flop
Seat 3: dmblovr (big blind) folded before Flop
Seat 4: Stebug76 folded before Flop (didn't bet)
Seat 5: Polmerana collected ($0.30)
Seat 6: Dorex2007 folded before Flop (didn't bet)
Seat 7: timurilla7 folded before Flop (didn't bet)
Seat 8: Stanislas_V folded on the River
Seat 9: chacalay1 folded before Flop (didn't bet)



PokerStars Hand #233869246719:  Hold'em No Limit ($0.01/$0.02 USD) - 2022/02/07 12:57:08 PT [2022/02/07 15:57:08 ET]
Table 'Armisticia III' 9-max Seat #2 is the button
Seat 1: Pokerfox68 ($2 in chips) 
Seat 2: 88Aurum88 ($1.44 in chips) 
Seat 3: dmblovr ($1.21 in chips) 
Seat 4: Stebug76 ($2 in chips) 
Seat 5: Polmerana ($5.32 in chips) 
Seat 6: Dorex2007 ($2 in chips) 
Seat 7: timurilla7 ($3.65 in chips) 
Seat 8: Stanislas_V ($1.18 in chips) 
Seat 9: chacalay1 ($1.66 in chips) 
dmblovr: posts small blind $0.01
Stebug76: posts big blind $0.02
*** HOLE CARDS ***
Dealt to Dorex2007 [Qs 4s]
Polmerana: folds 
Dorex2007: folds 
timurilla7: folds 
Stanislas_V: folds 
chacalay1: folds 
Pokerfox68: raises $0.04 to $0.06
88Aurum88: folds 
dmblovr: folds 
Stebug76: folds 
Uncalled bet ($0.04) returned to Pokerfox68
Pokerfox68 collected $0.05 from pot
*** SUMMARY ***
Total pot $0.05 | Rake $0 
Seat 1: Pokerfox68 collected ($0.05)
Seat 2: 88Aurum88 (button) folded before Flop (didn't bet)
Seat 3: dmblovr (small blind) folded before Flop
Seat 4: Stebug76 (big blind) folded before Flop
Seat 5: Polmerana folded before Flop (didn't bet)
Seat 6: Dorex2007 folded before Flop (didn't bet)
Seat 7: timurilla7 folded before Flop (didn't bet)
Seat 8: Stanislas_V folded before Flop (didn't bet)
Seat 9: chacalay1 folded before Flop (didn't bet)



PokerStars Hand #233869259965:  Hold'em No Limit ($0.01/$0.02 USD) - 2022/02/07 12:57:38 PT [2022/02/07 15:57:38 ET]
Table 'Armisticia III' 9-max Seat #3 is the button
Seat 1: Pokerfox68 ($2.03 in chips) 
Seat 2: 88Aurum88 ($1.44 in chips) 
Seat 3: dmblovr ($1.20 in chips) 
Seat 4: Stebug76 ($1.98 in chips) 
Seat 5: Polmerana ($5.32 in chips) 
Seat 6: Dorex2007 ($2 in chips) 
Seat 7: timurilla7 ($3.65 in chips) 
Seat 8: Stanislas_V ($1.18 in chips) 
Seat 9: chacalay1 ($1.66 in chips) 
Stebug76: posts small blind $0.01
Polmerana: posts big blind $0.02
*** HOLE CARDS ***
Dealt to Dorex2007 [Qc 2d]
Dorex2007: folds 
timurilla7: folds 
Stanislas_V: calls $0.02
chacalay1: folds 
Pokerfox68: folds 
88Aurum88: raises $0.04 to $0.06
dmblovr: folds 
Stebug76: raises $0.16 to $0.22
Polmerana: folds 
Stanislas_V: folds 
88Aurum88: calls $0.16
*** FLOP *** [Jh 8s Ac]
Stebug76: bets $0.23
88Aurum88: calls $0.23
*** TURN *** [Jh 8s Ac] [3s]
Stebug76: checks 
88Aurum88: bets $0.99 and is all-in
Stebug76: folds 
Uncalled bet ($0.99) returned to 88Aurum88
88Aurum88 collected $0.91 from pot
88Aurum88: shows [Qh Kd] (high card Ace)
*** SUMMARY ***
Total pot $0.94 | Rake $0.03 
Board [Jh 8s Ac 3s]
Seat 1: Pokerfox68 folded before Flop (didn't bet)
Seat 2: 88Aurum88 collected ($0.91)
Seat 3: dmblovr (button) folded before Flop (didn't bet)
Seat 4: Stebug76 (small blind) folded on the Turn
Seat 5: Polmerana (big blind) folded before Flop
Seat 6: Dorex2007 folded before Flop (didn't bet)
Seat 7: timurilla7 folded before Flop (didn't bet)
Seat 8: Stanislas_V folded before Flop
Seat 9: chacalay1 folded before Flop (didn't bet)



PokerStars Hand #233869308162:  Hold'em No Limit ($0.01/$0.02 USD) - 2022/02/07 12:59:29 PT [2022/02/07 15:59:29 ET]
Table 'Armisticia III' 9-max Seat #4 is the button
Seat 1: Pokerfox68 ($2.03 in chips) 
Seat 2: 88Aurum88 ($1.90 in chips) 
Seat 3: dmblovr ($1.20 in chips) 
Seat 4: Stebug76 ($2 in chips) 
Seat 5: Polmerana ($5.30 in chips) 
Seat 6: Dorex2007 ($2 in chips) 
Seat 7: timurilla7 ($3.65 in chips) 
Seat 8: Stanislas_V ($1.16 in chips) 
Seat 9: chacalay1 ($1.66 in chips) 
Polmerana: posts small blind $0.01
Dorex2007: posts big blind $0.02
*** HOLE CARDS ***
Dealt to Dorex2007 [Jh Td]
timurilla7: calls $0.02
Stanislas_V: folds 
chacalay1: folds 
Pokerfox68: folds 
88Aurum88: raises $0.04 to $0.06
dmblovr: folds 
Stebug76 has timed out
Stebug76: folds 
Polmerana: folds 
Dorex2007: folds 
timurilla7: calls $0.04
*** FLOP *** [2s 4c Ts]
timurilla7: checks 
88Aurum88: checks 
*** TURN *** [2s 4c Ts] [Ah]
timurilla7: checks 
88Aurum88: bets $0.08
timurilla7: folds 
Uncalled bet ($0.08) returned to 88Aurum88
88Aurum88 collected $0.14 from pot
*** SUMMARY ***
Total pot $0.15 | Rake $0.01 
Board [2s 4c Ts Ah]
Seat 1: Pokerfox68 folded before Flop (didn't bet)
Seat 2: 88Aurum88 collected ($0.14)
Seat 3: dmblovr folded before Flop (didn't bet)
Seat 4: Stebug76 (button) folded before Flop (didn't bet)
Seat 5: Polmerana (small blind) folded before Flop
Seat 6: Dorex2007 (big blind) folded before Flop
Seat 7: timurilla7 folded on the Turn
Seat 8: Stanislas_V folded before Flop (didn't bet)
Seat 9: chacalay1 folded before Flop (didn't bet)



PokerStars Hand #233869332051:  Hold'em No Limit ($0.01/$0.02 USD) - 2022/02/07 13:00:23 PT [2022/02/07 16:00:23 ET]
Table 'Armisticia III' 9-max Seat #5 is the button
Seat 1: Pokerfox68 ($2.03 in chips) 
Seat 2: 88Aurum88 ($1.98 in chips) 
Seat 4: Stebug76 ($2 in chips) 
Seat 5: Polmerana ($5.29 in chips) 
Seat 6: Dorex2007 ($2 in chips) 
Seat 7: timurilla7 ($3.59 in chips) 
Seat 8: Stanislas_V ($1.16 in chips) 
Seat 9: chacalay1 ($1.66 in chips) 
Dorex2007: posts small blind $0.01
timurilla7: posts big blind $0.02
*** HOLE CARDS ***
Dealt to Dorex2007 [3s Ac]
Stanislas_V: folds 
chacalay1: folds 
Pokerfox68: folds 
88Aurum88: raises $0.04 to $0.06
Stebug76: folds 
Polmerana: calls $0.06
Dorex2007: folds 
timurilla7: folds 
*** FLOP *** [9d 8d 6h]
88Aurum88: bets $0.08
Polmerana: calls $0.08
*** TURN *** [9d 8d 6h] [4d]
88Aurum88: bets $0.14
Polmerana: calls $0.14
*** RIVER *** [9d 8d 6h 4d] [3c]
88Aurum88: checks 
Polmerana: bets $0.14
88Aurum88: calls $0.14
*** SHOW DOWN ***
Polmerana: shows [Ad 5d] (a flush, Ace high)
88Aurum88: mucks hand 
Polmerana collected $0.84 from pot
*** SUMMARY ***
Total pot $0.87 | Rake $0.03 
Board [9d 8d 6h 4d 3c]
Seat 1: Pokerfox68 folded before Flop (didn't bet)
Seat 2: 88Aurum88 mucked [Qs Qh]
Seat 4: Stebug76 folded before Flop (didn't bet)
Seat 5: Polmerana (button) showed [Ad 5d] and won ($0.84) with a flush, Ace high
Seat 6: Dorex2007 (small blind) folded before Flop
Seat 7: timurilla7 (big blind) folded before Flop
Seat 8: Stanislas_V folded before Flop (didn't bet)
Seat 9: chacalay1 folded before Flop (didn't bet)



PokerStars Hand #233869357154:  Hold'em No Limit ($0.01/$0.02 USD) - 2022/02/07 13:01:16 PT [2022/02/07 16:01:16 ET]
Table 'Armisticia III' 9-max Seat #6 is the button
Seat 1: Pokerfox68 ($2.03 in chips) 
Seat 2: 88Aurum88 ($1.56 in chips) 
Seat 4: Stebug76 ($2 in chips) 
Seat 5: Polmerana ($5.71 in chips) 
Seat 6: Dorex2007 ($2 in chips) 
Seat 7: timurilla7 ($3.57 in chips) 
Seat 8: Stanislas_V ($1.16 in chips) 
Seat 9: chacalay1 ($1.66 in chips) 
timurilla7: posts small blind $0.01
Stanislas_V: posts big blind $0.02
*** HOLE CARDS ***
Dealt to Dorex2007 [As 8c]
chacalay1: folds 
Pokerfox68: folds 
88Aurum88: folds 
Stebug76: raises $0.04 to $0.06
Polmerana: folds 
Dorex2007: folds 
timurilla7: folds 
Stanislas_V: calls $0.04
*** FLOP *** [Qc 6c Ac]
Stanislas_V: checks 
Stebug76: bets $0.07
Stanislas_V: calls $0.07
*** TURN *** [Qc 6c Ac] [8s]
Stanislas_V: checks 
Stebug76: checks 
*** RIVER *** [Qc 6c Ac 8s] [Kc]
Stanislas_V: checks 
Stebug76: checks 
*** SHOW DOWN ***
Stanislas_V: shows [Ah Qh] (two pair, Aces and Queens)
Stebug76: mucks hand 
Stanislas_V collected $0.26 from pot
*** SUMMARY ***
Total pot $0.27 | Rake $0.01 
Board [Qc 6c Ac 8s Kc]
Seat 1: Pokerfox68 folded before Flop (didn't bet)
Seat 2: 88Aurum88 folded before Flop (didn't bet)
Seat 4: Stebug76 mucked [8d 7d]
Seat 5: Polmerana folded before Flop (didn't bet)
Seat 6: Dorex2007 (button) folded before Flop (didn't bet)
Seat 7: timurilla7 (small blind) folded before Flop
Seat 8: Stanislas_V (big blind) showed [Ah Qh] and won ($0.26) with two pair, Aces and Queens
Seat 9: chacalay1 folded before Flop (didn't bet)



PokerStars Hand #233869386408:  Hold'em No Limit ($0.01/$0.02 USD) - 2022/02/07 13:02:11 PT [2022/02/07 16:02:11 ET]
Table 'Armisticia III' 9-max Seat #7 is the button
Seat 1: Pokerfox68 ($2.03 in chips) 
Seat 2: 88Aurum88 ($1.56 in chips) 
Seat 4: Stebug76 ($1.87 in chips) 
Seat 5: Polmerana ($5.71 in chips) 
Seat 6: Dorex2007 ($2 in chips) 
Seat 7: timurilla7 ($3.56 in chips) 
Seat 8: Stanislas_V ($1.29 in chips) 
Seat 9: chacalay1 ($1.66 in chips) 
Stanislas_V: posts small blind $0.01
chacalay1: posts big blind $0.02
*** HOLE CARDS ***
Dealt to Dorex2007 [Jc Th]
Pokerfox68: folds 
88Aurum88: folds 
Stebug76 has timed out
Stebug76: folds 
Polmerana: folds 
Dorex2007: folds 
timurilla7: folds 
Stanislas_V: raises $0.02 to $0.04
chacalay1: calls $0.02
*** FLOP *** [8d Js 8h]
Stanislas_V: bets $0.04
chacalay1: folds 
Uncalled bet ($0.04) returned to Stanislas_V
Stanislas_V collected $0.08 from pot
Stanislas_V: doesn't show hand 
*** SUMMARY ***
Total pot $0.08 | Rake $0 
Board [8d Js 8h]
Seat 1: Pokerfox68 folded before Flop (didn't bet)
Seat 2: 88Aurum88 folded before Flop (didn't bet)
Seat 4: Stebug76 folded before Flop (didn't bet)
Seat 5: Polmerana folded before Flop (didn't bet)
Seat 6: Dorex2007 folded before Flop (didn't bet)
Seat 7: timurilla7 (button) folded before Flop (didn't bet)
Seat 8: Stanislas_V (small blind) collected ($0.08)
Seat 9: chacalay1 (big blind) folded on the Flop



PokerStars Hand #233869413486:  Hold'em No Limit ($0.01/$0.02 USD) - 2022/02/07 13:02:57 PT [2022/02/07 16:02:57 ET]
Table 'Armisticia III' 9-max Seat #8 is the button
Seat 1: Pokerfox68 ($2.03 in chips) 
Seat 2: 88Aurum88 ($1.56 in chips) 
Seat 4: Stebug76 ($1.87 in chips) 
Seat 5: Polmerana ($5.71 in chips) 
Seat 6: Dorex2007 ($2 in chips) 
Seat 7: timurilla7 ($3.56 in chips) 
Seat 8: Stanislas_V ($1.33 in chips) 
Seat 9: chacalay1 ($1.62 in chips) 
chacalay1: posts small blind $0.01
Pokerfox68: posts big blind $0.02
*** HOLE CARDS ***
Dealt to Dorex2007 [9s 6h]
88Aurum88: folds 
Stebug76: raises $0.04 to $0.06
Polmerana: raises $0.15 to $0.21
Dorex2007: folds 
timurilla7: folds 
Stanislas_V: calls $0.21
chacalay1: folds 
Pokerfox68: folds 
Stebug76: calls $0.15
*** FLOP *** [6s Jc Th]
Stebug76: checks 
Polmerana: bets $5.50 and is all-in
Stanislas_V: folds 
Stebug76: calls $1.66 and is all-in
Uncalled bet ($3.84) returned to Polmerana
*** TURN *** [6s Jc Th] [4d]
*** RIVER *** [6s Jc Th 4d] [8d]
*** SHOW DOWN ***
Stebug76: shows [2s 2d] (a pair of Deuces)
Polmerana: shows [As Ac] (a pair of Aces)
Polmerana cashed out the hand for $3.47 | Cash Out Fee $0.04
*** SUMMARY ***
Total pot $3.98 | Rake $0.14 
Board [6s Jc Th 4d 8d]
Seat 1: Pokerfox68 (big blind) folded before Flop
Seat 2: 88Aurum88 folded before Flop (didn't bet)
Seat 4: Stebug76 showed [2s 2d] and lost with a pair of Deuces
Seat 5: Polmerana showed [As Ac] and won ($3.84) with a pair of Aces (pot not awarded as player cashed out)
Seat 6: Dorex2007 folded before Flop (didn't bet)
Seat 7: timurilla7 folded before Flop (didn't bet)
Seat 8: Stanislas_V (button) folded on the Flop
Seat 9: chacalay1 (small blind) folded before Flop



PokerStars Hand #233869472862:  Hold'em No Limit ($0.01/$0.02 USD) - 2022/02/07 13:04:38 PT [2022/02/07 16:04:38 ET]
Table 'Armisticia III' 9-max Seat #9 is the button
Seat 1: Pokerfox68 ($2.01 in chips) 
Seat 2: 88Aurum88 ($1.56 in chips) 
Seat 3: dmblovr ($1.20 in chips) 
Seat 4: Stebug76 ($2 in chips) 
Seat 5: Polmerana ($7.31 in chips) 
Seat 6: Dorex2007 ($2 in chips) 
Seat 7: timurilla7 ($3.56 in chips) 
Seat 8: Stanislas_V ($1.12 in chips) 
Seat 9: chacalay1 ($1.61 in chips) 
Pokerfox68: posts small blind $0.01
88Aurum88: posts big blind $0.02
*** HOLE CARDS ***
Dealt to Dorex2007 [2c Ks]
dmblovr: folds 
Stebug76: raises $0.04 to $0.06
Polmerana: folds 
Dorex2007: folds 
timurilla7: folds 
Stanislas_V: folds 
chacalay1: folds 
Pokerfox68: folds 
88Aurum88: folds 
Uncalled bet ($0.04) returned to Stebug76
Stebug76 collected $0.05 from pot
Stebug76: doesn't show hand 
*** SUMMARY ***
Total pot $0.05 | Rake $0 
Seat 1: Pokerfox68 (small blind) folded before Flop
Seat 2: 88Aurum88 (big blind) folded before Flop
Seat 3: dmblovr folded before Flop (didn't bet)
Seat 4: Stebug76 collected ($0.05)
Seat 5: Polmerana folded before Flop (didn't bet)
Seat 6: Dorex2007 folded before Flop (didn't bet)
Seat 7: timurilla7 folded before Flop (didn't bet)
Seat 8: Stanislas_V folded before Flop (didn't bet)
Seat 9: chacalay1 (button) folded before Flop (didn't bet)



PokerStars Hand #233869497516:  Hold'em No Limit ($0.01/$0.02 USD) - 2022/02/07 13:05:20 PT [2022/02/07 16:05:20 ET]
Table 'Armisticia III' 9-max Seat #1 is the button
Seat 1: Pokerfox68 ($2 in chips) 
Seat 2: 88Aurum88 ($1.54 in chips) 
Seat 3: dmblovr ($1.20 in chips) 
Seat 5: Polmerana ($7.31 in chips) 
Seat 6: Dorex2007 ($2 in chips) 
Seat 7: timurilla7 ($3.56 in chips) 
Seat 8: Stanislas_V ($1.12 in chips) 
Seat 9: chacalay1 ($1.61 in chips) 
88Aurum88: posts small blind $0.01
dmblovr: posts big blind $0.02
*** HOLE CARDS ***
Dealt to Dorex2007 [Qh Kd]
Polmerana: folds 
Stebug76 leaves the table
Dorex2007: raises $0.04 to $0.06
timurilla7: folds 
Stanislas_V: calls $0.06
chacalay1: folds 
Pokerfox68: calls $0.06
88Aurum88: folds 
dmblovr: folds 
*** FLOP *** [4c 9h 3h]
Dorex2007: checks 
Stanislas_V: checks 
Pokerfox68: bets $0.10
asan80 joins the table at seat #4 
Dorex2007: folds 
Stanislas_V: calls $0.10
*** TURN *** [4c 9h 3h] [Jd]
Stanislas_V: checks 
Pokerfox68: checks 
*** RIVER *** [4c 9h 3h Jd] [Th]
Stanislas_V: checks 
Pokerfox68: checks 
*** SHOW DOWN ***
Stanislas_V: shows [7d 7c] (a pair of Sevens)
Pokerfox68: mucks hand 
Stanislas_V collected $0.40 from pot
*** SUMMARY ***
Total pot $0.41 | Rake $0.01 
Board [4c 9h 3h Jd Th]
Seat 1: Pokerfox68 (button) mucked [As 3s]
Seat 2: 88Aurum88 (small blind) folded before Flop
Seat 3: dmblovr (big blind) folded before Flop
Seat 5: Polmerana folded before Flop (didn't bet)
Seat 6: Dorex2007 folded on the Flop
Seat 7: timurilla7 folded before Flop (didn't bet)
Seat 8: Stanislas_V showed [7d 7c] and won ($0.40) with a pair of Sevens
Seat 9: chacalay1 folded before Flop (didn't bet)



PokerStars Hand #233869531228:  Hold'em No Limit ($0.01/$0.02 USD) - 2022/02/07 13:06:18 PT [2022/02/07 16:06:18 ET]
Table 'Armisticia III' 9-max Seat #2 is the button
Seat 1: Pokerfox68 ($2 in chips) 
Seat 2: 88Aurum88 ($1.53 in chips) 
Seat 3: dmblovr ($1.18 in chips) 
Seat 4: asan80 ($2 in chips) 
Seat 5: Polmerana ($7.31 in chips) 
Seat 6: Dorex2007 ($2 in chips) 
Seat 7: timurilla7 ($3.56 in chips) 
Seat 8: Stanislas_V ($1.36 in chips) 
Seat 9: chacalay1 ($1.61 in chips) 
dmblovr: posts small blind $0.01
asan80: posts big blind $0.02
*** HOLE CARDS ***
Dealt to Dorex2007 [8s 8c]
Polmerana: folds 
Dorex2007: raises $0.04 to $0.06
timurilla7: folds 
Stanislas_V: folds 
chacalay1: calls $0.06
Pokerfox68: folds 
88Aurum88: folds 
dmblovr: calls $0.05
asan80: calls $0.04
*** FLOP *** [Ad 3h 9h]
dmblovr: checks 
asan80: bets $0.11
Dorex2007: folds 
chacalay1: folds 
dmblovr: calls $0.11
*** TURN *** [Ad 3h 9h] [Qc]
dmblovr: checks 
asan80: checks 
*** RIVER *** [Ad 3h 9h Qc] [6h]
dmblovr: checks 
asan80: bets $0.22
dmblovr: calls $0.22
*** SHOW DOWN ***
asan80: shows [Kh 8h] (a flush, King high)
dmblovr: mucks hand 
asan80 collected $0.87 from pot
*** SUMMARY ***
Total pot $0.90 | Rake $0.03 
Board [Ad 3h 9h Qc 6h]
Seat 1: Pokerfox68 folded before Flop (didn't bet)
Seat 2: 88Aurum88 (button) folded before Flop (didn't bet)
Seat 3: dmblovr (small blind) mucked [As Qs]
Seat 4: asan80 (big blind) showed [Kh 8h] and won ($0.87) with a flush, King high
Seat 5: Polmerana folded before Flop (didn't bet)
Seat 6: Dorex2007 folded on the Flop
Seat 7: timurilla7 folded before Flop (didn't bet)
Seat 8: Stanislas_V folded before Flop (didn't bet)
Seat 9: chacalay1 folded on the Flop



PokerStars Hand #233869568156:  Hold'em No Limit ($0.01/$0.02 USD) - 2022/02/07 13:07:21 PT [2022/02/07 16:07:21 ET]
Table 'Armisticia III' 9-max Seat #3 is the button
Seat 1: Pokerfox68 ($2 in chips) 
Seat 2: 88Aurum88 ($1.53 in chips) 
Seat 3: dmblovr ($0.79 in chips) 
Seat 4: asan80 ($2.48 in chips) 
Seat 5: Polmerana ($7.31 in chips) 
Seat 6: Dorex2007 ($2 in chips) 
Seat 7: timurilla7 ($3.56 in chips) 
Seat 8: Stanislas_V ($1.36 in chips) 
Seat 9: chacalay1 ($1.60 in chips) 
asan80: posts small blind $0.01
Polmerana: posts big blind $0.02
*** HOLE CARDS ***
Dealt to Dorex2007 [Td 6h]
Dorex2007: folds 
timurilla7: raises $0.04 to $0.06
Stanislas_V: folds 
chacalay1: folds 
Pokerfox68: folds 
88Aurum88: folds 
dmblovr: folds 
asan80: calls $0.05
Polmerana: calls $0.04
*** FLOP *** [6c 7d Kc]
asan80: checks 
Polmerana: checks 
timurilla7: bets $0.06
asan80: calls $0.06
Polmerana: folds 
*** TURN *** [6c 7d Kc] [2h]
asan80: checks 
timurilla7: bets $0.13
asan80: calls $0.13
*** RIVER *** [6c 7d Kc 2h] [4c]
asan80: checks 
timurilla7: checks 
*** SHOW DOWN ***
asan80: shows [8d 9d] (high card King)
timurilla7: shows [9s 9c] (a pair of Nines)
timurilla7 collected $0.54 from pot
*** SUMMARY ***
Total pot $0.56 | Rake $0.02 
Board [6c 7d Kc 2h 4c]
Seat 1: Pokerfox68 folded before Flop (didn't bet)
Seat 2: 88Aurum88 folded before Flop (didn't bet)
Seat 3: dmblovr (button) folded before Flop (didn't bet)
Seat 4: asan80 (small blind) showed [8d 9d] and lost with high card King
Seat 5: Polmerana (big blind) folded on the Flop
Seat 6: Dorex2007 folded before Flop (didn't bet)
Seat 7: timurilla7 showed [9s 9c] and won ($0.54) with a pair of Nines
Seat 8: Stanislas_V folded before Flop (didn't bet)
Seat 9: chacalay1 folded before Flop (didn't bet)



PokerStars Hand #233869617039:  Hold'em No Limit ($0.01/$0.02 USD) - 2022/02/07 13:08:44 PT [2022/02/07 16:08:44 ET]
Table 'Armisticia III' 9-max Seat #4 is the button
Seat 1: Pokerfox68 ($2 in chips) 
Seat 2: 88Aurum88 ($1.53 in chips) 
Seat 3: dmblovr ($0.79 in chips) 
Seat 4: asan80 ($2.23 in chips) 
Seat 5: Polmerana ($7.25 in chips) 
Seat 6: Dorex2007 ($2 in chips) 
Seat 7: timurilla7 ($3.85 in chips) 
Seat 8: Stanislas_V ($1.36 in chips) 
Seat 9: chacalay1 ($1.60 in chips) 
Polmerana: posts small blind $0.01
Dorex2007: posts big blind $0.02
*** HOLE CARDS ***
Dealt to Dorex2007 [7s Jd]
timurilla7: folds 
Stanislas_V: folds 
chacalay1: folds 
Pokerfox68: folds 
88Aurum88: folds 
dmblovr: folds 
asan80: folds 
Polmerana: folds 
Uncalled bet ($0.01) returned to Dorex2007
Dorex2007 collected $0.02 from pot
Dorex2007: doesn't show hand 
*** SUMMARY ***
Total pot $0.02 | Rake $0 
Seat 1: Pokerfox68 folded before Flop (didn't bet)
Seat 2: 88Aurum88 folded before Flop (didn't bet)
Seat 3: dmblovr folded before Flop (didn't bet)
Seat 4: asan80 (button) folded before Flop (didn't bet)
Seat 5: Polmerana (small blind) folded before Flop
Seat 6: Dorex2007 (big blind) collected ($0.02)
Seat 7: timurilla7 folded before Flop (didn't bet)
Seat 8: Stanislas_V folded before Flop (didn't bet)
Seat 9: chacalay1 folded before Flop (didn't bet)



PokerStars Hand #233869634542:  Hold'em No Limit ($0.01/$0.02 USD) - 2022/02/07 13:09:14 PT [2022/02/07 16:09:14 ET]
Table 'Armisticia III' 9-max Seat #5 is the button
Seat 1: Pokerfox68 ($2 in chips) 
Seat 2: 88Aurum88 ($1.53 in chips) 
Seat 3: dmblovr ($0.79 in chips) 
Seat 4: asan80 ($2.23 in chips) 
Seat 5: Polmerana ($7.24 in chips) 
Seat 6: Dorex2007 ($2.01 in chips) 
Seat 7: timurilla7 ($3.85 in chips) 
Seat 8: Stanislas_V ($1.36 in chips) 
Seat 9: chacalay1 ($1.60 in chips) 
Dorex2007: posts small blind $0.01
timurilla7: posts big blind $0.02
*** HOLE CARDS ***
Dealt to Dorex2007 [6d Ks]
Stanislas_V: folds 
chacalay1: folds 
Pokerfox68: folds 
88Aurum88: folds 
dmblovr: calls $0.02
asan80: folds 
Polmerana: folds 
Dorex2007: folds 
timurilla7: checks 
*** FLOP *** [6c Qc 3c]
timurilla7: checks 
dmblovr: bets $0.04
timurilla7: folds 
Uncalled bet ($0.04) returned to dmblovr
dmblovr collected $0.05 from pot
*** SUMMARY ***
Total pot $0.05 | Rake $0 
Board [6c Qc 3c]
Seat 1: Pokerfox68 folded before Flop (didn't bet)
Seat 2: 88Aurum88 folded before Flop (didn't bet)
Seat 3: dmblovr collected ($0.05)
Seat 4: asan80 folded before Flop (didn't bet)
Seat 5: Polmerana (button) folded before Flop (didn't bet)
Seat 6: Dorex2007 (small blind) folded before Flop
Seat 7: timurilla7 (big blind) folded on the Flop
Seat 8: Stanislas_V folded before Flop (didn't bet)
Seat 9: chacalay1 folded before Flop (didn't bet)



PokerStars Hand #233869658388:  Hold'em No Limit ($0.01/$0.02 USD) - 2022/02/07 13:09:54 PT [2022/02/07 16:09:54 ET]
Table 'Armisticia III' 9-max Seat #6 is the button
Seat 1: Pokerfox68 ($2 in chips) 
Seat 2: 88Aurum88 ($1.53 in chips) 
Seat 3: dmblovr ($0.82 in chips) 
Seat 4: asan80 ($2.23 in chips) 
Seat 5: Polmerana ($7.24 in chips) 
Seat 6: Dorex2007 ($2 in chips) 
Seat 7: timurilla7 ($3.83 in chips) 
Seat 8: Stanislas_V ($1.36 in chips) 
Seat 9: chacalay1 ($1.60 in chips) 
timurilla7: posts small blind $0.01
Stanislas_V: posts big blind $0.02
*** HOLE CARDS ***
Dealt to Dorex2007 [3c 9h]
chacalay1: folds 
Pokerfox68: folds 
88Aurum88: folds 
dmblovr: folds 
asan80: folds 
Polmerana: raises $0.05 to $0.07
Dorex2007: folds 
timurilla7: folds 
Stanislas_V: calls $0.05
*** FLOP *** [7c Td 2s]
Stanislas_V: checks 
Polmerana: bets $0.07
Stanislas_V: calls $0.07
*** TURN *** [7c Td 2s] [Ts]
Stanislas_V: checks 
Polmerana: bets $0.14
Stanislas_V: calls $0.14
*** RIVER *** [7c Td 2s Ts] [Jc]
Stanislas_V: bets $0.28
Polmerana: folds 
Uncalled bet ($0.28) returned to Stanislas_V
Stanislas_V collected $0.55 from pot
Stanislas_V: doesn't show hand 
*** SUMMARY ***
Total pot $0.57 | Rake $0.02 
Board [7c Td 2s Ts Jc]
Seat 1: Pokerfox68 folded before Flop (didn't bet)
Seat 2: 88Aurum88 folded before Flop (didn't bet)
Seat 3: dmblovr folded before Flop (didn't bet)
Seat 4: asan80 folded before Flop (didn't bet)
Seat 5: Polmerana folded on the River
Seat 6: Dorex2007 (button) folded before Flop (didn't bet)
Seat 7: timurilla7 (small blind) folded before Flop
Seat 8: Stanislas_V (big blind) collected ($0.55)
Seat 9: chacalay1 folded before Flop (didn't bet)



PokerStars Hand #233869696566:  Hold'em No Limit ($0.01/$0.02 USD) - 2022/02/07 13:11:00 PT [2022/02/07 16:11:00 ET]
Table 'Armisticia III' 9-max Seat #7 is the button
Seat 1: Pokerfox68 ($2 in chips) 
Seat 2: 88Aurum88 ($1.53 in chips) 
Seat 3: dmblovr ($0.82 in chips) 
Seat 4: asan80 ($2.23 in chips) 
Seat 5: Polmerana ($6.96 in chips) 
Seat 6: Dorex2007 ($2 in chips) 
Seat 7: timurilla7 ($3.82 in chips) 
Seat 8: Stanislas_V ($1.63 in chips) 
Seat 9: chacalay1 ($1.60 in chips) 
Stanislas_V: posts small blind $0.01
chacalay1: posts big blind $0.02
*** HOLE CARDS ***
Dealt to Dorex2007 [3c Ts]
Pokerfox68: folds 
88Aurum88: folds 
dmblovr: folds 
asan80: folds 
Polmerana: raises $0.02 to $0.04
Dorex2007: folds 
timurilla7: folds 
Stanislas_V: folds 
chacalay1: calls $0.02
*** FLOP *** [Td 5h Jh]
chacalay1: checks 
Polmerana: bets $0.05
chacalay1: raises $0.11 to $0.16
Polmerana: calls $0.11
*** TURN *** [Td 5h Jh] [As]
chacalay1: bets $0.50
Polmerana: folds 
Uncalled bet ($0.50) returned to chacalay1
chacalay1 collected $0.40 from pot
chacalay1: doesn't show hand 
*** SUMMARY ***
Total pot $0.41 | Rake $0.01 
Board [Td 5h Jh As]
Seat 1: Pokerfox68 folded before Flop (didn't bet)
Seat 2: 88Aurum88 folded before Flop (didn't bet)
Seat 3: dmblovr folded before Flop (didn't bet)
Seat 4: asan80 folded before Flop (didn't bet)
Seat 5: Polmerana folded on the Turn
Seat 6: Dorex2007 folded before Flop (didn't bet)
Seat 7: timurilla7 (button) folded before Flop (didn't bet)
Seat 8: Stanislas_V (small blind) folded before Flop
Seat 9: chacalay1 (big blind) collected ($0.40)



PokerStars Hand #233869726054:  Hold'em No Limit ($0.01/$0.02 USD) - 2022/02/07 13:11:51 PT [2022/02/07 16:11:51 ET]
Table 'Armisticia III' 9-max Seat #8 is the button
Seat 2: 88Aurum88 ($1.53 in chips) 
Seat 3: dmblovr ($0.82 in chips) 
Seat 4: asan80 ($2.23 in chips) 
Seat 5: Polmerana ($6.76 in chips) 
Seat 6: Dorex2007 ($2 in chips) 
Seat 7: timurilla7 ($3.82 in chips) 
Seat 8: Stanislas_V ($1.62 in chips) 
Seat 9: chacalay1 ($1.80 in chips) 
chacalay1: posts small blind $0.01
88Aurum88: posts big blind $0.02
*** HOLE CARDS ***
Dealt to Dorex2007 [3s 7h]
dmblovr: raises $0.02 to $0.04
asan80: folds 
Polmerana: raises $0.11 to $0.15
Dorex2007: folds 
timurilla7: folds 
Stanislas_V: folds 
chacalay1: folds 
88Aurum88: folds 
dmblovr: calls $0.11
*** FLOP *** [8c Td Ah]
dmblovr: checks 
Polmerana: bets $0.32
dmblovr: folds 
Uncalled bet ($0.32) returned to Polmerana
Polmerana collected $0.32 from pot
*** SUMMARY ***
Total pot $0.33 | Rake $0.01 
Board [8c Td Ah]
Seat 2: 88Aurum88 (big blind) folded before Flop
Seat 3: dmblovr folded on the Flop
Seat 4: asan80 folded before Flop (didn't bet)
Seat 5: Polmerana collected ($0.32)
Seat 6: Dorex2007 folded before Flop (didn't bet)
Seat 7: timurilla7 folded before Flop (didn't bet)
Seat 8: Stanislas_V (button) folded before Flop (didn't bet)
Seat 9: chacalay1 (small blind) folded before Flop



PokerStars Hand #233869740952:  Hold'em No Limit ($0.01/$0.02 USD) - 2022/02/07 13:12:17 PT [2022/02/07 16:12:17 ET]
Table 'Armisticia III' 9-max Seat #9 is the button
Seat 2: 88Aurum88 ($1.51 in chips) 
Seat 3: dmblovr ($0.67 in chips) 
Seat 4: asan80 ($2.23 in chips) 
Seat 5: Polmerana ($6.93 in chips) 
Seat 6: Dorex2007 ($2 in chips) 
Seat 7: timurilla7 ($3.82 in chips) 
Seat 8: Stanislas_V ($1.62 in chips) 
Seat 9: chacalay1 ($1.79 in chips) 
88Aurum88: posts small blind $0.01
dmblovr: posts big blind $0.02
*** HOLE CARDS ***
Dealt to Dorex2007 [6d Ah]
asan80: folds 
Polmerana: folds 
Dorex2007: folds 
timurilla7: folds 
Stanislas_V: calls $0.02
chacalay1: folds 
88Aurum88: folds 
dmblovr: raises $0.06 to $0.08
chacalay1 said, "nit now"
Stanislas_V: calls $0.06
*** FLOP *** [3s 8d Ad]
chacalay1 said, "?"
dmblovr: bets $0.06
Stanislas_V: calls $0.06
*** TURN *** [3s 8d Ad] [2d]
dmblovr: checks 
Stanislas_V: bets $0.14
dmblovr: folds 
Uncalled bet ($0.14) returned to Stanislas_V
Stanislas_V collected $0.28 from pot
Stanislas_V: doesn't show hand 
*** SUMMARY ***
Total pot $0.29 | Rake $0.01 
Board [3s 8d Ad 2d]
Seat 2: 88Aurum88 (small blind) folded before Flop
Seat 3: dmblovr (big blind) folded on the Turn
Seat 4: asan80 folded before Flop (didn't bet)
Seat 5: Polmerana folded before Flop (didn't bet)
Seat 6: Dorex2007 folded before Flop (didn't bet)
Seat 7: timurilla7 folded before Flop (didn't bet)
Seat 8: Stanislas_V collected ($0.28)
Seat 9: chacalay1 (button) folded before Flop (didn't bet)



PokerStars Hand #233869769298:  Hold'em No Limit ($0.01/$0.02 USD) - 2022/02/07 13:13:06 PT [2022/02/07 16:13:06 ET]
Table 'Armisticia III' 9-max Seat #2 is the button
Seat 2: 88Aurum88 ($1.50 in chips) 
Seat 3: dmblovr ($0.53 in chips) 
Seat 4: asan80 ($2.23 in chips) 
Seat 5: Polmerana ($6.93 in chips) 
Seat 6: Dorex2007 ($2 in chips) 
Seat 7: timurilla7 ($3.82 in chips) 
Seat 8: Stanislas_V ($1.76 in chips) 
Seat 9: chacalay1 ($1.79 in chips) 
dmblovr: posts small blind $0.01
asan80: posts big blind $0.02
Pokerfox68: sits out 
*** HOLE CARDS ***
Dealt to Dorex2007 [Ac Qc]
Polmerana: folds 
Dorex2007: raises $0.04 to $0.06
timurilla7: folds 
Stanislas_V: calls $0.06
chacalay1: raises $0.48 to $0.54
88Aurum88: folds 
dmblovr: folds 
asan80: folds 
Dorex2007: folds 
Stanislas_V: folds 
Uncalled bet ($0.48) returned to chacalay1
chacalay1 collected $0.21 from pot
chacalay1: doesn't show hand 
*** SUMMARY ***
Total pot $0.21 | Rake $0 
Seat 2: 88Aurum88 (button) folded before Flop (didn't bet)
Seat 3: dmblovr (small blind) folded before Flop
Seat 4: asan80 (big blind) folded before Flop
Seat 5: Polmerana folded before Flop (didn't bet)
Seat 6: Dorex2007 folded before Flop
Seat 7: timurilla7 folded before Flop (didn't bet)
Seat 8: Stanislas_V folded before Flop
Seat 9: chacalay1 collected ($0.21)



PokerStars Hand #233869789045:  Hold'em No Limit ($0.01/$0.02 USD) - 2022/02/07 13:13:40 PT [2022/02/07 16:13:40 ET]
Table 'Armisticia III' 9-max Seat #3 is the button
Seat 2: 88Aurum88 ($1.50 in chips) 
Seat 3: dmblovr ($0.52 in chips) 
Seat 4: asan80 ($2.21 in chips) 
Seat 5: Polmerana ($6.93 in chips) 
Seat 6: Dorex2007 ($2 in chips) 
Seat 7: timurilla7 ($3.82 in chips) 
Seat 8: Stanislas_V ($1.70 in chips) 
Seat 9: chacalay1 ($1.94 in chips) 
asan80: posts small blind $0.01
Polmerana: posts big blind $0.02
Pokerfox68: sits out 
*** HOLE CARDS ***
Dealt to Dorex2007 [2s As]
Dorex2007: folds 
timurilla7: folds 
Stanislas_V: folds 
chacalay1: folds 
88Aurum88: folds 
dmblovr: folds 
asan80: folds 
Uncalled bet ($0.01) returned to Polmerana
Polmerana collected $0.02 from pot
*** SUMMARY ***
Total pot $0.02 | Rake $0 
Seat 2: 88Aurum88 folded before Flop (didn't bet)
Seat 3: dmblovr (button) folded before Flop (didn't bet)
Seat 4: asan80 (small blind) folded before Flop
Seat 5: Polmerana (big blind) collected ($0.02)
Seat 6: Dorex2007 folded before Flop (didn't bet)
Seat 7: timurilla7 folded before Flop (didn't bet)
Seat 8: Stanislas_V folded before Flop (didn't bet)
Seat 9: chacalay1 folded before Flop (didn't bet)



PokerStars Hand #233869796696:  Hold'em No Limit ($0.01/$0.02 USD) - 2022/02/07 13:13:53 PT [2022/02/07 16:13:53 ET]
Table 'Armisticia III' 9-max Seat #4 is the button
Seat 2: 88Aurum88 ($1.50 in chips) 
Seat 3: dmblovr ($0.52 in chips) 
Seat 4: asan80 ($2.20 in chips) 
Seat 5: Polmerana ($6.94 in chips) 
Seat 6: Dorex2007 ($2 in chips) 
Seat 7: timurilla7 ($3.82 in chips) 
Seat 8: Stanislas_V ($1.70 in chips) 
Seat 9: chacalay1 ($1.94 in chips) 
Polmerana: posts small blind $0.01
Dorex2007: posts big blind $0.02
Pokerfox68: sits out 
*** HOLE CARDS ***
Dealt to Dorex2007 [As Ts]
timurilla7: folds 
Stanislas_V: folds 
chacalay1: raises $0.04 to $0.06
88Aurum88: calls $0.06
dmblovr: folds 
asan80: folds 
Polmerana: calls $0.05
Dorex2007: calls $0.04
*** FLOP *** [5d 6s 3s]
Polmerana: checks 
Dorex2007: bets $0.12
chacalay1: calls $0.12
88Aurum88: folds 
Polmerana: calls $0.12
*** TURN *** [5d 6s 3s] [4c]
Polmerana: bets $0.58
Dorex2007: folds 
chacalay1: folds 
Uncalled bet ($0.58) returned to Polmerana
Polmerana collected $0.58 from pot
*** SUMMARY ***
Total pot $0.60 | Rake $0.02 
Board [5d 6s 3s 4c]
Seat 2: 88Aurum88 folded on the Flop
Seat 3: dmblovr folded before Flop (didn't bet)
Seat 4: asan80 (button) folded before Flop (didn't bet)
Seat 5: Polmerana (small blind) collected ($0.58)
Seat 6: Dorex2007 (big blind) folded on the Turn
Seat 7: timurilla7 folded before Flop (didn't bet)
Seat 8: Stanislas_V folded before Flop (didn't bet)
Seat 9: chacalay1 folded on the Turn



PokerStars Hand #233869864501:  Hold'em No Limit ($0.01/$0.02 USD) - 2022/02/07 13:15:49 PT [2022/02/07 16:15:49 ET]
Table 'Armisticia III' 9-max Seat #5 is the button
Seat 2: 88Aurum88 ($1.44 in chips) 
Seat 3: dmblovr ($0.52 in chips) 
Seat 4: asan80 ($2.20 in chips) 
Seat 5: Polmerana ($7.34 in chips) 
Seat 6: Dorex2007 ($2 in chips) 
Seat 7: timurilla7 ($3.82 in chips) 
Seat 8: Stanislas_V ($1.70 in chips) 
Seat 9: chacalay1 ($1.76 in chips) 
Dorex2007: posts small blind $0.01
timurilla7: posts big blind $0.02
Pokerfox68: sits out 
*** HOLE CARDS ***
Dealt to Dorex2007 [Ah 6d]
Stanislas_V: folds 
chacalay1: folds 
88Aurum88: folds 
dmblovr: folds 
asan80: folds 
Polmerana: raises $0.04 to $0.06
Dorex2007: folds 
timurilla7: folds 
Uncalled bet ($0.04) returned to Polmerana
Polmerana collected $0.05 from pot
*** SUMMARY ***
Total pot $0.05 | Rake $0 
Seat 2: 88Aurum88 folded before Flop (didn't bet)
Seat 3: dmblovr folded before Flop (didn't bet)
Seat 4: asan80 folded before Flop (didn't bet)
Seat 5: Polmerana (button) collected ($0.05)
Seat 6: Dorex2007 (small blind) folded before Flop
Seat 7: timurilla7 (big blind) folded before Flop
Seat 8: Stanislas_V folded before Flop (didn't bet)
Seat 9: chacalay1 folded before Flop (didn't bet)



PokerStars Hand #233869876859:  Hold'em No Limit ($0.01/$0.02 USD) - 2022/02/07 13:16:10 PT [2022/02/07 16:16:10 ET]
Table 'Armisticia III' 9-max Seat #6 is the button
Seat 2: 88Aurum88 ($1.44 in chips) 
Seat 3: dmblovr ($0.52 in chips) 
Seat 4: asan80 ($2.20 in chips) 
Seat 5: Polmerana ($7.37 in chips) 
Seat 6: Dorex2007 ($2 in chips) 
Seat 7: timurilla7 ($3.80 in chips) 
Seat 8: Stanislas_V ($1.70 in chips) 
Seat 9: chacalay1 ($1.76 in chips) 
timurilla7: posts small blind $0.01
Stanislas_V: posts big blind $0.02
Pokerfox68: sits out 
*** HOLE CARDS ***
Dealt to Dorex2007 [5d 5s]
chacalay1: raises $0.04 to $0.06
88Aurum88: folds 
dmblovr: folds 
asan80: folds 
Polmerana: folds 
Dorex2007: calls $0.06
timurilla7: folds 
Stanislas_V: folds 
*** FLOP *** [Jd Kh 9c]
chacalay1: bets $0.08
Dorex2007: folds 
Uncalled bet ($0.08) returned to chacalay1
chacalay1 collected $0.14 from pot
chacalay1: doesn't show hand 
*** SUMMARY ***
Total pot $0.15 | Rake $0.01 
Board [Jd Kh 9c]
Seat 2: 88Aurum88 folded before Flop (didn't bet)
Seat 3: dmblovr folded before Flop (didn't bet)
Seat 4: asan80 folded before Flop (didn't bet)
Seat 5: Polmerana folded before Flop (didn't bet)
Seat 6: Dorex2007 (button) folded on the Flop
Seat 7: timurilla7 (small blind) folded before Flop
Seat 8: Stanislas_V (big blind) folded before Flop
Seat 9: chacalay1 collected ($0.14)



PokerStars Hand #233869897964:  Hold'em No Limit ($0.01/$0.02 USD) - 2022/02/07 13:16:45 PT [2022/02/07 16:16:45 ET]
Table 'Armisticia III' 9-max Seat #7 is the button
Seat 2: 88Aurum88 ($1.44 in chips) 
Seat 3: dmblovr ($0.52 in chips) 
Seat 4: asan80 ($2.20 in chips) 
Seat 5: Polmerana ($7.37 in chips) 
Seat 6: Dorex2007 ($2 in chips) 
Seat 7: timurilla7 ($3.79 in chips) 
Seat 8: Stanislas_V ($1.68 in chips) 
Seat 9: chacalay1 ($1.84 in chips) 
Stanislas_V: posts small blind $0.01
chacalay1: posts big blind $0.02
Pokerfox68: sits out 
*** HOLE CARDS ***
Dealt to Dorex2007 [Ac 6h]
88Aurum88: folds 
dmblovr: raises $0.02 to $0.04
asan80: folds 
Polmerana: folds 
Dorex2007: folds 
timurilla7: folds 
Stanislas_V: calls $0.03
chacalay1: raises $0.12 to $0.16
dmblovr: folds 
Stanislas_V: calls $0.12
*** FLOP *** [Ts 3d 3c]
Stanislas_V: bets $0.18
chacalay1: calls $0.18
*** TURN *** [Ts 3d 3c] [7d]
Stanislas_V: bets $0.35
chacalay1: raises $1.15 to $1.50 and is all-in
Stanislas_V: calls $0.99 and is all-in
Uncalled bet ($0.16) returned to chacalay1
*** RIVER *** [Ts 3d 3c 7d] [Jh]
*** SHOW DOWN ***
Stanislas_V: shows [Ks Kh] (two pair, Kings and Threes)
chacalay1: shows [Jd Js] (a full house, Jacks full of Threes)
chacalay1 cashed out the hand for $0.14
*** SUMMARY ***
Total pot $3.40 | Rake $0.12 
Board [Ts 3d 3c 7d Jh]
Seat 2: 88Aurum88 folded before Flop (didn't bet)
Seat 3: dmblovr folded before Flop
Seat 4: asan80 folded before Flop (didn't bet)
Seat 5: Polmerana folded before Flop (didn't bet)
Seat 6: Dorex2007 folded before Flop (didn't bet)
Seat 7: timurilla7 (button) folded before Flop (didn't bet)
Seat 8: Stanislas_V (small blind) showed [Ks Kh] and lost with two pair, Kings and Threes
Seat 9: chacalay1 (big blind) showed [Jd Js] and won ($3.28) with a full house, Jacks full of Threes (pot not awarded as player cashed out)



PokerStars Hand #233869948661:  Hold'em No Limit ($0.01/$0.02 USD) - 2022/02/07 13:18:11 PT [2022/02/07 16:18:11 ET]
Table 'Armisticia III' 9-max Seat #9 is the button
Seat 2: 88Aurum88 ($1.44 in chips) 
Seat 3: dmblovr ($0.48 in chips) 
Seat 4: asan80 ($2.20 in chips) 
Seat 5: Polmerana ($7.37 in chips) 
Seat 6: Dorex2007 ($2 in chips) 
Seat 7: timurilla7 ($3.79 in chips) 
Seat 9: chacalay1 ($1.60 in chips) 
88Aurum88: posts small blind $0.01
dmblovr: posts big blind $0.02
*** HOLE CARDS ***
Dealt to Dorex2007 [5h 4s]
asan80: folds 
Polmerana: folds 
Dorex2007: folds 
timurilla7: folds 
chacalay1 said, "fucckkc"
chacalay1: raises $0.04 to $0.06
88Aurum88: folds 
Stanislas_V leaves the table
dmblovr: folds 
Uncalled bet ($0.04) returned to chacalay1
chacalay1 collected $0.05 from pot
chacalay1: doesn't show hand 
*** SUMMARY ***
Total pot $0.05 | Rake $0 
Seat 2: 88Aurum88 (small blind) folded before Flop
Seat 3: dmblovr (big blind) folded before Flop
Seat 4: asan80 folded before Flop (didn't bet)
Seat 5: Polmerana folded before Flop (didn't bet)
Seat 6: Dorex2007 folded before Flop (didn't bet)
Seat 7: timurilla7 folded before Flop (didn't bet)
Seat 9: chacalay1 (button) collected ($0.05)



PokerStars Hand #233869961388:  Hold'em No Limit ($0.01/$0.02 USD) - 2022/02/07 13:18:32 PT [2022/02/07 16:18:32 ET]
Table 'Armisticia III' 9-max Seat #2 is the button
Seat 2: 88Aurum88 ($1.43 in chips) 
Seat 3: dmblovr ($0.46 in chips) 
Seat 4: asan80 ($2.20 in chips) 
Seat 5: Polmerana ($7.37 in chips) 
Seat 6: Dorex2007 ($2 in chips) 
Seat 7: timurilla7 ($3.79 in chips) 
Seat 9: chacalay1 ($1.63 in chips) 
dmblovr: posts small blind $0.01
jmcfo joins the table at seat #8 
asan80: posts big blind $0.02
Pokerfox68: sits out 
*** HOLE CARDS ***
Dealt to Dorex2007 [4d 7h]
Polmerana: folds 
Dorex2007: folds 
timurilla7: folds 
chacalay1: raises $0.04 to $0.06
88Aurum88: calls $0.06
dmblovr: folds 
asan80: folds 
*** FLOP *** [5d 3s 6s]
chacalay1: checks 
88Aurum88: checks 
*** TURN *** [5d 3s 6s] [5h]
chacalay1: checks 
88Aurum88: checks 
*** RIVER *** [5d 3s 6s 5h] [Kc]
chacalay1: bets $0.06
88Aurum88: folds 
Uncalled bet ($0.06) returned to chacalay1
chacalay1 collected $0.14 from pot
chacalay1: doesn't show hand 
*** SUMMARY ***
Total pot $0.15 | Rake $0.01 
Board [5d 3s 6s 5h Kc]
Seat 2: 88Aurum88 (button) folded on the River
Seat 3: dmblovr (small blind) folded before Flop
Seat 4: asan80 (big blind) folded before Flop
Seat 5: Polmerana folded before Flop (didn't bet)
Seat 6: Dorex2007 folded before Flop (didn't bet)
Seat 7: timurilla7 folded before Flop (didn't bet)
Seat 9: chacalay1 collected ($0.14)



PokerStars Hand #233869986045:  Hold'em No Limit ($0.01/$0.02 USD) - 2022/02/07 13:19:14 PT [2022/02/07 16:19:14 ET]
Table 'Armisticia III' 9-max Seat #3 is the button
Seat 2: 88Aurum88 ($1.37 in chips) 
Seat 3: dmblovr ($0.45 in chips) 
Seat 4: asan80 ($2.18 in chips) 
Seat 5: Polmerana ($7.37 in chips) 
Seat 6: Dorex2007 ($2 in chips) 
Seat 7: timurilla7 ($3.79 in chips) 
Seat 9: chacalay1 ($1.71 in chips) 
asan80: posts small blind $0.01
Polmerana: posts big blind $0.02
jmcfo: sits out 
Pokerfox68: sits out 
*** HOLE CARDS ***
Dealt to Dorex2007 [Jd 8d]
Dorex2007: folds 
timurilla7: folds 
chacalay1: folds 
88Aurum88: folds 
dmblovr: folds 
asan80: calls $0.01
Polmerana: raises $7.35 to $7.37 and is all-in
asan80: calls $2.16 and is all-in
Uncalled bet ($5.19) returned to Polmerana
*** FLOP *** [6d As Kc]
*** TURN *** [6d As Kc] [2c]
*** RIVER *** [6d As Kc 2c] [3h]
*** SHOW DOWN ***
asan80: shows [7h 7c] (a pair of Sevens)
Polmerana: shows [Kd Ks] (three of a kind, Kings)
chacalay1 said, "i never  take cash out losing , and have to start there"
Polmerana cashed out the hand for $3.33 | Cash Out Fee $0.03
*** SUMMARY ***
Total pot $4.36 | Rake $0.15 
Board [6d As Kc 2c 3h]
Seat 2: 88Aurum88 folded before Flop (didn't bet)
Seat 3: dmblovr (button) folded before Flop (didn't bet)
Seat 4: asan80 (small blind) showed [7h 7c] and lost with a pair of Sevens
Seat 5: Polmerana (big blind) showed [Kd Ks] and won ($4.21) with three of a kind, Kings (pot not awarded as player cashed out)
Seat 6: Dorex2007 folded before Flop (didn't bet)
Seat 7: timurilla7 folded before Flop (didn't bet)
Seat 9: chacalay1 folded before Flop (didn't bet)



PokerStars Hand #233870018906:  Hold'em No Limit ($0.01/$0.02 USD) - 2022/02/07 13:20:10 PT [2022/02/07 16:20:10 ET]
Table 'Armisticia III' 9-max Seat #5 is the button
Seat 2: 88Aurum88 ($1.37 in chips) 
Seat 3: dmblovr ($0.45 in chips) 
Seat 5: Polmerana ($8.52 in chips) 
Seat 6: Dorex2007 ($2 in chips) 
Seat 7: timurilla7 ($3.79 in chips) 
Seat 9: chacalay1 ($1.71 in chips) 
Dorex2007: posts small blind $0.01
timurilla7: posts big blind $0.02
jmcfo: sits out 
Pokerfox68: sits out 
*** HOLE CARDS ***
Dealt to Dorex2007 [Ks 8c]
chacalay1: folds 
88Aurum88: folds 
dmblovr: raises $0.03 to $0.05
Polmerana: folds 
Dorex2007: folds 
timurilla7: folds 
Uncalled bet ($0.03) returned to dmblovr
dmblovr collected $0.05 from pot
*** SUMMARY ***
Total pot $0.05 | Rake $0 
Seat 2: 88Aurum88 folded before Flop (didn't bet)
Seat 3: dmblovr collected ($0.05)
Seat 5: Polmerana (button) folded before Flop (didn't bet)
Seat 6: Dorex2007 (small blind) folded before Flop
Seat 7: timurilla7 (big blind) folded before Flop
Seat 9: chacalay1 folded before Flop (didn't bet)



PokerStars Hand #233870033839:  Hold'em No Limit ($0.01/$0.02 USD) - 2022/02/07 13:20:35 PT [2022/02/07 16:20:35 ET]
Table 'Armisticia III' 9-max Seat #6 is the button
Seat 2: 88Aurum88 ($1.37 in chips) 
Seat 3: dmblovr ($0.48 in chips) 
Seat 5: Polmerana ($8.52 in chips) 
Seat 6: Dorex2007 ($2 in chips) 
Seat 7: timurilla7 ($3.77 in chips) 
Seat 8: jmcfo ($2 in chips) 
Seat 9: chacalay1 ($1.71 in chips) 
timurilla7: posts small blind $0.01
jmcfo: posts big blind $0.02
Pokerfox68: sits out 
*** HOLE CARDS ***
Dealt to Dorex2007 [4s 2c]
chacalay1: folds 
88Aurum88: folds 
dmblovr: raises $0.03 to $0.05
Polmerana: folds 
asan80 leaves the table
Dorex2007: folds 
timurilla7: folds 
jmcfo: folds 
Uncalled bet ($0.03) returned to dmblovr
dmblovr collected $0.05 from pot
*** SUMMARY ***
Total pot $0.05 | Rake $0 
Seat 2: 88Aurum88 folded before Flop (didn't bet)
Seat 3: dmblovr collected ($0.05)
Seat 5: Polmerana folded before Flop (didn't bet)
Seat 6: Dorex2007 (button) folded before Flop (didn't bet)
Seat 7: timurilla7 (small blind) folded before Flop
Seat 8: jmcfo (big blind) folded before Flop
Seat 9: chacalay1 folded before Flop (didn't bet)



PokerStars Hand #233870046525:  Hold'em No Limit ($0.01/$0.02 USD) - 2022/02/07 13:20:56 PT [2022/02/07 16:20:56 ET]
Table 'Armisticia III' 9-max Seat #7 is the button
Seat 2: 88Aurum88 ($1.37 in chips) 
Seat 3: dmblovr ($0.51 in chips) 
Seat 5: Polmerana ($8.52 in chips) 
Seat 6: Dorex2007 ($2 in chips) 
Seat 7: timurilla7 ($3.76 in chips) 
Seat 8: jmcfo ($2 in chips) 
Seat 9: chacalay1 ($1.71 in chips) 
jmcfo: posts small blind $0.01
chacalay1: posts big blind $0.02
Pokerfox68: sits out 
*** HOLE CARDS ***
Dealt to Dorex2007 [Qs 5d]
88Aurum88: raises $0.04 to $0.06
dmblovr: folds 
Polmerana: folds 
Dorex2007: folds 
timurilla7: folds 
jmcfo: folds 
chacalay1: folds 
Uncalled bet ($0.04) returned to 88Aurum88
88Aurum88 collected $0.05 from pot
*** SUMMARY ***
Total pot $0.05 | Rake $0 
Seat 2: 88Aurum88 collected ($0.05)
Seat 3: dmblovr folded before Flop (didn't bet)
Seat 5: Polmerana folded before Flop (didn't bet)
Seat 6: Dorex2007 folded before Flop (didn't bet)
Seat 7: timurilla7 (button) folded before Flop (didn't bet)
Seat 8: jmcfo (small blind) folded before Flop
Seat 9: chacalay1 (big blind) folded before Flop



PokerStars Hand #233870056114:  Hold'em No Limit ($0.01/$0.02 USD) - 2022/02/07 13:21:13 PT [2022/02/07 16:21:13 ET]
Table 'Armisticia III' 9-max Seat #8 is the button
Seat 1: Pokerfox68 ($2 in chips) 
Seat 2: 88Aurum88 ($1.40 in chips) 
Seat 3: dmblovr ($0.51 in chips) 
Seat 5: Polmerana ($8.52 in chips) 
Seat 6: Dorex2007 ($2 in chips) 
Seat 7: timurilla7 ($3.76 in chips) 
Seat 8: jmcfo ($2 in chips) 
Seat 9: chacalay1 ($1.69 in chips) 
chacalay1: posts small blind $0.01
Pokerfox68: posts big blind $0.02
*** HOLE CARDS ***
Dealt to Dorex2007 [8h 7h]
88Aurum88: folds 
dmblovr: folds 
Polmerana: folds 
madmann463 joins the table at seat #4 
Dorex2007: folds 
timurilla7: folds 
jmcfo: raises $0.02 to $0.04
chacalay1: folds 
Pokerfox68: folds 
Uncalled bet ($0.02) returned to jmcfo
jmcfo collected $0.05 from pot
*** SUMMARY ***
Total pot $0.05 | Rake $0 
Seat 1: Pokerfox68 (big blind) folded before Flop
Seat 2: 88Aurum88 folded before Flop (didn't bet)
Seat 3: dmblovr folded before Flop (didn't bet)
Seat 5: Polmerana folded before Flop (didn't bet)
Seat 6: Dorex2007 folded before Flop (didn't bet)
Seat 7: timurilla7 folded before Flop (didn't bet)
Seat 8: jmcfo (button) collected ($0.05)
Seat 9: chacalay1 (small blind) folded before Flop



PokerStars Hand #233870072139:  Hold'em No Limit ($0.01/$0.02 USD) - 2022/02/07 13:21:40 PT [2022/02/07 16:21:40 ET]
Table 'Armisticia III' 9-max Seat #9 is the button
Seat 1: Pokerfox68 ($2 in chips) 
Seat 2: 88Aurum88 ($1.40 in chips) 
Seat 3: dmblovr ($0.51 in chips) 
Seat 4: madmann463 ($2 in chips) 
Seat 5: Polmerana ($8.52 in chips) 
Seat 6: Dorex2007 ($2 in chips) 
Seat 7: timurilla7 ($3.76 in chips) 
Seat 8: jmcfo ($2.03 in chips) 
Seat 9: chacalay1 ($1.68 in chips) 
Pokerfox68: posts small blind $0.01
88Aurum88: posts big blind $0.02
madmann463: posts big blind $0.02
*** HOLE CARDS ***
Dealt to Dorex2007 [5c 2c]
dmblovr: folds 
madmann463: checks 
Polmerana: folds 
Dorex2007: folds 
timurilla7: raises $0.06 to $0.08
jmcfo: folds 
chacalay1: folds 
Pokerfox68: folds 
88Aurum88: folds 
madmann463: calls $0.06
*** FLOP *** [7s 2h 3s]
madmann463: bets $0.10
timurilla7: raises $0.20 to $0.30
madmann463: calls $0.20
*** TURN *** [7s 2h 3s] [8h]
madmann463: bets $0.40
timurilla7: calls $0.40
*** RIVER *** [7s 2h 3s 8h] [4h]
madmann463: checks 
timurilla7: checks 
*** SHOW DOWN ***
madmann463: shows [8c 8s] (three of a kind, Eights)
timurilla7: mucks hand 
madmann463 collected $1.53 from pot
*** SUMMARY ***
Total pot $1.59 | Rake $0.06 
Board [7s 2h 3s 8h 4h]
Seat 1: Pokerfox68 (small blind) folded before Flop
Seat 2: 88Aurum88 (big blind) folded before Flop
Seat 3: dmblovr folded before Flop (didn't bet)
Seat 4: madmann463 showed [8c 8s] and won ($1.53) with three of a kind, Eights
Seat 5: Polmerana folded before Flop (didn't bet)
Seat 6: Dorex2007 folded before Flop (didn't bet)
Seat 7: timurilla7 mucked [Kc Kd]
Seat 8: jmcfo folded before Flop (didn't bet)
Seat 9: chacalay1 (button) folded before Flop (didn't bet)



PokerStars Hand #233870120907:  Hold'em No Limit ($0.01/$0.02 USD) - 2022/02/07 13:23:02 PT [2022/02/07 16:23:02 ET]
Table 'Armisticia III' 9-max Seat #1 is the button
Seat 1: Pokerfox68 ($2 in chips) 
Seat 2: 88Aurum88 ($1.38 in chips) 
Seat 3: dmblovr ($0.51 in chips) 
Seat 4: madmann463 ($2.75 in chips) 
Seat 5: Polmerana ($8.52 in chips) 
Seat 6: Dorex2007 ($2 in chips) 
Seat 7: timurilla7 ($2.98 in chips) 
Seat 8: jmcfo ($2.03 in chips) 
Seat 9: chacalay1 ($1.68 in chips) 
88Aurum88: posts small blind $0.01
dmblovr: posts big blind $0.02
*** HOLE CARDS ***
Dealt to Dorex2007 [Tc Jd]
madmann463: calls $0.02
Polmerana: folds 
Dorex2007: folds 
timurilla7: calls $0.02
jmcfo: calls $0.02
chacalay1: raises $0.04 to $0.06
Pokerfox68: folds 
88Aurum88: calls $0.05
dmblovr: folds 
madmann463: calls $0.04
timurilla7: calls $0.04
jmcfo: calls $0.04
*** FLOP *** [Qc Td 3s]
88Aurum88: checks 
madmann463: checks 
timurilla7: checks 
jmcfo: bets $0.12
chacalay1: raises $1.50 to $1.62 and is all-in
88Aurum88: folds 
madmann463: folds 
timurilla7: folds 
jmcfo: calls $1.50
*** TURN *** [Qc Td 3s] [5c]
*** RIVER *** [Qc Td 3s 5c] [Js]
*** SHOW DOWN ***
jmcfo: shows [3h 3c] (three of a kind, Threes)
chacalay1: shows [Ac Qh] (a pair of Queens)
jmcfo collected $3.44 from pot
*** SUMMARY ***
Total pot $3.56 | Rake $0.12 
Board [Qc Td 3s 5c Js]
Seat 1: Pokerfox68 (button) folded before Flop (didn't bet)
Seat 2: 88Aurum88 (small blind) folded on the Flop
Seat 3: dmblovr (big blind) folded before Flop
Seat 4: madmann463 folded on the Flop
Seat 5: Polmerana folded before Flop (didn't bet)
Seat 6: Dorex2007 folded before Flop (didn't bet)
Seat 7: timurilla7 folded on the Flop
Seat 8: jmcfo showed [3h 3c] and won ($3.44) with three of a kind, Threes
Seat 9: chacalay1 showed [Ac Qh] and lost with a pair of Queens



PokerStars Hand #233870159291:  Hold'em No Limit ($0.01/$0.02 USD) - 2022/02/07 13:24:07 PT [2022/02/07 16:24:07 ET]
Table 'Armisticia III' 9-max Seat #2 is the button
Seat 1: Pokerfox68 ($2 in chips) 
Seat 2: 88Aurum88 ($1.32 in chips) 
Seat 3: dmblovr ($0.49 in chips) 
Seat 4: madmann463 ($2.69 in chips) 
Seat 5: Polmerana ($8.52 in chips) 
Seat 6: Dorex2007 ($2 in chips) 
Seat 7: timurilla7 ($2.92 in chips) 
Seat 8: jmcfo ($3.79 in chips) 
Seat 9: chacalay1 ($1.60 in chips) 
dmblovr: posts small blind $0.01
madmann463: posts big blind $0.02
*** HOLE CARDS ***
Dealt to Dorex2007 [6s 7s]
Polmerana: folds 
Dorex2007: folds 
timurilla7: folds 
jmcfo: folds 
chacalay1: raises $0.04 to $0.06
Pokerfox68: folds 
88Aurum88: calls $0.06
dmblovr: folds 
madmann463: calls $0.04
*** FLOP *** [5h 4c 4h]
madmann463: checks 
chacalay1: checks 
88Aurum88: checks 
*** TURN *** [5h 4c 4h] [Kc]
madmann463: bets $0.05
chacalay1: folds 
88Aurum88: calls $0.05
*** RIVER *** [5h 4c 4h Kc] [Kd]
madmann463: bets $0.12
chacalay1 said, "que pe daso de o jete en contra"
88Aurum88: raises $0.33 to $0.45
chacalay1 said, "dos coolers sguidos"
madmann463: calls $0.33
*** SHOW DOWN ***
88Aurum88: shows [Js Ks] (a full house, Kings full of Fours)
madmann463: mucks hand 
88Aurum88 collected $1.15 from pot
chacalay1 leaves the table
*** SUMMARY ***
Total pot $1.19 | Rake $0.04 
Board [5h 4c 4h Kc Kd]
Seat 1: Pokerfox68 folded before Flop (didn't bet)
Seat 2: 88Aurum88 (button) showed [Js Ks] and won ($1.15) with a full house, Kings full of Fours
Seat 3: dmblovr (small blind) folded before Flop
Seat 4: madmann463 (big blind) mucked [Tc As]
Seat 5: Polmerana folded before Flop (didn't bet)
Seat 6: Dorex2007 folded before Flop (didn't bet)
Seat 7: timurilla7 folded before Flop (didn't bet)
Seat 8: jmcfo folded before Flop (didn't bet)
Seat 9: chacalay1 folded on the Turn



PokerStars Hand #233870204845:  Hold'em No Limit ($0.01/$0.02 USD) - 2022/02/07 13:25:24 PT [2022/02/07 16:25:24 ET]
Table 'Armisticia III' 9-max Seat #3 is the button
Seat 1: Pokerfox68 ($2 in chips) 
Seat 2: 88Aurum88 ($1.91 in chips) 
Seat 3: dmblovr ($0.48 in chips) 
Seat 4: madmann463 ($2.13 in chips) 
Seat 5: Polmerana ($8.52 in chips) 
Seat 6: Dorex2007 ($2 in chips) 
Seat 7: timurilla7 ($2.92 in chips) 
Seat 8: jmcfo ($3.79 in chips) 
madmann463: posts small blind $0.01
Polmerana: posts big blind $0.02
*** HOLE CARDS ***
Dealt to Dorex2007 [9h 4d]
yjqian23 joins the table at seat #9 
Dorex2007: folds 
timurilla7: folds 
jmcfo: folds 
Pokerfox68: raises $0.04 to $0.06
88Aurum88: folds 
dmblovr: folds 
madmann463: folds 
Polmerana: folds 
Uncalled bet ($0.04) returned to Pokerfox68
Pokerfox68 collected $0.05 from pot
*** SUMMARY ***
Total pot $0.05 | Rake $0 
Seat 1: Pokerfox68 collected ($0.05)
Seat 2: 88Aurum88 folded before Flop (didn't bet)
Seat 3: dmblovr (button) folded before Flop (didn't bet)
Seat 4: madmann463 (small blind) folded before Flop
Seat 5: Polmerana (big blind) folded before Flop
Seat 6: Dorex2007 folded before Flop (didn't bet)
Seat 7: timurilla7 folded before Flop (didn't bet)
Seat 8: jmcfo folded before Flop (didn't bet)



PokerStars Hand #233870221894:  Hold'em No Limit ($0.01/$0.02 USD) - 2022/02/07 13:25:53 PT [2022/02/07 16:25:53 ET]
Table 'Armisticia III' 9-max Seat #4 is the button
Seat 1: Pokerfox68 ($2.03 in chips) 
Seat 2: 88Aurum88 ($1.91 in chips) 
Seat 3: dmblovr ($0.48 in chips) 
Seat 4: madmann463 ($2.12 in chips) 
Seat 5: Polmerana ($8.50 in chips) 
Seat 6: Dorex2007 ($2 in chips) 
Seat 7: timurilla7 ($2.92 in chips) 
Seat 8: jmcfo ($3.79 in chips) 
Seat 9: yjqian23 ($2 in chips) 
Polmerana: posts small blind $0.01
Dorex2007: posts big blind $0.02
yjqian23: posts big blind $0.02
*** HOLE CARDS ***
Dealt to Dorex2007 [Jd Qc]
timurilla7: raises $0.06 to $0.08
jmcfo: folds 
yjqian23: folds 
Pokerfox68: calls $0.08
88Aurum88: folds 
dmblovr: folds 
madmann463: folds 
Polmerana: folds 
Dorex2007: calls $0.06
*** FLOP *** [Ad 3s 3c]
Dorex2007: checks 
timurilla7: bets $0.12
Pokerfox68: calls $0.12
Dorex2007: folds 
*** TURN *** [Ad 3s 3c] [Js]
timurilla7: bets $0.22
Pokerfox68: calls $0.22
*** RIVER *** [Ad 3s 3c Js] [7h]
timurilla7: bets $0.43
Pokerfox68: folds 
Uncalled bet ($0.43) returned to timurilla7
timurilla7 collected $0.92 from pot
timurilla7: doesn't show hand 
*** SUMMARY ***
Total pot $0.95 | Rake $0.03 
Board [Ad 3s 3c Js 7h]
Seat 1: Pokerfox68 folded on the River
Seat 2: 88Aurum88 folded before Flop (didn't bet)
Seat 3: dmblovr folded before Flop (didn't bet)
Seat 4: madmann463 (button) folded before Flop (didn't bet)
Seat 5: Polmerana (small blind) folded before Flop
Seat 6: Dorex2007 (big blind) folded on the Flop
Seat 7: timurilla7 collected ($0.92)
Seat 8: jmcfo folded before Flop (didn't bet)
Seat 9: yjqian23 folded before Flop (didn't bet)



PokerStars Hand #233870261434:  Hold'em No Limit ($0.01/$0.02 USD) - 2022/02/07 13:27:01 PT [2022/02/07 16:27:01 ET]
Table 'Armisticia III' 9-max Seat #5 is the button
Seat 1: Pokerfox68 ($2 in chips) 
Seat 2: 88Aurum88 ($1.91 in chips) 
Seat 3: dmblovr ($0.48 in chips) 
Seat 4: madmann463 ($2.12 in chips) 
Seat 5: Polmerana ($8.49 in chips) 
Seat 6: Dorex2007 ($2 in chips) 
Seat 7: timurilla7 ($3.42 in chips) 
Seat 8: jmcfo ($3.79 in chips) 
Seat 9: yjqian23 ($1.98 in chips) 
Dorex2007: posts small blind $0.01
timurilla7: posts big blind $0.02
*** HOLE CARDS ***
Dealt to Dorex2007 [7s Js]
jmcfo: folds 
jmcfo leaves the table
yjqian23: folds 
Pokerfox68: folds 
88Aurum88: folds 
dmblovr: folds 
madmann463: folds 
Polmerana: raises $0.05 to $0.07
Dorex2007: folds 
timurilla7: folds 
Uncalled bet ($0.05) returned to Polmerana
Polmerana collected $0.05 from pot
*** SUMMARY ***
Total pot $0.05 | Rake $0 
Seat 1: Pokerfox68 folded before Flop (didn't bet)
Seat 2: 88Aurum88 folded before Flop (didn't bet)
Seat 3: dmblovr folded before Flop (didn't bet)
Seat 4: madmann463 folded before Flop (didn't bet)
Seat 5: Polmerana (button) collected ($0.05)
Seat 6: Dorex2007 (small blind) folded before Flop
Seat 7: timurilla7 (big blind) folded before Flop
Seat 8: jmcfo folded before Flop (didn't bet)
Seat 9: yjqian23 folded before Flop (didn't bet)



PokerStars Hand #233870276589:  Hold'em No Limit ($0.01/$0.02 USD) - 2022/02/07 13:27:27 PT [2022/02/07 16:27:27 ET]
Table 'Armisticia III' 9-max Seat #6 is the button
Seat 1: Pokerfox68 ($2 in chips) 
Seat 2: 88Aurum88 ($1.91 in chips) 
Seat 3: dmblovr ($0.48 in chips) 
Seat 4: madmann463 ($2.12 in chips) 
Seat 5: Polmerana ($8.52 in chips) 
Seat 6: Dorex2007 ($2 in chips) 
Seat 7: timurilla7 ($3.40 in chips) 
timurilla7: posts small blind $0.01
yjqian23: is sitting out 
Pokerfox68: posts big blind $0.02
*** HOLE CARDS ***
Dealt to Dorex2007 [9d 5s]
88Aurum88: raises $0.04 to $0.06
yjqian23 leaves the table
dmblovr: folds 
madmann463: folds 
Polmerana: folds 
Dorex2007: folds 
timurilla7: folds 
Pokerfox68: folds 
Uncalled bet ($0.04) returned to 88Aurum88
88Aurum88 collected $0.05 from pot
88Aurum88: doesn't show hand 
*** SUMMARY ***
Total pot $0.05 | Rake $0 
Seat 1: Pokerfox68 (big blind) folded before Flop
Seat 2: 88Aurum88 collected ($0.05)
Seat 3: dmblovr folded before Flop (didn't bet)
Seat 4: madmann463 folded before Flop (didn't bet)
Seat 5: Polmerana folded before Flop (didn't bet)
Seat 6: Dorex2007 (button) folded before Flop (didn't bet)
Seat 7: timurilla7 (small blind) folded before Flop



PokerStars Hand #233870284587:  Hold'em No Limit ($0.01/$0.02 USD) - 2022/02/07 13:27:41 PT [2022/02/07 16:27:41 ET]
Table 'Armisticia III' 9-max Seat #7 is the button
Seat 1: Pokerfox68 ($2 in chips) 
Seat 3: dmblovr ($0.48 in chips) 
Seat 4: madmann463 ($2.12 in chips) 
Seat 5: Polmerana ($8.52 in chips) 
Seat 6: Dorex2007 ($2 in chips) 
Seat 7: timurilla7 ($3.39 in chips) 
Pokerfox68: posts small blind $0.01
88Aurum88: is sitting out 
88Aurum88 leaves the table
dmblovr: posts big blind $0.02
*** HOLE CARDS ***
Dealt to Dorex2007 [Jh 5s]
madmann463: raises $0.04 to $0.06
Polmerana: folds 
Dorex2007: folds 
timurilla7: folds 
Pokerfox68: folds 
Aryohu joins the table at seat #8 
dmblovr: folds 
Uncalled bet ($0.04) returned to madmann463
madmann463 collected $0.05 from pot
madmann463: doesn't show hand 
*** SUMMARY ***
Total pot $0.05 | Rake $0 
Seat 1: Pokerfox68 (small blind) folded before Flop
Seat 3: dmblovr (big blind) folded before Flop
Seat 4: madmann463 collected ($0.05)
Seat 5: Polmerana folded before Flop (didn't bet)
Seat 6: Dorex2007 folded before Flop (didn't bet)
Seat 7: timurilla7 (button) folded before Flop (didn't bet)



PokerStars Hand #233870294440:  Hold'em No Limit ($0.01/$0.02 USD) - 2022/02/07 13:27:58 PT [2022/02/07 16:27:58 ET]
Table 'Armisticia III' 9-max Seat #1 is the button
Seat 1: Pokerfox68 ($2 in chips) 
Seat 3: dmblovr ($0.46 in chips) 
Seat 4: madmann463 ($2.15 in chips) 
Seat 5: Polmerana ($8.52 in chips) 
Seat 6: Dorex2007 ($2 in chips) 
Seat 7: timurilla7 ($3.39 in chips) 
dmblovr: posts small blind $0.01
madmann463: posts big blind $0.02
Aryohu: sits out 
*** HOLE CARDS ***
Dealt to Dorex2007 [Jd 5h]
Polmerana: folds 
Dorex2007: folds 
timurilla7: folds 
Pokerfox68: folds 
dmblovr: folds 
Uncalled bet ($0.01) returned to madmann463
madmann463 collected $0.02 from pot
madmann463: doesn't show hand 
*** SUMMARY ***
Total pot $0.02 | Rake $0 
Seat 1: Pokerfox68 (button) folded before Flop (didn't bet)
Seat 3: dmblovr (small blind) folded before Flop
Seat 4: madmann463 (big blind) collected ($0.02)
Seat 5: Polmerana folded before Flop (didn't bet)
Seat 6: Dorex2007 folded before Flop (didn't bet)
Seat 7: timurilla7 folded before Flop (didn't bet)



PokerStars Hand #233870301452:  Hold'em No Limit ($0.01/$0.02 USD) - 2022/02/07 13:28:10 PT [2022/02/07 16:28:10 ET]
Table 'Armisticia III' 9-max Seat #3 is the button
Seat 1: Pokerfox68 ($2 in chips) 
Seat 3: dmblovr ($0.45 in chips) 
Seat 4: madmann463 ($2.16 in chips) 
Seat 5: Polmerana ($8.52 in chips) 
Seat 6: Dorex2007 ($2 in chips) 
Seat 7: timurilla7 ($3.39 in chips) 
madmann463: posts small blind $0.01
Polmerana: posts big blind $0.02
Aryohu: sits out 
*** HOLE CARDS ***
Dealt to Dorex2007 [Th Ts]
Dorex2007: raises $0.04 to $0.06
timurilla7: folds 
Pokerfox68: raises $0.12 to $0.18
dmblovr: folds 
madmann463: folds 
Polmerana: raises $8.34 to $8.52 and is all-in
Dorex2007: folds 
Pokerfox68: folds 
Uncalled bet ($8.34) returned to Polmerana
Polmerana collected $0.43 from pot
*** SUMMARY ***
Total pot $0.43 | Rake $0 
Seat 1: Pokerfox68 folded before Flop
Seat 3: dmblovr (button) folded before Flop (didn't bet)
Seat 4: madmann463 (small blind) folded before Flop
Seat 5: Polmerana (big blind) collected ($0.43)
Seat 6: Dorex2007 folded before Flop
Seat 7: timurilla7 folded before Flop (didn't bet)



PokerStars Hand #233870322422:  Hold'em No Limit ($0.01/$0.02 USD) - 2022/02/07 13:28:47 PT [2022/02/07 16:28:47 ET]
Table 'Armisticia III' 9-max Seat #4 is the button
Seat 1: Pokerfox68 ($2 in chips) 
Seat 3: dmblovr ($0.45 in chips) 
Seat 4: madmann463 ($2.15 in chips) 
Seat 5: Polmerana ($8.77 in chips) 
Seat 6: Dorex2007 ($2 in chips) 
Seat 7: timurilla7 ($3.39 in chips) 
Polmerana: posts small blind $0.01
Dorex2007: posts big blind $0.02
Aryohu: sits out 
*** HOLE CARDS ***
Dealt to Dorex2007 [Kc 8c]
timurilla7: folds 
Pokerfox68: folds 
dmblovr: folds 
madmann463: calls $0.02
Polmerana: folds 
Dorex2007: checks 
*** FLOP *** [7s Ad 6c]
Dorex2007: checks 
madmann463: bets $0.02
Dorex2007: folds 
Uncalled bet ($0.02) returned to madmann463
madmann463 collected $0.05 from pot
madmann463: doesn't show hand 
*** SUMMARY ***
Total pot $0.05 | Rake $0 
Board [7s Ad 6c]
Seat 1: Pokerfox68 folded before Flop (didn't bet)
Seat 3: dmblovr folded before Flop (didn't bet)
Seat 4: madmann463 (button) collected ($0.05)
Seat 5: Polmerana (small blind) folded before Flop
Seat 6: Dorex2007 (big blind) folded on the Flop
Seat 7: timurilla7 folded before Flop (didn't bet)



PokerStars Hand #233870342049:  Hold'em No Limit ($0.01/$0.02 USD) - 2022/02/07 13:29:21 PT [2022/02/07 16:29:21 ET]
Table 'Armisticia III' 9-max Seat #5 is the button
Seat 1: Pokerfox68 ($2 in chips) 
Seat 3: dmblovr ($0.45 in chips) 
Seat 4: madmann463 ($2.18 in chips) 
Seat 5: Polmerana ($8.76 in chips) 
Seat 6: Dorex2007 ($2 in chips) 
Seat 8: Aryohu ($2 in chips) 
Dorex2007: posts small blind $0.01
timurilla7: is sitting out 
Aryohu: posts big blind $0.02
*** HOLE CARDS ***
Dealt to Dorex2007 [5d 7d]
timurilla7 leaves the table
Pokerfox68: folds 
dmblovr: folds 
madmann463: folds 
Polmerana: folds 
Dorex2007: folds 
Uncalled bet ($0.01) returned to Aryohu
Aryohu collected $0.02 from pot
*** SUMMARY ***
Total pot $0.02 | Rake $0 
Seat 1: Pokerfox68 folded before Flop (didn't bet)
Seat 3: dmblovr folded before Flop (didn't bet)
Seat 4: madmann463 folded before Flop (didn't bet)
Seat 5: Polmerana (button) folded before Flop (didn't bet)
Seat 6: Dorex2007 (small blind) folded before Flop
Seat 8: Aryohu (big blind) collected ($0.02)



PokerStars Hand #233870348566:  Hold'em No Limit ($0.01/$0.02 USD) - 2022/02/07 13:29:32 PT [2022/02/07 16:29:32 ET]
Table 'Armisticia III' 9-max Seat #6 is the button
Seat 1: Pokerfox68 ($2 in chips) 
Seat 3: dmblovr ($0.45 in chips) 
Seat 4: madmann463 ($2.18 in chips) 
Seat 5: Polmerana ($8.76 in chips) 
Seat 6: Dorex2007 ($2 in chips) 
Seat 8: Aryohu ($2.01 in chips) 
Aryohu: posts small blind $0.01
Pokerfox68: posts big blind $0.02
*** HOLE CARDS ***
Dealt to Dorex2007 [5h 4c]
dmblovr: raises $0.03 to $0.05
madmann463: folds 
Polmerana: folds 
Dorex2007: folds 
Aryohu: folds 
Pokerfox68: folds 
Uncalled bet ($0.03) returned to dmblovr
dmblovr collected $0.05 from pot
*** SUMMARY ***
Total pot $0.05 | Rake $0 
Seat 1: Pokerfox68 (big blind) folded before Flop
Seat 3: dmblovr collected ($0.05)
Seat 4: madmann463 folded before Flop (didn't bet)
Seat 5: Polmerana folded before Flop (didn't bet)
Seat 6: Dorex2007 (button) folded before Flop (didn't bet)
Seat 8: Aryohu (small blind) folded before Flop



PokerStars Hand #233870357677:  Hold'em No Limit ($0.01/$0.02 USD) - 2022/02/07 13:29:48 PT [2022/02/07 16:29:48 ET]
Table 'Armisticia III' 9-max Seat #8 is the button
Seat 1: Pokerfox68 ($2 in chips) 
Seat 3: dmblovr ($0.48 in chips) 
Seat 4: madmann463 ($2.18 in chips) 
Seat 5: Polmerana ($8.76 in chips) 
Seat 6: Dorex2007 ($2 in chips) 
Seat 8: Aryohu ($2 in chips) 
Pokerfox68: posts small blind $0.01
dmblovr: posts big blind $0.02
*** HOLE CARDS ***
Dealt to Dorex2007 [5s 4s]
madmann463: folds 
Polmerana: folds 
Dorex2007: folds 
Aryohu: folds 
Pokerfox68: raises $0.04 to $0.06
dmblovr: calls $0.04
*** FLOP *** [2c 4h 6c]
Pokerfox68: bets $0.06
dmblovr: raises $0.36 to $0.42 and is all-in
Pokerfox68: folds 
Uncalled bet ($0.36) returned to dmblovr
dmblovr collected $0.23 from pot
*** SUMMARY ***
Total pot $0.24 | Rake $0.01 
Board [2c 4h 6c]
Seat 1: Pokerfox68 (small blind) folded on the Flop
Seat 3: dmblovr (big blind) collected ($0.23)
Seat 4: madmann463 folded before Flop (didn't bet)
Seat 5: Polmerana folded before Flop (didn't bet)
Seat 6: Dorex2007 folded before Flop (didn't bet)
Seat 8: Aryohu (button) folded before Flop (didn't bet)



PokerStars Hand #233870378419:  Hold'em No Limit ($0.01/$0.02 USD) - 2022/02/07 13:30:24 PT [2022/02/07 16:30:24 ET]
Table 'Armisticia III' 9-max Seat #1 is the button
Seat 1: Pokerfox68 ($2 in chips) 
Seat 3: dmblovr ($0.59 in chips) 
Seat 4: madmann463 ($2.18 in chips) 
Seat 5: Polmerana ($8.76 in chips) 
Seat 6: Dorex2007 ($2 in chips) 
Seat 8: Aryohu ($2 in chips) 
dmblovr: posts small blind $0.01
madmann463: posts big blind $0.02
*** HOLE CARDS ***
Dealt to Dorex2007 [Js 5d]
Polmerana: folds 
Dorex2007: folds 
Aryohu: calls $0.02
Pokerfox68: folds 
dmblovr: folds 
madmann463: checks 
*** FLOP *** [6d Jc 9h]
madmann463: bets $0.02
Aryohu: calls $0.02
*** TURN *** [6d Jc 9h] [2h]
madmann463: bets $0.03
Aryohu: calls $0.03
*** RIVER *** [6d Jc 9h 2h] [7d]
madmann463: checks 
Aryohu: bets $0.14
madmann463: folds 
Uncalled bet ($0.14) returned to Aryohu
Aryohu collected $0.14 from pot
*** SUMMARY ***
Total pot $0.15 | Rake $0.01 
Board [6d Jc 9h 2h 7d]
Seat 1: Pokerfox68 (button) folded before Flop (didn't bet)
Seat 3: dmblovr (small blind) folded before Flop
Seat 4: madmann463 (big blind) folded on the River
Seat 5: Polmerana folded before Flop (didn't bet)
Seat 6: Dorex2007 folded before Flop (didn't bet)
Seat 8: Aryohu collected ($0.14)



PokerStars Hand #233870401780:  Hold'em No Limit ($0.01/$0.02 USD) - 2022/02/07 13:31:04 PT [2022/02/07 16:31:04 ET]
Table 'Armisticia III' 9-max Seat #3 is the button
Seat 1: Pokerfox68 ($2 in chips) 
Seat 3: dmblovr ($0.58 in chips) 
Seat 4: madmann463 ($2.11 in chips) 
Seat 6: Dorex2007 ($2 in chips) 
Seat 8: Aryohu ($2.07 in chips) 
madmann463: posts small blind $0.01
Polmerana: is sitting out 
Dorex2007: posts big blind $0.02
*** HOLE CARDS ***
Dealt to Dorex2007 [8s 8h]
Polmerana leaves the table
Aryohu: calls $0.02
Pokerfox68: folds 
dmblovr: calls $0.02
madmann463: calls $0.01
Dorex2007: checks 
*** FLOP *** [3s 5d 7h]
madmann463: bets $0.02
Dorex2007: calls $0.02
Aryohu: calls $0.02
dmblovr: calls $0.02
*** TURN *** [3s 5d 7h] [9s]
madmann463: bets $0.06
Dorex2007: folds 
Aryohu: folds 
dmblovr: folds 
Uncalled bet ($0.06) returned to madmann463
madmann463 collected $0.15 from pot
madmann463: doesn't show hand 
*** SUMMARY ***
Total pot $0.16 | Rake $0.01 
Board [3s 5d 7h 9s]
Seat 1: Pokerfox68 folded before Flop (didn't bet)
Seat 3: dmblovr (button) folded on the Turn
Seat 4: madmann463 (small blind) collected ($0.15)
Seat 6: Dorex2007 (big blind) folded on the Turn
Seat 8: Aryohu folded on the Turn



