PokerStars Hand #228101057940:  Hold'em No Limit ($0.01/$0.02 USD) - 2021/07/06 11:47:44 PT [2021/07/06 14:47:44 ET]
Table 'Desagneauxa IV' 9-max Seat #8 is the button
Seat 1: zuszek85 ($1.54 in chips) 
Seat 2: MichaZimb ($2 in chips) 
Seat 3: Zuban442 ($0.99 in chips) 
Seat 4: lotojas ($2 in chips) 
Seat 5: v14che ($2.67 in chips) 
Seat 6: filinvita ($0.98 in chips) 
Seat 7: Dorex2007 ($2 in chips) 
Seat 8: Tiltacion26 ($2.28 in chips) 
Seat 9: 0815c ($2 in chips) 
0815c: posts small blind $0.01
zuszek85: posts big blind $0.02
Dorex2007: posts big blind $0.02
*** HOLE CARDS ***
Dealt to Dorex2007 [4c Ad]
MichaZimb: folds 
Zuban442 is disconnected 
Zuban442 has timed out while disconnected
Zuban442: folds 
lotojas: folds 
v14che: folds 
filinvita: calls $0.02
Dorex2007: checks 
Tiltacion26: folds 
0815c: calls $0.01
zuszek85: checks 
*** FLOP *** [Qs 5c 2c]
0815c: checks 
zuszek85: checks 
filinvita: checks 
Dorex2007: checks 
*** TURN *** [Qs 5c 2c] [Th]
0815c: bets $0.04
zuszek85: folds 
filinvita: calls $0.04
Dorex2007: folds 
*** RIVER *** [Qs 5c 2c Th] [8c]
0815c: checks 
filinvita: bets $0.08
0815c: calls $0.08
*** SHOW DOWN ***
filinvita: shows [9h Kc] (high card King)
0815c: shows [6d Qh] (a pair of Queens)
0815c collected $0.31 from pot
*** SUMMARY ***
Total pot $0.32 | Rake $0.01 
Board [Qs 5c 2c Th 8c]
Seat 1: zuszek85 (big blind) folded on the Turn
Seat 2: MichaZimb folded before Flop (didn't bet)
Seat 3: Zuban442 folded before Flop (didn't bet)
Seat 4: lotojas folded before Flop (didn't bet)
Seat 5: v14che folded before Flop (didn't bet)
Seat 6: filinvita showed [9h Kc] and lost with high card King
Seat 7: Dorex2007 folded on the Turn (didn't bet)
Seat 8: Tiltacion26 (button) folded before Flop (didn't bet)
Seat 9: 0815c (small blind) showed [6d Qh] and won ($0.31) with a pair of Queens



PokerStars Hand #228101085772:  Hold'em No Limit ($0.01/$0.02 USD) - 2021/07/06 11:48:53 PT [2021/07/06 14:48:53 ET]
Table 'Desagneauxa IV' 9-max Seat #9 is the button
Seat 1: zuszek85 ($1.52 in chips) 
Seat 2: MichaZimb ($2 in chips) 
Seat 4: lotojas ($2 in chips) 
Seat 5: v14che ($2.67 in chips) 
Seat 6: filinvita ($0.84 in chips) 
Seat 7: Dorex2007 ($1.98 in chips) 
Seat 8: Tiltacion26 ($2.28 in chips) 
Seat 9: 0815c ($2.17 in chips) 
zuszek85: posts small blind $0.01
MichaZimb: posts big blind $0.02
*** HOLE CARDS ***
Dealt to Dorex2007 [Jh 8c]
lotojas: calls $0.02
v14che: folds 
filinvita: folds 
Dorex2007: folds 
Tiltacion26: folds 
0815c: folds 
zuszek85: calls $0.01
MichaZimb: checks 
*** FLOP *** [7s 3d 6d]
zuszek85: checks 
MichaZimb: bets $0.06
lotojas: calls $0.06
zuszek85: folds 
*** TURN *** [7s 3d 6d] [Jc]
MichaZimb: bets $0.07
lotojas: calls $0.07
*** RIVER *** [7s 3d 6d Jc] [4h]
MichaZimb: bets $0.12
lotojas: calls $0.12
*** SHOW DOWN ***
MichaZimb: shows [Kd 7c] (a pair of Sevens)
lotojas: mucks hand 
MichaZimb collected $0.54 from pot
*** SUMMARY ***
Total pot $0.56 | Rake $0.02 
Board [7s 3d 6d Jc 4h]
Seat 1: zuszek85 (small blind) folded on the Flop
Seat 2: MichaZimb (big blind) showed [Kd 7c] and won ($0.54) with a pair of Sevens
Seat 4: lotojas mucked [7d 8d]
Seat 5: v14che folded before Flop (didn't bet)
Seat 6: filinvita folded before Flop (didn't bet)
Seat 7: Dorex2007 folded before Flop (didn't bet)
Seat 8: Tiltacion26 folded before Flop (didn't bet)
Seat 9: 0815c (button) folded before Flop (didn't bet)



PokerStars Hand #228101101133:  Hold'em No Limit ($0.01/$0.02 USD) - 2021/07/06 11:49:32 PT [2021/07/06 14:49:32 ET]
Table 'Desagneauxa IV' 9-max Seat #1 is the button
Seat 1: zuszek85 ($1.50 in chips) 
Seat 2: MichaZimb ($2.27 in chips) 
Seat 4: lotojas ($2 in chips) 
Seat 5: v14che ($2.67 in chips) 
Seat 6: filinvita ($0.84 in chips) 
Seat 7: Dorex2007 ($1.98 in chips) 
Seat 8: Tiltacion26 ($2.28 in chips) 
Seat 9: 0815c ($2.17 in chips) 
MichaZimb: posts small blind $0.01
lotojas: posts big blind $0.02
*** HOLE CARDS ***
Dealt to Dorex2007 [Kc 7h]
v14che: folds 
filinvita: calls $0.02
Dorex2007: folds 
Tiltacion26: raises $0.04 to $0.06
0815c: folds 
zuszek85: folds 
MichaZimb: folds 
zuszek85 leaves the table
lotojas: folds 
filinvita: calls $0.04
*** FLOP *** [Ah Qc 3c]
filinvita: checks 
Tiltacion26: bets $0.07
sianakostova1 joins the table at seat #1 
filinvita: calls $0.07
*** TURN *** [Ah Qc 3c] [Tc]
filinvita: bets $0.06
Tiltacion26: raises $0.12 to $0.18
filinvita: calls $0.12
*** RIVER *** [Ah Qc 3c Tc] [2h]
filinvita: checks 
Tiltacion26: checks 
*** SHOW DOWN ***
filinvita: shows [3s As] (two pair, Aces and Threes)
Tiltacion26: mucks hand 
filinvita collected $0.63 from pot
*** SUMMARY ***
Total pot $0.65 | Rake $0.02 
Board [Ah Qc 3c Tc 2h]
Seat 1: zuszek85 (button) folded before Flop (didn't bet)
Seat 2: MichaZimb (small blind) folded before Flop
Seat 4: lotojas (big blind) folded before Flop
Seat 5: v14che folded before Flop (didn't bet)
Seat 6: filinvita showed [3s As] and won ($0.63) with two pair, Aces and Threes
Seat 7: Dorex2007 folded before Flop (didn't bet)
Seat 8: Tiltacion26 mucked [8h 8d]
Seat 9: 0815c folded before Flop (didn't bet)



PokerStars Hand #228101122038:  Hold'em No Limit ($0.01/$0.02 USD) - 2021/07/06 11:50:25 PT [2021/07/06 14:50:25 ET]
Table 'Desagneauxa IV' 9-max Seat #2 is the button
Seat 1: sianakostova1 ($1.36 in chips) 
Seat 2: MichaZimb ($2.26 in chips) 
Seat 4: lotojas ($2 in chips) 
Seat 5: v14che ($2.67 in chips) 
Seat 6: filinvita ($1.16 in chips) 
Seat 7: Dorex2007 ($1.98 in chips) 
Seat 8: Tiltacion26 ($1.97 in chips) 
Seat 9: 0815c ($2.17 in chips) 
lotojas: posts small blind $0.01
v14che: posts big blind $0.02
sianakostova1: posts big blind $0.02
*** HOLE CARDS ***
Dealt to Dorex2007 [4c 4d]
filinvita: folds 
Dorex2007: folds 
Tiltacion26: folds 
0815c: folds 
sianakostova1: checks 
MichaZimb: folds 
lotojas: calls $0.01
v14che: checks 
*** FLOP *** [5h 7d Qd]
lotojas: checks 
v14che: checks 
sianakostova1: checks 
*** TURN *** [5h 7d Qd] [Ac]
lotojas: checks 
v14che: checks 
sianakostova1: bets $0.06
lotojas: calls $0.06
v14che: folds 
*** RIVER *** [5h 7d Qd Ac] [8c]
lotojas: checks 
sianakostova1: bets $0.09
lotojas: calls $0.09
*** SHOW DOWN ***
sianakostova1: shows [3s 6d] (high card Ace)
lotojas: shows [As 3h] (a pair of Aces)
lotojas collected $0.35 from pot
*** SUMMARY ***
Total pot $0.36 | Rake $0.01 
Board [5h 7d Qd Ac 8c]
Seat 1: sianakostova1 showed [3s 6d] and lost with high card Ace
Seat 2: MichaZimb (button) folded before Flop (didn't bet)
Seat 4: lotojas (small blind) showed [As 3h] and won ($0.35) with a pair of Aces
Seat 5: v14che (big blind) folded on the Turn
Seat 6: filinvita folded before Flop (didn't bet)
Seat 7: Dorex2007 folded before Flop (didn't bet)
Seat 8: Tiltacion26 folded before Flop (didn't bet)
Seat 9: 0815c folded before Flop (didn't bet)



PokerStars Hand #228101148097:  Hold'em No Limit ($0.01/$0.02 USD) - 2021/07/06 11:51:18 PT [2021/07/06 14:51:18 ET]
Table 'Desagneauxa IV' 9-max Seat #4 is the button
Seat 1: sianakostova1 ($1.19 in chips) 
Seat 2: MichaZimb ($2.26 in chips) 
Seat 4: lotojas ($2.18 in chips) 
Seat 5: v14che ($2.65 in chips) 
Seat 6: filinvita ($1.16 in chips) 
Seat 7: Dorex2007 ($1.98 in chips) 
Seat 8: Tiltacion26 ($2 in chips) 
Seat 9: 0815c ($2.17 in chips) 
v14che: posts small blind $0.01
filinvita: posts big blind $0.02
*** HOLE CARDS ***
Dealt to Dorex2007 [3d Ad]
Dorex2007: folds 
Tiltacion26: folds 
0815c: folds 
sianakostova1: calls $0.02
MichaZimb: folds 
lotojas: folds 
v14che: folds 
filinvita: checks 
*** FLOP *** [Qh 2s 8h]
filinvita: checks 
sianakostova1: checks 
*** TURN *** [Qh 2s 8h] [2h]
filinvita: bets $0.03
sianakostova1: calls $0.03
*** RIVER *** [Qh 2s 8h 2h] [Ac]
filinvita: bets $0.06
sianakostova1: folds 
Uncalled bet ($0.06) returned to filinvita
filinvita collected $0.11 from pot
filinvita: doesn't show hand 
*** SUMMARY ***
Total pot $0.11 | Rake $0 
Board [Qh 2s 8h 2h Ac]
Seat 1: sianakostova1 folded on the River
Seat 2: MichaZimb folded before Flop (didn't bet)
Seat 4: lotojas (button) folded before Flop (didn't bet)
Seat 5: v14che (small blind) folded before Flop
Seat 6: filinvita (big blind) collected ($0.11)
Seat 7: Dorex2007 folded before Flop (didn't bet)
Seat 8: Tiltacion26 folded before Flop (didn't bet)
Seat 9: 0815c folded before Flop (didn't bet)



PokerStars Hand #228101170479:  Hold'em No Limit ($0.01/$0.02 USD) - 2021/07/06 11:51:56 PT [2021/07/06 14:51:56 ET]
Table 'Desagneauxa IV' 9-max Seat #5 is the button
Seat 1: sianakostova1 ($1.14 in chips) 
Seat 2: MichaZimb ($2.26 in chips) 
Seat 4: lotojas ($2.18 in chips) 
Seat 5: v14che ($2.64 in chips) 
Seat 6: filinvita ($1.22 in chips) 
Seat 7: Dorex2007 ($1.98 in chips) 
Seat 8: Tiltacion26 ($2 in chips) 
Seat 9: 0815c ($2.17 in chips) 
filinvita: posts small blind $0.01
Dorex2007: posts big blind $0.02
*** HOLE CARDS ***
Dealt to Dorex2007 [Tc 8h]
Tiltacion26: folds 
0815c: raises $0.06 to $0.08
sianakostova1: calls $0.08
MichaZimb: folds 
lotojas: folds 
v14che: folds 
filinvita: folds 
Dorex2007: folds 
*** FLOP *** [9c 2d 4c]
0815c: bets $0.10
sianakostova1: folds 
Uncalled bet ($0.10) returned to 0815c
0815c collected $0.18 from pot
0815c: doesn't show hand 
*** SUMMARY ***
Total pot $0.19 | Rake $0.01 
Board [9c 2d 4c]
Seat 1: sianakostova1 folded on the Flop
Seat 2: MichaZimb folded before Flop (didn't bet)
Seat 4: lotojas folded before Flop (didn't bet)
Seat 5: v14che (button) folded before Flop (didn't bet)
Seat 6: filinvita (small blind) folded before Flop
Seat 7: Dorex2007 (big blind) folded before Flop
Seat 8: Tiltacion26 folded before Flop (didn't bet)
Seat 9: 0815c collected ($0.18)



PokerStars Hand #228101182646:  Hold'em No Limit ($0.01/$0.02 USD) - 2021/07/06 11:52:27 PT [2021/07/06 14:52:27 ET]
Table 'Desagneauxa IV' 9-max Seat #6 is the button
Seat 1: sianakostova1 ($1.06 in chips) 
Seat 2: MichaZimb ($2.26 in chips) 
Seat 4: lotojas ($2.18 in chips) 
Seat 5: v14che ($2.64 in chips) 
Seat 6: filinvita ($1.21 in chips) 
Seat 7: Dorex2007 ($1.96 in chips) 
Seat 8: Tiltacion26 ($2 in chips) 
Seat 9: 0815c ($2.27 in chips) 
Dorex2007: posts small blind $0.01
Tiltacion26: posts big blind $0.02
*** HOLE CARDS ***
Dealt to Dorex2007 [3s Qd]
0815c: calls $0.02
sianakostova1: folds 
MichaZimb: folds 
lotojas: folds 
v14che: folds 
filinvita: calls $0.02
Dorex2007: folds 
Tiltacion26: checks 
*** FLOP *** [8c Ah Td]
Tiltacion26: checks 
0815c: checks 
filinvita: bets $0.04
Tiltacion26: folds 
0815c: folds 
Uncalled bet ($0.04) returned to filinvita
filinvita collected $0.07 from pot
filinvita: doesn't show hand 
*** SUMMARY ***
Total pot $0.07 | Rake $0 
Board [8c Ah Td]
Seat 1: sianakostova1 folded before Flop (didn't bet)
Seat 2: MichaZimb folded before Flop (didn't bet)
Seat 4: lotojas folded before Flop (didn't bet)
Seat 5: v14che folded before Flop (didn't bet)
Seat 6: filinvita (button) collected ($0.07)
Seat 7: Dorex2007 (small blind) folded before Flop
Seat 8: Tiltacion26 (big blind) folded on the Flop
Seat 9: 0815c folded on the Flop



PokerStars Hand #228101194407:  Hold'em No Limit ($0.01/$0.02 USD) - 2021/07/06 11:52:58 PT [2021/07/06 14:52:58 ET]
Table 'Desagneauxa IV' 9-max Seat #7 is the button
Seat 1: sianakostova1 ($1.06 in chips) 
Seat 2: MichaZimb ($2.26 in chips) 
Seat 4: lotojas ($2.18 in chips) 
Seat 5: v14che ($2.64 in chips) 
Seat 6: filinvita ($1.26 in chips) 
Seat 7: Dorex2007 ($1.95 in chips) 
Seat 8: Tiltacion26 ($1.98 in chips) 
Tiltacion26: posts small blind $0.01
0815c: is sitting out 
sianakostova1: posts big blind $0.02
*** HOLE CARDS ***
Dealt to Dorex2007 [6h 8h]
0815c leaves the table
MichaZimb: folds 
lotojas: folds 
v14che: folds 
filinvita: folds 
Dorex2007: raises $0.04 to $0.06
kattenemil joins the table at seat #9 
Tiltacion26: calls $0.05
sianakostova1: calls $0.04
*** FLOP *** [3c As 7h]
Tiltacion26: checks 
sianakostova1: checks 
Dorex2007: checks 
*** TURN *** [3c As 7h] [Ac]
Tiltacion26: bets $0.10
sianakostova1: folds 
Dorex2007: folds 
Uncalled bet ($0.10) returned to Tiltacion26
Tiltacion26 collected $0.17 from pot
Tiltacion26: doesn't show hand 
*** SUMMARY ***
Total pot $0.18 | Rake $0.01 
Board [3c As 7h Ac]
Seat 1: sianakostova1 (big blind) folded on the Turn
Seat 2: MichaZimb folded before Flop (didn't bet)
Seat 4: lotojas folded before Flop (didn't bet)
Seat 5: v14che folded before Flop (didn't bet)
Seat 6: filinvita folded before Flop (didn't bet)
Seat 7: Dorex2007 (button) folded on the Turn
Seat 8: Tiltacion26 (small blind) collected ($0.17)



PokerStars Hand #228101213031:  Hold'em No Limit ($0.01/$0.02 USD) - 2021/07/06 11:53:46 PT [2021/07/06 14:53:46 ET]
Table 'Desagneauxa IV' 9-max Seat #8 is the button
Seat 1: sianakostova1 ($1 in chips) 
Seat 2: MichaZimb ($2.26 in chips) 
Seat 4: lotojas ($2.18 in chips) 
Seat 5: v14che ($2.64 in chips) 
Seat 6: filinvita ($1.26 in chips) 
Seat 7: Dorex2007 ($1.89 in chips) 
Seat 8: Tiltacion26 ($2.09 in chips) 
sianakostova1: posts small blind $0.01
MichaZimb: posts big blind $0.02
*** HOLE CARDS ***
Dealt to Dorex2007 [Th 5c]
lotojas: folds 
v14che: raises $0.04 to $0.06
filinvita: folds 
Dorex2007: folds 
Tiltacion26: folds 
sianakostova1: calls $0.05
MichaZimb: folds 
*** FLOP *** [Ad Kd 7s]
sianakostova1: checks 
v14che: bets $0.11
sianakostova1: calls $0.11
*** TURN *** [Ad Kd 7s] [6d]
sianakostova1: checks 
v14che: checks 
*** RIVER *** [Ad Kd 7s 6d] [8c]
sianakostova1: bets $0.35
v14che: folds 
Uncalled bet ($0.35) returned to sianakostova1
sianakostova1 collected $0.35 from pot
sianakostova1: doesn't show hand 
*** SUMMARY ***
Total pot $0.36 | Rake $0.01 
Board [Ad Kd 7s 6d 8c]
Seat 1: sianakostova1 (small blind) collected ($0.35)
Seat 2: MichaZimb (big blind) folded before Flop
Seat 4: lotojas folded before Flop (didn't bet)
Seat 5: v14che folded on the River
Seat 6: filinvita folded before Flop (didn't bet)
Seat 7: Dorex2007 folded before Flop (didn't bet)
Seat 8: Tiltacion26 (button) folded before Flop (didn't bet)



PokerStars Hand #228101228169:  Hold'em No Limit ($0.01/$0.02 USD) - 2021/07/06 11:54:26 PT [2021/07/06 14:54:26 ET]
Table 'Desagneauxa IV' 9-max Seat #1 is the button
Seat 1: sianakostova1 ($1.18 in chips) 
Seat 2: MichaZimb ($2.24 in chips) 
Seat 5: v14che ($2.47 in chips) 
Seat 6: filinvita ($1.26 in chips) 
Seat 7: Dorex2007 ($1.89 in chips) 
Seat 8: Tiltacion26 ($2.09 in chips) 
MichaZimb: posts small blind $0.01
v14che: posts big blind $0.02
kattenemil: sits out 
*** HOLE CARDS ***
Dealt to Dorex2007 [Ah 3s]
filinvita: folds 
Dorex2007: folds 
Tiltacion26: folds 
sianakostova1: raises $0.05 to $0.07
MichaZimb: folds 
v14che: folds 
Uncalled bet ($0.05) returned to sianakostova1
sianakostova1 collected $0.05 from pot
sianakostova1: doesn't show hand 
*** SUMMARY ***
Total pot $0.05 | Rake $0 
Seat 1: sianakostova1 (button) collected ($0.05)
Seat 2: MichaZimb (small blind) folded before Flop
Seat 5: v14che (big blind) folded before Flop
Seat 6: filinvita folded before Flop (didn't bet)
Seat 7: Dorex2007 folded before Flop (didn't bet)
Seat 8: Tiltacion26 folded before Flop (didn't bet)



PokerStars Hand #228101232971:  Hold'em No Limit ($0.01/$0.02 USD) - 2021/07/06 11:54:38 PT [2021/07/06 14:54:38 ET]
Table 'Desagneauxa IV' 9-max Seat #2 is the button
Seat 1: sianakostova1 ($1.21 in chips) 
Seat 2: MichaZimb ($2.23 in chips) 
Seat 5: v14che ($2.45 in chips) 
Seat 6: filinvita ($1.26 in chips) 
Seat 7: Dorex2007 ($1.89 in chips) 
Seat 8: Tiltacion26 ($2.09 in chips) 
v14che: posts small blind $0.01
filinvita: posts big blind $0.02
kattenemil: sits out 
*** HOLE CARDS ***
Dealt to Dorex2007 [Qc 3h]
Dorex2007: folds 
Tiltacion26: raises $0.04 to $0.06
sianakostova1: calls $0.06
MichaZimb: folds 
v14che: folds 
filinvita: folds 
*** FLOP *** [Jc 7h Ah]
Tiltacion26: bets $0.06
sianakostova1: calls $0.06
*** TURN *** [Jc 7h Ah] [Ac]
Tiltacion26: checks 
sianakostova1: checks 
*** RIVER *** [Jc 7h Ah Ac] [Jh]
Tiltacion26: checks 
sianakostova1: checks 
*** SHOW DOWN ***
Tiltacion26: shows [5c 5h] (two pair, Aces and Jacks)
sianakostova1: shows [Qh 4h] (a flush, Ace high)
sianakostova1 collected $0.26 from pot
*** SUMMARY ***
Total pot $0.27 | Rake $0.01 
Board [Jc 7h Ah Ac Jh]
Seat 1: sianakostova1 showed [Qh 4h] and won ($0.26) with a flush, Ace high
Seat 2: MichaZimb (button) folded before Flop (didn't bet)
Seat 5: v14che (small blind) folded before Flop
Seat 6: filinvita (big blind) folded before Flop
Seat 7: Dorex2007 folded before Flop (didn't bet)
Seat 8: Tiltacion26 showed [5c 5h] and lost with two pair, Aces and Jacks



PokerStars Hand #228101249281:  Hold'em No Limit ($0.01/$0.02 USD) - 2021/07/06 11:55:24 PT [2021/07/06 14:55:24 ET]
Table 'Desagneauxa IV' 9-max Seat #5 is the button
Seat 1: sianakostova1 ($1.35 in chips) 
Seat 2: MichaZimb ($2.23 in chips) 
Seat 5: v14che ($2.44 in chips) 
Seat 6: filinvita ($1.24 in chips) 
Seat 7: Dorex2007 ($1.89 in chips) 
Seat 8: Tiltacion26 ($1.97 in chips) 
filinvita: posts small blind $0.01
Dorex2007: posts big blind $0.02
kattenemil: sits out 
*** HOLE CARDS ***
Dealt to Dorex2007 [8d Qs]
Tiltacion26: folds 
sianakostova1: folds 
MichaZimb: folds 
v14che: folds 
filinvita: folds 
Uncalled bet ($0.01) returned to Dorex2007
Dorex2007 collected $0.02 from pot
Dorex2007: doesn't show hand 
*** SUMMARY ***
Total pot $0.02 | Rake $0 
Seat 1: sianakostova1 folded before Flop (didn't bet)
Seat 2: MichaZimb folded before Flop (didn't bet)
Seat 5: v14che (button) folded before Flop (didn't bet)
Seat 6: filinvita (small blind) folded before Flop
Seat 7: Dorex2007 (big blind) collected ($0.02)
Seat 8: Tiltacion26 folded before Flop (didn't bet)



PokerStars Hand #228101253696:  Hold'em No Limit ($0.01/$0.02 USD) - 2021/07/06 11:55:40 PT [2021/07/06 14:55:40 ET]
Table 'Desagneauxa IV' 9-max Seat #6 is the button
Seat 1: sianakostova1 ($1.35 in chips) 
Seat 2: MichaZimb ($2.23 in chips) 
Seat 4: lotojas ($2.18 in chips) 
Seat 5: v14che ($2.44 in chips) 
Seat 6: filinvita ($1.23 in chips) 
Seat 7: Dorex2007 ($1.90 in chips) 
Seat 8: Tiltacion26 ($2 in chips) 
Dorex2007: posts small blind $0.01
Tiltacion26: posts big blind $0.02
kattenemil: sits out 
lotojas: posts small & big blinds $0.03
*** HOLE CARDS ***
Dealt to Dorex2007 [6c Ac]
sianakostova1: folds 
MichaZimb: folds 
lotojas: checks 
v14che: folds 
filinvita: folds 
Dorex2007: calls $0.01
Tiltacion26: checks 
*** FLOP *** [Th 5h 2c]
Dorex2007: checks 
Tiltacion26: checks 
lotojas: checks 
*** TURN *** [Th 5h 2c] [Tc]
Dorex2007: checks 
Tiltacion26: checks 
lotojas: checks 
*** RIVER *** [Th 5h 2c Tc] [3s]
Dorex2007: checks 
Tiltacion26: checks 
lotojas: checks 
*** SHOW DOWN ***
Dorex2007: shows [6c Ac] (a pair of Tens)
Tiltacion26: shows [6d 2s] (two pair, Tens and Deuces)
lotojas: shows [3d Qh] (two pair, Tens and Threes)
lotojas collected $0.07 from pot
*** SUMMARY ***
Total pot $0.07 | Rake $0 
Board [Th 5h 2c Tc 3s]
Seat 1: sianakostova1 folded before Flop (didn't bet)
Seat 2: MichaZimb folded before Flop (didn't bet)
Seat 4: lotojas showed [3d Qh] and won ($0.07) with two pair, Tens and Threes
Seat 5: v14che folded before Flop (didn't bet)
Seat 6: filinvita (button) folded before Flop (didn't bet)
Seat 7: Dorex2007 (small blind) showed [6c Ac] and lost with a pair of Tens
Seat 8: Tiltacion26 (big blind) showed [6d 2s] and lost with two pair, Tens and Deuces



PokerStars Hand #228101268914:  Hold'em No Limit ($0.01/$0.02 USD) - 2021/07/06 11:56:32 PT [2021/07/06 14:56:32 ET]
Table 'Desagneauxa IV' 9-max Seat #7 is the button
Seat 1: sianakostova1 ($1.35 in chips) 
Seat 2: MichaZimb ($2.23 in chips) 
Seat 3: Zuban442 ($0.99 in chips) 
Seat 4: lotojas ($2.22 in chips) 
Seat 5: v14che ($2.44 in chips) 
Seat 6: filinvita ($1.23 in chips) 
Seat 7: Dorex2007 ($1.88 in chips) 
Seat 8: Tiltacion26 ($1.98 in chips) 
Seat 9: kattenemil ($1.64 in chips) 
Tiltacion26: posts small blind $0.01
kattenemil: posts big blind $0.02
Zuban442: posts small & big blinds $0.03
*** HOLE CARDS ***
Dealt to Dorex2007 [9h Ah]
sianakostova1: raises $0.04 to $0.06
MichaZimb: folds 
Zuban442: folds 
lotojas: calls $0.06
v14che: folds 
filinvita: folds 
Dorex2007: folds 
Tiltacion26: folds 
kattenemil: calls $0.04
*** FLOP *** [Jc 7s 3c]
kattenemil: bets $0.02
sianakostova1: calls $0.02
lotojas: calls $0.02
*** TURN *** [Jc 7s 3c] [2h]
kattenemil: bets $0.02
sianakostova1: calls $0.02
lotojas: calls $0.02
*** RIVER *** [Jc 7s 3c 2h] [8h]
kattenemil: checks 
sianakostova1: checks 
lotojas: checks 
*** SHOW DOWN ***
kattenemil: shows [Qs Ad] (high card Ace)
sianakostova1: mucks hand 
lotojas: shows [Jd Ac] (a pair of Jacks)
lotojas collected $0.33 from pot
*** SUMMARY ***
Total pot $0.34 | Rake $0.01 
Board [Jc 7s 3c 2h 8h]
Seat 1: sianakostova1 mucked [Qc Kh]
Seat 2: MichaZimb folded before Flop (didn't bet)
Seat 3: Zuban442 folded before Flop (didn't bet)
Seat 4: lotojas showed [Jd Ac] and won ($0.33) with a pair of Jacks
Seat 5: v14che folded before Flop (didn't bet)
Seat 6: filinvita folded before Flop (didn't bet)
Seat 7: Dorex2007 (button) folded before Flop (didn't bet)
Seat 8: Tiltacion26 (small blind) folded before Flop
Seat 9: kattenemil (big blind) showed [Qs Ad] and lost with high card Ace



PokerStars Hand #228101284193:  Hold'em No Limit ($0.01/$0.02 USD) - 2021/07/06 11:57:25 PT [2021/07/06 14:57:25 ET]
Table 'Desagneauxa IV' 9-max Seat #8 is the button
Seat 1: sianakostova1 ($1.25 in chips) 
Seat 2: MichaZimb ($2.23 in chips) 
Seat 3: Zuban442 ($0.96 in chips) 
Seat 4: lotojas ($2.45 in chips) 
Seat 5: v14che ($2.44 in chips) 
Seat 6: filinvita ($1.23 in chips) 
Seat 7: Dorex2007 ($1.88 in chips) 
Seat 8: Tiltacion26 ($2 in chips) 
Seat 9: kattenemil ($1.54 in chips) 
kattenemil: posts small blind $0.01
sianakostova1: posts big blind $0.02
*** HOLE CARDS ***
Dealt to Dorex2007 [3d Kd]
MichaZimb: calls $0.02
Zuban442: folds 
lotojas: folds 
v14che: folds 
filinvita: folds 
Dorex2007: folds 
Tiltacion26: folds 
kattenemil: folds 
sianakostova1: checks 
*** FLOP *** [6d Js 9s]
sianakostova1: bets $0.03
MichaZimb: calls $0.03
*** TURN *** [6d Js 9s] [Jd]
sianakostova1: bets $0.06
MichaZimb: raises $0.06 to $0.12
sianakostova1: calls $0.06
*** RIVER *** [6d Js 9s Jd] [Ad]
sianakostova1: checks 
MichaZimb: bets $0.14
sianakostova1: calls $0.14
*** SHOW DOWN ***
MichaZimb: shows [Qh Jh] (three of a kind, Jacks)
sianakostova1: mucks hand 
MichaZimb collected $0.61 from pot
*** SUMMARY ***
Total pot $0.63 | Rake $0.02 
Board [6d Js 9s Jd Ad]
Seat 1: sianakostova1 (big blind) mucked [9d Kc]
Seat 2: MichaZimb showed [Qh Jh] and won ($0.61) with three of a kind, Jacks
Seat 3: Zuban442 folded before Flop (didn't bet)
Seat 4: lotojas folded before Flop (didn't bet)
Seat 5: v14che folded before Flop (didn't bet)
Seat 6: filinvita folded before Flop (didn't bet)
Seat 7: Dorex2007 folded before Flop (didn't bet)
Seat 8: Tiltacion26 (button) folded before Flop (didn't bet)
Seat 9: kattenemil (small blind) folded before Flop



PokerStars Hand #228101302742:  Hold'em No Limit ($0.01/$0.02 USD) - 2021/07/06 11:58:30 PT [2021/07/06 14:58:30 ET]
Table 'Desagneauxa IV' 9-max Seat #9 is the button
Seat 1: sianakostova1 ($0.94 in chips) 
Seat 2: MichaZimb ($2.53 in chips) 
Seat 3: Zuban442 ($0.96 in chips) 
Seat 4: lotojas ($2.45 in chips) 
Seat 5: v14che ($2.44 in chips) 
Seat 6: filinvita ($1.23 in chips) 
Seat 7: Dorex2007 ($1.88 in chips) 
Seat 8: Tiltacion26 ($2 in chips) 
Seat 9: kattenemil ($1.53 in chips) 
sianakostova1: posts small blind $0.01
MichaZimb: posts big blind $0.02
*** HOLE CARDS ***
Dealt to Dorex2007 [5s Kc]
Zuban442: folds 
lotojas: calls $0.02
v14che: folds 
filinvita: folds 
Dorex2007: folds 
Tiltacion26: folds 
kattenemil: folds 
sianakostova1: calls $0.01
MichaZimb: checks 
*** FLOP *** [3c Js Ts]
sianakostova1: checks 
MichaZimb: checks 
lotojas: bets $0.02
sianakostova1: folds 
MichaZimb: folds 
Uncalled bet ($0.02) returned to lotojas
lotojas collected $0.06 from pot
lotojas: doesn't show hand 
*** SUMMARY ***
Total pot $0.06 | Rake $0 
Board [3c Js Ts]
Seat 1: sianakostova1 (small blind) folded on the Flop
Seat 2: MichaZimb (big blind) folded on the Flop
Seat 3: Zuban442 folded before Flop (didn't bet)
Seat 4: lotojas collected ($0.06)
Seat 5: v14che folded before Flop (didn't bet)
Seat 6: filinvita folded before Flop (didn't bet)
Seat 7: Dorex2007 folded before Flop (didn't bet)
Seat 8: Tiltacion26 folded before Flop (didn't bet)
Seat 9: kattenemil (button) folded before Flop (didn't bet)



PokerStars Hand #228101312078:  Hold'em No Limit ($0.01/$0.02 USD) - 2021/07/06 11:59:03 PT [2021/07/06 14:59:03 ET]
Table 'Desagneauxa IV' 9-max Seat #1 is the button
Seat 1: sianakostova1 ($0.92 in chips) 
Seat 2: MichaZimb ($2.51 in chips) 
Seat 3: Zuban442 ($0.96 in chips) 
Seat 4: lotojas ($2.49 in chips) 
Seat 5: v14che ($2.44 in chips) 
Seat 6: filinvita ($1.23 in chips) 
Seat 7: Dorex2007 ($1.88 in chips) 
Seat 8: Tiltacion26 ($2 in chips) 
Seat 9: kattenemil ($1.53 in chips) 
MichaZimb: posts small blind $0.01
Zuban442: posts big blind $0.02
*** HOLE CARDS ***
Dealt to Dorex2007 [7h 4h]
lotojas: folds 
v14che: folds 
filinvita: folds 
Dorex2007: folds 
Tiltacion26: folds 
kattenemil: folds 
sianakostova1: raises $0.04 to $0.06
MichaZimb: folds 
Zuban442: calls $0.04
*** FLOP *** [Qd As Kd]
Zuban442: checks 
sianakostova1: bets $0.07
Zuban442: folds 
Uncalled bet ($0.07) returned to sianakostova1
sianakostova1 collected $0.13 from pot
sianakostova1: doesn't show hand 
*** SUMMARY ***
Total pot $0.13 | Rake $0 
Board [Qd As Kd]
Seat 1: sianakostova1 (button) collected ($0.13)
Seat 2: MichaZimb (small blind) folded before Flop
Seat 3: Zuban442 (big blind) folded on the Flop
Seat 4: lotojas folded before Flop (didn't bet)
Seat 5: v14che folded before Flop (didn't bet)
Seat 6: filinvita folded before Flop (didn't bet)
Seat 7: Dorex2007 folded before Flop (didn't bet)
Seat 8: Tiltacion26 folded before Flop (didn't bet)
Seat 9: kattenemil folded before Flop (didn't bet)



PokerStars Hand #228101321827:  Hold'em No Limit ($0.01/$0.02 USD) - 2021/07/06 11:59:37 PT [2021/07/06 14:59:37 ET]
Table 'Desagneauxa IV' 9-max Seat #2 is the button
Seat 1: sianakostova1 ($0.99 in chips) 
Seat 2: MichaZimb ($2.50 in chips) 
Seat 3: Zuban442 ($0.90 in chips) 
Seat 4: lotojas ($2.49 in chips) 
Seat 5: v14che ($2.44 in chips) 
Seat 6: filinvita ($1.23 in chips) 
Seat 7: Dorex2007 ($1.88 in chips) 
Seat 8: Tiltacion26 ($2 in chips) 
Seat 9: kattenemil ($1.53 in chips) 
Zuban442: posts small blind $0.01
lotojas: posts big blind $0.02
*** HOLE CARDS ***
Dealt to Dorex2007 [Qs 7c]
v14che: folds 
filinvita: folds 
Dorex2007: folds 
Tiltacion26: folds 
kattenemil: folds 
sianakostova1: folds 
MichaZimb: folds 
v14che leaves the table
Zuban442: folds 
Uncalled bet ($0.01) returned to lotojas
lotojas collected $0.02 from pot
lotojas: doesn't show hand 
*** SUMMARY ***
Total pot $0.02 | Rake $0 
Seat 1: sianakostova1 folded before Flop (didn't bet)
Seat 2: MichaZimb (button) folded before Flop (didn't bet)
Seat 3: Zuban442 (small blind) folded before Flop
Seat 4: lotojas (big blind) collected ($0.02)
Seat 5: v14che folded before Flop (didn't bet)
Seat 6: filinvita folded before Flop (didn't bet)
Seat 7: Dorex2007 folded before Flop (didn't bet)
Seat 8: Tiltacion26 folded before Flop (didn't bet)
Seat 9: kattenemil folded before Flop (didn't bet)



PokerStars Hand #228101325528:  Hold'em No Limit ($0.01/$0.02 USD) - 2021/07/06 11:59:50 PT [2021/07/06 14:59:50 ET]
Table 'Desagneauxa IV' 9-max Seat #3 is the button
Seat 1: sianakostova1 ($0.99 in chips) 
Seat 2: MichaZimb ($2.50 in chips) 
Seat 3: Zuban442 ($0.89 in chips) 
Seat 4: lotojas ($2.50 in chips) 
Seat 6: filinvita ($1.23 in chips) 
Seat 7: Dorex2007 ($1.88 in chips) 
Seat 8: Tiltacion26 ($2 in chips) 
Seat 9: kattenemil ($1.53 in chips) 
lotojas: posts small blind $0.01
filinvita: posts big blind $0.02
*** HOLE CARDS ***
Dealt to Dorex2007 [8h 4c]
Dorex2007: folds 
Tiltacion26: folds 
kattenemil: folds 
sianakostova1: calls $0.02
MichaZimb: folds 
Zuban442: folds 
lotojas: calls $0.01
filinvita: checks 
*** FLOP *** [6s Qs 5d]
lotojas: checks 
filinvita: checks 
sianakostova1: bets $0.06
lotojas: folds 
filinvita: folds 
Uncalled bet ($0.06) returned to sianakostova1
sianakostova1 collected $0.06 from pot
sianakostova1: doesn't show hand 
*** SUMMARY ***
Total pot $0.06 | Rake $0 
Board [6s Qs 5d]
Seat 1: sianakostova1 collected ($0.06)
Seat 2: MichaZimb folded before Flop (didn't bet)
Seat 3: Zuban442 (button) folded before Flop (didn't bet)
Seat 4: lotojas (small blind) folded on the Flop
Seat 6: filinvita (big blind) folded on the Flop
Seat 7: Dorex2007 folded before Flop (didn't bet)
Seat 8: Tiltacion26 folded before Flop (didn't bet)
Seat 9: kattenemil folded before Flop (didn't bet)



PokerStars Hand #228101335626:  Hold'em No Limit ($0.01/$0.02 USD) - 2021/07/06 12:00:26 PT [2021/07/06 15:00:26 ET]
Table 'Desagneauxa IV' 9-max Seat #4 is the button
Seat 1: sianakostova1 ($1.03 in chips) 
Seat 2: MichaZimb ($2.50 in chips) 
Seat 3: Zuban442 ($0.89 in chips) 
Seat 4: lotojas ($2.48 in chips) 
Seat 6: filinvita ($1.21 in chips) 
Seat 7: Dorex2007 ($1.88 in chips) 
Seat 8: Tiltacion26 ($2 in chips) 
Seat 9: kattenemil ($1.53 in chips) 
filinvita: posts small blind $0.01
Dorex2007: posts big blind $0.02
*** HOLE CARDS ***
Dealt to Dorex2007 [7c Ad]
Tiltacion26: folds 
kattenemil: folds 
sianakostova1: folds 
MichaZimb: raises $0.03 to $0.05
Zuban442: calls $0.05
lotojas: folds 
filinvita: folds 
Dorex2007: folds 
*** FLOP *** [Ts 9d Kh]
MichaZimb: checks 
Zuban442: checks 
*** TURN *** [Ts 9d Kh] [5d]
MichaZimb: bets $0.05
Zuban442: raises $0.05 to $0.10
MichaZimb: raises $0.12 to $0.22
Zuban442: calls $0.12
*** RIVER *** [Ts 9d Kh 5d] [2s]
MichaZimb: bets $0.22
Zuban442: raises $0.22 to $0.44
MichaZimb: raises $0.22 to $0.66
Zuban442: calls $0.18 and is all-in
Uncalled bet ($0.04) returned to MichaZimb
*** SHOW DOWN ***
MichaZimb: shows [Qh Jh] (a straight, Nine to King)
Zuban442: shows [5c 5h] (three of a kind, Fives)
MichaZimb collected $1.73 from pot
*** SUMMARY ***
Total pot $1.81 | Rake $0.08 
Board [Ts 9d Kh 5d 2s]
Seat 1: sianakostova1 folded before Flop (didn't bet)
Seat 2: MichaZimb showed [Qh Jh] and won ($1.73) with a straight, Nine to King
Seat 3: Zuban442 showed [5c 5h] and lost with three of a kind, Fives
Seat 4: lotojas (button) folded before Flop (didn't bet)
Seat 6: filinvita (small blind) folded before Flop
Seat 7: Dorex2007 (big blind) folded before Flop
Seat 8: Tiltacion26 folded before Flop (didn't bet)
Seat 9: kattenemil folded before Flop (didn't bet)



PokerStars Hand #228101358007:  Hold'em No Limit ($0.01/$0.02 USD) - 2021/07/06 12:01:35 PT [2021/07/06 15:01:35 ET]
Table 'Desagneauxa IV' 9-max Seat #6 is the button
Seat 1: sianakostova1 ($1.03 in chips) 
Seat 2: MichaZimb ($3.34 in chips) 
Seat 4: lotojas ($2.48 in chips) 
Seat 6: filinvita ($1.20 in chips) 
Seat 7: Dorex2007 ($1.86 in chips) 
Seat 9: kattenemil ($1.53 in chips) 
Dorex2007: posts small blind $0.01
Tiltacion26: is sitting out 
kattenemil: posts big blind $0.02
*** HOLE CARDS ***
Dealt to Dorex2007 [4c 5c]
sianakostova1: folds 
Tiltacion26 leaves the table
MichaZimb: folds 
lotojas: folds 
filinvita: calls $0.02
Dorex2007: folds 
kattenemil: checks 
*** FLOP *** [Ad Qh 2d]
kattenemil: bets $0.02
filinvita: calls $0.02
*** TURN *** [Ad Qh 2d] [Tc]
kattenemil: checks 
Zuban442 leaves the table
filinvita: bets $0.04
kattenemil: folds 
Uncalled bet ($0.04) returned to filinvita
filinvita collected $0.09 from pot
filinvita: doesn't show hand 
*** SUMMARY ***
Total pot $0.09 | Rake $0 
Board [Ad Qh 2d Tc]
Seat 1: sianakostova1 folded before Flop (didn't bet)
Seat 2: MichaZimb folded before Flop (didn't bet)
Seat 4: lotojas folded before Flop (didn't bet)
Seat 6: filinvita (button) collected ($0.09)
Seat 7: Dorex2007 (small blind) folded before Flop
Seat 9: kattenemil (big blind) folded on the Turn



PokerStars Hand #228101370944:  Hold'em No Limit ($0.01/$0.02 USD) - 2021/07/06 12:02:12 PT [2021/07/06 15:02:12 ET]
Table 'Desagneauxa IV' 9-max Seat #7 is the button
Seat 1: sianakostova1 ($1.03 in chips) 
Seat 2: MichaZimb ($3.34 in chips) 
Seat 4: lotojas ($2.48 in chips) 
Seat 6: filinvita ($1.25 in chips) 
Seat 7: Dorex2007 ($1.85 in chips) 
Seat 9: kattenemil ($1.49 in chips) 
kattenemil: posts small blind $0.01
sianakostova1: posts big blind $0.02
*** HOLE CARDS ***
Dealt to Dorex2007 [7c Ts]
MichaZimb: folds 
lotojas: raises $0.06 to $0.08
filinvita: folds 
Dorex2007: folds 
kattenemil: calls $0.07
sianakostova1: calls $0.06
*** FLOP *** [6s 2s 3d]
kattenemil: bets $0.04
sianakostova1: calls $0.04
filinvita leaves the table
lotojas: folds 
*** TURN *** [6s 2s 3d] [2h]
kattenemil: bets $0.06
sianakostova1: raises $0.43 to $0.49
kattenemil: folds 
Uncalled bet ($0.43) returned to sianakostova1
sianakostova1 collected $0.42 from pot
sianakostova1: doesn't show hand 
*** SUMMARY ***
Total pot $0.44 | Rake $0.02 
Board [6s 2s 3d 2h]
Seat 1: sianakostova1 (big blind) collected ($0.42)
Seat 2: MichaZimb folded before Flop (didn't bet)
Seat 4: lotojas folded on the Flop
Seat 6: filinvita folded before Flop (didn't bet)
Seat 7: Dorex2007 (button) folded before Flop (didn't bet)
Seat 9: kattenemil (small blind) folded on the Turn



PokerStars Hand #228101394549:  Hold'em No Limit ($0.01/$0.02 USD) - 2021/07/06 12:03:18 PT [2021/07/06 15:03:18 ET]
Table 'Desagneauxa IV' 9-max Seat #9 is the button
Seat 1: sianakostova1 ($1.27 in chips) 
Seat 2: MichaZimb ($3.34 in chips) 
Seat 4: lotojas ($2.40 in chips) 
Seat 7: Dorex2007 ($1.85 in chips) 
Seat 9: kattenemil ($1.31 in chips) 
sianakostova1: posts small blind $0.01
MichaZimb: posts big blind $0.02
*** HOLE CARDS ***
Dealt to Dorex2007 [7d Jh]
lotojas: folds 
Dorex2007: folds 
kattenemil: folds 
sianakostova1: folds 
Uncalled bet ($0.01) returned to MichaZimb
MichaZimb collected $0.02 from pot
*** SUMMARY ***
Total pot $0.02 | Rake $0 
Seat 1: sianakostova1 (small blind) folded before Flop
Seat 2: MichaZimb (big blind) collected ($0.02)
Seat 4: lotojas folded before Flop (didn't bet)
Seat 7: Dorex2007 folded before Flop (didn't bet)
Seat 9: kattenemil (button) folded before Flop (didn't bet)



PokerStars Hand #228101398457:  Hold'em No Limit ($0.01/$0.02 USD) - 2021/07/06 12:03:29 PT [2021/07/06 15:03:29 ET]
Table 'Desagneauxa IV' 9-max Seat #1 is the button
Seat 1: sianakostova1 ($1.26 in chips) 
Seat 2: MichaZimb ($3.35 in chips) 
Seat 4: lotojas ($2.40 in chips) 
Seat 7: Dorex2007 ($1.85 in chips) 
Seat 9: kattenemil ($1.31 in chips) 
MichaZimb: posts small blind $0.01
lotojas: posts big blind $0.02
*** HOLE CARDS ***
Dealt to Dorex2007 [Td Ts]
Dorex2007: raises $0.02 to $0.04
kattenemil: folds 
sianakostova1: calls $0.04
MichaZimb: calls $0.03
deka525 joins the table at seat #5 
lotojas: calls $0.02
*** FLOP *** [2d Th 2c]
MichaZimb: checks 
lotojas: checks 
Dorex2007: checks 
sianakostova1: checks 
*** TURN *** [2d Th 2c] [4s]
MichaZimb: bets $0.06
lotojas: folds 
Dorex2007: calls $0.06
sianakostova1: folds 
*** RIVER *** [2d Th 2c 4s] [8s]
MichaZimb: checks 
Dorex2007: bets $0.27
MichaZimb: folds 
Uncalled bet ($0.27) returned to Dorex2007
Dorex2007 collected $0.27 from pot
Dorex2007: doesn't show hand 
*** SUMMARY ***
Total pot $0.28 | Rake $0.01 
Board [2d Th 2c 4s 8s]
Seat 1: sianakostova1 (button) folded on the Turn
Seat 2: MichaZimb (small blind) folded on the River
Seat 4: lotojas (big blind) folded on the Turn
Seat 7: Dorex2007 collected ($0.27)
Seat 9: kattenemil folded before Flop (didn't bet)



PokerStars Hand #228101427360:  Hold'em No Limit ($0.01/$0.02 USD) - 2021/07/06 12:04:50 PT [2021/07/06 15:04:50 ET]
Table 'Desagneauxa IV' 9-max Seat #2 is the button
Seat 1: sianakostova1 ($1.22 in chips) 
Seat 2: MichaZimb ($3.25 in chips) 
Seat 4: lotojas ($2.36 in chips) 
Seat 5: deka525 ($1.60 in chips) 
Seat 7: Dorex2007 ($2.02 in chips) 
Seat 9: kattenemil ($1.31 in chips) 
lotojas: posts small blind $0.01
deka525: posts big blind $0.02
*** HOLE CARDS ***
Dealt to Dorex2007 [4c 6s]
Dorex2007: folds 
kattenemil: calls $0.02
sianakostova1: calls $0.02
MichaZimb: calls $0.02
lotojas: calls $0.01
deka525: raises $0.04 to $0.06
kattenemil: calls $0.04
sianakostova1: calls $0.04
MichaZimb: folds 
lotojas: folds 
*** FLOP *** [Qc 5d 6c]
deka525: bets $0.11
kattenemil: folds 
sianakostova1: folds 
Uncalled bet ($0.11) returned to deka525
deka525 collected $0.21 from pot
deka525: doesn't show hand 
*** SUMMARY ***
Total pot $0.22 | Rake $0.01 
Board [Qc 5d 6c]
Seat 1: sianakostova1 folded on the Flop
Seat 2: MichaZimb (button) folded before Flop
Seat 4: lotojas (small blind) folded before Flop
Seat 5: deka525 (big blind) collected ($0.21)
Seat 7: Dorex2007 folded before Flop (didn't bet)
Seat 9: kattenemil folded on the Flop



PokerStars Hand #228101452929:  Hold'em No Limit ($0.01/$0.02 USD) - 2021/07/06 12:05:59 PT [2021/07/06 15:05:59 ET]
Table 'Desagneauxa IV' 9-max Seat #4 is the button
Seat 1: sianakostova1 ($1.16 in chips) 
Seat 2: MichaZimb ($3.23 in chips) 
Seat 4: lotojas ($2.34 in chips) 
Seat 5: deka525 ($1.75 in chips) 
Seat 7: Dorex2007 ($2.02 in chips) 
Seat 9: kattenemil ($1.25 in chips) 
deka525: posts small blind $0.01
Dorex2007: posts big blind $0.02
*** HOLE CARDS ***
Dealt to Dorex2007 [Ks 5d]
kattenemil: folds 
sianakostova1: folds 
MichaZimb: raises $0.03 to $0.05
lotojas: folds 
deka525: folds 
Dorex2007: folds 
Uncalled bet ($0.03) returned to MichaZimb
MichaZimb collected $0.05 from pot
*** SUMMARY ***
Total pot $0.05 | Rake $0 
Seat 1: sianakostova1 folded before Flop (didn't bet)
Seat 2: MichaZimb collected ($0.05)
Seat 4: lotojas (button) folded before Flop (didn't bet)
Seat 5: deka525 (small blind) folded before Flop
Seat 7: Dorex2007 (big blind) folded before Flop
Seat 9: kattenemil folded before Flop (didn't bet)



PokerStars Hand #228101459270:  Hold'em No Limit ($0.01/$0.02 USD) - 2021/07/06 12:06:16 PT [2021/07/06 15:06:16 ET]
Table 'Desagneauxa IV' 9-max Seat #5 is the button
Seat 1: sianakostova1 ($1.16 in chips) 
Seat 2: MichaZimb ($3.26 in chips) 
Seat 4: lotojas ($2.34 in chips) 
Seat 5: deka525 ($1.74 in chips) 
Seat 7: Dorex2007 ($2 in chips) 
Seat 9: kattenemil ($1.25 in chips) 
Dorex2007: posts small blind $0.01
kattenemil: posts big blind $0.02
*** HOLE CARDS ***
Dealt to Dorex2007 [As 2s]
sianakostova1: raises $0.04 to $0.06
MichaZimb: folds 
lotojas: folds 
deka525: folds 
Dorex2007: folds 
kattenemil: raises $0.04 to $0.10
sianakostova1: calls $0.04
*** FLOP *** [4c 5h Ts]
kattenemil: checks 
sianakostova1: checks 
*** TURN *** [4c 5h Ts] [2h]
kattenemil: checks 
sianakostova1: bets $0.20
kattenemil: folds 
Uncalled bet ($0.20) returned to sianakostova1
sianakostova1 collected $0.20 from pot
sianakostova1: doesn't show hand 
*** SUMMARY ***
Total pot $0.21 | Rake $0.01 
Board [4c 5h Ts 2h]
Seat 1: sianakostova1 collected ($0.20)
Seat 2: MichaZimb folded before Flop (didn't bet)
Seat 4: lotojas folded before Flop (didn't bet)
Seat 5: deka525 (button) folded before Flop (didn't bet)
Seat 7: Dorex2007 (small blind) folded before Flop
Seat 9: kattenemil (big blind) folded on the Turn



PokerStars Hand #228101482315:  Hold'em No Limit ($0.01/$0.02 USD) - 2021/07/06 12:07:17 PT [2021/07/06 15:07:17 ET]
Table 'Desagneauxa IV' 9-max Seat #7 is the button
Seat 1: sianakostova1 ($1.26 in chips) 
Seat 2: MichaZimb ($3.26 in chips) 
Seat 4: lotojas ($2.34 in chips) 
Seat 5: deka525 ($1.74 in chips) 
Seat 7: Dorex2007 ($1.99 in chips) 
Seat 9: kattenemil ($1.15 in chips) 
kattenemil: posts small blind $0.01
sianakostova1: posts big blind $0.02
*** HOLE CARDS ***
Dealt to Dorex2007 [5h Ad]
MichaZimb: raises $0.03 to $0.05
lotojas: folds 
deka525: folds 
Dorex2007: folds 
kattenemil: folds 
sianakostova1: calls $0.03
*** FLOP *** [Js Kc 6d]
sianakostova1: checks 
MichaZimb: bets $0.11
wovos joins the table at seat #3 
sianakostova1: calls $0.11
*** TURN *** [Js Kc 6d] [3h]
sianakostova1: checks 
MichaZimb: checks 
*** RIVER *** [Js Kc 6d 3h] [Jd]
nordinh joins the table at seat #8 
Nitro_0007 joins the table at seat #6 
sianakostova1: bets $0.32
MichaZimb: folds 
Uncalled bet ($0.32) returned to sianakostova1
sianakostova1 collected $0.32 from pot
sianakostova1: doesn't show hand 
*** SUMMARY ***
Total pot $0.33 | Rake $0.01 
Board [Js Kc 6d 3h Jd]
Seat 1: sianakostova1 (big blind) collected ($0.32)
Seat 2: MichaZimb folded on the River
Seat 4: lotojas folded before Flop (didn't bet)
Seat 5: deka525 folded before Flop (didn't bet)
Seat 7: Dorex2007 (button) folded before Flop (didn't bet)
Seat 9: kattenemil (small blind) folded before Flop



PokerStars Hand #228101500389:  Hold'em No Limit ($0.01/$0.02 USD) - 2021/07/06 12:08:05 PT [2021/07/06 15:08:05 ET]
Table 'Desagneauxa IV' 9-max Seat #9 is the button
Seat 1: sianakostova1 ($1.42 in chips) 
Seat 2: MichaZimb ($3.10 in chips) 
Seat 4: lotojas ($2.34 in chips) 
Seat 5: deka525 ($1.74 in chips) 
Seat 7: Dorex2007 ($1.99 in chips) 
Seat 9: kattenemil ($1.14 in chips) 
sianakostova1: posts small blind $0.01
MichaZimb: posts big blind $0.02
wovos: sits out 
Nitro_0007: sits out 
nordinh: sits out 
*** HOLE CARDS ***
Dealt to Dorex2007 [Jh 8c]
lotojas: folds 
deka525: calls $0.02
Dorex2007: folds 
kattenemil: folds 
sianakostova1: folds 
MichaZimb: checks 
*** FLOP *** [5s 7h 2d]
MichaZimb: bets $0.05
deka525: folds 
Uncalled bet ($0.05) returned to MichaZimb
MichaZimb collected $0.05 from pot
*** SUMMARY ***
Total pot $0.05 | Rake $0 
Board [5s 7h 2d]
Seat 1: sianakostova1 (small blind) folded before Flop
Seat 2: MichaZimb (big blind) collected ($0.05)
Seat 4: lotojas folded before Flop (didn't bet)
Seat 5: deka525 folded on the Flop
Seat 7: Dorex2007 folded before Flop (didn't bet)
Seat 9: kattenemil (button) folded before Flop (didn't bet)



PokerStars Hand #228101508987:  Hold'em No Limit ($0.01/$0.02 USD) - 2021/07/06 12:08:28 PT [2021/07/06 15:08:28 ET]
Table 'Desagneauxa IV' 9-max Seat #1 is the button
Seat 1: sianakostova1 ($1.41 in chips) 
Seat 2: MichaZimb ($3.13 in chips) 
Seat 3: wovos ($2 in chips) 
Seat 4: lotojas ($2.34 in chips) 
Seat 5: deka525 ($1.72 in chips) 
Seat 6: Nitro_0007 ($2 in chips) 
Seat 7: Dorex2007 ($1.99 in chips) 
Seat 9: kattenemil ($1.14 in chips) 
MichaZimb: posts small blind $0.01
wovos: posts big blind $0.02
Nitro_0007: posts big blind $0.02
nordinh: sits out 
*** HOLE CARDS ***
Dealt to Dorex2007 [4s Jd]
lotojas: folds 
deka525: calls $0.02
Nitro_0007: checks 
Dorex2007: folds 
kattenemil: folds 
sianakostova1: folds 
MichaZimb: folds 
wovos: checks 
*** FLOP *** [Kh 6h 7c]
wovos: checks 
deka525: bets $0.08
Nitro_0007: folds 
wovos: folds 
Uncalled bet ($0.08) returned to deka525
deka525 collected $0.07 from pot
deka525: doesn't show hand 
*** SUMMARY ***
Total pot $0.07 | Rake $0 
Board [Kh 6h 7c]
Seat 1: sianakostova1 (button) folded before Flop (didn't bet)
Seat 2: MichaZimb (small blind) folded before Flop
Seat 3: wovos (big blind) folded on the Flop
Seat 4: lotojas folded before Flop (didn't bet)
Seat 5: deka525 collected ($0.07)
Seat 6: Nitro_0007 folded on the Flop (didn't bet)
Seat 7: Dorex2007 folded before Flop (didn't bet)
Seat 9: kattenemil folded before Flop (didn't bet)



PokerStars Hand #228101533234:  Hold'em No Limit ($0.01/$0.02 USD) - 2021/07/06 12:09:34 PT [2021/07/06 15:09:34 ET]
Table 'Desagneauxa IV' 9-max Seat #2 is the button
Seat 1: sianakostova1 ($1.41 in chips) 
Seat 2: MichaZimb ($3.12 in chips) 
Seat 3: wovos ($2 in chips) 
Seat 4: lotojas ($2.34 in chips) 
Seat 5: deka525 ($1.77 in chips) 
Seat 6: Nitro_0007 ($1.98 in chips) 
Seat 7: Dorex2007 ($1.99 in chips) 
Seat 8: nordinh ($2 in chips) 
Seat 9: kattenemil ($1.14 in chips) 
wovos: posts small blind $0.01
lotojas: posts big blind $0.02
nordinh: posts big blind $0.02
*** HOLE CARDS ***
Dealt to Dorex2007 [Th 5c]
deka525: folds 
Nitro_0007 has timed out
Nitro_0007: folds 
Dorex2007: folds 
nordinh: checks 
kattenemil: folds 
sianakostova1: calls $0.02
MichaZimb: calls $0.02
wovos: calls $0.01
lotojas: raises $0.10 to $0.12
nordinh: folds 
sianakostova1: calls $0.10
MichaZimb: folds 
wovos: folds 
*** FLOP *** [7d 6h 4c]
lotojas: bets $0.24
sianakostova1: calls $0.24
*** TURN *** [7d 6h 4c] [4s]
lotojas: bets $0.24
sianakostova1: raises $0.81 to $1.05 and is all-in
lotojas: calls $0.81
*** RIVER *** [7d 6h 4c 4s] [5d]
*** SHOW DOWN ***
lotojas: shows [Qd Qs] (two pair, Queens and Fours)
sianakostova1: shows [Jc Kh] (a pair of Fours)
lotojas collected $2.78 from pot
*** SUMMARY ***
Total pot $2.88 | Rake $0.10 
Board [7d 6h 4c 4s 5d]
Seat 1: sianakostova1 showed [Jc Kh] and lost with a pair of Fours
Seat 2: MichaZimb (button) folded before Flop
Seat 3: wovos (small blind) folded before Flop
Seat 4: lotojas (big blind) showed [Qd Qs] and won ($2.78) with two pair, Queens and Fours
Seat 5: deka525 folded before Flop (didn't bet)
Seat 6: Nitro_0007 folded before Flop (didn't bet)
Seat 7: Dorex2007 folded before Flop (didn't bet)
Seat 8: nordinh folded before Flop (didn't bet)
Seat 9: kattenemil folded before Flop (didn't bet)



PokerStars Hand #228101570777:  Hold'em No Limit ($0.01/$0.02 USD) - 2021/07/06 12:11:14 PT [2021/07/06 15:11:14 ET]
Table 'Desagneauxa IV' 9-max Seat #3 is the button
Seat 2: MichaZimb ($3.10 in chips) 
Seat 3: wovos ($2 in chips) 
Seat 4: lotojas ($3.71 in chips) 
Seat 5: deka525 ($1.77 in chips) 
Seat 6: Nitro_0007 ($1.98 in chips) 
Seat 7: Dorex2007 ($1.99 in chips) 
Seat 8: nordinh ($2 in chips) 
Seat 9: kattenemil ($1.14 in chips) 
lotojas: posts small blind $0.01
deka525: posts big blind $0.02
*** HOLE CARDS ***
Dealt to Dorex2007 [9h 3s]
sianakostova1 leaves the table
Nitro_0007: calls $0.02
Dorex2007: folds 
nordinh: raises $0.03 to $0.05
kattenemil: raises $0.03 to $0.08
MichaZimb: folds 
wovos: folds 
lotojas: folds 
deka525: calls $0.06
Nitro_0007: calls $0.06
nordinh: calls $0.03
*** FLOP *** [4h 4d Tc]
deka525: checks 
Nitro_0007: checks 
nordinh: bets $0.04
kattenemil: calls $0.04
deka525: folds 
marjimgon joins the table at seat #1 
Nitro_0007: folds 
*** TURN *** [4h 4d Tc] [Js]
nordinh: bets $0.04
kattenemil: raises $0.04 to $0.08
nordinh: calls $0.04
*** RIVER *** [4h 4d Tc Js] [3c]
nordinh: checks 
kattenemil: bets $0.10
nordinh: folds 
Uncalled bet ($0.10) returned to kattenemil
kattenemil collected $0.55 from pot
kattenemil: doesn't show hand 
*** SUMMARY ***
Total pot $0.57 | Rake $0.02 
Board [4h 4d Tc Js 3c]
Seat 2: MichaZimb folded before Flop (didn't bet)
Seat 3: wovos (button) folded before Flop (didn't bet)
Seat 4: lotojas (small blind) folded before Flop
Seat 5: deka525 (big blind) folded on the Flop
Seat 6: Nitro_0007 folded on the Flop
Seat 7: Dorex2007 folded before Flop (didn't bet)
Seat 8: nordinh folded on the River
Seat 9: kattenemil collected ($0.55)



PokerStars Hand #228101606647:  Hold'em No Limit ($0.01/$0.02 USD) - 2021/07/06 12:12:50 PT [2021/07/06 15:12:50 ET]
Table 'Desagneauxa IV' 9-max Seat #4 is the button
Seat 2: MichaZimb ($3.10 in chips) 
Seat 3: wovos ($2 in chips) 
Seat 4: lotojas ($3.70 in chips) 
Seat 5: deka525 ($1.69 in chips) 
Seat 6: Nitro_0007 ($1.90 in chips) 
Seat 7: Dorex2007 ($1.99 in chips) 
Seat 8: nordinh ($2 in chips) 
Seat 9: kattenemil ($1.49 in chips) 
deka525: posts small blind $0.01
Nitro_0007: posts big blind $0.02
marjimgon: sits out 
*** HOLE CARDS ***
Dealt to Dorex2007 [5d Ac]
Dorex2007: folds 
nordinh: folds 
kattenemil: folds 
MichaZimb: folds 
wovos: folds 
lotojas: folds 
deka525: folds 
Uncalled bet ($0.01) returned to Nitro_0007
Nitro_0007 collected $0.02 from pot
*** SUMMARY ***
Total pot $0.02 | Rake $0 
Seat 2: MichaZimb folded before Flop (didn't bet)
Seat 3: wovos folded before Flop (didn't bet)
Seat 4: lotojas (button) folded before Flop (didn't bet)
Seat 5: deka525 (small blind) folded before Flop
Seat 6: Nitro_0007 (big blind) collected ($0.02)
Seat 7: Dorex2007 folded before Flop (didn't bet)
Seat 8: nordinh folded before Flop (didn't bet)
Seat 9: kattenemil folded before Flop (didn't bet)



PokerStars Hand #228101612529:  Hold'em No Limit ($0.01/$0.02 USD) - 2021/07/06 12:13:06 PT [2021/07/06 15:13:06 ET]
Table 'Desagneauxa IV' 9-max Seat #5 is the button
Seat 2: MichaZimb ($3.10 in chips) 
Seat 3: wovos ($2 in chips) 
Seat 4: lotojas ($3.70 in chips) 
Seat 5: deka525 ($1.68 in chips) 
Seat 6: Nitro_0007 ($1.91 in chips) 
Seat 7: Dorex2007 ($1.99 in chips) 
Seat 8: nordinh ($2 in chips) 
Seat 9: kattenemil ($1.49 in chips) 
Nitro_0007: posts small blind $0.01
Dorex2007: posts big blind $0.02
marjimgon: sits out 
*** HOLE CARDS ***
Dealt to Dorex2007 [9c Jc]
nordinh: folds 
kattenemil: folds 
MichaZimb: folds 
wovos: folds 
lotojas: raises $0.04 to $0.06
deka525: calls $0.06
Nitro_0007: folds 
Dorex2007: folds 
*** FLOP *** [3d Qd Kc]
lotojas: bets $0.04
deka525: calls $0.04
*** TURN *** [3d Qd Kc] [8h]
lotojas: bets $0.11
deka525: folds 
Uncalled bet ($0.11) returned to lotojas
lotojas collected $0.22 from pot
lotojas: doesn't show hand 
*** SUMMARY ***
Total pot $0.23 | Rake $0.01 
Board [3d Qd Kc 8h]
Seat 2: MichaZimb folded before Flop (didn't bet)
Seat 3: wovos folded before Flop (didn't bet)
Seat 4: lotojas collected ($0.22)
Seat 5: deka525 (button) folded on the Turn
Seat 6: Nitro_0007 (small blind) folded before Flop
Seat 7: Dorex2007 (big blind) folded before Flop
Seat 8: nordinh folded before Flop (didn't bet)
Seat 9: kattenemil folded before Flop (didn't bet)



PokerStars Hand #228101638821:  Hold'em No Limit ($0.01/$0.02 USD) - 2021/07/06 12:14:16 PT [2021/07/06 15:14:16 ET]
Table 'Desagneauxa IV' 9-max Seat #6 is the button
Seat 2: MichaZimb ($3.10 in chips) 
Seat 3: wovos ($2 in chips) 
Seat 4: lotojas ($3.82 in chips) 
Seat 5: deka525 ($1.58 in chips) 
Seat 6: Nitro_0007 ($1.90 in chips) 
Seat 7: Dorex2007 ($1.97 in chips) 
Seat 8: nordinh ($2 in chips) 
Seat 9: kattenemil ($1.49 in chips) 
Dorex2007: posts small blind $0.01
nordinh: posts big blind $0.02
marjimgon: sits out 
*** HOLE CARDS ***
Dealt to Dorex2007 [3h 8s]
kattenemil: folds 
MichaZimb: raises $0.03 to $0.05
wovos: folds 
lotojas: folds 
deka525: calls $0.05
Nitro_0007: folds 
Dorex2007: folds 
nordinh: calls $0.03
*** FLOP *** [3d Qd Ad]
nordinh: bets $0.04
MichaZimb: folds 
deka525: calls $0.04
*** TURN *** [3d Qd Ad] [3c]
nordinh: bets $0.04
deka525: calls $0.04
*** RIVER *** [3d Qd Ad 3c] [9c]
nordinh: checks 
deka525: checks 
*** SHOW DOWN ***
nordinh: shows [7h Kd] (a pair of Threes)
deka525: shows [Qc Ah] (two pair, Aces and Queens)
deka525 collected $0.31 from pot
*** SUMMARY ***
Total pot $0.32 | Rake $0.01 
Board [3d Qd Ad 3c 9c]
Seat 2: MichaZimb folded on the Flop
Seat 3: wovos folded before Flop (didn't bet)
Seat 4: lotojas folded before Flop (didn't bet)
Seat 5: deka525 showed [Qc Ah] and won ($0.31) with two pair, Aces and Queens
Seat 6: Nitro_0007 (button) folded before Flop (didn't bet)
Seat 7: Dorex2007 (small blind) folded before Flop
Seat 8: nordinh (big blind) showed [7h Kd] and lost with a pair of Threes
Seat 9: kattenemil folded before Flop (didn't bet)



PokerStars Hand #228101660523:  Hold'em No Limit ($0.01/$0.02 USD) - 2021/07/06 12:15:13 PT [2021/07/06 15:15:13 ET]
Table 'Desagneauxa IV' 9-max Seat #7 is the button
Seat 1: marjimgon ($0.80 in chips) 
Seat 2: MichaZimb ($3.05 in chips) 
Seat 3: wovos ($2 in chips) 
Seat 4: lotojas ($3.82 in chips) 
Seat 5: deka525 ($1.76 in chips) 
Seat 6: Nitro_0007 ($1.90 in chips) 
Seat 7: Dorex2007 ($1.96 in chips) 
Seat 9: kattenemil ($1.49 in chips) 
kattenemil: posts small blind $0.01
marjimgon: posts big blind $0.02
*** HOLE CARDS ***
Dealt to Dorex2007 [4c Kc]
MichaZimb: folds 
wovos: folds 
lotojas: folds 
wovos leaves the table
deka525: calls $0.02
Nitro_0007: folds 
Dorex2007: folds 
kattenemil: calls $0.01
marjimgon: checks 
*** FLOP *** [Kd As 9h]
kattenemil: bets $0.02
marjimgon: calls $0.02
deka525: calls $0.02
*** TURN *** [Kd As 9h] [Ah]
kattenemil: bets $0.10
marjimgon: folds 
deka525: folds 
Uncalled bet ($0.10) returned to kattenemil
kattenemil collected $0.12 from pot
kattenemil: doesn't show hand 
*** SUMMARY ***
Total pot $0.12 | Rake $0 
Board [Kd As 9h Ah]
Seat 1: marjimgon (big blind) folded on the Turn
Seat 2: MichaZimb folded before Flop (didn't bet)
Seat 3: wovos folded before Flop (didn't bet)
Seat 4: lotojas folded before Flop (didn't bet)
Seat 5: deka525 folded on the Turn
Seat 6: Nitro_0007 folded before Flop (didn't bet)
Seat 7: Dorex2007 (button) folded before Flop (didn't bet)
Seat 9: kattenemil (small blind) collected ($0.12)



PokerStars Hand #228101676699:  Hold'em No Limit ($0.01/$0.02 USD) - 2021/07/06 12:15:56 PT [2021/07/06 15:15:56 ET]
Table 'Desagneauxa IV' 9-max Seat #9 is the button
Seat 1: marjimgon ($0.76 in chips) 
Seat 2: MichaZimb ($3.05 in chips) 
Seat 4: lotojas ($3.82 in chips) 
Seat 5: deka525 ($1.72 in chips) 
Seat 6: Nitro_0007 ($1.90 in chips) 
Seat 7: Dorex2007 ($1.96 in chips) 
Seat 9: kattenemil ($1.57 in chips) 
marjimgon: posts small blind $0.01
MichaZimb: posts big blind $0.02
*** HOLE CARDS ***
Dealt to Dorex2007 [Qd 2h]
Lota36 joins the table at seat #3 
lotojas: folds 
deka525: raises $0.02 to $0.04
Nitro_0007: calls $0.04
Dorex2007: folds 
kattenemil: raises $0.02 to $0.06
marjimgon: folds 
MichaZimb: folds 
deka525: calls $0.02
Nitro_0007: calls $0.02
*** FLOP *** [8c 9d Th]
deka525: bets $0.10
Nitro_0007: folds 
kattenemil: folds 
Uncalled bet ($0.10) returned to deka525
deka525 collected $0.20 from pot
deka525: doesn't show hand 
*** SUMMARY ***
Total pot $0.21 | Rake $0.01 
Board [8c 9d Th]
Seat 1: marjimgon (small blind) folded before Flop
Seat 2: MichaZimb (big blind) folded before Flop
Seat 4: lotojas folded before Flop (didn't bet)
Seat 5: deka525 collected ($0.20)
Seat 6: Nitro_0007 folded on the Flop
Seat 7: Dorex2007 folded before Flop (didn't bet)
Seat 9: kattenemil (button) folded on the Flop



PokerStars Hand #228101692121:  Hold'em No Limit ($0.01/$0.02 USD) - 2021/07/06 12:16:37 PT [2021/07/06 15:16:37 ET]
Table 'Desagneauxa IV' 9-max Seat #1 is the button
Seat 1: marjimgon ($0.75 in chips) 
Seat 2: MichaZimb ($3.03 in chips) 
Seat 3: Lota36 ($1.60 in chips) 
Seat 4: lotojas ($3.82 in chips) 
Seat 5: deka525 ($1.86 in chips) 
Seat 6: Nitro_0007 ($1.84 in chips) 
Seat 7: Dorex2007 ($1.96 in chips) 
Seat 9: kattenemil ($1.51 in chips) 
MichaZimb: posts small blind $0.01
Lota36: posts big blind $0.02
*** HOLE CARDS ***
Dealt to Dorex2007 [6d Kd]
lotojas: folds 
deka525: calls $0.02
Nitro_0007: folds 
Dorex2007: folds 
kattenemil: folds 
marjimgon: folds 
MichaZimb: folds 
Lota36: checks 
*** FLOP *** [5c 6h 5s]
Lota36: checks 
deka525: checks 
*** TURN *** [5c 6h 5s] [4s]
Lota36: checks 
deka525: bets $0.05
Lota36: folds 
Uncalled bet ($0.05) returned to deka525
deka525 collected $0.05 from pot
deka525: doesn't show hand 
*** SUMMARY ***
Total pot $0.05 | Rake $0 
Board [5c 6h 5s 4s]
Seat 1: marjimgon (button) folded before Flop (didn't bet)
Seat 2: MichaZimb (small blind) folded before Flop
Seat 3: Lota36 (big blind) folded on the Turn
Seat 4: lotojas folded before Flop (didn't bet)
Seat 5: deka525 collected ($0.05)
Seat 6: Nitro_0007 folded before Flop (didn't bet)
Seat 7: Dorex2007 folded before Flop (didn't bet)
Seat 9: kattenemil folded before Flop (didn't bet)



PokerStars Hand #228101699967:  Hold'em No Limit ($0.01/$0.02 USD) - 2021/07/06 12:16:58 PT [2021/07/06 15:16:58 ET]
Table 'Desagneauxa IV' 9-max Seat #2 is the button
Seat 1: marjimgon ($0.75 in chips) 
Seat 2: MichaZimb ($3.02 in chips) 
Seat 3: Lota36 ($1.58 in chips) 
Seat 4: lotojas ($3.82 in chips) 
Seat 5: deka525 ($1.89 in chips) 
Seat 6: Nitro_0007 ($1.84 in chips) 
Seat 7: Dorex2007 ($1.96 in chips) 
Seat 8: nordinh ($2 in chips) 
Seat 9: kattenemil ($1.51 in chips) 
Lota36: posts small blind $0.01
lotojas: posts big blind $0.02
nordinh: posts small blind $0.01
*** HOLE CARDS ***
Dealt to Dorex2007 [6s Th]
deka525: folds 
Nitro_0007: calls $0.02
Dorex2007: folds 
nordinh: folds 
kattenemil: folds 
marjimgon: folds 
MichaZimb: folds 
Lota36: raises $0.08 to $0.10
lotojas: folds 
Nitro_0007: calls $0.08
*** FLOP *** [Qd Js 2c]
Lota36: bets $0.02
Nitro_0007: calls $0.02
*** TURN *** [Qd Js 2c] [5c]
Lota36: bets $0.12
Nitro_0007: calls $0.12
*** RIVER *** [Qd Js 2c 5c] [Ts]
Lota36: checks 
Nitro_0007: bets $0.16
Lota36: folds 
Uncalled bet ($0.16) returned to Nitro_0007
Nitro_0007 collected $0.49 from pot
*** SUMMARY ***
Total pot $0.51 | Rake $0.02 
Board [Qd Js 2c 5c Ts]
Seat 1: marjimgon folded before Flop (didn't bet)
Seat 2: MichaZimb (button) folded before Flop (didn't bet)
Seat 3: Lota36 (small blind) folded on the River
Seat 4: lotojas (big blind) folded before Flop
Seat 5: deka525 folded before Flop (didn't bet)
Seat 6: Nitro_0007 collected ($0.49)
Seat 7: Dorex2007 folded before Flop (didn't bet)
Seat 8: nordinh folded before Flop (didn't bet)
Seat 9: kattenemil folded before Flop (didn't bet)



PokerStars Hand #228101725234:  Hold'em No Limit ($0.01/$0.02 USD) - 2021/07/06 12:18:05 PT [2021/07/06 15:18:05 ET]
Table 'Desagneauxa IV' 9-max Seat #3 is the button
Seat 1: marjimgon ($0.75 in chips) 
Seat 2: MichaZimb ($3.02 in chips) 
Seat 3: Lota36 ($1.34 in chips) 
Seat 4: lotojas ($3.80 in chips) 
Seat 5: deka525 ($1.89 in chips) 
Seat 6: Nitro_0007 ($2.09 in chips) 
Seat 7: Dorex2007 ($1.96 in chips) 
Seat 8: nordinh ($2 in chips) 
Seat 9: kattenemil ($1.51 in chips) 
lotojas: posts small blind $0.01
deka525: posts big blind $0.02
*** HOLE CARDS ***
Dealt to Dorex2007 [Kh 2h]
Nitro_0007: calls $0.02
Dorex2007: folds 
nordinh: folds 
kattenemil: folds 
marjimgon: raises $0.08 to $0.10
MichaZimb: folds 
Lota36: folds 
Lota36 leaves the table
RenanMaruno joins the table at seat #3 
lotojas: folds 
deka525: folds 
Nitro_0007: folds 
Uncalled bet ($0.08) returned to marjimgon
marjimgon collected $0.07 from pot
marjimgon: doesn't show hand 
*** SUMMARY ***
Total pot $0.07 | Rake $0 
Seat 1: marjimgon collected ($0.07)
Seat 2: MichaZimb folded before Flop (didn't bet)
Seat 3: Lota36 (button) folded before Flop (didn't bet)
Seat 4: lotojas (small blind) folded before Flop
Seat 5: deka525 (big blind) folded before Flop
Seat 6: Nitro_0007 folded before Flop
Seat 7: Dorex2007 folded before Flop (didn't bet)
Seat 8: nordinh folded before Flop (didn't bet)
Seat 9: kattenemil folded before Flop (didn't bet)



PokerStars Hand #228101737740:  Hold'em No Limit ($0.01/$0.02 USD) - 2021/07/06 12:18:38 PT [2021/07/06 15:18:38 ET]
Table 'Desagneauxa IV' 9-max Seat #4 is the button
Seat 1: marjimgon ($0.80 in chips) 
Seat 2: MichaZimb ($3.02 in chips) 
Seat 4: lotojas ($3.79 in chips) 
Seat 5: deka525 ($1.87 in chips) 
Seat 6: Nitro_0007 ($2.07 in chips) 
Seat 7: Dorex2007 ($1.96 in chips) 
Seat 8: nordinh ($2 in chips) 
Seat 9: kattenemil ($1.51 in chips) 
deka525: posts small blind $0.01
Nitro_0007: posts big blind $0.02
RenanMaruno: sits out 
*** HOLE CARDS ***
Dealt to Dorex2007 [Ts 9h]
Dorex2007: folds 
nordinh: folds 
kattenemil: calls $0.02
marjimgon: folds 
MichaZimb: calls $0.02
lotojas: folds 
deka525: raises $0.04 to $0.06
Nitro_0007: folds 
kattenemil: raises $0.04 to $0.10
MichaZimb: folds 
deka525: calls $0.04
*** FLOP *** [Js 8s 5h]
deka525: checks 
kattenemil: bets $0.12
deka525: folds 
Uncalled bet ($0.12) returned to kattenemil
kattenemil collected $0.23 from pot
kattenemil: doesn't show hand 
*** SUMMARY ***
Total pot $0.24 | Rake $0.01 
Board [Js 8s 5h]
Seat 1: marjimgon folded before Flop (didn't bet)
Seat 2: MichaZimb folded before Flop
Seat 4: lotojas (button) folded before Flop (didn't bet)
Seat 5: deka525 (small blind) folded on the Flop
Seat 6: Nitro_0007 (big blind) folded before Flop
Seat 7: Dorex2007 folded before Flop (didn't bet)
Seat 8: nordinh folded before Flop (didn't bet)
Seat 9: kattenemil collected ($0.23)



PokerStars Hand #228101750518:  Hold'em No Limit ($0.01/$0.02 USD) - 2021/07/06 12:19:11 PT [2021/07/06 15:19:11 ET]
Table 'Desagneauxa IV' 9-max Seat #5 is the button
Seat 1: marjimgon ($0.80 in chips) 
Seat 2: MichaZimb ($3 in chips) 
Seat 4: lotojas ($3.79 in chips) 
Seat 5: deka525 ($1.77 in chips) 
Seat 6: Nitro_0007 ($2.05 in chips) 
Seat 7: Dorex2007 ($1.96 in chips) 
Seat 8: nordinh ($2 in chips) 
Seat 9: kattenemil ($1.64 in chips) 
Nitro_0007: posts small blind $0.01
Dorex2007: posts big blind $0.02
RenanMaruno: sits out 
*** HOLE CARDS ***
Dealt to Dorex2007 [Jd 9c]
nordinh: folds 
kattenemil: folds 
marjimgon: folds 
MichaZimb: folds 
lotojas has timed out
lotojas: folds 
deka525: folds 
Nitro_0007: raises $0.04 to $0.06
Dorex2007: calls $0.04
*** FLOP *** [7s As 8c]
Nitro_0007: checks 
Dorex2007: bets $0.08
Nitro_0007: calls $0.08
*** TURN *** [7s As 8c] [5h]
Nitro_0007: checks 
Dorex2007: bets $0.14
Nitro_0007: folds 
Uncalled bet ($0.14) returned to Dorex2007
Dorex2007 collected $0.27 from pot
Dorex2007: doesn't show hand 
*** SUMMARY ***
Total pot $0.28 | Rake $0.01 
Board [7s As 8c 5h]
Seat 1: marjimgon folded before Flop (didn't bet)
Seat 2: MichaZimb folded before Flop (didn't bet)
Seat 4: lotojas folded before Flop (didn't bet)
Seat 5: deka525 (button) folded before Flop (didn't bet)
Seat 6: Nitro_0007 (small blind) folded on the Turn
Seat 7: Dorex2007 (big blind) collected ($0.27)
Seat 8: nordinh folded before Flop (didn't bet)
Seat 9: kattenemil folded before Flop (didn't bet)



PokerStars Hand #228101774564:  Hold'em No Limit ($0.01/$0.02 USD) - 2021/07/06 12:20:14 PT [2021/07/06 15:20:14 ET]
Table 'Desagneauxa IV' 9-max Seat #6 is the button
Seat 1: marjimgon ($0.80 in chips) 
Seat 2: MichaZimb ($3 in chips) 
Seat 4: lotojas ($3.79 in chips) 
Seat 5: deka525 ($1.77 in chips) 
Seat 6: Nitro_0007 ($1.91 in chips) 
Seat 7: Dorex2007 ($2.09 in chips) 
Seat 8: nordinh ($2 in chips) 
Seat 9: kattenemil ($1.64 in chips) 
Dorex2007: posts small blind $0.01
nordinh: posts big blind $0.02
RenanMaruno: sits out 
*** HOLE CARDS ***
Dealt to Dorex2007 [9h 5d]
kattenemil: folds 
marjimgon: raises $0.04 to $0.06
MichaZimb: folds 
lotojas: folds 
deka525: calls $0.06
Nitro_0007: folds 
Dorex2007: folds 
nordinh: folds 
*** FLOP *** [3d 2c Th]
marjimgon: bets $0.10
deka525: folds 
Uncalled bet ($0.10) returned to marjimgon
marjimgon collected $0.14 from pot
*** SUMMARY ***
Total pot $0.15 | Rake $0.01 
Board [3d 2c Th]
Seat 1: marjimgon collected ($0.14)
Seat 2: MichaZimb folded before Flop (didn't bet)
Seat 4: lotojas folded before Flop (didn't bet)
Seat 5: deka525 folded on the Flop
Seat 6: Nitro_0007 (button) folded before Flop (didn't bet)
Seat 7: Dorex2007 (small blind) folded before Flop
Seat 8: nordinh (big blind) folded before Flop
Seat 9: kattenemil folded before Flop (didn't bet)



PokerStars Hand #228101787612:  Hold'em No Limit ($0.01/$0.02 USD) - 2021/07/06 12:20:49 PT [2021/07/06 15:20:49 ET]
Table 'Desagneauxa IV' 9-max Seat #7 is the button
Seat 1: marjimgon ($0.88 in chips) 
Seat 2: MichaZimb ($3 in chips) 
Seat 4: lotojas ($3.79 in chips) 
Seat 5: deka525 ($1.71 in chips) 
Seat 6: Nitro_0007 ($1.91 in chips) 
Seat 7: Dorex2007 ($2.08 in chips) 
Seat 8: nordinh ($2 in chips) 
Seat 9: kattenemil ($1.64 in chips) 
nordinh: posts small blind $0.01
kattenemil: posts big blind $0.02
RenanMaruno: sits out 
*** HOLE CARDS ***
Dealt to Dorex2007 [5d Ts]
marjimgon: calls $0.02
MichaZimb: folds 
lotojas: calls $0.02
deka525: folds 
Nitro_0007: folds 
Dorex2007: folds 
nordinh has timed out
nordinh: folds 
kattenemil: checks 
*** FLOP *** [Th 9d 7c]
kattenemil: checks 
marjimgon: bets $0.04
lotojas: folds 
kattenemil: raises $0.04 to $0.08
marjimgon: calls $0.04
*** TURN *** [Th 9d 7c] [7d]
kattenemil: bets $0.02
marjimgon: calls $0.02
*** RIVER *** [Th 9d 7c 7d] [Ad]
kattenemil: bets $0.13
marjimgon: calls $0.13
*** SHOW DOWN ***
kattenemil: shows [3c Ah] (two pair, Aces and Sevens)
marjimgon: shows [9h As] (two pair, Aces and Nines)
marjimgon collected $0.51 from pot
*** SUMMARY ***
Total pot $0.53 | Rake $0.02 
Board [Th 9d 7c 7d Ad]
Seat 1: marjimgon showed [9h As] and won ($0.51) with two pair, Aces and Nines
Seat 2: MichaZimb folded before Flop (didn't bet)
Seat 4: lotojas folded on the Flop
Seat 5: deka525 folded before Flop (didn't bet)
Seat 6: Nitro_0007 folded before Flop (didn't bet)
Seat 7: Dorex2007 (button) folded before Flop (didn't bet)
Seat 8: nordinh (small blind) folded before Flop
Seat 9: kattenemil (big blind) showed [3c Ah] and lost with two pair, Aces and Sevens



PokerStars Hand #228101825806:  Hold'em No Limit ($0.01/$0.02 USD) - 2021/07/06 12:22:05 PT [2021/07/06 15:22:05 ET]
Table 'Desagneauxa IV' 9-max Seat #8 is the button
Seat 1: marjimgon ($1.14 in chips) 
Seat 2: MichaZimb ($3 in chips) 
Seat 4: lotojas ($3.77 in chips) 
Seat 5: deka525 ($1.71 in chips) 
Seat 6: Nitro_0007 ($1.91 in chips) 
Seat 7: Dorex2007 ($2.08 in chips) 
Seat 8: nordinh ($2 in chips) 
Seat 9: kattenemil ($1.39 in chips) 
kattenemil: posts small blind $0.01
marjimgon: posts big blind $0.02
RenanMaruno: sits out 
*** HOLE CARDS ***
Dealt to Dorex2007 [Kd 6c]
MichaZimb: folds 
lotojas: folds 
deka525: folds 
Nitro_0007: folds 
Dorex2007: folds 
nordinh: raises $0.03 to $0.05
kattenemil: folds 
marjimgon: folds 
Uncalled bet ($0.03) returned to nordinh
nordinh collected $0.05 from pot
nordinh: doesn't show hand 
*** SUMMARY ***
Total pot $0.05 | Rake $0 
Seat 1: marjimgon (big blind) folded before Flop
Seat 2: MichaZimb folded before Flop (didn't bet)
Seat 4: lotojas folded before Flop (didn't bet)
Seat 5: deka525 folded before Flop (didn't bet)
Seat 6: Nitro_0007 folded before Flop (didn't bet)
Seat 7: Dorex2007 folded before Flop (didn't bet)
Seat 8: nordinh (button) collected ($0.05)
Seat 9: kattenemil (small blind) folded before Flop



PokerStars Hand #228101834993:  Hold'em No Limit ($0.01/$0.02 USD) - 2021/07/06 12:22:28 PT [2021/07/06 15:22:28 ET]
Table 'Desagneauxa IV' 9-max Seat #9 is the button
Seat 1: marjimgon ($1.12 in chips) 
Seat 2: MichaZimb ($3 in chips) 
Seat 4: lotojas ($3.77 in chips) 
Seat 5: deka525 ($1.71 in chips) 
Seat 6: Nitro_0007 ($1.91 in chips) 
Seat 7: Dorex2007 ($2.08 in chips) 
Seat 8: nordinh ($2.03 in chips) 
Seat 9: kattenemil ($1.38 in chips) 
marjimgon: posts small blind $0.01
MichaZimb: posts big blind $0.02
RenanMaruno: sits out 
*** HOLE CARDS ***
Dealt to Dorex2007 [7c 6s]
lotojas: folds 
deka525: folds 
Nitro_0007: folds 
Dorex2007: folds 
nordinh: raises $0.03 to $0.05
kattenemil: folds 
marjimgon: folds 
MichaZimb: folds 
Uncalled bet ($0.03) returned to nordinh
nordinh collected $0.05 from pot
nordinh: doesn't show hand 
*** SUMMARY ***
Total pot $0.05 | Rake $0 
Seat 1: marjimgon (small blind) folded before Flop
Seat 2: MichaZimb (big blind) folded before Flop
Seat 4: lotojas folded before Flop (didn't bet)
Seat 5: deka525 folded before Flop (didn't bet)
Seat 6: Nitro_0007 folded before Flop (didn't bet)
Seat 7: Dorex2007 folded before Flop (didn't bet)
Seat 8: nordinh collected ($0.05)
Seat 9: kattenemil (button) folded before Flop (didn't bet)



PokerStars Hand #228101841938:  Hold'em No Limit ($0.01/$0.02 USD) - 2021/07/06 12:22:47 PT [2021/07/06 15:22:47 ET]
Table 'Desagneauxa IV' 9-max Seat #1 is the button
Seat 1: marjimgon ($1.11 in chips) 
Seat 2: MichaZimb ($2.98 in chips) 
Seat 3: RenanMaruno ($2 in chips) 
Seat 4: lotojas ($3.77 in chips) 
Seat 5: deka525 ($1.71 in chips) 
Seat 6: Nitro_0007 ($1.91 in chips) 
Seat 7: Dorex2007 ($2.08 in chips) 
Seat 8: nordinh ($2.06 in chips) 
Seat 9: kattenemil ($1.38 in chips) 
MichaZimb: posts small blind $0.01
RenanMaruno: posts big blind $0.02
*** HOLE CARDS ***
Dealt to Dorex2007 [4c 2s]
lotojas: folds 
deka525: calls $0.02
Nitro_0007: folds 
Dorex2007: folds 
nordinh: folds 
kattenemil: folds 
marjimgon: folds 
MichaZimb: calls $0.01
RenanMaruno: checks 
*** FLOP *** [Ts 2c Kd]
MichaZimb: checks 
RenanMaruno: checks 
deka525: bets $0.08
MichaZimb: folds 
RenanMaruno: calls $0.08
*** TURN *** [Ts 2c Kd] [Jc]
RenanMaruno: checks 
deka525: bets $0.11
RenanMaruno: calls $0.11
*** RIVER *** [Ts 2c Kd Jc] [Js]
RenanMaruno: checks 
deka525: bets $0.22
RenanMaruno: calls $0.22
*** SHOW DOWN ***
deka525: shows [Jh As] (three of a kind, Jacks)
RenanMaruno: mucks hand 
deka525 collected $0.85 from pot
*** SUMMARY ***
Total pot $0.88 | Rake $0.03 
Board [Ts 2c Kd Jc Js]
Seat 1: marjimgon (button) folded before Flop (didn't bet)
Seat 2: MichaZimb (small blind) folded on the Flop
Seat 3: RenanMaruno (big blind) mucked [Ac Td]
Seat 4: lotojas folded before Flop (didn't bet)
Seat 5: deka525 showed [Jh As] and won ($0.85) with three of a kind, Jacks
Seat 6: Nitro_0007 folded before Flop (didn't bet)
Seat 7: Dorex2007 folded before Flop (didn't bet)
Seat 8: nordinh folded before Flop (didn't bet)
Seat 9: kattenemil folded before Flop (didn't bet)



PokerStars Hand #228101868429:  Hold'em No Limit ($0.01/$0.02 USD) - 2021/07/06 12:23:56 PT [2021/07/06 15:23:56 ET]
Table 'Desagneauxa IV' 9-max Seat #2 is the button
Seat 1: marjimgon ($1.11 in chips) 
Seat 2: MichaZimb ($2.96 in chips) 
Seat 3: RenanMaruno ($1.57 in chips) 
Seat 4: lotojas ($3.77 in chips) 
Seat 5: deka525 ($2.13 in chips) 
Seat 6: Nitro_0007 ($1.91 in chips) 
Seat 7: Dorex2007 ($2.08 in chips) 
Seat 8: nordinh ($2.06 in chips) 
Seat 9: kattenemil ($1.38 in chips) 
RenanMaruno: posts small blind $0.01
lotojas: posts big blind $0.02
*** HOLE CARDS ***
Dealt to Dorex2007 [6c Ah]
deka525: calls $0.02
Nitro_0007: calls $0.02
Dorex2007: folds 
nordinh: folds 
kattenemil: calls $0.02
marjimgon has timed out
marjimgon: folds 
MichaZimb: folds 
RenanMaruno: calls $0.01
lotojas: checks 
*** FLOP *** [7h Ts 4h]
RenanMaruno: bets $0.06
lotojas: folds 
deka525: calls $0.06
Nitro_0007: folds 
kattenemil: folds 
*** TURN *** [7h Ts 4h] [Kd]
RenanMaruno: bets $0.12
deka525: calls $0.12
*** RIVER *** [7h Ts 4h Kd] [Ks]
RenanMaruno: bets $0.16
deka525: folds 
Uncalled bet ($0.16) returned to RenanMaruno
RenanMaruno collected $0.44 from pot
RenanMaruno: doesn't show hand 
*** SUMMARY ***
Total pot $0.46 | Rake $0.02 
Board [7h Ts 4h Kd Ks]
Seat 1: marjimgon folded before Flop (didn't bet)
Seat 2: MichaZimb (button) folded before Flop (didn't bet)
Seat 3: RenanMaruno (small blind) collected ($0.44)
Seat 4: lotojas (big blind) folded on the Flop
Seat 5: deka525 folded on the River
Seat 6: Nitro_0007 folded on the Flop
Seat 7: Dorex2007 folded before Flop (didn't bet)
Seat 8: nordinh folded before Flop (didn't bet)
Seat 9: kattenemil folded on the Flop



PokerStars Hand #228101895214:  Hold'em No Limit ($0.01/$0.02 USD) - 2021/07/06 12:25:06 PT [2021/07/06 15:25:06 ET]
Table 'Desagneauxa IV' 9-max Seat #3 is the button
Seat 1: marjimgon ($1.11 in chips) 
Seat 2: MichaZimb ($2.96 in chips) 
Seat 3: RenanMaruno ($1.81 in chips) 
Seat 4: lotojas ($3.75 in chips) 
Seat 5: deka525 ($1.93 in chips) 
Seat 6: Nitro_0007 ($1.89 in chips) 
Seat 7: Dorex2007 ($2.08 in chips) 
Seat 8: nordinh ($2.06 in chips) 
Seat 9: kattenemil ($1.36 in chips) 
lotojas: posts small blind $0.01
deka525: posts big blind $0.02
*** HOLE CARDS ***
Dealt to Dorex2007 [Jc 3d]
Nitro_0007: folds 
Nitro_0007 leaves the table
Dorex2007: folds 
nordinh: folds 
kattenemil: calls $0.02
marjimgon: folds 
MichaZimb: folds 
BIGBOSS67777 joins the table at seat #6 
RenanMaruno: folds 
lotojas: calls $0.01
deka525: checks 
*** FLOP *** [9d 4h Ts]
lotojas: checks 
deka525: checks 
kattenemil: bets $0.02
lotojas: calls $0.02
deka525: folds 
*** TURN *** [9d 4h Ts] [6s]
marjimgon leaves the table
lotojas: checks 
kattenemil: bets $0.20
lotojas: folds 
Uncalled bet ($0.20) returned to kattenemil
laraflechtman joins the table at seat #1 
kattenemil collected $0.10 from pot
kattenemil: doesn't show hand 
*** SUMMARY ***
Total pot $0.10 | Rake $0 
Board [9d 4h Ts 6s]
Seat 1: marjimgon folded before Flop (didn't bet)
Seat 2: MichaZimb folded before Flop (didn't bet)
Seat 3: RenanMaruno (button) folded before Flop (didn't bet)
Seat 4: lotojas (small blind) folded on the Turn
Seat 5: deka525 (big blind) folded on the Flop
Seat 6: Nitro_0007 folded before Flop (didn't bet)
Seat 7: Dorex2007 folded before Flop (didn't bet)
Seat 8: nordinh folded before Flop (didn't bet)
Seat 9: kattenemil collected ($0.10)



PokerStars Hand #228101917519:  Hold'em No Limit ($0.01/$0.02 USD) - 2021/07/06 12:26:05 PT [2021/07/06 15:26:05 ET]
Table 'Desagneauxa IV' 9-max Seat #4 is the button
Seat 2: MichaZimb ($2.96 in chips) 
Seat 3: RenanMaruno ($1.81 in chips) 
Seat 4: lotojas ($3.71 in chips) 
Seat 5: deka525 ($1.91 in chips) 
Seat 6: BIGBOSS67777 ($1.60 in chips) 
Seat 7: Dorex2007 ($2.08 in chips) 
Seat 8: nordinh ($2.06 in chips) 
Seat 9: kattenemil ($1.42 in chips) 
deka525: posts small blind $0.01
BIGBOSS67777: posts big blind $0.02
laraflechtman: sits out 
*** HOLE CARDS ***
Dealt to Dorex2007 [Js 8c]
Dorex2007: folds 
nordinh: calls $0.02
kattenemil: folds 
MichaZimb: calls $0.02
RenanMaruno: calls $0.02
lotojas: folds 
deka525: folds 
BIGBOSS67777: checks 
*** FLOP *** [8h 6d Ad]
BIGBOSS67777: checks 
nordinh: checks 
MichaZimb: bets $0.09
RenanMaruno: calls $0.09
BIGBOSS67777: folds 
nordinh: folds 
*** TURN *** [8h 6d Ad] [5c]
MichaZimb: bets $0.10
RenanMaruno: calls $0.10
*** RIVER *** [8h 6d Ad 5c] [Ac]
MichaZimb: bets $0.18
RenanMaruno: folds 
Uncalled bet ($0.18) returned to MichaZimb
MichaZimb collected $0.45 from pot
*** SUMMARY ***
Total pot $0.47 | Rake $0.02 
Board [8h 6d Ad 5c Ac]
Seat 2: MichaZimb collected ($0.45)
Seat 3: RenanMaruno folded on the River
Seat 4: lotojas (button) folded before Flop (didn't bet)
Seat 5: deka525 (small blind) folded before Flop
Seat 6: BIGBOSS67777 (big blind) folded on the Flop
Seat 7: Dorex2007 folded before Flop (didn't bet)
Seat 8: nordinh folded on the Flop
Seat 9: kattenemil folded before Flop (didn't bet)



PokerStars Hand #228101942309:  Hold'em No Limit ($0.01/$0.02 USD) - 2021/07/06 12:27:09 PT [2021/07/06 15:27:09 ET]
Table 'Desagneauxa IV' 9-max Seat #5 is the button
Seat 1: laraflechtman ($0.85 in chips) 
Seat 2: MichaZimb ($3.20 in chips) 
Seat 3: RenanMaruno ($1.60 in chips) 
Seat 4: lotojas ($3.71 in chips) 
Seat 5: deka525 ($1.90 in chips) 
Seat 6: BIGBOSS67777 ($1.58 in chips) 
Seat 7: Dorex2007 ($2.08 in chips) 
Seat 8: nordinh ($2.04 in chips) 
Seat 9: kattenemil ($1.42 in chips) 
BIGBOSS67777: posts small blind $0.01
Dorex2007: posts big blind $0.02
laraflechtman: posts big blind $0.02
*** HOLE CARDS ***
Dealt to Dorex2007 [Ac Jd]
nordinh: raises $0.03 to $0.05
kattenemil: calls $0.05
laraflechtman: calls $0.03
MichaZimb: folds 
RenanMaruno has timed out
RenanMaruno: folds 
lotojas: folds 
deka525: folds 
BIGBOSS67777: folds 
Dorex2007: folds 
*** FLOP *** [6h 2s 4s]
nordinh: bets $0.06
kattenemil: raises $0.06 to $0.12
laraflechtman: calls $0.12
nordinh: calls $0.06
*** TURN *** [6h 2s 4s] [9d]
nordinh: checks 
kattenemil: bets $0.08
laraflechtman: raises $0.08 to $0.16
nordinh: folds 
kattenemil: calls $0.08
*** RIVER *** [6h 2s 4s 9d] [5h]
kattenemil: bets $0.10
laraflechtman: raises $0.20 to $0.30
kattenemil: folds 
Uncalled bet ($0.20) returned to laraflechtman
laraflechtman collected $1.02 from pot
laraflechtman: doesn't show hand 
*** SUMMARY ***
Total pot $1.06 | Rake $0.04 
Board [6h 2s 4s 9d 5h]
Seat 1: laraflechtman collected ($1.02)
Seat 2: MichaZimb folded before Flop (didn't bet)
Seat 3: RenanMaruno folded before Flop (didn't bet)
Seat 4: lotojas folded before Flop (didn't bet)
Seat 5: deka525 (button) folded before Flop (didn't bet)
Seat 6: BIGBOSS67777 (small blind) folded before Flop
Seat 7: Dorex2007 (big blind) folded before Flop
Seat 8: nordinh folded on the Turn
Seat 9: kattenemil folded on the River



PokerStars Hand #228101968043:  Hold'em No Limit ($0.01/$0.02 USD) - 2021/07/06 12:28:16 PT [2021/07/06 15:28:16 ET]
Table 'Desagneauxa IV' 9-max Seat #6 is the button
Seat 1: laraflechtman ($1.44 in chips) 
Seat 2: MichaZimb ($3.20 in chips) 
Seat 3: RenanMaruno ($1.60 in chips) 
Seat 4: lotojas ($3.71 in chips) 
Seat 5: deka525 ($1.90 in chips) 
Seat 6: BIGBOSS67777 ($1.57 in chips) 
Seat 7: Dorex2007 ($2.06 in chips) 
Seat 8: nordinh ($2 in chips) 
Seat 9: kattenemil ($0.99 in chips) 
Dorex2007: posts small blind $0.01
nordinh: posts big blind $0.02
*** HOLE CARDS ***
Dealt to Dorex2007 [Js Jc]
kattenemil: raises $0.02 to $0.04
laraflechtman: calls $0.04
MichaZimb: folds 
RenanMaruno has timed out
RenanMaruno: folds 
lotojas: folds 
deka525: folds 
BIGBOSS67777: calls $0.04
Dorex2007: calls $0.03
nordinh: calls $0.02
*** FLOP *** [4d Ad 8c]
Dorex2007: checks 
nordinh: checks 
kattenemil: bets $0.10
laraflechtman: folds 
BIGBOSS67777: folds 
Dorex2007: folds 
nordinh: folds 
Uncalled bet ($0.10) returned to kattenemil
kattenemil collected $0.19 from pot
kattenemil: doesn't show hand 
*** SUMMARY ***
Total pot $0.20 | Rake $0.01 
Board [4d Ad 8c]
Seat 1: laraflechtman folded on the Flop
Seat 2: MichaZimb folded before Flop (didn't bet)
Seat 3: RenanMaruno folded before Flop (didn't bet)
Seat 4: lotojas folded before Flop (didn't bet)
Seat 5: deka525 folded before Flop (didn't bet)
Seat 6: BIGBOSS67777 (button) folded on the Flop
Seat 7: Dorex2007 (small blind) folded on the Flop
Seat 8: nordinh (big blind) folded on the Flop
Seat 9: kattenemil collected ($0.19)



PokerStars Hand #228101985824:  Hold'em No Limit ($0.01/$0.02 USD) - 2021/07/06 12:29:03 PT [2021/07/06 15:29:03 ET]
Table 'Desagneauxa IV' 9-max Seat #7 is the button
Seat 1: laraflechtman ($1.40 in chips) 
Seat 2: MichaZimb ($3.20 in chips) 
Seat 3: RenanMaruno ($1.60 in chips) 
Seat 4: lotojas ($3.71 in chips) 
Seat 5: deka525 ($1.90 in chips) 
Seat 6: BIGBOSS67777 ($1.53 in chips) 
Seat 7: Dorex2007 ($2.02 in chips) 
Seat 8: nordinh ($2 in chips) 
Seat 9: kattenemil ($1.14 in chips) 
nordinh: posts small blind $0.01
kattenemil: posts big blind $0.02
*** HOLE CARDS ***
Dealt to Dorex2007 [8c Jh]
laraflechtman: calls $0.02
MichaZimb: folds 
RenanMaruno: folds 
lotojas: folds 
deka525: calls $0.02
BIGBOSS67777: raises $0.09 to $0.11
Dorex2007: folds 
nordinh: folds 
kattenemil: folds 
laraflechtman: calls $0.09
deka525: calls $0.09
*** FLOP *** [7c 2s 7s]
laraflechtman: checks 
deka525: checks 
BIGBOSS67777: bets $0.35
laraflechtman: folds 
deka525: folds 
Uncalled bet ($0.35) returned to BIGBOSS67777
BIGBOSS67777 collected $0.35 from pot
*** SUMMARY ***
Total pot $0.36 | Rake $0.01 
Board [7c 2s 7s]
Seat 1: laraflechtman folded on the Flop
Seat 2: MichaZimb folded before Flop (didn't bet)
Seat 3: RenanMaruno folded before Flop (didn't bet)
Seat 4: lotojas folded before Flop (didn't bet)
Seat 5: deka525 folded on the Flop
Seat 6: BIGBOSS67777 collected ($0.35)
Seat 7: Dorex2007 (button) folded before Flop (didn't bet)
Seat 8: nordinh (small blind) folded before Flop
Seat 9: kattenemil (big blind) folded before Flop



PokerStars Hand #228102018150:  Hold'em No Limit ($0.01/$0.02 USD) - 2021/07/06 12:30:20 PT [2021/07/06 15:30:20 ET]
Table 'Desagneauxa IV' 9-max Seat #8 is the button
Seat 1: laraflechtman ($1.29 in chips) 
Seat 2: MichaZimb ($3.20 in chips) 
Seat 3: RenanMaruno ($1.60 in chips) 
Seat 4: lotojas ($3.71 in chips) 
Seat 5: deka525 ($1.79 in chips) 
Seat 6: BIGBOSS67777 ($1.77 in chips) 
Seat 7: Dorex2007 ($2.02 in chips) 
Seat 8: nordinh ($2 in chips) 
Seat 9: kattenemil ($1.12 in chips) 
kattenemil: posts small blind $0.01
laraflechtman: posts big blind $0.02
*** HOLE CARDS ***
Dealt to Dorex2007 [As Ac]
MichaZimb: folds 
RenanMaruno: folds 
lotojas: folds 
deka525: folds 
BIGBOSS67777: calls $0.02
Dorex2007: raises $0.04 to $0.06
nordinh: folds 
kattenemil: folds 
laraflechtman: calls $0.04
BIGBOSS67777: calls $0.04
*** FLOP *** [Th 2h Jh]
laraflechtman: checks 
BIGBOSS67777: checks 
Dorex2007: bets $0.09
laraflechtman: calls $0.09
BIGBOSS67777: folds 
*** TURN *** [Th 2h Jh] [Ks]
laraflechtman: checks 
Dorex2007: checks 
*** RIVER *** [Th 2h Jh Ks] [9s]
laraflechtman: bets $0.36
Dorex2007: folds 
Uncalled bet ($0.36) returned to laraflechtman
laraflechtman collected $0.36 from pot
laraflechtman: doesn't show hand 
*** SUMMARY ***
Total pot $0.37 | Rake $0.01 
Board [Th 2h Jh Ks 9s]
Seat 1: laraflechtman (big blind) collected ($0.36)
Seat 2: MichaZimb folded before Flop (didn't bet)
Seat 3: RenanMaruno folded before Flop (didn't bet)
Seat 4: lotojas folded before Flop (didn't bet)
Seat 5: deka525 folded before Flop (didn't bet)
Seat 6: BIGBOSS67777 folded on the Flop
Seat 7: Dorex2007 folded on the River
Seat 8: nordinh (button) folded before Flop (didn't bet)
Seat 9: kattenemil (small blind) folded before Flop



PokerStars Hand #228102039713:  Hold'em No Limit ($0.01/$0.02 USD) - 2021/07/06 12:31:16 PT [2021/07/06 15:31:16 ET]
Table 'Desagneauxa IV' 9-max Seat #9 is the button
Seat 1: laraflechtman ($1.50 in chips) 
Seat 2: MichaZimb ($3.20 in chips) 
Seat 3: RenanMaruno ($1.60 in chips) 
Seat 4: lotojas ($3.71 in chips) 
Seat 5: deka525 ($1.79 in chips) 
Seat 6: BIGBOSS67777 ($1.71 in chips) 
Seat 7: Dorex2007 ($1.87 in chips) 
Seat 8: nordinh ($2 in chips) 
Seat 9: kattenemil ($1.11 in chips) 
laraflechtman: posts small blind $0.01
MichaZimb: posts big blind $0.02
*** HOLE CARDS ***
Dealt to Dorex2007 [4c 3c]
RenanMaruno: folds 
lotojas: folds 
deka525: folds 
BIGBOSS67777: calls $0.02
Dorex2007: folds 
nordinh: folds 
kattenemil: folds 
laraflechtman: calls $0.01
MichaZimb: checks 
*** FLOP *** [Kh 9c Td]
laraflechtman: checks 
MichaZimb: checks 
BIGBOSS67777: bets $0.06
laraflechtman: calls $0.06
MichaZimb: folds 
*** TURN *** [Kh 9c Td] [Ah]
laraflechtman: checks 
BIGBOSS67777: checks 
*** RIVER *** [Kh 9c Td Ah] [4d]
laraflechtman: bets $0.17
BIGBOSS67777: calls $0.17
*** SHOW DOWN ***
laraflechtman: shows [9d 4h] (two pair, Nines and Fours)
BIGBOSS67777: mucks hand 
laraflechtman collected $0.50 from pot
*** SUMMARY ***
Total pot $0.52 | Rake $0.02 
Board [Kh 9c Td Ah 4d]
Seat 1: laraflechtman (small blind) showed [9d 4h] and won ($0.50) with two pair, Nines and Fours
Seat 2: MichaZimb (big blind) folded on the Flop
Seat 3: RenanMaruno folded before Flop (didn't bet)
Seat 4: lotojas folded before Flop (didn't bet)
Seat 5: deka525 folded before Flop (didn't bet)
Seat 6: BIGBOSS67777 mucked [Jh Ks]
Seat 7: Dorex2007 folded before Flop (didn't bet)
Seat 8: nordinh folded before Flop (didn't bet)
Seat 9: kattenemil (button) folded before Flop (didn't bet)



PokerStars Hand #228102056782:  Hold'em No Limit ($0.01/$0.02 USD) - 2021/07/06 12:32:01 PT [2021/07/06 15:32:01 ET]
Table 'Desagneauxa IV' 9-max Seat #1 is the button
Seat 1: laraflechtman ($1.75 in chips) 
Seat 2: MichaZimb ($3.18 in chips) 
Seat 3: RenanMaruno ($1.60 in chips) 
Seat 4: lotojas ($3.71 in chips) 
Seat 5: deka525 ($1.79 in chips) 
Seat 6: BIGBOSS67777 ($1.46 in chips) 
Seat 7: Dorex2007 ($1.87 in chips) 
Seat 8: nordinh ($2 in chips) 
Seat 9: kattenemil ($1.11 in chips) 
MichaZimb: posts small blind $0.01
RenanMaruno: posts big blind $0.02
*** HOLE CARDS ***
Dealt to Dorex2007 [Js Td]
lotojas: calls $0.02
deka525: calls $0.02
BIGBOSS67777: raises $0.09 to $0.11
Dorex2007: folds 
nordinh: folds 
kattenemil: folds 
laraflechtman: calls $0.11
MichaZimb: folds 
RenanMaruno: folds 
lotojas: calls $0.09
deka525: folds 
*** FLOP *** [As Jd 2c]
lotojas: checks 
BIGBOSS67777: checks 
laraflechtman: checks 
*** TURN *** [As Jd 2c] [Qc]
lotojas: checks 
BIGBOSS67777: bets $0.37
laraflechtman: folds 
lotojas: folds 
Uncalled bet ($0.37) returned to BIGBOSS67777
BIGBOSS67777 collected $0.37 from pot
*** SUMMARY ***
Total pot $0.38 | Rake $0.01 
Board [As Jd 2c Qc]
Seat 1: laraflechtman (button) folded on the Turn
Seat 2: MichaZimb (small blind) folded before Flop
Seat 3: RenanMaruno (big blind) folded before Flop
Seat 4: lotojas folded on the Turn
Seat 5: deka525 folded before Flop
Seat 6: BIGBOSS67777 collected ($0.37)
Seat 7: Dorex2007 folded before Flop (didn't bet)
Seat 8: nordinh folded before Flop (didn't bet)
Seat 9: kattenemil folded before Flop (didn't bet)



PokerStars Hand #228102082285:  Hold'em No Limit ($0.01/$0.02 USD) - 2021/07/06 12:33:07 PT [2021/07/06 15:33:07 ET]
Table 'Desagneauxa IV' 9-max Seat #2 is the button
Seat 1: laraflechtman ($1.64 in chips) 
Seat 2: MichaZimb ($3.17 in chips) 
Seat 3: RenanMaruno ($1.58 in chips) 
Seat 4: lotojas ($3.60 in chips) 
Seat 5: deka525 ($1.77 in chips) 
Seat 6: BIGBOSS67777 ($1.72 in chips) 
Seat 7: Dorex2007 ($1.87 in chips) 
Seat 8: nordinh ($2 in chips) 
Seat 9: kattenemil ($1.11 in chips) 
RenanMaruno: posts small blind $0.01
lotojas: posts big blind $0.02
*** HOLE CARDS ***
Dealt to Dorex2007 [6h Ac]
deka525: folds 
BIGBOSS67777: folds 
Dorex2007: folds 
nordinh: folds 
kattenemil: folds 
laraflechtman: folds 
MichaZimb: folds 
RenanMaruno: folds 
Uncalled bet ($0.01) returned to lotojas
lotojas collected $0.02 from pot
lotojas: doesn't show hand 
*** SUMMARY ***
Total pot $0.02 | Rake $0 
Seat 1: laraflechtman folded before Flop (didn't bet)
Seat 2: MichaZimb (button) folded before Flop (didn't bet)
Seat 3: RenanMaruno (small blind) folded before Flop
Seat 4: lotojas (big blind) collected ($0.02)
Seat 5: deka525 folded before Flop (didn't bet)
Seat 6: BIGBOSS67777 folded before Flop (didn't bet)
Seat 7: Dorex2007 folded before Flop (didn't bet)
Seat 8: nordinh folded before Flop (didn't bet)
Seat 9: kattenemil folded before Flop (didn't bet)



PokerStars Hand #228102088477:  Hold'em No Limit ($0.01/$0.02 USD) - 2021/07/06 12:33:23 PT [2021/07/06 15:33:23 ET]
Table 'Desagneauxa IV' 9-max Seat #3 is the button
Seat 1: laraflechtman ($1.64 in chips) 
Seat 2: MichaZimb ($3.17 in chips) 
Seat 3: RenanMaruno ($1.57 in chips) 
Seat 4: lotojas ($3.61 in chips) 
Seat 5: deka525 ($1.77 in chips) 
Seat 6: BIGBOSS67777 ($1.72 in chips) 
Seat 7: Dorex2007 ($1.87 in chips) 
Seat 8: nordinh ($2 in chips) 
Seat 9: kattenemil ($1.11 in chips) 
lotojas: posts small blind $0.01
deka525: posts big blind $0.02
*** HOLE CARDS ***
Dealt to Dorex2007 [7h Kh]
BIGBOSS67777: calls $0.02
Dorex2007: folds 
nordinh: folds 
kattenemil: folds 
laraflechtman: calls $0.02
MichaZimb: folds 
RenanMaruno: calls $0.02
lotojas: calls $0.01
deka525: checks 
*** FLOP *** [4h 9d Ac]
lotojas: checks 
deka525: checks 
BIGBOSS67777: checks 
laraflechtman: bets $0.05
RenanMaruno: folds 
lotojas: folds 
deka525: folds 
RenanMaruno leaves the table
BIGBOSS67777: raises $0.20 to $0.25
laraflechtman: calls $0.20
*** TURN *** [4h 9d Ac] [As]
BIGBOSS67777: checks 
laraflechtman: checks 
*** RIVER *** [4h 9d Ac As] [7s]
BIGBOSS67777: bets $0.58
laraflechtman: calls $0.58
*** SHOW DOWN ***
BIGBOSS67777: shows [9h 9s] (a full house, Nines full of Aces)
laraflechtman: mucks hand 
BIGBOSS67777 collected $1.68 from pot
2after909 joins the table at seat #3 
*** SUMMARY ***
Total pot $1.76 | Rake $0.08 
Board [4h 9d Ac As 7s]
Seat 1: laraflechtman mucked [Th Tc]
Seat 2: MichaZimb folded before Flop (didn't bet)
Seat 3: RenanMaruno (button) folded on the Flop
Seat 4: lotojas (small blind) folded on the Flop
Seat 5: deka525 (big blind) folded on the Flop
Seat 6: BIGBOSS67777 showed [9h 9s] and won ($1.68) with a full house, Nines full of Aces
Seat 7: Dorex2007 folded before Flop (didn't bet)
Seat 8: nordinh folded before Flop (didn't bet)
Seat 9: kattenemil folded before Flop (didn't bet)



PokerStars Hand #228102116723:  Hold'em No Limit ($0.01/$0.02 USD) - 2021/07/06 12:34:37 PT [2021/07/06 15:34:37 ET]
Table 'Desagneauxa IV' 9-max Seat #4 is the button
Seat 1: laraflechtman ($0.79 in chips) 
Seat 2: MichaZimb ($3.17 in chips) 
Seat 4: lotojas ($3.59 in chips) 
Seat 5: deka525 ($1.75 in chips) 
Seat 6: BIGBOSS67777 ($2.55 in chips) 
Seat 7: Dorex2007 ($1.87 in chips) 
Seat 8: nordinh ($2 in chips) 
Seat 9: kattenemil ($1.11 in chips) 
deka525: posts small blind $0.01
BIGBOSS67777: posts big blind $0.02
2after909: sits out 
*** HOLE CARDS ***
Dealt to Dorex2007 [Qd Js]
Dorex2007: folds 
nordinh: folds 
kattenemil: folds 
laraflechtman: calls $0.02
MichaZimb: calls $0.02
lotojas: folds 
deka525: folds 
BIGBOSS67777: checks 
*** FLOP *** [9c 3c 8d]
BIGBOSS67777: bets $0.07
laraflechtman: folds 
MichaZimb: folds 
Uncalled bet ($0.07) returned to BIGBOSS67777
BIGBOSS67777 collected $0.07 from pot
*** SUMMARY ***
Total pot $0.07 | Rake $0 
Board [9c 3c 8d]
Seat 1: laraflechtman folded on the Flop
Seat 2: MichaZimb folded on the Flop
Seat 4: lotojas (button) folded before Flop (didn't bet)
Seat 5: deka525 (small blind) folded before Flop
Seat 6: BIGBOSS67777 (big blind) collected ($0.07)
Seat 7: Dorex2007 folded before Flop (didn't bet)
Seat 8: nordinh folded before Flop (didn't bet)
Seat 9: kattenemil folded before Flop (didn't bet)



PokerStars Hand #228102131350:  Hold'em No Limit ($0.01/$0.02 USD) - 2021/07/06 12:35:15 PT [2021/07/06 15:35:15 ET]
Table 'Desagneauxa IV' 9-max Seat #5 is the button
Seat 1: laraflechtman ($0.77 in chips) 
Seat 2: MichaZimb ($3.15 in chips) 
Seat 4: lotojas ($3.59 in chips) 
Seat 5: deka525 ($1.74 in chips) 
Seat 6: BIGBOSS67777 ($2.60 in chips) 
Seat 7: Dorex2007 ($1.87 in chips) 
Seat 8: nordinh ($2 in chips) 
Seat 9: kattenemil ($1.11 in chips) 
BIGBOSS67777: posts small blind $0.01
Dorex2007: posts big blind $0.02
2after909: sits out 
*** HOLE CARDS ***
Dealt to Dorex2007 [2h 4c]
nordinh: folds 
kattenemil: folds 
laraflechtman: calls $0.02
MichaZimb: folds 
lotojas: calls $0.02
deka525: folds 
BIGBOSS67777: calls $0.01
nordinh leaves the table
Dorex2007: checks 
*** FLOP *** [Qs 2s 6h]
BIGBOSS67777: checks 
Dorex2007: checks 
laraflechtman: bets $0.04
lotojas: folds 
BIGBOSS67777: folds 
Dorex2007: folds 
Uncalled bet ($0.04) returned to laraflechtman
laraflechtman collected $0.08 from pot
laraflechtman: doesn't show hand 
*** SUMMARY ***
Total pot $0.08 | Rake $0 
Board [Qs 2s 6h]
Seat 1: laraflechtman collected ($0.08)
Seat 2: MichaZimb folded before Flop (didn't bet)
Seat 4: lotojas folded on the Flop
Seat 5: deka525 (button) folded before Flop (didn't bet)
Seat 6: BIGBOSS67777 (small blind) folded on the Flop
Seat 7: Dorex2007 (big blind) folded on the Flop
Seat 8: nordinh folded before Flop (didn't bet)
Seat 9: kattenemil folded before Flop (didn't bet)



PokerStars Hand #228102146689:  Hold'em No Limit ($0.01/$0.02 USD) - 2021/07/06 12:35:54 PT [2021/07/06 15:35:54 ET]
Table 'Desagneauxa IV' 9-max Seat #6 is the button
Seat 1: laraflechtman ($0.83 in chips) 
Seat 2: MichaZimb ($3.15 in chips) 
Seat 4: lotojas ($3.57 in chips) 
Seat 5: deka525 ($1.74 in chips) 
Seat 6: BIGBOSS67777 ($2.58 in chips) 
Seat 7: Dorex2007 ($1.85 in chips) 
Seat 9: kattenemil ($1.11 in chips) 
Dorex2007: posts small blind $0.01
kattenemil: posts big blind $0.02
2after909: sits out 
*** HOLE CARDS ***
Dealt to Dorex2007 [Ad 7h]
laraflechtman: folds 
MichaZimb: folds 
lotojas: folds 
vladdol16 joins the table at seat #8 
deka525: calls $0.02
BIGBOSS67777: calls $0.02
Dorex2007: folds 
kattenemil: checks 
*** FLOP *** [9s 6h 6c]
kattenemil: checks 
deka525: checks 
BIGBOSS67777: bets $0.07
kattenemil: folds 
deka525 is disconnected 
laraflechtman said, "Zzzzzzzzz"
deka525 has timed out while disconnected
deka525: folds 
Uncalled bet ($0.07) returned to BIGBOSS67777
BIGBOSS67777 collected $0.07 from pot
*** SUMMARY ***
Total pot $0.07 | Rake $0 
Board [9s 6h 6c]
Seat 1: laraflechtman folded before Flop (didn't bet)
Seat 2: MichaZimb folded before Flop (didn't bet)
Seat 4: lotojas folded before Flop (didn't bet)
Seat 5: deka525 folded on the Flop
Seat 6: BIGBOSS67777 (button) collected ($0.07)
Seat 7: Dorex2007 (small blind) folded before Flop
Seat 9: kattenemil (big blind) folded on the Flop



PokerStars Hand #228102182239:  Hold'em No Limit ($0.01/$0.02 USD) - 2021/07/06 12:37:28 PT [2021/07/06 15:37:28 ET]
Table 'Desagneauxa IV' 9-max Seat #7 is the button
Seat 1: laraflechtman ($0.83 in chips) 
Seat 2: MichaZimb ($3.15 in chips) 
Seat 4: lotojas ($3.57 in chips) 
Seat 6: BIGBOSS67777 ($2.63 in chips) 
Seat 7: Dorex2007 ($1.84 in chips) 
Seat 9: kattenemil ($1.09 in chips) 
kattenemil: posts small blind $0.01
laraflechtman: posts big blind $0.02
2after909: sits out 
*** HOLE CARDS ***
Dealt to Dorex2007 [5d 4h]
MichaZimb: folds 
lotojas: folds 
MichaZimb leaves the table
BIGBOSS67777: raises $0.05 to $0.07
Dorex2007: folds 
kattenemil: calls $0.06
laraflechtman: calls $0.05
*** FLOP *** [5s Ts 3d]
kattenemil: bets $0.02
laraflechtman: calls $0.02
BIGBOSS67777: raises $0.26 to $0.28
kattenemil: raises $0.74 to $1.02 and is all-in
laraflechtman: folds 
BIGBOSS67777: calls $0.74
*** TURN *** [5s Ts 3d] [4s]
*** RIVER *** [5s Ts 3d 4s] [7s]
*** SHOW DOWN ***
kattenemil: shows [Qd Ad] (high card Ace)
BIGBOSS67777: shows [Kh Kd] (a pair of Kings)
BIGBOSS67777 collected $2.17 from pot
*** SUMMARY ***
Total pot $2.27 | Rake $0.10 
Board [5s Ts 3d 4s 7s]
Seat 1: laraflechtman (big blind) folded on the Flop
Seat 2: MichaZimb folded before Flop (didn't bet)
Seat 4: lotojas folded before Flop (didn't bet)
Seat 6: BIGBOSS67777 showed [Kh Kd] and won ($2.17) with a pair of Kings
Seat 7: Dorex2007 (button) folded before Flop (didn't bet)
Seat 9: kattenemil (small blind) showed [Qd Ad] and lost with high card Ace



PokerStars Hand #228102197906:  Hold'em No Limit ($0.01/$0.02 USD) - 2021/07/06 12:38:09 PT [2021/07/06 15:38:09 ET]
Table 'Desagneauxa IV' 9-max Seat #1 is the button
Seat 1: laraflechtman ($0.74 in chips) 
Seat 4: lotojas ($3.57 in chips) 
Seat 6: BIGBOSS67777 ($3.71 in chips) 
Seat 7: Dorex2007 ($1.84 in chips) 
Seat 8: vladdol16 ($1.60 in chips) 
lotojas: posts small blind $0.01
BIGBOSS67777: posts big blind $0.02
vladdol16: posts big blind $0.02
*** HOLE CARDS ***
Dealt to Dorex2007 [Kd 2h]
2after909 leaves the table
Dorex2007: folds 
kattenemil leaves the table
vladdol16: checks 
laraflechtman: calls $0.02
lotojas: folds 
BIGBOSS67777: checks 
*** FLOP *** [5c 3h 7h]
BIGBOSS67777: checks 
vladdol16: checks 
laraflechtman: checks 
*** TURN *** [5c 3h 7h] [Jc]
BIGBOSS67777: checks 
vladdol16: bets $0.07
laraflechtman: calls $0.07
BIGBOSS67777: calls $0.07
*** RIVER *** [5c 3h 7h Jc] [As]
BIGBOSS67777: checks 
vladdol16: checks 
laraflechtman: bets $0.13
BIGBOSS67777: folds 
vladdol16: calls $0.13
*** SHOW DOWN ***
laraflechtman: shows [4h 4c] (a pair of Fours)
vladdol16: shows [2d Jh] (a pair of Jacks)
vladdol16 collected $0.52 from pot
*** SUMMARY ***
Total pot $0.54 | Rake $0.02 
Board [5c 3h 7h Jc As]
Seat 1: laraflechtman (button) showed [4h 4c] and lost with a pair of Fours
Seat 4: lotojas (small blind) folded before Flop
Seat 6: BIGBOSS67777 (big blind) folded on the River
Seat 7: Dorex2007 folded before Flop (didn't bet)
Seat 8: vladdol16 showed [2d Jh] and won ($0.52) with a pair of Jacks



PokerStars Hand #228102219921:  Hold'em No Limit ($0.01/$0.02 USD) - 2021/07/06 12:39:06 PT [2021/07/06 15:39:06 ET]
Table 'Desagneauxa IV' 9-max Seat #4 is the button
Seat 1: laraflechtman ($0.52 in chips) 
Seat 4: lotojas ($3.56 in chips) 
Seat 6: BIGBOSS67777 ($3.62 in chips) 
Seat 7: Dorex2007 ($1.84 in chips) 
Seat 8: vladdol16 ($1.90 in chips) 
BIGBOSS67777: posts small blind $0.01
Dorex2007: posts big blind $0.02
*** HOLE CARDS ***
Dealt to Dorex2007 [Kd 6h]
vladdol16: folds 
laraflechtman: calls $0.02
lotojas: calls $0.02
BIGBOSS67777: calls $0.01
Dorex2007: checks 
*** FLOP *** [Ks 8c Ah]
BIGBOSS67777: checks 
Dorex2007: checks 
laraflechtman: checks 
lotojas: checks 
*** TURN *** [Ks 8c Ah] [2c]
BIGBOSS67777: checks 
Dorex2007: checks 
laraflechtman: checks 
lotojas: checks 
*** RIVER *** [Ks 8c Ah 2c] [8h]
BIGBOSS67777: checks 
Dorex2007: checks 
laraflechtman: bets $0.08
lotojas: folds 
BIGBOSS67777: folds 
Dorex2007: folds 
Uncalled bet ($0.08) returned to laraflechtman
laraflechtman collected $0.08 from pot
laraflechtman: doesn't show hand 
*** SUMMARY ***
Total pot $0.08 | Rake $0 
Board [Ks 8c Ah 2c 8h]
Seat 1: laraflechtman collected ($0.08)
Seat 4: lotojas (button) folded on the River
Seat 6: BIGBOSS67777 (small blind) folded on the River
Seat 7: Dorex2007 (big blind) folded on the River
Seat 8: vladdol16 folded before Flop (didn't bet)



