PokerStars Hand #231387406718:  Hold'em No Limit ($0.01/$0.02 USD) - 2021/11/13 19:36:28 PT [2021/11/13 22:36:28 ET]
Table 'Rosamunde' 9-max Seat #7 is the button
Seat 1: slothbrizL ($0.79 in chips) 
Seat 2: BR00RB ($0.78 in chips) 
Seat 3: dioggus ($1.71 in chips) 
Seat 4: shurik-ass ($2 in chips) 
Seat 5: Krokus2864 ($2.02 in chips) 
Seat 6: Dorex2007 ($2 in chips) 
Seat 7: factis71 ($2 in chips) 
Seat 8: Rocky4444423 ($0.96 in chips) 
Seat 9: disnt ($1.93 in chips) 
Rocky4444423: posts small blind $0.01
disnt: posts big blind $0.02
Dorex2007: posts big blind $0.02
*** HOLE CARDS ***
Dealt to Dorex2007 [Jc Jh]
slothbrizL: calls $0.02
BR00RB: folds 
dioggus: folds 
shurik-ass: folds 
Krokus2864: folds 
Dorex2007: raises $0.10 to $0.12
factis71: folds 
Rocky4444423: folds 
disnt: folds 
slothbrizL: folds 
Uncalled bet ($0.10) returned to Dorex2007
Dorex2007 collected $0.07 from pot
Dorex2007: doesn't show hand 
*** SUMMARY ***
Total pot $0.07 | Rake $0 
Seat 1: slothbrizL folded before Flop
Seat 2: BR00RB folded before Flop (didn't bet)
Seat 3: dioggus folded before Flop (didn't bet)
Seat 4: shurik-ass folded before Flop (didn't bet)
Seat 5: Krokus2864 folded before Flop (didn't bet)
Seat 6: Dorex2007 collected ($0.07)
Seat 7: factis71 (button) folded before Flop (didn't bet)
Seat 8: Rocky4444423 (small blind) folded before Flop
Seat 9: disnt (big blind) folded before Flop



PokerStars Hand #231387411278:  Hold'em No Limit ($0.01/$0.02 USD) - 2021/11/13 19:36:50 PT [2021/11/13 22:36:50 ET]
Table 'Rosamunde' 9-max Seat #8 is the button
Seat 1: slothbrizL ($0.77 in chips) 
Seat 2: BR00RB ($0.78 in chips) 
Seat 3: dioggus ($1.71 in chips) 
Seat 4: shurik-ass ($2 in chips) 
Seat 5: Krokus2864 ($2.02 in chips) 
Seat 6: Dorex2007 ($2.05 in chips) 
Seat 7: factis71 ($2 in chips) 
Seat 8: Rocky4444423 ($0.95 in chips) 
Seat 9: disnt ($1.91 in chips) 
disnt: posts small blind $0.01
slothbrizL: posts big blind $0.02
*** HOLE CARDS ***
Dealt to Dorex2007 [2c 5d]
BR00RB: folds 
dioggus: raises $0.04 to $0.06
shurik-ass: folds 
Krokus2864: folds 
Dorex2007: folds 
factis71: folds 
Rocky4444423: folds 
disnt: folds 
slothbrizL: raises $0.04 to $0.10
dioggus: raises $1.61 to $1.71 and is all-in
slothbrizL: calls $0.67 and is all-in
Uncalled bet ($0.94) returned to dioggus
*** FLOP *** [Ks 3h 6h]
*** TURN *** [Ks 3h 6h] [Th]
*** RIVER *** [Ks 3h 6h Th] [9d]
*** SHOW DOWN ***
slothbrizL: shows [7s Ah] (high card Ace)
dioggus: shows [As Ac] (a pair of Aces)
dioggus collected $1.50 from pot
slothbrizL cashed out the hand for $0.10
*** SUMMARY ***
Total pot $1.55 | Rake $0.05 
Board [Ks 3h 6h Th 9d]
Seat 1: slothbrizL (big blind) showed [7s Ah] and lost with high card Ace (cashed out).
Seat 2: BR00RB folded before Flop (didn't bet)
Seat 3: dioggus showed [As Ac] and won ($1.50) with a pair of Aces
Seat 4: shurik-ass folded before Flop (didn't bet)
Seat 5: Krokus2864 folded before Flop (didn't bet)
Seat 6: Dorex2007 folded before Flop (didn't bet)
Seat 7: factis71 folded before Flop (didn't bet)
Seat 8: Rocky4444423 (button) folded before Flop (didn't bet)
Seat 9: disnt (small blind) folded before Flop



PokerStars Hand #231387420594:  Hold'em No Limit ($0.01/$0.02 USD) - 2021/11/13 19:37:36 PT [2021/11/13 22:37:36 ET]
Table 'Rosamunde' 9-max Seat #9 is the button
Seat 1: slothbrizL ($0.10 in chips) 
Seat 2: BR00RB ($0.78 in chips) 
Seat 3: dioggus ($2.44 in chips) 
Seat 4: shurik-ass ($2 in chips) 
Seat 5: Krokus2864 ($2.02 in chips) 
Seat 6: Dorex2007 ($2.05 in chips) 
Seat 7: factis71 ($2 in chips) 
Seat 8: Rocky4444423 ($0.95 in chips) 
Seat 9: disnt ($1.90 in chips) 
slothbrizL: posts small blind $0.01
BR00RB: posts big blind $0.02
*** HOLE CARDS ***
Dealt to Dorex2007 [7h 7c]
dioggus: folds 
shurik-ass: folds 
Krokus2864: folds 
Dorex2007: calls $0.02
factis71: raises $0.07 to $0.09
Rocky4444423: folds 
disnt: folds 
slothbrizL: raises $0.01 to $0.10 and is all-in
BR00RB: folds 
Dorex2007: folds 
factis71: calls $0.01
*** FLOP *** [2s 8c 5d]
*** TURN *** [2s 8c 5d] [9s]
*** RIVER *** [2s 8c 5d 9s] [Ac]
*** SHOW DOWN ***
slothbrizL: shows [Tc 9c] (a pair of Nines)
factis71: shows [Ah Kd] (a pair of Aces)
factis71 collected $0.23 from pot
*** SUMMARY ***
Total pot $0.24 | Rake $0.01 
Board [2s 8c 5d 9s Ac]
Seat 1: slothbrizL (small blind) showed [Tc 9c] and lost with a pair of Nines
Seat 2: BR00RB (big blind) folded before Flop
Seat 3: dioggus folded before Flop (didn't bet)
Seat 4: shurik-ass folded before Flop (didn't bet)
Seat 5: Krokus2864 folded before Flop (didn't bet)
Seat 6: Dorex2007 folded before Flop
Seat 7: factis71 showed [Ah Kd] and won ($0.23) with a pair of Aces
Seat 8: Rocky4444423 folded before Flop (didn't bet)
Seat 9: disnt (button) folded before Flop (didn't bet)



PokerStars Hand #231387428079:  Hold'em No Limit ($0.01/$0.02 USD) - 2021/11/13 19:38:12 PT [2021/11/13 22:38:12 ET]
Table 'Rosamunde' 9-max Seat #2 is the button
Seat 2: BR00RB ($0.76 in chips) 
Seat 3: dioggus ($2.44 in chips) 
Seat 4: shurik-ass ($2 in chips) 
Seat 5: Krokus2864 ($2.02 in chips) 
Seat 6: Dorex2007 ($2.03 in chips) 
Seat 7: factis71 ($2.13 in chips) 
Seat 8: Rocky4444423 ($0.95 in chips) 
Seat 9: disnt ($1.90 in chips) 
dioggus: posts small blind $0.01
shurik-ass: posts big blind $0.02
*** HOLE CARDS ***
Dealt to Dorex2007 [Qs Qd]
Krokus2864: calls $0.02
Dorex2007: calls $0.02
factis71: folds 
slothbrizL leaves the table
Rocky4444423: folds 
disnt: folds 
BR00RB: folds 
dioggus: calls $0.01
shurik-ass: checks 
*** FLOP *** [Ks 3c 5d]
dioggus: checks 
shurik-ass: checks 
Krokus2864: checks 
Lordgto1 joins the table at seat #1 
Dorex2007: bets $0.05
dioggus: folds 
shurik-ass: folds 
Krokus2864: folds 
Uncalled bet ($0.05) returned to Dorex2007
Dorex2007 collected $0.08 from pot
Dorex2007: doesn't show hand 
*** SUMMARY ***
Total pot $0.08 | Rake $0 
Board [Ks 3c 5d]
Seat 2: BR00RB (button) folded before Flop (didn't bet)
Seat 3: dioggus (small blind) folded on the Flop
Seat 4: shurik-ass (big blind) folded on the Flop
Seat 5: Krokus2864 folded on the Flop
Seat 6: Dorex2007 collected ($0.08)
Seat 7: factis71 folded before Flop (didn't bet)
Seat 8: Rocky4444423 folded before Flop (didn't bet)
Seat 9: disnt folded before Flop (didn't bet)



PokerStars Hand #231387446149:  Hold'em No Limit ($0.01/$0.02 USD) - 2021/11/13 19:38:55 PT [2021/11/13 22:38:55 ET]
Table 'Rosamunde' 9-max Seat #3 is the button
Seat 2: BR00RB ($0.76 in chips) 
Seat 3: dioggus ($2.42 in chips) 
Seat 4: shurik-ass ($2 in chips) 
Seat 5: Krokus2864 ($2 in chips) 
Seat 6: Dorex2007 ($2.09 in chips) 
Seat 7: factis71 ($2.13 in chips) 
Seat 8: Rocky4444423 ($0.95 in chips) 
Seat 9: disnt ($1.90 in chips) 
shurik-ass: posts small blind $0.01
Krokus2864: posts big blind $0.02
Lordgto1: sits out 
*** HOLE CARDS ***
Dealt to Dorex2007 [6s 2d]
Dorex2007: folds 
factis71: raises $0.04 to $0.06
Rocky4444423: folds 
disnt: calls $0.06
Lordgto1 leaves the table
BR00RB: folds 
dioggus: folds 
shurik-ass: folds 
Krokus2864: folds 
*** FLOP *** [Ad 7c Qd]
factis71: bets $0.06
disnt: calls $0.06
*** TURN *** [Ad 7c Qd] [9h]
factis71: checks 
disnt: checks 
*** RIVER *** [Ad 7c Qd 9h] [2c]
factis71: checks 
IldeRider01 joins the table at seat #1 
disnt: checks 
*** SHOW DOWN ***
factis71: shows [Kd Kc] (a pair of Kings)
disnt: mucks hand 
factis71 collected $0.26 from pot
*** SUMMARY ***
Total pot $0.27 | Rake $0.01 
Board [Ad 7c Qd 9h 2c]
Seat 2: BR00RB folded before Flop (didn't bet)
Seat 3: dioggus (button) folded before Flop (didn't bet)
Seat 4: shurik-ass (small blind) folded before Flop
Seat 5: Krokus2864 (big blind) folded before Flop
Seat 6: Dorex2007 folded before Flop (didn't bet)
Seat 7: factis71 showed [Kd Kc] and won ($0.26) with a pair of Kings
Seat 8: Rocky4444423 folded before Flop (didn't bet)
Seat 9: disnt mucked [8d 7d]



PokerStars Hand #231387454370:  Hold'em No Limit ($0.01/$0.02 USD) - 2021/11/13 19:39:35 PT [2021/11/13 22:39:35 ET]
Table 'Rosamunde' 9-max Seat #4 is the button
Seat 2: BR00RB ($0.76 in chips) 
Seat 3: dioggus ($2.42 in chips) 
Seat 4: shurik-ass ($2 in chips) 
Seat 5: Krokus2864 ($2 in chips) 
Seat 6: Dorex2007 ($2.09 in chips) 
Seat 7: factis71 ($2.27 in chips) 
Seat 8: Rocky4444423 ($0.95 in chips) 
Seat 9: disnt ($1.78 in chips) 
Krokus2864: posts small blind $0.01
Dorex2007: posts big blind $0.02
IldeRider01: sits out 
*** HOLE CARDS ***
Dealt to Dorex2007 [3h 9d]
factis71: folds 
Rocky4444423: folds 
disnt: folds 
BR00RB: raises $0.02 to $0.04
dioggus: folds 
shurik-ass: calls $0.04
Krokus2864: folds 
Dorex2007: folds 
*** FLOP *** [Qs Ks 4c]
BR00RB: checks 
shurik-ass: bets $0.06
BR00RB: folds 
Uncalled bet ($0.06) returned to shurik-ass
shurik-ass collected $0.11 from pot
*** SUMMARY ***
Total pot $0.11 | Rake $0 
Board [Qs Ks 4c]
Seat 2: BR00RB folded on the Flop
Seat 3: dioggus folded before Flop (didn't bet)
Seat 4: shurik-ass (button) collected ($0.11)
Seat 5: Krokus2864 (small blind) folded before Flop
Seat 6: Dorex2007 (big blind) folded before Flop
Seat 7: factis71 folded before Flop (didn't bet)
Seat 8: Rocky4444423 folded before Flop (didn't bet)
Seat 9: disnt folded before Flop (didn't bet)



PokerStars Hand #231387460475:  Hold'em No Limit ($0.01/$0.02 USD) - 2021/11/13 19:40:05 PT [2021/11/13 22:40:05 ET]
Table 'Rosamunde' 9-max Seat #5 is the button
Seat 2: BR00RB ($0.72 in chips) 
Seat 3: dioggus ($2.42 in chips) 
Seat 4: shurik-ass ($2.07 in chips) 
Seat 5: Krokus2864 ($2 in chips) 
Seat 6: Dorex2007 ($2.07 in chips) 
Seat 7: factis71 ($2.27 in chips) 
Seat 8: Rocky4444423 ($0.95 in chips) 
Seat 9: disnt ($1.78 in chips) 
Dorex2007: posts small blind $0.01
factis71: posts big blind $0.02
IldeRider01: sits out 
*** HOLE CARDS ***
Dealt to Dorex2007 [5d 4h]
Rocky4444423: folds 
disnt: folds 
BR00RB: folds 
dioggus: folds 
shurik-ass: folds 
Krokus2864: folds 
Dorex2007: folds 
Uncalled bet ($0.01) returned to factis71
factis71 collected $0.02 from pot
factis71: doesn't show hand 
*** SUMMARY ***
Total pot $0.02 | Rake $0 
Seat 2: BR00RB folded before Flop (didn't bet)
Seat 3: dioggus folded before Flop (didn't bet)
Seat 4: shurik-ass folded before Flop (didn't bet)
Seat 5: Krokus2864 (button) folded before Flop (didn't bet)
Seat 6: Dorex2007 (small blind) folded before Flop
Seat 7: factis71 (big blind) collected ($0.02)
Seat 8: Rocky4444423 folded before Flop (didn't bet)
Seat 9: disnt folded before Flop (didn't bet)



PokerStars Hand #231387463908:  Hold'em No Limit ($0.01/$0.02 USD) - 2021/11/13 19:40:22 PT [2021/11/13 22:40:22 ET]
Table 'Rosamunde' 9-max Seat #6 is the button
Seat 2: BR00RB ($0.72 in chips) 
Seat 3: dioggus ($2.42 in chips) 
Seat 4: shurik-ass ($2.07 in chips) 
Seat 5: Krokus2864 ($2 in chips) 
Seat 6: Dorex2007 ($2.06 in chips) 
Seat 7: factis71 ($2.28 in chips) 
Seat 8: Rocky4444423 ($0.95 in chips) 
Seat 9: disnt ($1.78 in chips) 
factis71: posts small blind $0.01
Rocky4444423: posts big blind $0.02
IldeRider01: sits out 
*** HOLE CARDS ***
Dealt to Dorex2007 [7s Jc]
disnt: calls $0.02
BR00RB: folds 
dioggus: calls $0.02
shurik-ass: folds 
Krokus2864: folds 
Dorex2007: folds 
factis71: folds 
Rocky4444423: checks 
*** FLOP *** [Td Ks 7c]
Rocky4444423: checks 
disnt: bets $0.02
dioggus: folds 
Rocky4444423: calls $0.02
*** TURN *** [Td Ks 7c] [2s]
Rocky4444423: checks 
disnt: bets $0.02
Rocky4444423: calls $0.02
*** RIVER *** [Td Ks 7c 2s] [7h]
Rocky4444423: checks 
disnt: bets $0.02
Rocky4444423: calls $0.02
*** SHOW DOWN ***
disnt: shows [Ac Jh] (a pair of Sevens)
Rocky4444423: shows [Ah Qh] (a pair of Sevens - Ace+King+Queen kicker)
Rocky4444423 collected $0.18 from pot
*** SUMMARY ***
Total pot $0.19 | Rake $0.01 
Board [Td Ks 7c 2s 7h]
Seat 2: BR00RB folded before Flop (didn't bet)
Seat 3: dioggus folded on the Flop
Seat 4: shurik-ass folded before Flop (didn't bet)
Seat 5: Krokus2864 folded before Flop (didn't bet)
Seat 6: Dorex2007 (button) folded before Flop (didn't bet)
Seat 7: factis71 (small blind) folded before Flop
Seat 8: Rocky4444423 (big blind) showed [Ah Qh] and won ($0.18) with a pair of Sevens
Seat 9: disnt showed [Ac Jh] and lost with a pair of Sevens



PokerStars Hand #231387471371:  Hold'em No Limit ($0.01/$0.02 USD) - 2021/11/13 19:40:59 PT [2021/11/13 22:40:59 ET]
Table 'Rosamunde' 9-max Seat #7 is the button
Seat 2: BR00RB ($0.72 in chips) 
Seat 3: dioggus ($2.40 in chips) 
Seat 4: shurik-ass ($2.07 in chips) 
Seat 5: Krokus2864 ($2 in chips) 
Seat 6: Dorex2007 ($2.06 in chips) 
Seat 7: factis71 ($2.27 in chips) 
Seat 8: Rocky4444423 ($1.05 in chips) 
Seat 9: disnt ($1.70 in chips) 
Rocky4444423: posts small blind $0.01
disnt: posts big blind $0.02
IldeRider01: sits out 
*** HOLE CARDS ***
Dealt to Dorex2007 [8s 6c]
BR00RB: folds 
dioggus: folds 
shurik-ass: folds 
Krokus2864: folds 
Dorex2007: folds 
factis71: raises $0.03 to $0.05
Rocky4444423: folds 
disnt: folds 
Uncalled bet ($0.03) returned to factis71
factis71 collected $0.05 from pot
factis71: doesn't show hand 
*** SUMMARY ***
Total pot $0.05 | Rake $0 
Seat 2: BR00RB folded before Flop (didn't bet)
Seat 3: dioggus folded before Flop (didn't bet)
Seat 4: shurik-ass folded before Flop (didn't bet)
Seat 5: Krokus2864 folded before Flop (didn't bet)
Seat 6: Dorex2007 folded before Flop (didn't bet)
Seat 7: factis71 (button) collected ($0.05)
Seat 8: Rocky4444423 (small blind) folded before Flop
Seat 9: disnt (big blind) folded before Flop



PokerStars Hand #231387476681:  Hold'em No Limit ($0.01/$0.02 USD) - 2021/11/13 19:41:26 PT [2021/11/13 22:41:26 ET]
Table 'Rosamunde' 9-max Seat #8 is the button
Seat 1: IldeRider01 ($1.99 in chips) 
Seat 2: BR00RB ($0.72 in chips) 
Seat 3: dioggus ($2.40 in chips) 
Seat 4: shurik-ass ($2.07 in chips) 
Seat 5: Krokus2864 ($2 in chips) 
Seat 6: Dorex2007 ($2.06 in chips) 
Seat 7: factis71 ($2.30 in chips) 
Seat 8: Rocky4444423 ($1.04 in chips) 
Seat 9: disnt ($1.68 in chips) 
disnt: posts small blind $0.01
IldeRider01: posts big blind $0.02
*** HOLE CARDS ***
Dealt to Dorex2007 [Kd 4s]
BR00RB: folds 
dioggus: folds 
shurik-ass: folds 
Krokus2864: folds 
Dorex2007: folds 
factis71: folds 
Rocky4444423: folds 
disnt: calls $0.01
IldeRider01: checks 
*** FLOP *** [7h Ts Qd]
disnt: bets $0.02
IldeRider01: folds 
Uncalled bet ($0.02) returned to disnt
disnt collected $0.04 from pot
disnt: doesn't show hand 
*** SUMMARY ***
Total pot $0.04 | Rake $0 
Board [7h Ts Qd]
Seat 1: IldeRider01 (big blind) folded on the Flop
Seat 2: BR00RB folded before Flop (didn't bet)
Seat 3: dioggus folded before Flop (didn't bet)
Seat 4: shurik-ass folded before Flop (didn't bet)
Seat 5: Krokus2864 folded before Flop (didn't bet)
Seat 6: Dorex2007 folded before Flop (didn't bet)
Seat 7: factis71 folded before Flop (didn't bet)
Seat 8: Rocky4444423 (button) folded before Flop (didn't bet)
Seat 9: disnt (small blind) collected ($0.04)



PokerStars Hand #231387482699:  Hold'em No Limit ($0.01/$0.02 USD) - 2021/11/13 19:41:55 PT [2021/11/13 22:41:55 ET]
Table 'Rosamunde' 9-max Seat #9 is the button
Seat 1: IldeRider01 ($1.97 in chips) 
Seat 2: BR00RB ($0.72 in chips) 
Seat 3: dioggus ($2.40 in chips) 
Seat 4: shurik-ass ($2.07 in chips) 
Seat 5: Krokus2864 ($2 in chips) 
Seat 6: Dorex2007 ($2.06 in chips) 
Seat 7: factis71 ($2.30 in chips) 
Seat 8: Rocky4444423 ($1.04 in chips) 
Seat 9: disnt ($1.70 in chips) 
IldeRider01: posts small blind $0.01
BR00RB: posts big blind $0.02
*** HOLE CARDS ***
Dealt to Dorex2007 [4c 4s]
dioggus: folds 
shurik-ass: folds 
BR00RB is disconnected 
Krokus2864: folds 
Dorex2007: calls $0.02
factis71: folds 
Rocky4444423: folds 
disnt: folds 
IldeRider01: calls $0.01
BR00RB has timed out while disconnected
BR00RB: checks 
*** FLOP *** [8d Kd 8s]
IldeRider01: checks 
BR00RB has timed out while disconnected
BR00RB: checks 
Dorex2007: checks 
*** TURN *** [8d Kd 8s] [Qc]
IldeRider01: checks 
BR00RB has timed out while disconnected
BR00RB: checks 
Dorex2007: checks 
*** RIVER *** [8d Kd 8s Qc] [Ac]
IldeRider01: checks 
BR00RB has timed out while disconnected
BR00RB: checks 
Dorex2007: checks 
*** SHOW DOWN ***
IldeRider01: shows [Qh Jc] (two pair, Queens and Eights)
BR00RB: shows [6c Ah] (two pair, Aces and Eights)
Dorex2007: mucks hand 
BR00RB collected $0.06 from pot
*** SUMMARY ***
Total pot $0.06 | Rake $0 
Board [8d Kd 8s Qc Ac]
Seat 1: IldeRider01 (small blind) showed [Qh Jc] and lost with two pair, Queens and Eights
Seat 2: BR00RB (big blind) showed [6c Ah] and won ($0.06) with two pair, Aces and Eights
Seat 3: dioggus folded before Flop (didn't bet)
Seat 4: shurik-ass folded before Flop (didn't bet)
Seat 5: Krokus2864 folded before Flop (didn't bet)
Seat 6: Dorex2007 mucked [4c 4s]
Seat 7: factis71 folded before Flop (didn't bet)
Seat 8: Rocky4444423 folded before Flop (didn't bet)
Seat 9: disnt (button) folded before Flop (didn't bet)



PokerStars Hand #231387503852:  Hold'em No Limit ($0.01/$0.02 USD) - 2021/11/13 19:43:40 PT [2021/11/13 22:43:40 ET]
Table 'Rosamunde' 9-max Seat #1 is the button
Seat 1: IldeRider01 ($1.95 in chips) 
Seat 3: dioggus ($2.40 in chips) 
Seat 4: shurik-ass ($2.07 in chips) 
Seat 5: Krokus2864 ($2 in chips) 
Seat 6: Dorex2007 ($2.04 in chips) 
Seat 7: factis71 ($2.30 in chips) 
Seat 8: Rocky4444423 ($1.04 in chips) 
Seat 9: disnt ($1.70 in chips) 
BR00RB has timed out while disconnected
BR00RB: is sitting out 
dioggus: posts small blind $0.01
shurik-ass: posts big blind $0.02
*** HOLE CARDS ***
Dealt to Dorex2007 [Jd Qd]
Krokus2864 has timed out
Krokus2864: folds 
Dorex2007: raises $0.04 to $0.06
factis71: folds 
Rocky4444423: folds 
disnt: folds 
IldeRider01: folds 
dioggus: folds 
shurik-ass: folds 
Uncalled bet ($0.04) returned to Dorex2007
Dorex2007 collected $0.05 from pot
Dorex2007: doesn't show hand 
*** SUMMARY ***
Total pot $0.05 | Rake $0 
Seat 1: IldeRider01 (button) folded before Flop (didn't bet)
Seat 3: dioggus (small blind) folded before Flop
Seat 4: shurik-ass (big blind) folded before Flop
Seat 5: Krokus2864 folded before Flop (didn't bet)
Seat 6: Dorex2007 collected ($0.05)
Seat 7: factis71 folded before Flop (didn't bet)
Seat 8: Rocky4444423 folded before Flop (didn't bet)
Seat 9: disnt folded before Flop (didn't bet)



PokerStars Hand #231387510269:  Hold'em No Limit ($0.01/$0.02 USD) - 2021/11/13 19:44:11 PT [2021/11/13 22:44:11 ET]
Table 'Rosamunde' 9-max Seat #3 is the button
Seat 1: IldeRider01 ($1.95 in chips) 
Seat 3: dioggus ($2.39 in chips) 
Seat 4: shurik-ass ($2.05 in chips) 
Seat 6: Dorex2007 ($2.07 in chips) 
Seat 7: factis71 ($2.30 in chips) 
Seat 8: Rocky4444423 ($1.04 in chips) 
Seat 9: disnt ($1.70 in chips) 
shurik-ass: posts small blind $0.01
Dorex2007: posts big blind $0.02
*** HOLE CARDS ***
Dealt to Dorex2007 [Qh Kc]
factis71: folds 
Rocky4444423: calls $0.02
disnt: calls $0.02
IldeRider01: folds 
dioggus: folds 
shurik-ass: folds 
Dorex2007: checks 
*** FLOP *** [Qc 2d Qd]
Dorex2007: checks 
Rocky4444423: checks 
disnt: checks 
*** TURN *** [Qc 2d Qd] [6s]
Dorex2007: bets $0.07
Rocky4444423: folds 
disnt: calls $0.07
*** RIVER *** [Qc 2d Qd 6s] [6d]
Dorex2007: bets $0.20
disnt: calls $0.20
*** SHOW DOWN ***
Dorex2007: shows [Qh Kc] (a full house, Queens full of Sixes)
disnt: mucks hand 
Dorex2007 collected $0.59 from pot
*** SUMMARY ***
Total pot $0.61 | Rake $0.02 
Board [Qc 2d Qd 6s 6d]
Seat 1: IldeRider01 folded before Flop (didn't bet)
Seat 3: dioggus (button) folded before Flop (didn't bet)
Seat 4: shurik-ass (small blind) folded before Flop
Seat 6: Dorex2007 (big blind) showed [Qh Kc] and won ($0.59) with a full house, Queens full of Sixes
Seat 7: factis71 folded before Flop (didn't bet)
Seat 8: Rocky4444423 folded on the Turn
Seat 9: disnt mucked [7c 7d]



PokerStars Hand #231387523177:  Hold'em No Limit ($0.01/$0.02 USD) - 2021/11/13 19:45:16 PT [2021/11/13 22:45:16 ET]
Table 'Rosamunde' 9-max Seat #4 is the button
Seat 1: IldeRider01 ($1.95 in chips) 
Seat 3: dioggus ($2.39 in chips) 
Seat 4: shurik-ass ($2.04 in chips) 
Seat 6: Dorex2007 ($2.37 in chips) 
Seat 7: factis71 ($2.30 in chips) 
Seat 8: Rocky4444423 ($1.02 in chips) 
Seat 9: disnt ($1.41 in chips) 
Dorex2007: posts small blind $0.01
factis71: posts big blind $0.02
*** HOLE CARDS ***
Dealt to Dorex2007 [As 4c]
Rocky4444423: folds 
disnt: folds 
IldeRider01: raises $0.02 to $0.04
dioggus: folds 
shurik-ass: folds 
Dorex2007: folds 
factis71: calls $0.02
*** FLOP *** [6c Ah 8h]
factis71: checks 
IldeRider01: bets $0.06
factis71: calls $0.06
*** TURN *** [6c Ah 8h] [Qs]
factis71: checks 
IldeRider01: bets $0.10
factis71: calls $0.10
*** RIVER *** [6c Ah 8h Qs] [7c]
factis71: checks 
IldeRider01: checks 
*** SHOW DOWN ***
factis71: shows [9s Ad] (a pair of Aces)
IldeRider01: mucks hand 
factis71 collected $0.40 from pot
*** SUMMARY ***
Total pot $0.41 | Rake $0.01 
Board [6c Ah 8h Qs 7c]
Seat 1: IldeRider01 mucked [9c 9d]
Seat 3: dioggus folded before Flop (didn't bet)
Seat 4: shurik-ass (button) folded before Flop (didn't bet)
Seat 6: Dorex2007 (small blind) folded before Flop
Seat 7: factis71 (big blind) showed [9s Ad] and won ($0.40) with a pair of Aces
Seat 8: Rocky4444423 folded before Flop (didn't bet)
Seat 9: disnt folded before Flop (didn't bet)



PokerStars Hand #231387531364:  Hold'em No Limit ($0.01/$0.02 USD) - 2021/11/13 19:45:58 PT [2021/11/13 22:45:58 ET]
Table 'Rosamunde' 9-max Seat #6 is the button
Seat 1: IldeRider01 ($1.75 in chips) 
Seat 3: dioggus ($2.39 in chips) 
Seat 4: shurik-ass ($2.04 in chips) 
Seat 6: Dorex2007 ($2.36 in chips) 
Seat 7: factis71 ($2.50 in chips) 
Seat 8: Rocky4444423 ($1.02 in chips) 
Seat 9: disnt ($1.41 in chips) 
factis71: posts small blind $0.01
Rocky4444423: posts big blind $0.02
Krokus2864: sits out 
*** HOLE CARDS ***
Dealt to Dorex2007 [9s 6d]
disnt: folds 
IldeRider01: folds 
dioggus: folds 
shurik-ass: folds 
Dorex2007: folds 
factis71: raises $0.03 to $0.05
Rocky4444423: calls $0.03
*** FLOP *** [2s Kc 3d]
factis71: bets $0.05
Rocky4444423: folds 
Uncalled bet ($0.05) returned to factis71
factis71 collected $0.10 from pot
factis71: doesn't show hand 
*** SUMMARY ***
Total pot $0.10 | Rake $0 
Board [2s Kc 3d]
Seat 1: IldeRider01 folded before Flop (didn't bet)
Seat 3: dioggus folded before Flop (didn't bet)
Seat 4: shurik-ass folded before Flop (didn't bet)
Seat 6: Dorex2007 (button) folded before Flop (didn't bet)
Seat 7: factis71 (small blind) collected ($0.10)
Seat 8: Rocky4444423 (big blind) folded on the Flop
Seat 9: disnt folded before Flop (didn't bet)



PokerStars Hand #231387535636:  Hold'em No Limit ($0.01/$0.02 USD) - 2021/11/13 19:46:19 PT [2021/11/13 22:46:19 ET]
Table 'Rosamunde' 9-max Seat #7 is the button
Seat 1: IldeRider01 ($1.75 in chips) 
Seat 3: dioggus ($2.39 in chips) 
Seat 4: shurik-ass ($2.04 in chips) 
Seat 6: Dorex2007 ($2.36 in chips) 
Seat 7: factis71 ($2.55 in chips) 
Seat 8: Rocky4444423 ($0.97 in chips) 
Seat 9: disnt ($1.41 in chips) 
Rocky4444423: posts small blind $0.01
disnt: posts big blind $0.02
Krokus2864: sits out 
*** HOLE CARDS ***
Dealt to Dorex2007 [4c Td]
IldeRider01: folds 
dioggus: folds 
shurik-ass: folds 
Dorex2007: folds 
factis71: raises $0.03 to $0.05
Rocky4444423: folds 
disnt: calls $0.03
*** FLOP *** [6c 7d Qs]
disnt: bets $0.02
factis71: calls $0.02
*** TURN *** [6c 7d Qs] [Kc]
disnt: bets $0.02
factis71: raises $0.08 to $0.10
disnt: calls $0.08
*** RIVER *** [6c 7d Qs Kc] [5d]
disnt: checks 
factis71: checks 
*** SHOW DOWN ***
disnt: shows [Qh Ah] (a pair of Queens)
factis71: mucks hand 
disnt collected $0.34 from pot
*** SUMMARY ***
Total pot $0.35 | Rake $0.01 
Board [6c 7d Qs Kc 5d]
Seat 1: IldeRider01 folded before Flop (didn't bet)
Seat 3: dioggus folded before Flop (didn't bet)
Seat 4: shurik-ass folded before Flop (didn't bet)
Seat 6: Dorex2007 folded before Flop (didn't bet)
Seat 7: factis71 (button) mucked [9d Js]
Seat 8: Rocky4444423 (small blind) folded before Flop
Seat 9: disnt (big blind) showed [Qh Ah] and won ($0.34) with a pair of Queens



PokerStars Hand #231387547929:  Hold'em No Limit ($0.01/$0.02 USD) - 2021/11/13 19:47:20 PT [2021/11/13 22:47:20 ET]
Table 'Rosamunde' 9-max Seat #8 is the button
Seat 1: IldeRider01 ($1.75 in chips) 
Seat 2: BR00RB ($0.76 in chips) 
Seat 3: dioggus ($2.39 in chips) 
Seat 4: shurik-ass ($2.04 in chips) 
Seat 6: Dorex2007 ($2.36 in chips) 
Seat 7: factis71 ($2.38 in chips) 
Seat 8: Rocky4444423 ($0.96 in chips) 
Seat 9: disnt ($1.58 in chips) 
disnt: posts small blind $0.01
IldeRider01: posts big blind $0.02
BR00RB: posts small blind $0.01
Krokus2864: sits out 
*** HOLE CARDS ***
Dealt to Dorex2007 [Ad 6d]
BR00RB: folds 
dioggus: folds 
shurik-ass: folds 
Dorex2007: raises $0.02 to $0.04
factis71: folds 
Rocky4444423: folds 
disnt: calls $0.03
IldeRider01: calls $0.02
*** FLOP *** [6c Ts Ks]
disnt: bets $0.02
IldeRider01: folds 
Dorex2007: calls $0.02
*** TURN *** [6c Ts Ks] [Ah]
disnt: bets $0.02
Dorex2007: raises $0.20 to $0.22
disnt: folds 
Uncalled bet ($0.20) returned to Dorex2007
Dorex2007 collected $0.20 from pot
Dorex2007: doesn't show hand 
*** SUMMARY ***
Total pot $0.21 | Rake $0.01 
Board [6c Ts Ks Ah]
Seat 1: IldeRider01 (big blind) folded on the Flop
Seat 2: BR00RB folded before Flop (didn't bet)
Seat 3: dioggus folded before Flop (didn't bet)
Seat 4: shurik-ass folded before Flop (didn't bet)
Seat 6: Dorex2007 collected ($0.20)
Seat 7: factis71 folded before Flop (didn't bet)
Seat 8: Rocky4444423 (button) folded before Flop (didn't bet)
Seat 9: disnt (small blind) folded on the Turn



PokerStars Hand #231387555980:  Hold'em No Limit ($0.01/$0.02 USD) - 2021/11/13 19:48:00 PT [2021/11/13 22:48:00 ET]
Table 'Rosamunde' 9-max Seat #9 is the button
Seat 1: IldeRider01 ($1.71 in chips) 
Seat 2: BR00RB ($0.75 in chips) 
Seat 3: dioggus ($2.39 in chips) 
Seat 4: shurik-ass ($2.04 in chips) 
Seat 6: Dorex2007 ($2.48 in chips) 
Seat 7: factis71 ($2.38 in chips) 
Seat 8: Rocky4444423 ($0.96 in chips) 
Seat 9: disnt ($1.50 in chips) 
IldeRider01: posts small blind $0.01
BR00RB: posts big blind $0.02
Krokus2864: sits out 
*** HOLE CARDS ***
Dealt to Dorex2007 [4h Th]
dioggus: calls $0.02
shurik-ass: folds 
Dorex2007: folds 
factis71: folds 
Rocky4444423: calls $0.02
disnt: folds 
IldeRider01: calls $0.01
BR00RB: checks 
*** FLOP *** [5h Ad 4c]
IldeRider01: checks 
BR00RB: checks 
dioggus: checks 
Rocky4444423: checks 
*** TURN *** [5h Ad 4c] [Js]
IldeRider01: checks 
BR00RB: checks 
dioggus: checks 
Rocky4444423: bets $0.02
IldeRider01: calls $0.02
BR00RB: calls $0.02
dioggus: folds 
*** RIVER *** [5h Ad 4c Js] [8s]
IldeRider01: checks 
BR00RB: checks 
Rocky4444423: checks 
*** SHOW DOWN ***
IldeRider01: shows [7s 4s] (a pair of Fours)
BR00RB: mucks hand 
Rocky4444423: shows [Ah 9h] (a pair of Aces)
Rocky4444423 collected $0.14 from pot
*** SUMMARY ***
Total pot $0.14 | Rake $0 
Board [5h Ad 4c Js 8s]
Seat 1: IldeRider01 (small blind) showed [7s 4s] and lost with a pair of Fours
Seat 2: BR00RB (big blind) mucked [2c Tc]
Seat 3: dioggus folded on the Turn
Seat 4: shurik-ass folded before Flop (didn't bet)
Seat 6: Dorex2007 folded before Flop (didn't bet)
Seat 7: factis71 folded before Flop (didn't bet)
Seat 8: Rocky4444423 showed [Ah 9h] and won ($0.14) with a pair of Aces
Seat 9: disnt (button) folded before Flop (didn't bet)



PokerStars Hand #231387572212:  Hold'em No Limit ($0.01/$0.02 USD) - 2021/11/13 19:49:21 PT [2021/11/13 22:49:21 ET]
Table 'Rosamunde' 9-max Seat #1 is the button
Seat 1: IldeRider01 ($1.67 in chips) 
Seat 2: BR00RB ($0.71 in chips) 
Seat 3: dioggus ($2.37 in chips) 
Seat 4: shurik-ass ($2.04 in chips) 
Seat 6: Dorex2007 ($2.48 in chips) 
Seat 7: factis71 ($2.38 in chips) 
Seat 8: Rocky4444423 ($1.06 in chips) 
Seat 9: disnt ($1.50 in chips) 
BR00RB: posts small blind $0.01
dioggus: posts big blind $0.02
Krokus2864: sits out 
*** HOLE CARDS ***
Dealt to Dorex2007 [3c Kh]
shurik-ass: folds 
Dorex2007: folds 
factis71: raises $0.04 to $0.06
Rocky4444423: calls $0.06
disnt: folds 
IldeRider01: raises $1.61 to $1.67 and is all-in
BR00RB: folds 
dioggus: folds 
factis71 is disconnected 
factis71 is connected 
factis71: folds 
Rocky4444423: folds 
Uncalled bet ($1.61) returned to IldeRider01
IldeRider01 collected $0.21 from pot
IldeRider01: doesn't show hand 
*** SUMMARY ***
Total pot $0.21 | Rake $0 
Seat 1: IldeRider01 (button) collected ($0.21)
Seat 2: BR00RB (small blind) folded before Flop
Seat 3: dioggus (big blind) folded before Flop
Seat 4: shurik-ass folded before Flop (didn't bet)
Seat 6: Dorex2007 folded before Flop (didn't bet)
Seat 7: factis71 folded before Flop
Seat 8: Rocky4444423 folded before Flop
Seat 9: disnt folded before Flop (didn't bet)



PokerStars Hand #231387581304:  Hold'em No Limit ($0.01/$0.02 USD) - 2021/11/13 19:50:07 PT [2021/11/13 22:50:07 ET]
Table 'Rosamunde' 9-max Seat #2 is the button
Seat 1: IldeRider01 ($1.82 in chips) 
Seat 2: BR00RB ($0.70 in chips) 
Seat 3: dioggus ($2.35 in chips) 
Seat 5: Krokus2864 ($2 in chips) 
Seat 6: Dorex2007 ($2.48 in chips) 
Seat 7: factis71 ($2.32 in chips) 
Seat 8: Rocky4444423 ($1 in chips) 
Seat 9: disnt ($1.50 in chips) 
dioggus: posts small blind $0.01
shurik-ass: is sitting out 
Krokus2864: posts big blind $0.02
*** HOLE CARDS ***
Dealt to Dorex2007 [Qc Kd]
Dorex2007: folds 
factis71: folds 
Rocky4444423: folds 
shurik-ass leaves the table
disnt: calls $0.02
IldeRider01: folds 
BR00RB: calls $0.02
dioggus: folds 
Krokus2864: checks 
*** FLOP *** [Qd 2s Ts]
Krokus2864: checks 
disnt: checks 
BR00RB: checks 
*** TURN *** [Qd 2s Ts] [8c]
Krokus2864: checks 
disnt: checks 
BR00RB: bets $0.04
Krokus2864: folds 
disnt: calls $0.04
*** RIVER *** [Qd 2s Ts 8c] [Ah]
disnt: bets $0.16
g@rdenplant joins the table at seat #4 
BR00RB: folds 
Uncalled bet ($0.16) returned to disnt
disnt collected $0.14 from pot
disnt: doesn't show hand 
*** SUMMARY ***
Total pot $0.15 | Rake $0.01 
Board [Qd 2s Ts 8c Ah]
Seat 1: IldeRider01 folded before Flop (didn't bet)
Seat 2: BR00RB (button) folded on the River
Seat 3: dioggus (small blind) folded before Flop
Seat 5: Krokus2864 (big blind) folded on the Turn
Seat 6: Dorex2007 folded before Flop (didn't bet)
Seat 7: factis71 folded before Flop (didn't bet)
Seat 8: Rocky4444423 folded before Flop (didn't bet)
Seat 9: disnt collected ($0.14)



PokerStars Hand #231387591781:  Hold'em No Limit ($0.01/$0.02 USD) - 2021/11/13 19:51:00 PT [2021/11/13 22:51:00 ET]
Table 'Rosamunde' 9-max Seat #3 is the button
Seat 1: IldeRider01 ($1.82 in chips) 
Seat 2: BR00RB ($0.64 in chips) 
Seat 3: dioggus ($2.34 in chips) 
Seat 5: Krokus2864 ($2 in chips) 
Seat 6: Dorex2007 ($2.48 in chips) 
Seat 7: factis71 ($2.32 in chips) 
Seat 8: Rocky4444423 ($1 in chips) 
Seat 9: disnt ($1.58 in chips) 
Krokus2864: posts small blind $0.01
Dorex2007: posts big blind $0.02
*** HOLE CARDS ***
Dealt to Dorex2007 [3h 2d]
factis71: folds 
Rocky4444423: folds 
disnt: calls $0.02
IldeRider01: raises $0.04 to $0.06
BR00RB: folds 
dioggus: calls $0.06
Krokus2864: folds 
Dorex2007: folds 
disnt: calls $0.04
*** FLOP *** [Th As 5h]
disnt: bets $0.02
IldeRider01: raises $0.24 to $0.26
dioggus: folds 
disnt: folds 
Uncalled bet ($0.24) returned to IldeRider01
IldeRider01 collected $0.24 from pot
IldeRider01: doesn't show hand 
*** SUMMARY ***
Total pot $0.25 | Rake $0.01 
Board [Th As 5h]
Seat 1: IldeRider01 collected ($0.24)
Seat 2: BR00RB folded before Flop (didn't bet)
Seat 3: dioggus (button) folded on the Flop
Seat 5: Krokus2864 (small blind) folded before Flop
Seat 6: Dorex2007 (big blind) folded before Flop
Seat 7: factis71 folded before Flop (didn't bet)
Seat 8: Rocky4444423 folded before Flop (didn't bet)
Seat 9: disnt folded on the Flop



PokerStars Hand #231387611220:  Hold'em No Limit ($0.01/$0.02 USD) - 2021/11/13 19:52:04 PT [2021/11/13 22:52:04 ET]
Table 'Rosamunde' 9-max Seat #5 is the button
Seat 1: IldeRider01 ($1.98 in chips) 
Seat 2: BR00RB ($0.64 in chips) 
Seat 3: dioggus ($2.28 in chips) 
Seat 5: Krokus2864 ($2 in chips) 
Seat 6: Dorex2007 ($2.46 in chips) 
Seat 7: factis71 ($2.32 in chips) 
Seat 8: Rocky4444423 ($1 in chips) 
Seat 9: disnt ($1.50 in chips) 
Dorex2007: posts small blind $0.01
factis71: posts big blind $0.02
g@rdenplant: sits out 
*** HOLE CARDS ***
Dealt to Dorex2007 [5h Ah]
Rocky4444423: folds 
disnt: calls $0.02
IldeRider01: calls $0.02
BR00RB: raises $0.02 to $0.04
dioggus: folds 
Krokus2864: folds 
Dorex2007: folds 
factis71: calls $0.02
disnt: calls $0.02
IldeRider01: calls $0.02
*** FLOP *** [As 8s Qd]
factis71: checks 
disnt: checks 
IldeRider01: checks 
BR00RB: bets $0.02
factis71: calls $0.02
disnt: folds 
IldeRider01: calls $0.02
*** TURN *** [As 8s Qd] [3c]
factis71: checks 
IldeRider01: checks 
BR00RB: bets $0.04
factis71: calls $0.04
IldeRider01: calls $0.04
*** RIVER *** [As 8s Qd 3c] [3d]
factis71: checks 
IldeRider01: checks 
BR00RB: bets $0.06
factis71: folds 
IldeRider01: folds 
Uncalled bet ($0.06) returned to BR00RB
BR00RB collected $0.34 from pot
BR00RB: doesn't show hand 
*** SUMMARY ***
Total pot $0.35 | Rake $0.01 
Board [As 8s Qd 3c 3d]
Seat 1: IldeRider01 folded on the River
Seat 2: BR00RB collected ($0.34)
Seat 3: dioggus folded before Flop (didn't bet)
Seat 5: Krokus2864 (button) folded before Flop (didn't bet)
Seat 6: Dorex2007 (small blind) folded before Flop
Seat 7: factis71 (big blind) folded on the River
Seat 8: Rocky4444423 folded before Flop (didn't bet)
Seat 9: disnt folded on the Flop



PokerStars Hand #231387631708:  Hold'em No Limit ($0.01/$0.02 USD) - 2021/11/13 19:53:45 PT [2021/11/13 22:53:45 ET]
Table 'Rosamunde' 9-max Seat #6 is the button
Seat 1: IldeRider01 ($1.88 in chips) 
Seat 2: BR00RB ($0.88 in chips) 
Seat 3: dioggus ($2.28 in chips) 
Seat 5: Krokus2864 ($2 in chips) 
Seat 6: Dorex2007 ($2.45 in chips) 
Seat 7: factis71 ($2.22 in chips) 
Seat 8: Rocky4444423 ($1 in chips) 
Seat 9: disnt ($1.46 in chips) 
factis71: posts small blind $0.01
Rocky4444423: posts big blind $0.02
g@rdenplant: sits out 
*** HOLE CARDS ***
Dealt to Dorex2007 [4h Ts]
disnt has timed out
disnt: folds 
IldeRider01: folds 
IldeRider01 is disconnected 
BR00RB: folds 
dioggus: folds 
Krokus2864: folds 
Dorex2007: folds 
factis71: raises $0.03 to $0.05
Rocky4444423 has timed out
Rocky4444423: folds 
Uncalled bet ($0.03) returned to factis71
factis71 collected $0.04 from pot
factis71: doesn't show hand 
*** SUMMARY ***
Total pot $0.04 | Rake $0 
Seat 1: IldeRider01 folded before Flop (didn't bet)
Seat 2: BR00RB folded before Flop (didn't bet)
Seat 3: dioggus folded before Flop (didn't bet)
Seat 5: Krokus2864 folded before Flop (didn't bet)
Seat 6: Dorex2007 (button) folded before Flop (didn't bet)
Seat 7: factis71 (small blind) collected ($0.04)
Seat 8: Rocky4444423 (big blind) folded before Flop
Seat 9: disnt folded before Flop (didn't bet)



PokerStars Hand #231387644364:  Hold'em No Limit ($0.01/$0.02 USD) - 2021/11/13 19:54:50 PT [2021/11/13 22:54:50 ET]
Table 'Rosamunde' 9-max Seat #7 is the button
Seat 1: IldeRider01 ($1.88 in chips) 
Seat 2: BR00RB ($0.88 in chips) 
Seat 3: dioggus ($2.28 in chips) 
Seat 5: Krokus2864 ($2 in chips) 
Seat 6: Dorex2007 ($2.45 in chips) 
Seat 7: factis71 ($2.24 in chips) 
Seat 9: disnt ($1.46 in chips) 
disnt: posts small blind $0.01
IldeRider01: posts big blind $0.02
g@rdenplant: sits out 
*** HOLE CARDS ***
Dealt to Dorex2007 [5h 5c]
BR00RB: folds 
dioggus: folds 
Krokus2864: folds 
Dorex2007: calls $0.02
factis71: folds 
disnt: calls $0.01
IldeRider01: checks 
*** FLOP *** [4c 7c Th]
disnt: checks 
IldeRider01: checks 
Dorex2007: checks 
*** TURN *** [4c 7c Th] [2s]
disnt: checks 
IldeRider01: checks 
Dorex2007: checks 
*** RIVER *** [4c 7c Th 2s] [7s]
disnt: bets $0.26
IldeRider01: folds 
Dorex2007: folds 
Uncalled bet ($0.26) returned to disnt
disnt collected $0.06 from pot
disnt: doesn't show hand 
*** SUMMARY ***
Total pot $0.06 | Rake $0 
Board [4c 7c Th 2s 7s]
Seat 1: IldeRider01 (big blind) folded on the River
Seat 2: BR00RB folded before Flop (didn't bet)
Seat 3: dioggus folded before Flop (didn't bet)
Seat 5: Krokus2864 folded before Flop (didn't bet)
Seat 6: Dorex2007 folded on the River
Seat 7: factis71 (button) folded before Flop (didn't bet)
Seat 9: disnt (small blind) collected ($0.06)



PokerStars Hand #231387662903:  Hold'em No Limit ($0.01/$0.02 USD) - 2021/11/13 19:55:40 PT [2021/11/13 22:55:40 ET]
Table 'Rosamunde' 9-max Seat #9 is the button
Seat 1: IldeRider01 ($1.86 in chips) 
Seat 2: BR00RB ($0.88 in chips) 
Seat 3: dioggus ($2.28 in chips) 
Seat 5: Krokus2864 ($2 in chips) 
Seat 6: Dorex2007 ($2.43 in chips) 
Seat 7: factis71 ($2.24 in chips) 
Seat 9: disnt ($1.50 in chips) 
IldeRider01: posts small blind $0.01
BR00RB: posts big blind $0.02
g@rdenplant: sits out 
*** HOLE CARDS ***
Dealt to Dorex2007 [Ad 5c]
dioggus: folds 
Krokus2864: folds 
Dorex2007: folds 
factis71: raises $0.04 to $0.06
disnt: folds 
IldeRider01: calls $0.05
BR00RB: folds 
*** FLOP *** [9h 6c 9s]
IldeRider01: checks 
factis71: bets $0.06
IldeRider01 is disconnected 
IldeRider01 has timed out while disconnected
IldeRider01: folds 
Uncalled bet ($0.06) returned to factis71
factis71 collected $0.14 from pot
factis71: doesn't show hand 
*** SUMMARY ***
Total pot $0.14 | Rake $0 
Board [9h 6c 9s]
Seat 1: IldeRider01 (small blind) folded on the Flop
Seat 2: BR00RB (big blind) folded before Flop
Seat 3: dioggus folded before Flop (didn't bet)
Seat 5: Krokus2864 folded before Flop (didn't bet)
Seat 6: Dorex2007 folded before Flop (didn't bet)
Seat 7: factis71 collected ($0.14)
Seat 9: disnt (button) folded before Flop (didn't bet)



PokerStars Hand #231387671755:  Hold'em No Limit ($0.01/$0.02 USD) - 2021/11/13 19:56:36 PT [2021/11/13 22:56:36 ET]
Table 'Rosamunde' 9-max Seat #2 is the button
Seat 2: BR00RB ($0.86 in chips) 
Seat 3: dioggus ($2.28 in chips) 
Seat 4: g@rdenplant ($2 in chips) 
Seat 5: Krokus2864 ($2 in chips) 
Seat 6: Dorex2007 ($2.43 in chips) 
Seat 7: factis71 ($2.32 in chips) 
Seat 8: Rocky4444423 ($0.98 in chips) 
Seat 9: disnt ($1.50 in chips) 
dioggus: posts small blind $0.01
g@rdenplant: posts big blind $0.02
Rocky4444423: posts small blind $0.01
*** HOLE CARDS ***
Dealt to Dorex2007 [8s Ad]
Krokus2864: calls $0.02
Dorex2007: folds 
factis71: folds 
Rocky4444423: folds 
disnt: folds 
BR00RB: folds 
dioggus: calls $0.01
g@rdenplant: checks 
*** FLOP *** [Ks As 3c]
dioggus: checks 
g@rdenplant: checks 
Krokus2864: bets $0.07
dioggus: folds 
g@rdenplant: folds 
Uncalled bet ($0.07) returned to Krokus2864
Krokus2864 collected $0.07 from pot
Krokus2864: doesn't show hand 
*** SUMMARY ***
Total pot $0.07 | Rake $0 
Board [Ks As 3c]
Seat 2: BR00RB (button) folded before Flop (didn't bet)
Seat 3: dioggus (small blind) folded on the Flop
Seat 4: g@rdenplant (big blind) folded on the Flop
Seat 5: Krokus2864 collected ($0.07)
Seat 6: Dorex2007 folded before Flop (didn't bet)
Seat 7: factis71 folded before Flop (didn't bet)
Seat 8: Rocky4444423 folded before Flop (didn't bet)
Seat 9: disnt folded before Flop (didn't bet)



PokerStars Hand #231387676869:  Hold'em No Limit ($0.01/$0.02 USD) - 2021/11/13 19:57:07 PT [2021/11/13 22:57:07 ET]
Table 'Rosamunde' 9-max Seat #3 is the button
Seat 1: IldeRider01 ($1.80 in chips) 
Seat 2: BR00RB ($0.86 in chips) 
Seat 3: dioggus ($2.26 in chips) 
Seat 4: g@rdenplant ($1.98 in chips) 
Seat 5: Krokus2864 ($2.05 in chips) 
Seat 6: Dorex2007 ($2.43 in chips) 
Seat 7: factis71 ($2.32 in chips) 
Seat 8: Rocky4444423 ($0.97 in chips) 
Seat 9: disnt ($1.50 in chips) 
g@rdenplant: posts small blind $0.01
Krokus2864: posts big blind $0.02
*** HOLE CARDS ***
Dealt to Dorex2007 [9d 2c]
Dorex2007: folds 
factis71: raises $0.04 to $0.06
Rocky4444423 has timed out
Rocky4444423: folds 
disnt: folds 
IldeRider01: folds 
BR00RB: folds 
dioggus: folds 
g@rdenplant: folds 
Krokus2864: raises $1.99 to $2.05 and is all-in
factis71: folds 
Uncalled bet ($1.99) returned to Krokus2864
Krokus2864 collected $0.13 from pot
Krokus2864: doesn't show hand 
*** SUMMARY ***
Total pot $0.13 | Rake $0 
Seat 1: IldeRider01 folded before Flop (didn't bet)
Seat 2: BR00RB folded before Flop (didn't bet)
Seat 3: dioggus (button) folded before Flop (didn't bet)
Seat 4: g@rdenplant (small blind) folded before Flop
Seat 5: Krokus2864 (big blind) collected ($0.13)
Seat 6: Dorex2007 folded before Flop (didn't bet)
Seat 7: factis71 folded before Flop
Seat 8: Rocky4444423 folded before Flop (didn't bet)
Seat 9: disnt folded before Flop (didn't bet)



PokerStars Hand #231387684753:  Hold'em No Limit ($0.01/$0.02 USD) - 2021/11/13 19:57:57 PT [2021/11/13 22:57:57 ET]
Table 'Rosamunde' 9-max Seat #4 is the button
Seat 1: IldeRider01 ($1.80 in chips) 
Seat 2: BR00RB ($0.86 in chips) 
Seat 3: dioggus ($2.26 in chips) 
Seat 4: g@rdenplant ($1.97 in chips) 
Seat 5: Krokus2864 ($2.12 in chips) 
Seat 6: Dorex2007 ($2.43 in chips) 
Seat 7: factis71 ($2.26 in chips) 
Seat 8: Rocky4444423 ($0.97 in chips) 
Seat 9: disnt ($1.50 in chips) 
Krokus2864: posts small blind $0.01
Dorex2007: posts big blind $0.02
*** HOLE CARDS ***
Dealt to Dorex2007 [Ks 6s]
factis71: folds 
Rocky4444423: calls $0.02
disnt: calls $0.02
IldeRider01: folds 
BR00RB: folds 
dioggus: folds 
g@rdenplant: folds 
Krokus2864: folds 
Dorex2007: checks 
*** FLOP *** [2s Ad Ac]
Dorex2007: checks 
Rocky4444423: bets $0.02
disnt: folds 
Dorex2007: folds 
Uncalled bet ($0.02) returned to Rocky4444423
Rocky4444423 collected $0.07 from pot
*** SUMMARY ***
Total pot $0.07 | Rake $0 
Board [2s Ad Ac]
Seat 1: IldeRider01 folded before Flop (didn't bet)
Seat 2: BR00RB folded before Flop (didn't bet)
Seat 3: dioggus folded before Flop (didn't bet)
Seat 4: g@rdenplant (button) folded before Flop (didn't bet)
Seat 5: Krokus2864 (small blind) folded before Flop
Seat 6: Dorex2007 (big blind) folded on the Flop
Seat 7: factis71 folded before Flop (didn't bet)
Seat 8: Rocky4444423 collected ($0.07)
Seat 9: disnt folded on the Flop



PokerStars Hand #231387689621:  Hold'em No Limit ($0.01/$0.02 USD) - 2021/11/13 19:58:27 PT [2021/11/13 22:58:27 ET]
Table 'Rosamunde' 9-max Seat #5 is the button
Seat 1: IldeRider01 ($1.80 in chips) 
Seat 2: BR00RB ($0.86 in chips) 
Seat 3: dioggus ($2.26 in chips) 
Seat 4: g@rdenplant ($1.97 in chips) 
Seat 5: Krokus2864 ($2.11 in chips) 
Seat 6: Dorex2007 ($2.41 in chips) 
Seat 7: factis71 ($2.26 in chips) 
Seat 8: Rocky4444423 ($1.02 in chips) 
Seat 9: disnt ($1.48 in chips) 
Dorex2007: posts small blind $0.01
factis71: posts big blind $0.02
*** HOLE CARDS ***
Dealt to Dorex2007 [3c Jc]
Rocky4444423: folds 
disnt: calls $0.02
IldeRider01: calls $0.02
BR00RB: folds 
dioggus: calls $0.02
g@rdenplant: folds 
Krokus2864: calls $0.02
Dorex2007: folds 
factis71: checks 
*** FLOP *** [6d 8h 4d]
factis71: checks 
disnt: checks 
IldeRider01: checks 
dioggus: bets $0.02
Krokus2864: raises $0.02 to $0.04
factis71: calls $0.04
disnt: calls $0.04
IldeRider01: calls $0.04
dioggus: calls $0.02
*** TURN *** [6d 8h 4d] [Jh]
factis71: checks 
disnt: checks 
IldeRider01: checks 
dioggus: bets $0.06
Krokus2864: calls $0.06
factis71: calls $0.06
disnt: calls $0.06
IldeRider01: calls $0.06
*** RIVER *** [6d 8h 4d Jh] [6s]
factis71: checks 
disnt: checks 
IldeRider01: checks 
dioggus: bets $0.10
Krokus2864: folds 
factis71: calls $0.10
disnt: folds 
IldeRider01: folds 
*** SHOW DOWN ***
dioggus: shows [8s 9s] (two pair, Eights and Sixes)
factis71: shows [5c 8c] (two pair, Eights and Sixes)
factis71 collected $0.39 from pot
dioggus collected $0.39 from pot
*** SUMMARY ***
Total pot $0.81 | Rake $0.03 
Board [6d 8h 4d Jh 6s]
Seat 1: IldeRider01 folded on the River
Seat 2: BR00RB folded before Flop (didn't bet)
Seat 3: dioggus showed [8s 9s] and won ($0.39) with two pair, Eights and Sixes
Seat 4: g@rdenplant folded before Flop (didn't bet)
Seat 5: Krokus2864 (button) folded on the River
Seat 6: Dorex2007 (small blind) folded before Flop
Seat 7: factis71 (big blind) showed [5c 8c] and won ($0.39) with two pair, Eights and Sixes
Seat 8: Rocky4444423 folded before Flop (didn't bet)
Seat 9: disnt folded on the River



PokerStars Hand #231387704756:  Hold'em No Limit ($0.01/$0.02 USD) - 2021/11/13 19:59:59 PT [2021/11/13 22:59:59 ET]
Table 'Rosamunde' 9-max Seat #6 is the button
Seat 1: IldeRider01 ($1.68 in chips) 
Seat 2: BR00RB ($0.86 in chips) 
Seat 3: dioggus ($2.43 in chips) 
Seat 4: g@rdenplant ($1.97 in chips) 
Seat 5: Krokus2864 ($2 in chips) 
Seat 6: Dorex2007 ($2.40 in chips) 
Seat 7: factis71 ($2.43 in chips) 
Seat 8: Rocky4444423 ($1.02 in chips) 
Seat 9: disnt ($1.36 in chips) 
factis71: posts small blind $0.01
Rocky4444423: posts big blind $0.02
*** HOLE CARDS ***
Dealt to Dorex2007 [Qc Tc]
disnt: folds 
IldeRider01: folds 
BR00RB: folds 
dioggus: calls $0.02
g@rdenplant: raises $0.06 to $0.08
Krokus2864: folds 
Dorex2007: folds 
factis71: folds 
Rocky4444423: folds 
dioggus: calls $0.06
*** FLOP *** [7c 8d 5h]
dioggus: checks 
g@rdenplant: checks 
*** TURN *** [7c 8d 5h] [4s]
dioggus: bets $0.02
g@rdenplant: raises $0.22 to $0.24
dioggus: folds 
Uncalled bet ($0.22) returned to g@rdenplant
g@rdenplant collected $0.22 from pot
g@rdenplant: doesn't show hand 
*** SUMMARY ***
Total pot $0.23 | Rake $0.01 
Board [7c 8d 5h 4s]
Seat 1: IldeRider01 folded before Flop (didn't bet)
Seat 2: BR00RB folded before Flop (didn't bet)
Seat 3: dioggus folded on the Turn
Seat 4: g@rdenplant collected ($0.22)
Seat 5: Krokus2864 folded before Flop (didn't bet)
Seat 6: Dorex2007 (button) folded before Flop (didn't bet)
Seat 7: factis71 (small blind) folded before Flop
Seat 8: Rocky4444423 (big blind) folded before Flop
Seat 9: disnt folded before Flop (didn't bet)



PokerStars Hand #231387713330:  Hold'em No Limit ($0.01/$0.02 USD) - 2021/11/13 20:00:49 PT [2021/11/13 23:00:49 ET]
Table 'Rosamunde' 9-max Seat #7 is the button
Seat 1: IldeRider01 ($1.68 in chips) 
Seat 2: BR00RB ($0.86 in chips) 
Seat 3: dioggus ($2.33 in chips) 
Seat 4: g@rdenplant ($2.09 in chips) 
Seat 5: Krokus2864 ($2 in chips) 
Seat 6: Dorex2007 ($2.40 in chips) 
Seat 7: factis71 ($2.42 in chips) 
Seat 8: Rocky4444423 ($1 in chips) 
Seat 9: disnt ($1.36 in chips) 
Rocky4444423: posts small blind $0.01
disnt: posts big blind $0.02
*** HOLE CARDS ***
Dealt to Dorex2007 [8c 3s]
IldeRider01 has timed out
IldeRider01: folds 
BR00RB: folds 
dioggus: folds 
dioggus leaves the table
g@rdenplant: raises $0.04 to $0.06
Krokus2864: folds 
Dorex2007: folds 
factis71: folds 
Rocky4444423: folds 
disnt: calls $0.04
*** FLOP *** [9s 9c 2s]
disnt: checks 
g@rdenplant: bets $0.07
disnt: folds 
Uncalled bet ($0.07) returned to g@rdenplant
Grf79 joins the table at seat #3 
g@rdenplant collected $0.13 from pot
g@rdenplant: doesn't show hand 
*** SUMMARY ***
Total pot $0.13 | Rake $0 
Board [9s 9c 2s]
Seat 1: IldeRider01 folded before Flop (didn't bet)
Seat 2: BR00RB folded before Flop (didn't bet)
Seat 3: dioggus folded before Flop (didn't bet)
Seat 4: g@rdenplant collected ($0.13)
Seat 5: Krokus2864 folded before Flop (didn't bet)
Seat 6: Dorex2007 folded before Flop (didn't bet)
Seat 7: factis71 (button) folded before Flop (didn't bet)
Seat 8: Rocky4444423 (small blind) folded before Flop
Seat 9: disnt (big blind) folded on the Flop



PokerStars Hand #231387721527:  Hold'em No Limit ($0.01/$0.02 USD) - 2021/11/13 20:01:33 PT [2021/11/13 23:01:33 ET]
Table 'Rosamunde' 9-max Seat #8 is the button
Seat 1: IldeRider01 ($1.68 in chips) 
Seat 2: BR00RB ($0.86 in chips) 
Seat 4: g@rdenplant ($2.16 in chips) 
Seat 5: Krokus2864 ($2 in chips) 
Seat 6: Dorex2007 ($2.40 in chips) 
Seat 7: factis71 ($2.42 in chips) 
Seat 8: Rocky4444423 ($0.99 in chips) 
Seat 9: disnt ($1.30 in chips) 
disnt: posts small blind $0.01
IldeRider01: posts big blind $0.02
Grf79: sits out 
*** HOLE CARDS ***
Dealt to Dorex2007 [Th 2h]
BR00RB has timed out
BR00RB: folds 
g@rdenplant: folds 
Krokus2864: folds 
Dorex2007: folds 
factis71: raises $0.03 to $0.05
Rocky4444423: calls $0.05
disnt: calls $0.04
IldeRider01: folds 
*** FLOP *** [7c Kc Qs]
disnt: checks 
factis71: checks 
Rocky4444423: checks 
*** TURN *** [7c Kc Qs] [Qh]
disnt: checks 
factis71: bets $0.07
Rocky4444423: folds 
disnt: calls $0.07
*** RIVER *** [7c Kc Qs Qh] [Ac]
disnt: checks 
factis71: bets $0.23
disnt: folds 
Uncalled bet ($0.23) returned to factis71
factis71 collected $0.30 from pot
factis71: doesn't show hand 
*** SUMMARY ***
Total pot $0.31 | Rake $0.01 
Board [7c Kc Qs Qh Ac]
Seat 1: IldeRider01 (big blind) folded before Flop
Seat 2: BR00RB folded before Flop (didn't bet)
Seat 4: g@rdenplant folded before Flop (didn't bet)
Seat 5: Krokus2864 folded before Flop (didn't bet)
Seat 6: Dorex2007 folded before Flop (didn't bet)
Seat 7: factis71 collected ($0.30)
Seat 8: Rocky4444423 (button) folded on the Turn
Seat 9: disnt (small blind) folded on the River



PokerStars Hand #231387734909:  Hold'em No Limit ($0.01/$0.02 USD) - 2021/11/13 20:02:44 PT [2021/11/13 23:02:44 ET]
Table 'Rosamunde' 9-max Seat #9 is the button
Seat 1: IldeRider01 ($1.66 in chips) 
Seat 3: Grf79 ($1.60 in chips) 
Seat 4: g@rdenplant ($2.16 in chips) 
Seat 5: Krokus2864 ($2 in chips) 
Seat 6: Dorex2007 ($2.40 in chips) 
Seat 7: factis71 ($2.60 in chips) 
Seat 8: Rocky4444423 ($0.94 in chips) 
Seat 9: disnt ($1.18 in chips) 
IldeRider01: posts small blind $0.01
Grf79: posts big blind $0.02
*** HOLE CARDS ***
Dealt to Dorex2007 [Ad 2s]
g@rdenplant: folds 
Krokus2864: folds 
Dorex2007: folds 
factis71: raises $0.04 to $0.06
Rocky4444423: folds 
disnt: calls $0.06
IldeRider01: calls $0.05
Grf79: folds 
*** FLOP *** [As 5s 7s]
IldeRider01: checks 
factis71: checks 
disnt: bets $0.14
IldeRider01: folds 
factis71: folds 
Uncalled bet ($0.14) returned to disnt
disnt collected $0.19 from pot
disnt: doesn't show hand 
*** SUMMARY ***
Total pot $0.20 | Rake $0.01 
Board [As 5s 7s]
Seat 1: IldeRider01 (small blind) folded on the Flop
Seat 3: Grf79 (big blind) folded before Flop
Seat 4: g@rdenplant folded before Flop (didn't bet)
Seat 5: Krokus2864 folded before Flop (didn't bet)
Seat 6: Dorex2007 folded before Flop (didn't bet)
Seat 7: factis71 folded on the Flop
Seat 8: Rocky4444423 folded before Flop (didn't bet)
Seat 9: disnt (button) collected ($0.19)



PokerStars Hand #231387745630:  Hold'em No Limit ($0.01/$0.02 USD) - 2021/11/13 20:03:41 PT [2021/11/13 23:03:41 ET]
Table 'Rosamunde' 9-max Seat #1 is the button
Seat 1: IldeRider01 ($1.60 in chips) 
Seat 3: Grf79 ($1.58 in chips) 
Seat 4: g@rdenplant ($2.16 in chips) 
Seat 5: Krokus2864 ($2 in chips) 
Seat 6: Dorex2007 ($2.40 in chips) 
Seat 7: factis71 ($2.54 in chips) 
Seat 8: Rocky4444423 ($0.94 in chips) 
Seat 9: disnt ($1.31 in chips) 
Grf79: posts small blind $0.01
g@rdenplant: posts big blind $0.02
*** HOLE CARDS ***
Dealt to Dorex2007 [Qh 4d]
Krokus2864: folds 
Dorex2007: folds 
factis71: folds 
Rocky4444423: folds 
BR00RB is disconnected 
disnt: calls $0.02
IldeRider01: folds 
Grf79: calls $0.01
g@rdenplant: checks 
*** FLOP *** [Js 6c Kc]
Grf79: checks 
g@rdenplant: bets $0.06
disnt: folds 
Grf79: calls $0.06
*** TURN *** [Js 6c Kc] [Jd]
Grf79: checks 
g@rdenplant: checks 
*** RIVER *** [Js 6c Kc Jd] [9d]
Grf79: bets $0.21
g@rdenplant: raises $0.21 to $0.42
Grf79: calls $0.21
*** SHOW DOWN ***
g@rdenplant: shows [Jh Kd] (a full house, Jacks full of Kings)
Grf79: mucks hand 
g@rdenplant collected $0.98 from pot
*** SUMMARY ***
Total pot $1.02 | Rake $0.04 
Board [Js 6c Kc Jd 9d]
Seat 1: IldeRider01 (button) folded before Flop (didn't bet)
Seat 3: Grf79 (small blind) mucked [5s Jc]
Seat 4: g@rdenplant (big blind) showed [Jh Kd] and won ($0.98) with a full house, Jacks full of Kings
Seat 5: Krokus2864 folded before Flop (didn't bet)
Seat 6: Dorex2007 folded before Flop (didn't bet)
Seat 7: factis71 folded before Flop (didn't bet)
Seat 8: Rocky4444423 folded before Flop (didn't bet)
Seat 9: disnt folded on the Flop



PokerStars Hand #231387763198:  Hold'em No Limit ($0.01/$0.02 USD) - 2021/11/13 20:05:12 PT [2021/11/13 23:05:12 ET]
Table 'Rosamunde' 9-max Seat #3 is the button
Seat 1: IldeRider01 ($1.60 in chips) 
Seat 3: Grf79 ($1.08 in chips) 
Seat 4: g@rdenplant ($2.64 in chips) 
Seat 5: Krokus2864 ($2 in chips) 
Seat 6: Dorex2007 ($2.40 in chips) 
Seat 7: factis71 ($2.54 in chips) 
Seat 8: Rocky4444423 ($0.94 in chips) 
Seat 9: disnt ($1.29 in chips) 
g@rdenplant: posts small blind $0.01
Krokus2864: posts big blind $0.02
BR00RB has timed out while disconnected
BR00RB: is sitting out 
*** HOLE CARDS ***
Dealt to Dorex2007 [Ah Qd]
Dorex2007: raises $0.02 to $0.04
factis71: folds 
Rocky4444423: folds 
disnt: calls $0.04
IldeRider01: folds 
Grf79: calls $0.04
g@rdenplant: folds 
Krokus2864: folds 
*** FLOP *** [4d 6s Jc]
Dorex2007: bets $0.07
disnt: folds 
Grf79: calls $0.07
*** TURN *** [4d 6s Jc] [4s]
Dorex2007: checks 
Grf79: bets $0.14
Dorex2007: folds 
Uncalled bet ($0.14) returned to Grf79
Grf79 collected $0.28 from pot
Grf79: doesn't show hand 
*** SUMMARY ***
Total pot $0.29 | Rake $0.01 
Board [4d 6s Jc 4s]
Seat 1: IldeRider01 folded before Flop (didn't bet)
Seat 3: Grf79 (button) collected ($0.28)
Seat 4: g@rdenplant (small blind) folded before Flop
Seat 5: Krokus2864 (big blind) folded before Flop
Seat 6: Dorex2007 folded on the Turn
Seat 7: factis71 folded before Flop (didn't bet)
Seat 8: Rocky4444423 folded before Flop (didn't bet)
Seat 9: disnt folded on the Flop



PokerStars Hand #231387775129:  Hold'em No Limit ($0.01/$0.02 USD) - 2021/11/13 20:06:15 PT [2021/11/13 23:06:15 ET]
Table 'Rosamunde' 9-max Seat #4 is the button
Seat 1: IldeRider01 ($1.60 in chips) 
Seat 3: Grf79 ($1.25 in chips) 
Seat 4: g@rdenplant ($2.63 in chips) 
Seat 5: Krokus2864 ($2 in chips) 
Seat 6: Dorex2007 ($2.29 in chips) 
Seat 7: factis71 ($2.54 in chips) 
Seat 8: Rocky4444423 ($0.94 in chips) 
Seat 9: disnt ($1.25 in chips) 
Krokus2864: posts small blind $0.01
Dorex2007: posts big blind $0.02
BR00RB: sits out 
*** HOLE CARDS ***
Dealt to Dorex2007 [2d Ad]
factis71: folds 
Rocky4444423: calls $0.02
disnt: calls $0.02
IldeRider01: raises $0.02 to $0.04
Grf79: folds 
g@rdenplant: folds 
Krokus2864: folds 
Dorex2007: calls $0.02
Rocky4444423: calls $0.02
disnt: calls $0.02
*** FLOP *** [7d 9c Qd]
Dorex2007: bets $0.16
Rocky4444423: calls $0.16
BR00RB is disconnected 
disnt: folds 
IldeRider01: folds 
*** TURN *** [7d 9c Qd] [7s]
Dorex2007: bets $0.24
Rocky4444423: raises $0.24 to $0.48
Dorex2007: calls $0.24
*** RIVER *** [7d 9c Qd 7s] [9h]
Dorex2007: checks 
Rocky4444423: checks 
*** SHOW DOWN ***
Dorex2007: shows [2d Ad] (two pair, Nines and Sevens)
Rocky4444423: shows [Kh Kc] (two pair, Kings and Nines)
Rocky4444423 collected $1.40 from pot
*** SUMMARY ***
Total pot $1.45 | Rake $0.05 
Board [7d 9c Qd 7s 9h]
Seat 1: IldeRider01 folded on the Flop
Seat 3: Grf79 folded before Flop (didn't bet)
Seat 4: g@rdenplant (button) folded before Flop (didn't bet)
Seat 5: Krokus2864 (small blind) folded before Flop
Seat 6: Dorex2007 (big blind) showed [2d Ad] and lost with two pair, Nines and Sevens
Seat 7: factis71 folded before Flop (didn't bet)
Seat 8: Rocky4444423 showed [Kh Kc] and won ($1.40) with two pair, Kings and Nines
Seat 9: disnt folded on the Flop



PokerStars Hand #231387788461:  Hold'em No Limit ($0.01/$0.02 USD) - 2021/11/13 20:07:27 PT [2021/11/13 23:07:27 ET]
Table 'Rosamunde' 9-max Seat #5 is the button
Seat 1: IldeRider01 ($1.56 in chips) 
Seat 3: Grf79 ($1.25 in chips) 
Seat 4: g@rdenplant ($2.63 in chips) 
Seat 5: Krokus2864 ($2 in chips) 
Seat 6: Dorex2007 ($2 in chips) 
Seat 7: factis71 ($2.54 in chips) 
Seat 8: Rocky4444423 ($1.66 in chips) 
Seat 9: disnt ($1.21 in chips) 
Dorex2007: posts small blind $0.01
factis71: posts big blind $0.02
BR00RB has timed out while disconnected
BR00RB: is sitting out 
*** HOLE CARDS ***
Dealt to Dorex2007 [2d 6h]
Rocky4444423: folds 
disnt: folds 
IldeRider01: raises $0.05 to $0.07
Grf79: folds 
g@rdenplant: folds 
Krokus2864: folds 
Dorex2007: folds 
factis71: calls $0.05
*** FLOP *** [8h 8s 6c]
factis71: checks 
IldeRider01: bets $0.14
factis71: calls $0.14
*** TURN *** [8h 8s 6c] [Jc]
factis71: checks 
IldeRider01: bets $0.20
factis71: calls $0.20
*** RIVER *** [8h 8s 6c Jc] [3h]
factis71: checks 
IldeRider01: checks 
*** SHOW DOWN ***
factis71: shows [Tc Ts] (two pair, Tens and Eights)
IldeRider01: shows [Kd Kh] (two pair, Kings and Eights)
IldeRider01 collected $0.80 from pot
*** SUMMARY ***
Total pot $0.83 | Rake $0.03 
Board [8h 8s 6c Jc 3h]
Seat 1: IldeRider01 showed [Kd Kh] and won ($0.80) with two pair, Kings and Eights
Seat 3: Grf79 folded before Flop (didn't bet)
Seat 4: g@rdenplant folded before Flop (didn't bet)
Seat 5: Krokus2864 (button) folded before Flop (didn't bet)
Seat 6: Dorex2007 (small blind) folded before Flop
Seat 7: factis71 (big blind) showed [Tc Ts] and lost with two pair, Tens and Eights
Seat 8: Rocky4444423 folded before Flop (didn't bet)
Seat 9: disnt folded before Flop (didn't bet)



PokerStars Hand #231387797509:  Hold'em No Limit ($0.01/$0.02 USD) - 2021/11/13 20:08:15 PT [2021/11/13 23:08:15 ET]
Table 'Rosamunde' 9-max Seat #6 is the button
Seat 1: IldeRider01 ($1.95 in chips) 
Seat 3: Grf79 ($1.25 in chips) 
Seat 4: g@rdenplant ($2.63 in chips) 
Seat 5: Krokus2864 ($2 in chips) 
Seat 6: Dorex2007 ($2 in chips) 
Seat 7: factis71 ($2.13 in chips) 
Seat 8: Rocky4444423 ($1.66 in chips) 
Seat 9: disnt ($1.21 in chips) 
factis71: posts small blind $0.01
Rocky4444423: posts big blind $0.02
*** HOLE CARDS ***
Dealt to Dorex2007 [6d Jd]
disnt: calls $0.02
IldeRider01: folds 
Grf79: raises $0.10 to $0.12
g@rdenplant: folds 
Krokus2864: folds 
Dorex2007: folds 
factis71: folds 
Rocky4444423: folds 
disnt: folds 
Uncalled bet ($0.10) returned to Grf79
Grf79 collected $0.07 from pot
Grf79: doesn't show hand 
*** SUMMARY ***
Total pot $0.07 | Rake $0 
Seat 1: IldeRider01 folded before Flop (didn't bet)
Seat 3: Grf79 collected ($0.07)
Seat 4: g@rdenplant folded before Flop (didn't bet)
Seat 5: Krokus2864 folded before Flop (didn't bet)
Seat 6: Dorex2007 (button) folded before Flop (didn't bet)
Seat 7: factis71 (small blind) folded before Flop
Seat 8: Rocky4444423 (big blind) folded before Flop
Seat 9: disnt folded before Flop



PokerStars Hand #231387803285:  Hold'em No Limit ($0.01/$0.02 USD) - 2021/11/13 20:08:47 PT [2021/11/13 23:08:47 ET]
Table 'Rosamunde' 9-max Seat #7 is the button
Seat 1: IldeRider01 ($1.95 in chips) 
Seat 3: Grf79 ($1.30 in chips) 
Seat 4: g@rdenplant ($2.63 in chips) 
Seat 5: Krokus2864 ($2 in chips) 
Seat 6: Dorex2007 ($2 in chips) 
Seat 7: factis71 ($2.12 in chips) 
Seat 8: Rocky4444423 ($1.64 in chips) 
Seat 9: disnt ($1.19 in chips) 
Rocky4444423: posts small blind $0.01
disnt: posts big blind $0.02
*** HOLE CARDS ***
Dealt to Dorex2007 [Ah 7d]
IldeRider01: folds 
Grf79: folds 
g@rdenplant: folds 
Krokus2864: folds 
Dorex2007: folds 
factis71: raises $0.03 to $0.05
Rocky4444423: folds 
disnt: calls $0.03
*** FLOP *** [Jh 4s 9s]
disnt: checks 
factis71: checks 
*** TURN *** [Jh 4s 9s] [Js]
disnt: checks 
factis71: checks 
*** RIVER *** [Jh 4s 9s Js] [5h]
disnt: checks 
factis71: checks 
*** SHOW DOWN ***
disnt: shows [9h 8h] (two pair, Jacks and Nines)
factis71: mucks hand 
disnt collected $0.11 from pot
*** SUMMARY ***
Total pot $0.11 | Rake $0 
Board [Jh 4s 9s Js 5h]
Seat 1: IldeRider01 folded before Flop (didn't bet)
Seat 3: Grf79 folded before Flop (didn't bet)
Seat 4: g@rdenplant folded before Flop (didn't bet)
Seat 5: Krokus2864 folded before Flop (didn't bet)
Seat 6: Dorex2007 folded before Flop (didn't bet)
Seat 7: factis71 (button) mucked [Ad Qh]
Seat 8: Rocky4444423 (small blind) folded before Flop
Seat 9: disnt (big blind) showed [9h 8h] and won ($0.11) with two pair, Jacks and Nines



PokerStars Hand #231387814300:  Hold'em No Limit ($0.01/$0.02 USD) - 2021/11/13 20:09:27 PT [2021/11/13 23:09:27 ET]
Table 'Rosamunde' 9-max Seat #8 is the button
Seat 1: IldeRider01 ($1.95 in chips) 
Seat 3: Grf79 ($1.30 in chips) 
Seat 4: g@rdenplant ($2.63 in chips) 
Seat 5: Krokus2864 ($2 in chips) 
Seat 6: Dorex2007 ($2 in chips) 
Seat 7: factis71 ($2.07 in chips) 
Seat 8: Rocky4444423 ($1.63 in chips) 
Seat 9: disnt ($1.25 in chips) 
disnt: posts small blind $0.01
IldeRider01: posts big blind $0.02
BR00RB: sits out 
*** HOLE CARDS ***
Dealt to Dorex2007 [7c 9h]
Grf79: calls $0.02
g@rdenplant: folds 
Krokus2864: folds 
Dorex2007: folds 
factis71: folds 
Rocky4444423: calls $0.02
disnt: calls $0.01
IldeRider01: checks 
*** FLOP *** [3c 8s 4d]
disnt: checks 
IldeRider01: bets $0.04
Grf79: calls $0.04
Rocky4444423: folds 
disnt: folds 
*** TURN *** [3c 8s 4d] [Ts]
IldeRider01: bets $0.07
Grf79: calls $0.07
*** RIVER *** [3c 8s 4d Ts] [6h]
IldeRider01: checks 
Grf79: checks 
*** SHOW DOWN ***
IldeRider01: shows [8d Ah] (a pair of Eights)
Grf79: shows [Th Kh] (a pair of Tens)
Grf79 collected $0.29 from pot
*** SUMMARY ***
Total pot $0.30 | Rake $0.01 
Board [3c 8s 4d Ts 6h]
Seat 1: IldeRider01 (big blind) showed [8d Ah] and lost with a pair of Eights
Seat 3: Grf79 showed [Th Kh] and won ($0.29) with a pair of Tens
Seat 4: g@rdenplant folded before Flop (didn't bet)
Seat 5: Krokus2864 folded before Flop (didn't bet)
Seat 6: Dorex2007 folded before Flop (didn't bet)
Seat 7: factis71 folded before Flop (didn't bet)
Seat 8: Rocky4444423 (button) folded on the Flop
Seat 9: disnt (small blind) folded on the Flop



PokerStars Hand #231387824477:  Hold'em No Limit ($0.01/$0.02 USD) - 2021/11/13 20:10:23 PT [2021/11/13 23:10:23 ET]
Table 'Rosamunde' 9-max Seat #9 is the button
Seat 1: IldeRider01 ($1.82 in chips) 
Seat 2: BR00RB ($0.86 in chips) 
Seat 3: Grf79 ($1.46 in chips) 
Seat 4: g@rdenplant ($2.63 in chips) 
Seat 5: Krokus2864 ($2 in chips) 
Seat 6: Dorex2007 ($2 in chips) 
Seat 7: factis71 ($2.07 in chips) 
Seat 8: Rocky4444423 ($1.61 in chips) 
Seat 9: disnt ($1.23 in chips) 
IldeRider01: posts small blind $0.01
BR00RB: posts big blind $0.02
*** HOLE CARDS ***
Dealt to Dorex2007 [6s 9h]
Grf79: folds 
g@rdenplant: folds 
Krokus2864: folds 
Dorex2007: folds 
factis71: folds 
Rocky4444423 has timed out
Rocky4444423: folds 
disnt: folds 
IldeRider01: folds 
Uncalled bet ($0.01) returned to BR00RB
BR00RB collected $0.02 from pot
BR00RB: doesn't show hand 
*** SUMMARY ***
Total pot $0.02 | Rake $0 
Seat 1: IldeRider01 (small blind) folded before Flop
Seat 2: BR00RB (big blind) collected ($0.02)
Seat 3: Grf79 folded before Flop (didn't bet)
Seat 4: g@rdenplant folded before Flop (didn't bet)
Seat 5: Krokus2864 folded before Flop (didn't bet)
Seat 6: Dorex2007 folded before Flop (didn't bet)
Seat 7: factis71 folded before Flop (didn't bet)
Seat 8: Rocky4444423 folded before Flop (didn't bet)
Seat 9: disnt (button) folded before Flop (didn't bet)



PokerStars Hand #231387833713:  Hold'em No Limit ($0.01/$0.02 USD) - 2021/11/13 20:10:50 PT [2021/11/13 23:10:50 ET]
Table 'Rosamunde' 9-max Seat #1 is the button
Seat 1: IldeRider01 ($1.81 in chips) 
Seat 2: BR00RB ($0.87 in chips) 
Seat 3: Grf79 ($1.46 in chips) 
Seat 4: g@rdenplant ($2.63 in chips) 
Seat 5: Krokus2864 ($2 in chips) 
Seat 6: Dorex2007 ($2 in chips) 
Seat 7: factis71 ($2.07 in chips) 
Seat 9: disnt ($1.23 in chips) 
BR00RB: posts small blind $0.01
Grf79: posts big blind $0.02
*** HOLE CARDS ***
Dealt to Dorex2007 [8d Ad]
g@rdenplant: folds 
Krokus2864: folds 
Dorex2007: raises $0.02 to $0.04
factis71: calls $0.04
disnt: folds 
IldeRider01: folds 
BR00RB: calls $0.03
Grf79: calls $0.02
*** FLOP *** [Ks 2h Jc]
BR00RB: checks 
Grf79: checks 
Dorex2007: checks 
factis71: checks 
*** TURN *** [Ks 2h Jc] [2s]
BR00RB: checks 
Grf79: checks 
Dorex2007: checks 
factis71: bets $0.07
BR00RB: calls $0.07
Grf79: folds 
Dorex2007: folds 
*** RIVER *** [Ks 2h Jc 2s] [As]
BR00RB: bets $0.14
factis71: folds 
Uncalled bet ($0.14) returned to BR00RB
BR00RB collected $0.29 from pot
BR00RB: doesn't show hand 
*** SUMMARY ***
Total pot $0.30 | Rake $0.01 
Board [Ks 2h Jc 2s As]
Seat 1: IldeRider01 (button) folded before Flop (didn't bet)
Seat 2: BR00RB (small blind) collected ($0.29)
Seat 3: Grf79 (big blind) folded on the Turn
Seat 4: g@rdenplant folded before Flop (didn't bet)
Seat 5: Krokus2864 folded before Flop (didn't bet)
Seat 6: Dorex2007 folded on the Turn
Seat 7: factis71 folded on the River
Seat 9: disnt folded before Flop (didn't bet)



PokerStars Hand #231387849095:  Hold'em No Limit ($0.01/$0.02 USD) - 2021/11/13 20:12:15 PT [2021/11/13 23:12:15 ET]
Table 'Rosamunde' 9-max Seat #2 is the button
Seat 1: IldeRider01 ($1.81 in chips) 
Seat 2: BR00RB ($1.05 in chips) 
Seat 3: Grf79 ($1.42 in chips) 
Seat 4: g@rdenplant ($2.63 in chips) 
Seat 5: Krokus2864 ($2 in chips) 
Seat 6: Dorex2007 ($2 in chips) 
Seat 7: factis71 ($2 in chips) 
Seat 8: Rocky4444423 ($1.61 in chips) 
Grf79: posts small blind $0.01
g@rdenplant: posts big blind $0.02
*** HOLE CARDS ***
Dealt to Dorex2007 [9s 7d]
Krokus2864: folds 
Dorex2007: folds 
factis71: folds 
Rocky4444423: folds 
IldeRider01: folds 
BR00RB: folds 
Grf79: calls $0.01
g@rdenplant: checks 
*** FLOP *** [6h 8d Kc]
Grf79: checks 
g@rdenplant: checks 
*** TURN *** [6h 8d Kc] [Th]
Grf79: checks 
g@rdenplant: checks 
*** RIVER *** [6h 8d Kc Th] [Qc]
Grf79: bets $0.02
g@rdenplant: folds 
Uncalled bet ($0.02) returned to Grf79
Grf79 collected $0.04 from pot
Grf79: doesn't show hand 
*** SUMMARY ***
Total pot $0.04 | Rake $0 
Board [6h 8d Kc Th Qc]
Seat 1: IldeRider01 folded before Flop (didn't bet)
Seat 2: BR00RB (button) folded before Flop (didn't bet)
Seat 3: Grf79 (small blind) collected ($0.04)
Seat 4: g@rdenplant (big blind) folded on the River
Seat 5: Krokus2864 folded before Flop (didn't bet)
Seat 6: Dorex2007 folded before Flop (didn't bet)
Seat 7: factis71 folded before Flop (didn't bet)
Seat 8: Rocky4444423 folded before Flop (didn't bet)



PokerStars Hand #231387856396:  Hold'em No Limit ($0.01/$0.02 USD) - 2021/11/13 20:12:55 PT [2021/11/13 23:12:55 ET]
Table 'Rosamunde' 9-max Seat #3 is the button
Seat 1: IldeRider01 ($1.81 in chips) 
Seat 2: BR00RB ($1.05 in chips) 
Seat 3: Grf79 ($1.44 in chips) 
Seat 4: g@rdenplant ($2.61 in chips) 
Seat 5: Krokus2864 ($2 in chips) 
Seat 6: Dorex2007 ($2 in chips) 
Seat 7: factis71 ($2 in chips) 
Seat 8: Rocky4444423 ($1.61 in chips) 
Seat 9: disnt ($1.23 in chips) 
g@rdenplant: posts small blind $0.01
Krokus2864: posts big blind $0.02
*** HOLE CARDS ***
Dealt to Dorex2007 [3c 8s]
Dorex2007: folds 
factis71: folds 
Rocky4444423: folds 
disnt has timed out
disnt: folds 
IldeRider01: calls $0.02
BR00RB: calls $0.02
Grf79: folds 
g@rdenplant: calls $0.01
Krokus2864: checks 
*** FLOP *** [2d 5s 9s]
g@rdenplant: checks 
Krokus2864: checks 
IldeRider01: bets $0.06
BR00RB: folds 
g@rdenplant: folds 
Krokus2864: folds 
Uncalled bet ($0.06) returned to IldeRider01
IldeRider01 collected $0.08 from pot
IldeRider01: doesn't show hand 
*** SUMMARY ***
Total pot $0.08 | Rake $0 
Board [2d 5s 9s]
Seat 1: IldeRider01 collected ($0.08)
Seat 2: BR00RB folded on the Flop
Seat 3: Grf79 (button) folded before Flop (didn't bet)
Seat 4: g@rdenplant (small blind) folded on the Flop
Seat 5: Krokus2864 (big blind) folded on the Flop
Seat 6: Dorex2007 folded before Flop (didn't bet)
Seat 7: factis71 folded before Flop (didn't bet)
Seat 8: Rocky4444423 folded before Flop (didn't bet)
Seat 9: disnt folded before Flop (didn't bet)



PokerStars Hand #231387869584:  Hold'em No Limit ($0.01/$0.02 USD) - 2021/11/13 20:14:07 PT [2021/11/13 23:14:07 ET]
Table 'Rosamunde' 9-max Seat #4 is the button
Seat 1: IldeRider01 ($1.87 in chips) 
Seat 2: BR00RB ($1.03 in chips) 
Seat 3: Grf79 ($1.44 in chips) 
Seat 4: g@rdenplant ($2.59 in chips) 
Seat 5: Krokus2864 ($2 in chips) 
Seat 6: Dorex2007 ($2 in chips) 
Seat 7: factis71 ($2 in chips) 
Seat 8: Rocky4444423 ($1.61 in chips) 
Seat 9: disnt ($1.23 in chips) 
Krokus2864: posts small blind $0.01
Dorex2007: posts big blind $0.02
*** HOLE CARDS ***
Dealt to Dorex2007 [8h 7s]
factis71: raises $0.04 to $0.06
Rocky4444423: folds 
disnt: folds 
IldeRider01: folds 
BR00RB: calls $0.06
Grf79: calls $0.06
g@rdenplant: folds 
Krokus2864: folds 
Dorex2007: folds 
*** FLOP *** [Td 2c Qh]
factis71: checks 
BR00RB: checks 
Grf79: checks 
*** TURN *** [Td 2c Qh] [As]
factis71: bets $0.09
BR00RB: folds 
Grf79: calls $0.09
*** RIVER *** [Td 2c Qh As] [7c]
factis71: checks 
Grf79: bets $0.19
factis71: folds 
Uncalled bet ($0.19) returned to Grf79
Grf79 collected $0.38 from pot
Grf79: doesn't show hand 
*** SUMMARY ***
Total pot $0.39 | Rake $0.01 
Board [Td 2c Qh As 7c]
Seat 1: IldeRider01 folded before Flop (didn't bet)
Seat 2: BR00RB folded on the Turn
Seat 3: Grf79 collected ($0.38)
Seat 4: g@rdenplant (button) folded before Flop (didn't bet)
Seat 5: Krokus2864 (small blind) folded before Flop
Seat 6: Dorex2007 (big blind) folded before Flop
Seat 7: factis71 folded on the River
Seat 8: Rocky4444423 folded before Flop (didn't bet)
Seat 9: disnt folded before Flop (didn't bet)



PokerStars Hand #231387880536:  Hold'em No Limit ($0.01/$0.02 USD) - 2021/11/13 20:15:08 PT [2021/11/13 23:15:08 ET]
Table 'Rosamunde' 9-max Seat #5 is the button
Seat 1: IldeRider01 ($1.87 in chips) 
Seat 2: BR00RB ($0.97 in chips) 
Seat 3: Grf79 ($1.67 in chips) 
Seat 4: g@rdenplant ($2.59 in chips) 
Seat 5: Krokus2864 ($2 in chips) 
Seat 6: Dorex2007 ($2 in chips) 
Seat 7: factis71 ($2 in chips) 
Seat 8: Rocky4444423 ($1.61 in chips) 
Seat 9: disnt ($1.23 in chips) 
Dorex2007: posts small blind $0.01
factis71: posts big blind $0.02
*** HOLE CARDS ***
Dealt to Dorex2007 [8d 3c]
Rocky4444423: folds 
disnt: folds 
IldeRider01: folds 
BR00RB: folds 
Grf79: folds 
g@rdenplant: folds 
Krokus2864: folds 
Dorex2007: folds 
Uncalled bet ($0.01) returned to factis71
factis71 collected $0.02 from pot
factis71: doesn't show hand 
*** SUMMARY ***
Total pot $0.02 | Rake $0 
Seat 1: IldeRider01 folded before Flop (didn't bet)
Seat 2: BR00RB folded before Flop (didn't bet)
Seat 3: Grf79 folded before Flop (didn't bet)
Seat 4: g@rdenplant folded before Flop (didn't bet)
Seat 5: Krokus2864 (button) folded before Flop (didn't bet)
Seat 6: Dorex2007 (small blind) folded before Flop
Seat 7: factis71 (big blind) collected ($0.02)
Seat 8: Rocky4444423 folded before Flop (didn't bet)
Seat 9: disnt folded before Flop (didn't bet)



PokerStars Hand #231387883714:  Hold'em No Limit ($0.01/$0.02 USD) - 2021/11/13 20:15:26 PT [2021/11/13 23:15:26 ET]
Table 'Rosamunde' 9-max Seat #6 is the button
Seat 1: IldeRider01 ($1.87 in chips) 
Seat 2: BR00RB ($0.97 in chips) 
Seat 3: Grf79 ($1.67 in chips) 
Seat 4: g@rdenplant ($2.59 in chips) 
Seat 5: Krokus2864 ($2 in chips) 
Seat 6: Dorex2007 ($2 in chips) 
Seat 7: factis71 ($2.01 in chips) 
Seat 8: Rocky4444423 ($1.61 in chips) 
Seat 9: disnt ($1.23 in chips) 
factis71: posts small blind $0.01
Rocky4444423: posts big blind $0.02
*** HOLE CARDS ***
Dealt to Dorex2007 [Ts 9s]
disnt: folds 
IldeRider01: calls $0.02
BR00RB: folds 
Grf79: raises $0.04 to $0.06
g@rdenplant: folds 
Krokus2864: folds 
Dorex2007: folds 
factis71: folds 
Rocky4444423: calls $0.04
IldeRider01: calls $0.04
*** FLOP *** [Jc 3d Qd]
Rocky4444423: checks 
IldeRider01: checks 
Grf79: checks 
*** TURN *** [Jc 3d Qd] [6h]
Rocky4444423: bets $0.02
IldeRider01: folds 
Grf79: calls $0.02
*** RIVER *** [Jc 3d Qd 6h] [4s]
Rocky4444423: bets $0.04
Grf79: calls $0.04
*** SHOW DOWN ***
Rocky4444423: shows [Jd Qc] (two pair, Queens and Jacks)
Grf79: mucks hand 
Rocky4444423 collected $0.30 from pot
*** SUMMARY ***
Total pot $0.31 | Rake $0.01 
Board [Jc 3d Qd 6h 4s]
Seat 1: IldeRider01 folded on the Turn
Seat 2: BR00RB folded before Flop (didn't bet)
Seat 3: Grf79 mucked [7c 7s]
Seat 4: g@rdenplant folded before Flop (didn't bet)
Seat 5: Krokus2864 folded before Flop (didn't bet)
Seat 6: Dorex2007 (button) folded before Flop (didn't bet)
Seat 7: factis71 (small blind) folded before Flop
Seat 8: Rocky4444423 (big blind) showed [Jd Qc] and won ($0.30) with two pair, Queens and Jacks
Seat 9: disnt folded before Flop (didn't bet)



PokerStars Hand #231387894329:  Hold'em No Limit ($0.01/$0.02 USD) - 2021/11/13 20:16:24 PT [2021/11/13 23:16:24 ET]
Table 'Rosamunde' 9-max Seat #7 is the button
Seat 1: IldeRider01 ($1.81 in chips) 
Seat 2: BR00RB ($0.97 in chips) 
Seat 3: Grf79 ($1.55 in chips) 
Seat 4: g@rdenplant ($2.59 in chips) 
Seat 5: Krokus2864 ($2 in chips) 
Seat 6: Dorex2007 ($2 in chips) 
Seat 7: factis71 ($2 in chips) 
Seat 8: Rocky4444423 ($1.79 in chips) 
Seat 9: disnt ($1.23 in chips) 
Rocky4444423: posts small blind $0.01
disnt: posts big blind $0.02
*** HOLE CARDS ***
Dealt to Dorex2007 [8c As]
IldeRider01: folds 
BR00RB: calls $0.02
Grf79: folds 
g@rdenplant: folds 
Krokus2864: folds 
Dorex2007: folds 
factis71: folds 
Rocky4444423: calls $0.01
disnt: checks 
*** FLOP *** [5d Jh 7h]
Rocky4444423: checks 
disnt: bets $0.08
BR00RB: folds 
Rocky4444423: folds 
Uncalled bet ($0.08) returned to disnt
disnt collected $0.06 from pot
disnt: doesn't show hand 
*** SUMMARY ***
Total pot $0.06 | Rake $0 
Board [5d Jh 7h]
Seat 1: IldeRider01 folded before Flop (didn't bet)
Seat 2: BR00RB folded on the Flop
Seat 3: Grf79 folded before Flop (didn't bet)
Seat 4: g@rdenplant folded before Flop (didn't bet)
Seat 5: Krokus2864 folded before Flop (didn't bet)
Seat 6: Dorex2007 folded before Flop (didn't bet)
Seat 7: factis71 (button) folded before Flop (didn't bet)
Seat 8: Rocky4444423 (small blind) folded on the Flop
Seat 9: disnt (big blind) collected ($0.06)



PokerStars Hand #231387903753:  Hold'em No Limit ($0.01/$0.02 USD) - 2021/11/13 20:17:16 PT [2021/11/13 23:17:16 ET]
Table 'Rosamunde' 9-max Seat #8 is the button
Seat 1: IldeRider01 ($1.81 in chips) 
Seat 2: BR00RB ($0.95 in chips) 
Seat 3: Grf79 ($1.55 in chips) 
Seat 4: g@rdenplant ($2.59 in chips) 
Seat 5: Krokus2864 ($2 in chips) 
Seat 6: Dorex2007 ($2 in chips) 
Seat 7: factis71 ($2 in chips) 
Seat 8: Rocky4444423 ($1.77 in chips) 
Seat 9: disnt ($1.27 in chips) 
disnt: posts small blind $0.01
IldeRider01: posts big blind $0.02
*** HOLE CARDS ***
Dealt to Dorex2007 [9h Jh]
BR00RB: folds 
Grf79: folds 
g@rdenplant: folds 
Krokus2864: folds 
Dorex2007: raises $0.04 to $0.06
factis71: folds 
Rocky4444423: folds 
disnt: folds 
IldeRider01: calls $0.04
*** FLOP *** [3s Jd Ks]
IldeRider01: checks 
Dorex2007: bets $0.13
IldeRider01: calls $0.13
*** TURN *** [3s Jd Ks] [3h]
IldeRider01: checks 
Dorex2007: checks 
*** RIVER *** [3s Jd Ks 3h] [9d]
IldeRider01: checks 
Dorex2007: bets $0.38
IldeRider01: folds 
Uncalled bet ($0.38) returned to Dorex2007
Dorex2007 collected $0.38 from pot
Dorex2007: doesn't show hand 
*** SUMMARY ***
Total pot $0.39 | Rake $0.01 
Board [3s Jd Ks 3h 9d]
Seat 1: IldeRider01 (big blind) folded on the River
Seat 2: BR00RB folded before Flop (didn't bet)
Seat 3: Grf79 folded before Flop (didn't bet)
Seat 4: g@rdenplant folded before Flop (didn't bet)
Seat 5: Krokus2864 folded before Flop (didn't bet)
Seat 6: Dorex2007 collected ($0.38)
Seat 7: factis71 folded before Flop (didn't bet)
Seat 8: Rocky4444423 (button) folded before Flop (didn't bet)
Seat 9: disnt (small blind) folded before Flop



PokerStars Hand #231387914410:  Hold'em No Limit ($0.01/$0.02 USD) - 2021/11/13 20:18:14 PT [2021/11/13 23:18:14 ET]
Table 'Rosamunde' 9-max Seat #1 is the button
Seat 1: IldeRider01 ($1.62 in chips) 
Seat 2: BR00RB ($0.95 in chips) 
Seat 3: Grf79 ($1.55 in chips) 
Seat 4: g@rdenplant ($2.59 in chips) 
Seat 5: Krokus2864 ($2 in chips) 
Seat 6: Dorex2007 ($2.19 in chips) 
Seat 7: factis71 ($2 in chips) 
Seat 8: Rocky4444423 ($1.77 in chips) 
BR00RB: posts small blind $0.01
Grf79: posts big blind $0.02
*** HOLE CARDS ***
Dealt to Dorex2007 [Td 3s]
g@rdenplant: folds 
Krokus2864: folds 
Dorex2007: folds 
factis71: folds 
Rocky4444423: calls $0.02
IldeRider01: folds 
BR00RB: raises $0.02 to $0.04
Grf79: raises $0.02 to $0.06
Rocky4444423: calls $0.04
BR00RB: calls $0.02
*** FLOP *** [7d Qh 8c]
BR00RB: checks 
Grf79: bets $0.08
Rocky4444423: folds 
BR00RB: calls $0.08
*** TURN *** [7d Qh 8c] [Ts]
BR00RB: checks 
Grf79: bets $0.16
BR00RB: calls $0.16
*** RIVER *** [7d Qh 8c Ts] [Qd]
BR00RB: checks 
Grf79: checks 
*** SHOW DOWN ***
BR00RB: shows [5h 6h] (a pair of Queens)
Grf79: shows [Js Jc] (two pair, Queens and Jacks)
Grf79 collected $0.64 from pot
*** SUMMARY ***
Total pot $0.66 | Rake $0.02 
Board [7d Qh 8c Ts Qd]
Seat 1: IldeRider01 (button) folded before Flop (didn't bet)
Seat 2: BR00RB (small blind) showed [5h 6h] and lost with a pair of Queens
Seat 3: Grf79 (big blind) showed [Js Jc] and won ($0.64) with two pair, Queens and Jacks
Seat 4: g@rdenplant folded before Flop (didn't bet)
Seat 5: Krokus2864 folded before Flop (didn't bet)
Seat 6: Dorex2007 folded before Flop (didn't bet)
Seat 7: factis71 folded before Flop (didn't bet)
Seat 8: Rocky4444423 folded on the Flop



PokerStars Hand #231387927838:  Hold'em No Limit ($0.01/$0.02 USD) - 2021/11/13 20:19:27 PT [2021/11/13 23:19:27 ET]
Table 'Rosamunde' 9-max Seat #2 is the button
Seat 1: IldeRider01 ($1.62 in chips) 
Seat 2: BR00RB ($0.65 in chips) 
Seat 3: Grf79 ($1.89 in chips) 
Seat 4: g@rdenplant ($2.59 in chips) 
Seat 6: Dorex2007 ($2.19 in chips) 
Seat 7: factis71 ($2 in chips) 
Seat 8: Rocky4444423 ($1.71 in chips) 
Grf79: posts small blind $0.01
g@rdenplant: posts big blind $0.02
*** HOLE CARDS ***
Dealt to Dorex2007 [9c 7c]
Dorex2007: folds 
factis71: folds 
Rocky4444423 has timed out
Rocky4444423: folds 
IldeRider01: folds 
BR00RB: folds 
Grf79: calls $0.01
g@rdenplant: raises $0.04 to $0.06
Grf79: calls $0.04
*** FLOP *** [Jc Jd 9d]
Grf79: checks 
g@rdenplant: bets $0.06
Grf79: folds 
Uncalled bet ($0.06) returned to g@rdenplant
g@rdenplant collected $0.12 from pot
g@rdenplant: doesn't show hand 
*** SUMMARY ***
Total pot $0.12 | Rake $0 
Board [Jc Jd 9d]
Seat 1: IldeRider01 folded before Flop (didn't bet)
Seat 2: BR00RB (button) folded before Flop (didn't bet)
Seat 3: Grf79 (small blind) folded on the Flop
Seat 4: g@rdenplant (big blind) collected ($0.12)
Seat 6: Dorex2007 folded before Flop (didn't bet)
Seat 7: factis71 folded before Flop (didn't bet)
Seat 8: Rocky4444423 folded before Flop (didn't bet)



PokerStars Hand #231387937238:  Hold'em No Limit ($0.01/$0.02 USD) - 2021/11/13 20:20:18 PT [2021/11/13 23:20:18 ET]
Table 'Rosamunde' 9-max Seat #3 is the button
Seat 1: IldeRider01 ($1.62 in chips) 
Seat 2: BR00RB ($0.65 in chips) 
Seat 3: Grf79 ($1.83 in chips) 
Seat 4: g@rdenplant ($2.65 in chips) 
Seat 6: Dorex2007 ($2.19 in chips) 
Seat 7: factis71 ($2 in chips) 
Seat 8: Rocky4444423 ($1.71 in chips) 
Seat 9: disnt ($1.26 in chips) 
g@rdenplant: posts small blind $0.01
Dorex2007: posts big blind $0.02
*** HOLE CARDS ***
Dealt to Dorex2007 [5s 8d]
factis71: raises $0.04 to $0.06
Rocky4444423: folds 
disnt: folds 
IldeRider01: folds 
IldeRider01 leaves the table
BR00RB: folds 
Grf79: folds 
g@rdenplant: folds 
Dorex2007: folds 
Uncalled bet ($0.04) returned to factis71
factis71 collected $0.05 from pot
factis71: doesn't show hand 
*** SUMMARY ***
Total pot $0.05 | Rake $0 
Seat 1: IldeRider01 folded before Flop (didn't bet)
Seat 2: BR00RB folded before Flop (didn't bet)
Seat 3: Grf79 (button) folded before Flop (didn't bet)
Seat 4: g@rdenplant (small blind) folded before Flop
Seat 6: Dorex2007 (big blind) folded before Flop
Seat 7: factis71 collected ($0.05)
Seat 8: Rocky4444423 folded before Flop (didn't bet)
Seat 9: disnt folded before Flop (didn't bet)



PokerStars Hand #231387951303:  Hold'em No Limit ($0.01/$0.02 USD) - 2021/11/13 20:20:51 PT [2021/11/13 23:20:51 ET]
Table 'Rosamunde' 9-max Seat #4 is the button
Seat 2: BR00RB ($0.65 in chips) 
Seat 3: Grf79 ($1.83 in chips) 
Seat 4: g@rdenplant ($2.64 in chips) 
Seat 6: Dorex2007 ($2.17 in chips) 
Seat 7: factis71 ($2.03 in chips) 
Seat 8: Rocky4444423 ($1.71 in chips) 
Seat 9: disnt ($1.26 in chips) 
Dorex2007: posts small blind $0.01
factis71: posts big blind $0.02
*** HOLE CARDS ***
Dealt to Dorex2007 [7d 8c]
Rocky4444423: calls $0.02
disnt: folds 
inte01 joins the table at seat #1 
BR00RB: raises $0.02 to $0.04
Grf79: folds 
g@rdenplant: folds 
Dorex2007: folds 
factis71: folds 
Rocky4444423: calls $0.02
*** FLOP *** [Js Kc Kh]
Rocky4444423: checks 
BR00RB: bets $0.02
Rocky4444423: calls $0.02
*** TURN *** [Js Kc Kh] [9c]
Rocky4444423: bets $0.02
BR00RB: calls $0.02
*** RIVER *** [Js Kc Kh 9c] [Kd]
Rocky4444423: bets $0.06
BR00RB: calls $0.06
*** SHOW DOWN ***
Rocky4444423: shows [Jh Jd] (a full house, Kings full of Jacks)
BR00RB: mucks hand 
Rocky4444423 collected $0.30 from pot
*** SUMMARY ***
Total pot $0.31 | Rake $0.01 
Board [Js Kc Kh 9c Kd]
Seat 2: BR00RB mucked [Th Td]
Seat 3: Grf79 folded before Flop (didn't bet)
Seat 4: g@rdenplant (button) folded before Flop (didn't bet)
Seat 6: Dorex2007 (small blind) folded before Flop
Seat 7: factis71 (big blind) folded before Flop
Seat 8: Rocky4444423 showed [Jh Jd] and won ($0.30) with a full house, Kings full of Jacks
Seat 9: disnt folded before Flop (didn't bet)



PokerStars Hand #231387959629:  Hold'em No Limit ($0.01/$0.02 USD) - 2021/11/13 20:21:37 PT [2021/11/13 23:21:37 ET]
Table 'Rosamunde' 9-max Seat #6 is the button
Seat 1: inte01 ($1.60 in chips) 
Seat 2: BR00RB ($0.51 in chips) 
Seat 3: Grf79 ($1.83 in chips) 
Seat 4: g@rdenplant ($2.64 in chips) 
Seat 6: Dorex2007 ($2.16 in chips) 
Seat 7: factis71 ($2.01 in chips) 
Seat 8: Rocky4444423 ($1.87 in chips) 
Seat 9: disnt ($1.26 in chips) 
factis71: posts small blind $0.01
Rocky4444423: posts big blind $0.02
inte01: posts big blind $0.02
*** HOLE CARDS ***
Dealt to Dorex2007 [3c 2c]
disnt: folds 
inte01: checks 
BR00RB: folds 
Grf79: calls $0.02
g@rdenplant: folds 
Dorex2007: folds 
factis71: folds 
Rocky4444423: checks 
*** FLOP *** [9s Kc 6s]
Rocky4444423: checks 
inte01: checks 
Grf79: bets $0.07
Rocky4444423: folds 
inte01: calls $0.07
*** TURN *** [9s Kc 6s] [3h]
inte01: checks 
Grf79: checks 
*** RIVER *** [9s Kc 6s 3h] [Ah]
inte01: bets $0.04
Grf79: calls $0.04
*** SHOW DOWN ***
inte01: shows [Kd Jc] (a pair of Kings)
Grf79: shows [Qc Kh] (a pair of Kings - Ace+Queen kicker)
Grf79 collected $0.28 from pot
*** SUMMARY ***
Total pot $0.29 | Rake $0.01 
Board [9s Kc 6s 3h Ah]
Seat 1: inte01 showed [Kd Jc] and lost with a pair of Kings
Seat 2: BR00RB folded before Flop (didn't bet)
Seat 3: Grf79 showed [Qc Kh] and won ($0.28) with a pair of Kings
Seat 4: g@rdenplant folded before Flop (didn't bet)
Seat 6: Dorex2007 (button) folded before Flop (didn't bet)
Seat 7: factis71 (small blind) folded before Flop
Seat 8: Rocky4444423 (big blind) folded on the Flop
Seat 9: disnt folded before Flop (didn't bet)



PokerStars Hand #231387977506:  Hold'em No Limit ($0.01/$0.02 USD) - 2021/11/13 20:22:33 PT [2021/11/13 23:22:33 ET]
Table 'Rosamunde' 9-max Seat #7 is the button
Seat 1: inte01 ($1.47 in chips) 
Seat 2: BR00RB ($0.51 in chips) 
Seat 3: Grf79 ($1.98 in chips) 
Seat 4: g@rdenplant ($2.64 in chips) 
Seat 6: Dorex2007 ($2.16 in chips) 
Seat 7: factis71 ($2 in chips) 
Seat 8: Rocky4444423 ($1.85 in chips) 
Seat 9: disnt ($1.26 in chips) 
Rocky4444423: posts small blind $0.01
disnt: posts big blind $0.02
Krokus2864: sits out 
*** HOLE CARDS ***
Dealt to Dorex2007 [8s 2c]
inte01: folds 
BR00RB: folds 
Grf79: folds 
g@rdenplant: folds 
Dorex2007: folds 
factis71: raises $0.03 to $0.05
Rocky4444423: folds 
disnt: calls $0.03
*** FLOP *** [6c Jd 8c]
disnt: bets $0.02
factis71: calls $0.02
*** TURN *** [6c Jd 8c] [Jc]
disnt: bets $0.12
factis71: calls $0.12
*** RIVER *** [6c Jd 8c Jc] [4c]
disnt: bets $0.08
factis71: calls $0.08
*** SHOW DOWN ***
disnt: shows [Ks Kh] (two pair, Kings and Jacks)
factis71: shows [9h Tc] (a flush, Jack high)
factis71 collected $0.53 from pot
*** SUMMARY ***
Total pot $0.55 | Rake $0.02 
Board [6c Jd 8c Jc 4c]
Seat 1: inte01 folded before Flop (didn't bet)
Seat 2: BR00RB folded before Flop (didn't bet)
Seat 3: Grf79 folded before Flop (didn't bet)
Seat 4: g@rdenplant folded before Flop (didn't bet)
Seat 6: Dorex2007 folded before Flop (didn't bet)
Seat 7: factis71 (button) showed [9h Tc] and won ($0.53) with a flush, Jack high
Seat 8: Rocky4444423 (small blind) folded before Flop
Seat 9: disnt (big blind) showed [Ks Kh] and lost with two pair, Kings and Jacks



PokerStars Hand #231387985243:  Hold'em No Limit ($0.01/$0.02 USD) - 2021/11/13 20:23:16 PT [2021/11/13 23:23:16 ET]
Table 'Rosamunde' 9-max Seat #8 is the button
Seat 1: inte01 ($1.47 in chips) 
Seat 2: BR00RB ($0.51 in chips) 
Seat 3: Grf79 ($1.98 in chips) 
Seat 4: g@rdenplant ($2.64 in chips) 
Seat 6: Dorex2007 ($2.16 in chips) 
Seat 7: factis71 ($2.26 in chips) 
Seat 8: Rocky4444423 ($1.84 in chips) 
Seat 9: disnt ($0.99 in chips) 
disnt: posts small blind $0.01
inte01: posts big blind $0.02
Krokus2864: sits out 
*** HOLE CARDS ***
Dealt to Dorex2007 [2s 8h]
BR00RB: calls $0.02
Grf79: calls $0.02
g@rdenplant: folds 
Dorex2007: folds 
factis71: folds 
Rocky4444423: folds 
disnt: calls $0.01
inte01: checks 
*** FLOP *** [2h 8s 5h]
disnt: bets $0.02
inte01: folds 
BR00RB: calls $0.02
Grf79: folds 
*** TURN *** [2h 8s 5h] [Js]
disnt: bets $0.06
BR00RB: calls $0.06
*** RIVER *** [2h 8s 5h Js] [Td]
disnt: bets $0.08
BR00RB: calls $0.08
*** SHOW DOWN ***
disnt: shows [8d 2c] (two pair, Eights and Deuces)
BR00RB: mucks hand 
disnt collected $0.39 from pot
*** SUMMARY ***
Total pot $0.40 | Rake $0.01 
Board [2h 8s 5h Js Td]
Seat 1: inte01 (big blind) folded on the Flop
Seat 2: BR00RB mucked [Ts Qs]
Seat 3: Grf79 folded on the Flop
Seat 4: g@rdenplant folded before Flop (didn't bet)
Seat 6: Dorex2007 folded before Flop (didn't bet)
Seat 7: factis71 folded before Flop (didn't bet)
Seat 8: Rocky4444423 (button) folded before Flop (didn't bet)
Seat 9: disnt (small blind) showed [8d 2c] and won ($0.39) with two pair, Eights and Deuces



PokerStars Hand #231387996313:  Hold'em No Limit ($0.01/$0.02 USD) - 2021/11/13 20:24:17 PT [2021/11/13 23:24:17 ET]
Table 'Rosamunde' 9-max Seat #9 is the button
Seat 1: inte01 ($1.45 in chips) 
Seat 2: BR00RB ($0.33 in chips) 
Seat 3: Grf79 ($1.96 in chips) 
Seat 4: g@rdenplant ($2.64 in chips) 
Seat 6: Dorex2007 ($2.16 in chips) 
Seat 7: factis71 ($2.26 in chips) 
Seat 8: Rocky4444423 ($1.84 in chips) 
Seat 9: disnt ($1.20 in chips) 
inte01: posts small blind $0.01
BR00RB: posts big blind $0.02
Krokus2864: sits out 
*** HOLE CARDS ***
Dealt to Dorex2007 [3s Ac]
Grf79: calls $0.02
g@rdenplant: folds 
Dorex2007: folds 
factis71: folds 
Rocky4444423: folds 
disnt: folds 
inte01: calls $0.01
BR00RB: checks 
*** FLOP *** [Kh Ah 2d]
inte01: checks 
BR00RB: bets $0.02
Grf79: calls $0.02
inte01: folds 
*** TURN *** [Kh Ah 2d] [Ad]
BR00RB: checks 
Grf79: bets $0.02
BR00RB: calls $0.02
*** RIVER *** [Kh Ah 2d Ad] [Qs]
BR00RB: bets $0.02
Grf79: calls $0.02
*** SHOW DOWN ***
BR00RB: shows [Qc Jc] (two pair, Aces and Queens)
Grf79: shows [9d Ks] (two pair, Aces and Kings)
Grf79 collected $0.17 from pot
*** SUMMARY ***
Total pot $0.18 | Rake $0.01 
Board [Kh Ah 2d Ad Qs]
Seat 1: inte01 (small blind) folded on the Flop
Seat 2: BR00RB (big blind) showed [Qc Jc] and lost with two pair, Aces and Queens
Seat 3: Grf79 showed [9d Ks] and won ($0.17) with two pair, Aces and Kings
Seat 4: g@rdenplant folded before Flop (didn't bet)
Seat 6: Dorex2007 folded before Flop (didn't bet)
Seat 7: factis71 folded before Flop (didn't bet)
Seat 8: Rocky4444423 folded before Flop (didn't bet)
Seat 9: disnt (button) folded before Flop (didn't bet)



PokerStars Hand #231388012729:  Hold'em No Limit ($0.01/$0.02 USD) - 2021/11/13 20:25:50 PT [2021/11/13 23:25:50 ET]
Table 'Rosamunde' 9-max Seat #1 is the button
Seat 1: inte01 ($1.43 in chips) 
Seat 2: BR00RB ($0.25 in chips) 
Seat 4: g@rdenplant ($2.64 in chips) 
Seat 6: Dorex2007 ($2.16 in chips) 
Seat 7: factis71 ($2.26 in chips) 
Seat 8: Rocky4444423 ($1.84 in chips) 
Seat 9: disnt ($1.20 in chips) 
BR00RB: posts small blind $0.01
Grf79: is sitting out 
g@rdenplant: posts big blind $0.02
Krokus2864: sits out 
*** HOLE CARDS ***
Dealt to Dorex2007 [2s Th]
Dorex2007: folds 
factis71: folds 
Grf79 leaves the table
Rocky4444423: calls $0.02
disnt: calls $0.02
inte01: folds 
BR00RB: calls $0.01
g@rdenplant: checks 
*** FLOP *** [4d 7s 3c]
BR00RB: checks 
g@rdenplant: checks 
Rocky4444423: checks 
disnt: checks 
*** TURN *** [4d 7s 3c] [Js]
BR00RB: checks 
g@rdenplant: bets $0.08
CrazyBo97 joins the table at seat #3 
Rocky4444423: folds 
disnt: calls $0.08
BR00RB: folds 
*** RIVER *** [4d 7s 3c Js] [6d]
g@rdenplant: bets $0.12
disnt: folds 
Uncalled bet ($0.12) returned to g@rdenplant
g@rdenplant collected $0.23 from pot
g@rdenplant: doesn't show hand 
*** SUMMARY ***
Total pot $0.24 | Rake $0.01 
Board [4d 7s 3c Js 6d]
Seat 1: inte01 (button) folded before Flop (didn't bet)
Seat 2: BR00RB (small blind) folded on the Turn
Seat 4: g@rdenplant (big blind) collected ($0.23)
Seat 6: Dorex2007 folded before Flop (didn't bet)
Seat 7: factis71 folded before Flop (didn't bet)
Seat 8: Rocky4444423 folded on the Turn
Seat 9: disnt folded on the River



PokerStars Hand #231388026749:  Hold'em No Limit ($0.01/$0.02 USD) - 2021/11/13 20:27:07 PT [2021/11/13 23:27:07 ET]
Table 'Rosamunde' 9-max Seat #2 is the button
Seat 1: inte01 ($1.43 in chips) 
Seat 2: BR00RB ($0.23 in chips) 
Seat 4: g@rdenplant ($2.77 in chips) 
Seat 5: Krokus2864 ($2 in chips) 
Seat 6: Dorex2007 ($2.16 in chips) 
Seat 7: factis71 ($2.26 in chips) 
Seat 8: Rocky4444423 ($1.82 in chips) 
Seat 9: disnt ($1.10 in chips) 
g@rdenplant: posts small blind $0.01
Krokus2864: posts big blind $0.02
*** HOLE CARDS ***
Dealt to Dorex2007 [Jd Tc]
Dorex2007: folds 
factis71: folds 
Rocky4444423: calls $0.02
disnt: folds 
inte01: folds 
BR00RB: folds 
g@rdenplant: folds 
Krokus2864: checks 
*** FLOP *** [3h Kd Ts]
Krokus2864: checks 
Rocky4444423: checks 
*** TURN *** [3h Kd Ts] [5d]
Krokus2864: bets $0.03
Rocky4444423: calls $0.03
*** RIVER *** [3h Kd Ts 5d] [9s]
Krokus2864: checks 
Rocky4444423: checks 
*** SHOW DOWN ***
Krokus2864: shows [Ad Td] (a pair of Tens)
Rocky4444423: shows [Qd Kh] (a pair of Kings)
Rocky4444423 collected $0.11 from pot
*** SUMMARY ***
Total pot $0.11 | Rake $0 
Board [3h Kd Ts 5d 9s]
Seat 1: inte01 folded before Flop (didn't bet)
Seat 2: BR00RB (button) folded before Flop (didn't bet)
Seat 4: g@rdenplant (small blind) folded before Flop
Seat 5: Krokus2864 (big blind) showed [Ad Td] and lost with a pair of Tens
Seat 6: Dorex2007 folded before Flop (didn't bet)
Seat 7: factis71 folded before Flop (didn't bet)
Seat 8: Rocky4444423 showed [Qd Kh] and won ($0.11) with a pair of Kings
Seat 9: disnt folded before Flop (didn't bet)



PokerStars Hand #231388032426:  Hold'em No Limit ($0.01/$0.02 USD) - 2021/11/13 20:27:38 PT [2021/11/13 23:27:38 ET]
Table 'Rosamunde' 9-max Seat #4 is the button
Seat 1: inte01 ($1.43 in chips) 
Seat 2: BR00RB ($0.23 in chips) 
Seat 3: CrazyBo97 ($2 in chips) 
Seat 4: g@rdenplant ($2.76 in chips) 
Seat 5: Krokus2864 ($2 in chips) 
Seat 6: Dorex2007 ($2.16 in chips) 
Seat 7: factis71 ($2.26 in chips) 
Seat 8: Rocky4444423 ($1.88 in chips) 
Seat 9: disnt ($1.10 in chips) 
Krokus2864: posts small blind $0.01
Dorex2007: posts big blind $0.02
CrazyBo97: posts big blind $0.02
*** HOLE CARDS ***
Dealt to Dorex2007 [2s 8h]
factis71: raises $0.04 to $0.06
Rocky4444423: folds 
disnt: folds 
inte01: folds 
BR00RB: folds 
CrazyBo97: folds 
g@rdenplant: folds 
Krokus2864: folds 
Dorex2007: folds 
Uncalled bet ($0.04) returned to factis71
factis71 collected $0.07 from pot
factis71: doesn't show hand 
*** SUMMARY ***
Total pot $0.07 | Rake $0 
Seat 1: inte01 folded before Flop (didn't bet)
Seat 2: BR00RB folded before Flop (didn't bet)
Seat 3: CrazyBo97 folded before Flop (didn't bet)
Seat 4: g@rdenplant (button) folded before Flop (didn't bet)
Seat 5: Krokus2864 (small blind) folded before Flop
Seat 6: Dorex2007 (big blind) folded before Flop
Seat 7: factis71 collected ($0.07)
Seat 8: Rocky4444423 folded before Flop (didn't bet)
Seat 9: disnt folded before Flop (didn't bet)



PokerStars Hand #231388036446:  Hold'em No Limit ($0.01/$0.02 USD) - 2021/11/13 20:28:01 PT [2021/11/13 23:28:01 ET]
Table 'Rosamunde' 9-max Seat #5 is the button
Seat 1: inte01 ($1.43 in chips) 
Seat 2: BR00RB ($0.23 in chips) 
Seat 3: CrazyBo97 ($1.98 in chips) 
Seat 4: g@rdenplant ($2.76 in chips) 
Seat 5: Krokus2864 ($2 in chips) 
Seat 6: Dorex2007 ($2.14 in chips) 
Seat 7: factis71 ($2.31 in chips) 
Seat 8: Rocky4444423 ($1.88 in chips) 
Seat 9: disnt ($1.10 in chips) 
Dorex2007: posts small blind $0.01
factis71: posts big blind $0.02
*** HOLE CARDS ***
Dealt to Dorex2007 [5c 4c]
Rocky4444423: folds 
disnt: calls $0.02
inte01: folds 
BR00RB: folds 
CrazyBo97: calls $0.02
g@rdenplant: folds 
Krokus2864: folds 
Dorex2007: calls $0.01
factis71: raises $0.11 to $0.13
disnt: folds 
CrazyBo97: folds 
Dorex2007: folds 
Uncalled bet ($0.11) returned to factis71
factis71 collected $0.08 from pot
factis71: doesn't show hand 
*** SUMMARY ***
Total pot $0.08 | Rake $0 
Seat 1: inte01 folded before Flop (didn't bet)
Seat 2: BR00RB folded before Flop (didn't bet)
Seat 3: CrazyBo97 folded before Flop
Seat 4: g@rdenplant folded before Flop (didn't bet)
Seat 5: Krokus2864 (button) folded before Flop (didn't bet)
Seat 6: Dorex2007 (small blind) folded before Flop
Seat 7: factis71 (big blind) collected ($0.08)
Seat 8: Rocky4444423 folded before Flop (didn't bet)
Seat 9: disnt folded before Flop



PokerStars Hand #231388043315:  Hold'em No Limit ($0.01/$0.02 USD) - 2021/11/13 20:28:38 PT [2021/11/13 23:28:38 ET]
Table 'Rosamunde' 9-max Seat #6 is the button
Seat 1: inte01 ($1.43 in chips) 
Seat 2: BR00RB ($0.23 in chips) 
Seat 3: CrazyBo97 ($1.96 in chips) 
Seat 4: g@rdenplant ($2.76 in chips) 
Seat 5: Krokus2864 ($2 in chips) 
Seat 6: Dorex2007 ($2.12 in chips) 
Seat 7: factis71 ($2.37 in chips) 
Seat 8: Rocky4444423 ($1.88 in chips) 
Seat 9: disnt ($1.08 in chips) 
factis71: posts small blind $0.01
Rocky4444423: posts big blind $0.02
*** HOLE CARDS ***
Dealt to Dorex2007 [4d 5c]
disnt: calls $0.02
inte01: folds 
BR00RB: folds 
CrazyBo97: calls $0.02
g@rdenplant: raises $0.08 to $0.10
Krokus2864: folds 
Dorex2007: folds 
factis71: folds 
Rocky4444423: folds 
disnt: calls $0.08
CrazyBo97: calls $0.08
*** FLOP *** [Js Ad Ks]
disnt: bets $0.22
CrazyBo97: folds 
g@rdenplant: calls $0.22
*** TURN *** [Js Ad Ks] [Ts]
disnt: bets $0.14
g@rdenplant: calls $0.14
*** RIVER *** [Js Ad Ks Ts] [Td]
disnt: bets $0.22
g@rdenplant: calls $0.22
*** SHOW DOWN ***
disnt: shows [Jh Jc] (a full house, Jacks full of Tens)
g@rdenplant: mucks hand 
disnt collected $1.44 from pot
*** SUMMARY ***
Total pot $1.49 | Rake $0.05 
Board [Js Ad Ks Ts Td]
Seat 1: inte01 folded before Flop (didn't bet)
Seat 2: BR00RB folded before Flop (didn't bet)
Seat 3: CrazyBo97 folded on the Flop
Seat 4: g@rdenplant mucked [Ac Jd]
Seat 5: Krokus2864 folded before Flop (didn't bet)
Seat 6: Dorex2007 (button) folded before Flop (didn't bet)
Seat 7: factis71 (small blind) folded before Flop
Seat 8: Rocky4444423 (big blind) folded before Flop
Seat 9: disnt showed [Jh Jc] and won ($1.44) with a full house, Jacks full of Tens



PokerStars Hand #231388054242:  Hold'em No Limit ($0.01/$0.02 USD) - 2021/11/13 20:29:39 PT [2021/11/13 23:29:39 ET]
Table 'Rosamunde' 9-max Seat #7 is the button
Seat 1: inte01 ($1.43 in chips) 
Seat 2: BR00RB ($0.23 in chips) 
Seat 3: CrazyBo97 ($1.86 in chips) 
Seat 4: g@rdenplant ($2.08 in chips) 
Seat 5: Krokus2864 ($2 in chips) 
Seat 6: Dorex2007 ($2.12 in chips) 
Seat 7: factis71 ($2.36 in chips) 
Seat 8: Rocky4444423 ($1.86 in chips) 
Seat 9: disnt ($1.84 in chips) 
Rocky4444423: posts small blind $0.01
disnt: posts big blind $0.02
*** HOLE CARDS ***
Dealt to Dorex2007 [9d 7s]
inte01: folds 
BR00RB: folds 
CrazyBo97: folds 
g@rdenplant: folds 
Krokus2864: folds 
Dorex2007: folds 
factis71: folds 
Rocky4444423: calls $0.01
disnt: checks 
*** FLOP *** [8d Tc As]
Rocky4444423: checks 
disnt: bets $0.20
Rocky4444423: folds 
Uncalled bet ($0.20) returned to disnt
disnt collected $0.04 from pot
disnt: doesn't show hand 
*** SUMMARY ***
Total pot $0.04 | Rake $0 
Board [8d Tc As]
Seat 1: inte01 folded before Flop (didn't bet)
Seat 2: BR00RB folded before Flop (didn't bet)
Seat 3: CrazyBo97 folded before Flop (didn't bet)
Seat 4: g@rdenplant folded before Flop (didn't bet)
Seat 5: Krokus2864 folded before Flop (didn't bet)
Seat 6: Dorex2007 folded before Flop (didn't bet)
Seat 7: factis71 (button) folded before Flop (didn't bet)
Seat 8: Rocky4444423 (small blind) folded on the Flop
Seat 9: disnt (big blind) collected ($0.04)



PokerStars Hand #231388060229:  Hold'em No Limit ($0.01/$0.02 USD) - 2021/11/13 20:30:12 PT [2021/11/13 23:30:12 ET]
Table 'Rosamunde' 9-max Seat #8 is the button
Seat 1: inte01 ($1.43 in chips) 
Seat 2: BR00RB ($0.23 in chips) 
Seat 3: CrazyBo97 ($1.86 in chips) 
Seat 4: g@rdenplant ($2.08 in chips) 
Seat 5: Krokus2864 ($2 in chips) 
Seat 6: Dorex2007 ($2.12 in chips) 
Seat 7: factis71 ($2.36 in chips) 
Seat 8: Rocky4444423 ($1.84 in chips) 
Seat 9: disnt ($1.86 in chips) 
disnt: posts small blind $0.01
inte01: posts big blind $0.02
*** HOLE CARDS ***
Dealt to Dorex2007 [3h 7c]
BR00RB: calls $0.02
CrazyBo97: calls $0.02
g@rdenplant: folds 
Krokus2864: folds 
Dorex2007: folds 
factis71: folds 
Rocky4444423: folds 
disnt: calls $0.01
inte01: checks 
*** FLOP *** [9s Jd Qs]
disnt: checks 
inte01: checks 
BR00RB: checks 
CrazyBo97: bets $0.02
disnt: folds 
inte01: calls $0.02
BR00RB: calls $0.02
*** TURN *** [9s Jd Qs] [6d]
inte01: checks 
BR00RB: checks 
CrazyBo97: bets $0.04
inte01: calls $0.04
BR00RB: calls $0.04
*** RIVER *** [9s Jd Qs 6d] [6s]
inte01: bets $0.10
BR00RB: folds 
CrazyBo97: calls $0.10
*** SHOW DOWN ***
inte01: shows [Ah Qc] (two pair, Queens and Sixes)
CrazyBo97: mucks hand 
inte01 collected $0.44 from pot
*** SUMMARY ***
Total pot $0.46 | Rake $0.02 
Board [9s Jd Qs 6d 6s]
Seat 1: inte01 (big blind) showed [Ah Qc] and won ($0.44) with two pair, Queens and Sixes
Seat 2: BR00RB folded on the River
Seat 3: CrazyBo97 mucked [Ad 9d]
Seat 4: g@rdenplant folded before Flop (didn't bet)
Seat 5: Krokus2864 folded before Flop (didn't bet)
Seat 6: Dorex2007 folded before Flop (didn't bet)
Seat 7: factis71 folded before Flop (didn't bet)
Seat 8: Rocky4444423 (button) folded before Flop (didn't bet)
Seat 9: disnt (small blind) folded on the Flop



PokerStars Hand #231388074500:  Hold'em No Limit ($0.01/$0.02 USD) - 2021/11/13 20:31:32 PT [2021/11/13 23:31:32 ET]
Table 'Rosamunde' 9-max Seat #9 is the button
Seat 1: inte01 ($1.69 in chips) 
Seat 2: BR00RB ($0.15 in chips) 
Seat 3: CrazyBo97 ($1.68 in chips) 
Seat 4: g@rdenplant ($2.08 in chips) 
Seat 5: Krokus2864 ($2 in chips) 
Seat 6: Dorex2007 ($2.12 in chips) 
Seat 7: factis71 ($2.36 in chips) 
Seat 8: Rocky4444423 ($1.84 in chips) 
Seat 9: disnt ($1.84 in chips) 
inte01: posts small blind $0.01
BR00RB: posts big blind $0.02
*** HOLE CARDS ***
Dealt to Dorex2007 [4c 9s]
CrazyBo97: folds 
g@rdenplant: folds 
Krokus2864: folds 
Dorex2007: folds 
factis71: folds 
Rocky4444423: folds 
disnt: calls $0.02
inte01: folds 
BR00RB: checks 
*** FLOP *** [6s Qc 2h]
BR00RB: checks 
disnt: checks 
*** TURN *** [6s Qc 2h] [4s]
BR00RB: checks 
disnt: checks 
*** RIVER *** [6s Qc 2h 4s] [Qs]
BR00RB: bets $0.02
disnt: folds 
Uncalled bet ($0.02) returned to BR00RB
BR00RB collected $0.05 from pot
BR00RB: doesn't show hand 
*** SUMMARY ***
Total pot $0.05 | Rake $0 
Board [6s Qc 2h 4s Qs]
Seat 1: inte01 (small blind) folded before Flop
Seat 2: BR00RB (big blind) collected ($0.05)
Seat 3: CrazyBo97 folded before Flop (didn't bet)
Seat 4: g@rdenplant folded before Flop (didn't bet)
Seat 5: Krokus2864 folded before Flop (didn't bet)
Seat 6: Dorex2007 folded before Flop (didn't bet)
Seat 7: factis71 folded before Flop (didn't bet)
Seat 8: Rocky4444423 folded before Flop (didn't bet)
Seat 9: disnt (button) folded on the River



PokerStars Hand #231388082576:  Hold'em No Limit ($0.01/$0.02 USD) - 2021/11/13 20:32:18 PT [2021/11/13 23:32:18 ET]
Table 'Rosamunde' 9-max Seat #1 is the button
Seat 1: inte01 ($1.68 in chips) 
Seat 2: BR00RB ($0.18 in chips) 
Seat 3: CrazyBo97 ($1.68 in chips) 
Seat 4: g@rdenplant ($2.08 in chips) 
Seat 5: Krokus2864 ($2 in chips) 
Seat 6: Dorex2007 ($2.12 in chips) 
Seat 7: factis71 ($2.36 in chips) 
Seat 8: Rocky4444423 ($1.84 in chips) 
Seat 9: disnt ($1.82 in chips) 
BR00RB: posts small blind $0.01
CrazyBo97: posts big blind $0.02
*** HOLE CARDS ***
Dealt to Dorex2007 [2s 5h]
g@rdenplant: folds 
Krokus2864: folds 
Dorex2007: folds 
factis71: raises $0.04 to $0.06
Rocky4444423: folds 
disnt: folds 
inte01: folds 
BR00RB: raises $0.12 to $0.18 and is all-in
CrazyBo97: folds 
factis71: calls $0.12
*** FLOP *** [8h 3s 8d]
*** TURN *** [8h 3s 8d] [4s]
*** RIVER *** [8h 3s 8d 4s] [2d]
*** SHOW DOWN ***
BR00RB: shows [Kc Kd] (two pair, Kings and Eights)
factis71: shows [9c 8c] (three of a kind, Eights)
factis71 collected $0.37 from pot
*** SUMMARY ***
Total pot $0.38 | Rake $0.01 
Board [8h 3s 8d 4s 2d]
Seat 1: inte01 (button) folded before Flop (didn't bet)
Seat 2: BR00RB (small blind) showed [Kc Kd] and lost with two pair, Kings and Eights
Seat 3: CrazyBo97 (big blind) folded before Flop
Seat 4: g@rdenplant folded before Flop (didn't bet)
Seat 5: Krokus2864 folded before Flop (didn't bet)
Seat 6: Dorex2007 folded before Flop (didn't bet)
Seat 7: factis71 showed [9c 8c] and won ($0.37) with three of a kind, Eights
Seat 8: Rocky4444423 folded before Flop (didn't bet)
Seat 9: disnt folded before Flop (didn't bet)



PokerStars Hand #231388091404:  Hold'em No Limit ($0.01/$0.02 USD) - 2021/11/13 20:33:08 PT [2021/11/13 23:33:08 ET]
Table 'Rosamunde' 9-max Seat #3 is the button
Seat 1: inte01 ($1.68 in chips) 
Seat 3: CrazyBo97 ($1.66 in chips) 
Seat 4: g@rdenplant ($2.08 in chips) 
Seat 5: Krokus2864 ($2 in chips) 
Seat 6: Dorex2007 ($2.12 in chips) 
Seat 7: factis71 ($2.55 in chips) 
Seat 8: Rocky4444423 ($1.84 in chips) 
Seat 9: disnt ($1.82 in chips) 
g@rdenplant: posts small blind $0.01
Krokus2864: posts big blind $0.02
*** HOLE CARDS ***
Dealt to Dorex2007 [4c 3h]
Dorex2007: folds 
factis71: folds 
Rocky4444423: folds 
disnt: calls $0.02
BR00RB leaves the table
santila joins the table at seat #2 
inte01: calls $0.02
CrazyBo97: calls $0.02
g@rdenplant: folds 
Krokus2864: checks 
*** FLOP *** [9h Kd 6d]
Krokus2864: checks 
disnt: checks 
inte01: checks 
CrazyBo97: bets $0.02
Krokus2864: calls $0.02
disnt: calls $0.02
inte01: folds 
*** TURN *** [9h Kd 6d] [9s]
Krokus2864: checks 
disnt: checks 
CrazyBo97: bets $0.02
Krokus2864: folds 
disnt: folds 
Uncalled bet ($0.02) returned to CrazyBo97
CrazyBo97 collected $0.14 from pot
*** SUMMARY ***
Total pot $0.15 | Rake $0.01 
Board [9h Kd 6d 9s]
Seat 1: inte01 folded on the Flop
Seat 3: CrazyBo97 (button) collected ($0.14)
Seat 4: g@rdenplant (small blind) folded before Flop
Seat 5: Krokus2864 (big blind) folded on the Turn
Seat 6: Dorex2007 folded before Flop (didn't bet)
Seat 7: factis71 folded before Flop (didn't bet)
Seat 8: Rocky4444423 folded before Flop (didn't bet)
Seat 9: disnt folded on the Turn



PokerStars Hand #231388102110:  Hold'em No Limit ($0.01/$0.02 USD) - 2021/11/13 20:34:07 PT [2021/11/13 23:34:07 ET]
Table 'Rosamunde' 9-max Seat #4 is the button
Seat 1: inte01 ($1.66 in chips) 
Seat 3: CrazyBo97 ($1.76 in chips) 
Seat 4: g@rdenplant ($2.07 in chips) 
Seat 5: Krokus2864 ($2 in chips) 
Seat 6: Dorex2007 ($2.12 in chips) 
Seat 7: factis71 ($2.55 in chips) 
Seat 8: Rocky4444423 ($1.84 in chips) 
Seat 9: disnt ($1.78 in chips) 
Krokus2864: posts small blind $0.01
Dorex2007: posts big blind $0.02
santila: sits out 
*** HOLE CARDS ***
Dealt to Dorex2007 [Jd Qh]
factis71: folds 
Rocky4444423: calls $0.02
disnt: folds 
inte01: folds 
CrazyBo97: calls $0.02
g@rdenplant: folds 
Krokus2864: calls $0.01
Dorex2007: checks 
*** FLOP *** [6h Kd 4d]
Krokus2864: checks 
Dorex2007: checks 
Rocky4444423: checks 
CrazyBo97: checks 
*** TURN *** [6h Kd 4d] [7c]
Krokus2864: checks 
Dorex2007: checks 
Rocky4444423: checks 
CrazyBo97: checks 
*** RIVER *** [6h Kd 4d 7c] [4s]
Krokus2864: checks 
Dorex2007: checks 
Rocky4444423: checks 
CrazyBo97: bets $0.04
Krokus2864: calls $0.04
Dorex2007: folds 
Rocky4444423: folds 
*** SHOW DOWN ***
CrazyBo97: shows [4h Qc] (three of a kind, Fours)
Krokus2864: mucks hand 
CrazyBo97 collected $0.15 from pot
*** SUMMARY ***
Total pot $0.16 | Rake $0.01 
Board [6h Kd 4d 7c 4s]
Seat 1: inte01 folded before Flop (didn't bet)
Seat 3: CrazyBo97 showed [4h Qc] and won ($0.15) with three of a kind, Fours
Seat 4: g@rdenplant (button) folded before Flop (didn't bet)
Seat 5: Krokus2864 (small blind) mucked [Kc Qd]
Seat 6: Dorex2007 (big blind) folded on the River
Seat 7: factis71 folded before Flop (didn't bet)
Seat 8: Rocky4444423 folded on the River
Seat 9: disnt folded before Flop (didn't bet)



PokerStars Hand #231388114395:  Hold'em No Limit ($0.01/$0.02 USD) - 2021/11/13 20:35:17 PT [2021/11/13 23:35:17 ET]
Table 'Rosamunde' 9-max Seat #5 is the button
Seat 1: inte01 ($1.66 in chips) 
Seat 3: CrazyBo97 ($1.85 in chips) 
Seat 4: g@rdenplant ($2.07 in chips) 
Seat 5: Krokus2864 ($2 in chips) 
Seat 6: Dorex2007 ($2.10 in chips) 
Seat 7: factis71 ($2.55 in chips) 
Seat 8: Rocky4444423 ($1.82 in chips) 
Seat 9: disnt ($1.78 in chips) 
Dorex2007: posts small blind $0.01
factis71: posts big blind $0.02
santila: sits out 
*** HOLE CARDS ***
Dealt to Dorex2007 [8c 8h]
Rocky4444423: folds 
disnt: calls $0.02
inte01: folds 
CrazyBo97: calls $0.02
g@rdenplant: folds 
Krokus2864: folds 
Dorex2007: calls $0.01
factis71: raises $0.11 to $0.13
disnt: calls $0.11
CrazyBo97: calls $0.11
Dorex2007: calls $0.11
*** FLOP *** [4c Jd Ac]
Dorex2007: checks 
factis71: bets $0.23
disnt: calls $0.23
CrazyBo97: folds 
Dorex2007: folds 
*** TURN *** [4c Jd Ac] [5d]
factis71: bets $0.71
disnt: folds 
Uncalled bet ($0.71) returned to factis71
factis71 collected $0.95 from pot
*** SUMMARY ***
Total pot $0.98 | Rake $0.03 
Board [4c Jd Ac 5d]
Seat 1: inte01 folded before Flop (didn't bet)
Seat 3: CrazyBo97 folded on the Flop
Seat 4: g@rdenplant folded before Flop (didn't bet)
Seat 5: Krokus2864 (button) folded before Flop (didn't bet)
Seat 6: Dorex2007 (small blind) folded on the Flop
Seat 7: factis71 (big blind) collected ($0.95)
Seat 8: Rocky4444423 folded before Flop (didn't bet)
Seat 9: disnt folded on the Turn



PokerStars Hand #231388125694:  Hold'em No Limit ($0.01/$0.02 USD) - 2021/11/13 20:36:21 PT [2021/11/13 23:36:21 ET]
Table 'Rosamunde' 9-max Seat #6 is the button
Seat 1: inte01 ($1.66 in chips) 
Seat 3: CrazyBo97 ($1.72 in chips) 
Seat 4: g@rdenplant ($2.07 in chips) 
Seat 5: Krokus2864 ($2 in chips) 
Seat 6: Dorex2007 ($2 in chips) 
Seat 7: factis71 ($3.14 in chips) 
Seat 8: Rocky4444423 ($1.82 in chips) 
Seat 9: disnt ($1.42 in chips) 
factis71: posts small blind $0.01
Rocky4444423: posts big blind $0.02
santila: sits out 
*** HOLE CARDS ***
Dealt to Dorex2007 [2h 3d]
disnt: folds 
inte01: calls $0.02
CrazyBo97: calls $0.02
g@rdenplant: folds 
Krokus2864: folds 
Dorex2007: folds 
factis71: folds 
Rocky4444423: checks 
*** FLOP *** [Ac 9h 6h]
Rocky4444423: checks 
inte01: checks 
CrazyBo97: checks 
*** TURN *** [Ac 9h 6h] [5s]
Rocky4444423: checks 
inte01: checks 
CrazyBo97: checks 
*** RIVER *** [Ac 9h 6h 5s] [Kh]
Rocky4444423: checks 
inte01: checks 
CrazyBo97: bets $0.02
Rocky4444423: folds 
inte01: calls $0.02
*** SHOW DOWN ***
CrazyBo97: shows [Kd 3c] (a pair of Kings)
inte01: mucks hand 
CrazyBo97 collected $0.11 from pot
*** SUMMARY ***
Total pot $0.11 | Rake $0 
Board [Ac 9h 6h 5s Kh]
Seat 1: inte01 mucked [9d Qs]
Seat 3: CrazyBo97 showed [Kd 3c] and won ($0.11) with a pair of Kings
Seat 4: g@rdenplant folded before Flop (didn't bet)
Seat 5: Krokus2864 folded before Flop (didn't bet)
Seat 6: Dorex2007 (button) folded before Flop (didn't bet)
Seat 7: factis71 (small blind) folded before Flop
Seat 8: Rocky4444423 (big blind) folded on the River
Seat 9: disnt folded before Flop (didn't bet)



PokerStars Hand #231388135903:  Hold'em No Limit ($0.01/$0.02 USD) - 2021/11/13 20:37:19 PT [2021/11/13 23:37:19 ET]
Table 'Rosamunde' 9-max Seat #7 is the button
Seat 1: inte01 ($1.62 in chips) 
Seat 3: CrazyBo97 ($1.79 in chips) 
Seat 4: g@rdenplant ($2.07 in chips) 
Seat 5: Krokus2864 ($2 in chips) 
Seat 6: Dorex2007 ($2 in chips) 
Seat 7: factis71 ($3.13 in chips) 
Seat 8: Rocky4444423 ($1.80 in chips) 
Seat 9: disnt ($1.42 in chips) 
Rocky4444423: posts small blind $0.01
disnt: posts big blind $0.02
santila: sits out 
*** HOLE CARDS ***
Dealt to Dorex2007 [3c 3s]
inte01: folds 
CrazyBo97: folds 
g@rdenplant: raises $0.04 to $0.06
Krokus2864: folds 
Dorex2007: calls $0.06
factis71: folds 
Rocky4444423: folds 
disnt: folds 
*** FLOP *** [9c Qh 4d]
g@rdenplant: checks 
Dorex2007: bets $0.09
g@rdenplant: calls $0.09
*** TURN *** [9c Qh 4d] [5c]
g@rdenplant: checks 
Dorex2007: checks 
*** RIVER *** [9c Qh 4d 5c] [Ts]
g@rdenplant: checks 
Dorex2007: bets $0.16
g@rdenplant: folds 
Uncalled bet ($0.16) returned to Dorex2007
Dorex2007 collected $0.32 from pot
Dorex2007: doesn't show hand 
*** SUMMARY ***
Total pot $0.33 | Rake $0.01 
Board [9c Qh 4d 5c Ts]
Seat 1: inte01 folded before Flop (didn't bet)
Seat 3: CrazyBo97 folded before Flop (didn't bet)
Seat 4: g@rdenplant folded on the River
Seat 5: Krokus2864 folded before Flop (didn't bet)
Seat 6: Dorex2007 collected ($0.32)
Seat 7: factis71 (button) folded before Flop (didn't bet)
Seat 8: Rocky4444423 (small blind) folded before Flop
Seat 9: disnt (big blind) folded before Flop



PokerStars Hand #231388144234:  Hold'em No Limit ($0.01/$0.02 USD) - 2021/11/13 20:38:06 PT [2021/11/13 23:38:06 ET]
Table 'Rosamunde' 9-max Seat #8 is the button
Seat 1: inte01 ($1.62 in chips) 
Seat 3: CrazyBo97 ($1.79 in chips) 
Seat 4: g@rdenplant ($1.92 in chips) 
Seat 5: Krokus2864 ($2 in chips) 
Seat 6: Dorex2007 ($2.17 in chips) 
Seat 7: factis71 ($3.13 in chips) 
Seat 8: Rocky4444423 ($1.79 in chips) 
Seat 9: disnt ($1.40 in chips) 
disnt: posts small blind $0.01
inte01: posts big blind $0.02
santila: sits out 
*** HOLE CARDS ***
Dealt to Dorex2007 [Th Qs]
CrazyBo97: calls $0.02
g@rdenplant: folds 
Krokus2864: folds 
Dorex2007: folds 
factis71: folds 
Rocky4444423: calls $0.02
disnt: calls $0.01
inte01: checks 
*** FLOP *** [4d Jh Kh]
disnt: checks 
inte01: checks 
CrazyBo97: checks 
Rocky4444423: checks 
*** TURN *** [4d Jh Kh] [9h]
disnt: checks 
inte01: checks 
CrazyBo97: checks 
Rocky4444423: bets $0.02
disnt: folds 
inte01: folds 
CrazyBo97: calls $0.02
*** RIVER *** [4d Jh Kh 9h] [6h]
disnt leaves the table
CrazyBo97: bets $1.75 and is all-in
Rocky4444423: folds 
Uncalled bet ($1.75) returned to CrazyBo97
CrazyBo97 collected $0.12 from pot
*** SUMMARY ***
Total pot $0.12 | Rake $0 
Board [4d Jh Kh 9h 6h]
Seat 1: inte01 (big blind) folded on the Turn
Seat 3: CrazyBo97 collected ($0.12)
Seat 4: g@rdenplant folded before Flop (didn't bet)
Seat 5: Krokus2864 folded before Flop (didn't bet)
Seat 6: Dorex2007 folded before Flop (didn't bet)
Seat 7: factis71 folded before Flop (didn't bet)
Seat 8: Rocky4444423 (button) folded on the River
Seat 9: disnt (small blind) folded on the Turn



PokerStars Hand #231388152144:  Hold'em No Limit ($0.01/$0.02 USD) - 2021/11/13 20:38:52 PT [2021/11/13 23:38:52 ET]
Table 'Rosamunde' 9-max Seat #1 is the button
Seat 1: inte01 ($1.60 in chips) 
Seat 3: CrazyBo97 ($1.87 in chips) 
Seat 4: g@rdenplant ($1.92 in chips) 
Seat 5: Krokus2864 ($2 in chips) 
Seat 6: Dorex2007 ($2.17 in chips) 
Seat 7: factis71 ($3.13 in chips) 
Seat 8: Rocky4444423 ($1.75 in chips) 
CrazyBo97: posts small blind $0.01
g@rdenplant: posts big blind $0.02
*** HOLE CARDS ***
Dealt to Dorex2007 [8s 4d]
Krokus2864: folds 
Dorex2007: folds 
factis71: folds 
Mr.CashOutt joins the table at seat #9 
Rocky4444423: folds 
inte01: folds 
CrazyBo97: calls $0.01
g@rdenplant: checks 
*** FLOP *** [7c 5d Ks]
CrazyBo97: bets $0.02
g@rdenplant: calls $0.02
*** TURN *** [7c 5d Ks] [9d]
CrazyBo97: bets $0.02
g@rdenplant: calls $0.02
*** RIVER *** [7c 5d Ks 9d] [2h]
CrazyBo97: bets $0.02
g@rdenplant: calls $0.02
*** SHOW DOWN ***
CrazyBo97: shows [3d 7s] (a pair of Sevens)
g@rdenplant: mucks hand 
CrazyBo97 collected $0.15 from pot
*** SUMMARY ***
Total pot $0.16 | Rake $0.01 
Board [7c 5d Ks 9d 2h]
Seat 1: inte01 (button) folded before Flop (didn't bet)
Seat 3: CrazyBo97 (small blind) showed [3d 7s] and won ($0.15) with a pair of Sevens
Seat 4: g@rdenplant (big blind) mucked [4h 8c]
Seat 5: Krokus2864 folded before Flop (didn't bet)
Seat 6: Dorex2007 folded before Flop (didn't bet)
Seat 7: factis71 folded before Flop (didn't bet)
Seat 8: Rocky4444423 folded before Flop (didn't bet)



PokerStars Hand #231388158917:  Hold'em No Limit ($0.01/$0.02 USD) - 2021/11/13 20:39:32 PT [2021/11/13 23:39:32 ET]
Table 'Rosamunde' 9-max Seat #3 is the button
Seat 1: inte01 ($1.60 in chips) 
Seat 3: CrazyBo97 ($1.94 in chips) 
Seat 4: g@rdenplant ($1.84 in chips) 
Seat 5: Krokus2864 ($2 in chips) 
Seat 6: Dorex2007 ($2.17 in chips) 
Seat 7: factis71 ($3.13 in chips) 
Seat 8: Rocky4444423 ($1.75 in chips) 
g@rdenplant: posts small blind $0.01
Krokus2864: posts big blind $0.02
Mr.CashOutt: sits out 
santila: sits out 
*** HOLE CARDS ***
Dealt to Dorex2007 [2s 7s]
Dorex2007: folds 
factis71: folds 
Rocky4444423: folds 
inte01: calls $0.02
CrazyBo97: folds 
g@rdenplant: raises $0.06 to $0.08
Krokus2864: folds 
inte01: calls $0.06
*** FLOP *** [6d 4c Qd]
g@rdenplant: bets $0.09
inte01: calls $0.09
*** TURN *** [6d 4c Qd] [Ah]
g@rdenplant: bets $0.18
inte01: calls $0.18
*** RIVER *** [6d 4c Qd Ah] [7c]
g@rdenplant: bets $0.69
inte01: folds 
Uncalled bet ($0.69) returned to g@rdenplant
g@rdenplant collected $0.69 from pot
g@rdenplant: doesn't show hand 
*** SUMMARY ***
Total pot $0.72 | Rake $0.03 
Board [6d 4c Qd Ah 7c]
Seat 1: inte01 folded on the River
Seat 3: CrazyBo97 (button) folded before Flop (didn't bet)
Seat 4: g@rdenplant (small blind) collected ($0.69)
Seat 5: Krokus2864 (big blind) folded before Flop
Seat 6: Dorex2007 folded before Flop (didn't bet)
Seat 7: factis71 folded before Flop (didn't bet)
Seat 8: Rocky4444423 folded before Flop (didn't bet)



PokerStars Hand #231388170369:  Hold'em No Limit ($0.01/$0.02 USD) - 2021/11/13 20:40:38 PT [2021/11/13 23:40:38 ET]
Table 'Rosamunde' 9-max Seat #4 is the button
Seat 1: inte01 ($1.25 in chips) 
Seat 3: CrazyBo97 ($1.94 in chips) 
Seat 4: g@rdenplant ($2.18 in chips) 
Seat 5: Krokus2864 ($2 in chips) 
Seat 6: Dorex2007 ($2.17 in chips) 
Seat 7: factis71 ($3.13 in chips) 
Seat 8: Rocky4444423 ($1.75 in chips) 
Krokus2864: posts small blind $0.01
Dorex2007: posts big blind $0.02
Mr.CashOutt: sits out 
santila: sits out 
*** HOLE CARDS ***
Dealt to Dorex2007 [6d 8s]
factis71: folds 
Rocky4444423 has timed out
Rocky4444423: folds 
inte01: folds 
CrazyBo97: calls $0.02
g@rdenplant: folds 
Krokus2864: calls $0.01
Dorex2007: checks 
*** FLOP *** [5c 3d 7h]
Krokus2864: checks 
Dorex2007: checks 
CrazyBo97: checks 
*** TURN *** [5c 3d 7h] [Ts]
Krokus2864: checks 
Dorex2007: checks 
CrazyBo97: bets $0.02
Krokus2864: folds 
Dorex2007: calls $0.02
*** RIVER *** [5c 3d 7h Ts] [8h]
Dorex2007: checks 
CrazyBo97: bets $0.02
Dorex2007: calls $0.02
*** SHOW DOWN ***
CrazyBo97: shows [Qh Td] (a pair of Tens)
Dorex2007: mucks hand 
CrazyBo97 collected $0.14 from pot
*** SUMMARY ***
Total pot $0.14 | Rake $0 
Board [5c 3d 7h Ts 8h]
Seat 1: inte01 folded before Flop (didn't bet)
Seat 3: CrazyBo97 showed [Qh Td] and won ($0.14) with a pair of Tens
Seat 4: g@rdenplant (button) folded before Flop (didn't bet)
Seat 5: Krokus2864 (small blind) folded on the Turn
Seat 6: Dorex2007 (big blind) mucked [6d 8s]
Seat 7: factis71 folded before Flop (didn't bet)
Seat 8: Rocky4444423 folded before Flop (didn't bet)



PokerStars Hand #231388179362:  Hold'em No Limit ($0.01/$0.02 USD) - 2021/11/13 20:41:29 PT [2021/11/13 23:41:29 ET]
Table 'Rosamunde' 9-max Seat #5 is the button
Seat 1: inte01 ($1.25 in chips) 
Seat 3: CrazyBo97 ($2.02 in chips) 
Seat 4: g@rdenplant ($2.18 in chips) 
Seat 5: Krokus2864 ($2 in chips) 
Seat 6: Dorex2007 ($2.11 in chips) 
Seat 7: factis71 ($3.13 in chips) 
Seat 8: Rocky4444423 ($1.75 in chips) 
Dorex2007: posts small blind $0.01
factis71: posts big blind $0.02
Mr.CashOutt: sits out 
santila: sits out 
*** HOLE CARDS ***
Dealt to Dorex2007 [9c 7c]
Rocky4444423: folds 
inte01: calls $0.02
CrazyBo97: calls $0.02
g@rdenplant: calls $0.02
Krokus2864: folds 
Dorex2007: calls $0.01
factis71: raises $0.14 to $0.16
inte01: folds 
CrazyBo97: folds 
g@rdenplant: folds 
Dorex2007: folds 
Uncalled bet ($0.14) returned to factis71
factis71 collected $0.10 from pot
factis71: doesn't show hand 
*** SUMMARY ***
Total pot $0.10 | Rake $0 
Seat 1: inte01 folded before Flop
Seat 3: CrazyBo97 folded before Flop
Seat 4: g@rdenplant folded before Flop
Seat 5: Krokus2864 (button) folded before Flop (didn't bet)
Seat 6: Dorex2007 (small blind) folded before Flop
Seat 7: factis71 (big blind) collected ($0.10)
Seat 8: Rocky4444423 folded before Flop (didn't bet)



PokerStars Hand #231388185223:  Hold'em No Limit ($0.01/$0.02 USD) - 2021/11/13 20:42:03 PT [2021/11/13 23:42:03 ET]
Table 'Rosamunde' 9-max Seat #6 is the button
Seat 1: inte01 ($1.23 in chips) 
Seat 3: CrazyBo97 ($2 in chips) 
Seat 4: g@rdenplant ($2.16 in chips) 
Seat 5: Krokus2864 ($2 in chips) 
Seat 6: Dorex2007 ($2.09 in chips) 
Seat 7: factis71 ($3.21 in chips) 
Seat 8: Rocky4444423 ($1.75 in chips) 
factis71: posts small blind $0.01
Rocky4444423: posts big blind $0.02
Mr.CashOutt: sits out 
santila: sits out 
*** HOLE CARDS ***
Dealt to Dorex2007 [9c Js]
inte01: calls $0.02
CrazyBo97: calls $0.02
g@rdenplant: folds 
Krokus2864: folds 
Dorex2007: folds 
factis71: calls $0.01
Rocky4444423: checks 
*** FLOP *** [9d 2d 3c]
factis71: checks 
Rocky4444423: checks 
inte01: checks 
CrazyBo97: bets $0.02
factis71: folds 
Rocky4444423: calls $0.02
inte01: calls $0.02
*** TURN *** [9d 2d 3c] [Qh]
Rocky4444423: checks 
inte01: checks 
CrazyBo97: bets $0.02
Rocky4444423: calls $0.02
inte01: calls $0.02
*** RIVER *** [9d 2d 3c Qh] [Ks]
Rocky4444423: checks 
inte01: bets $0.06
CrazyBo97: calls $0.06
Rocky4444423: folds 
*** SHOW DOWN ***
inte01: shows [Jc Kh] (a pair of Kings)
CrazyBo97: mucks hand 
inte01 collected $0.31 from pot
*** SUMMARY ***
Total pot $0.32 | Rake $0.01 
Board [9d 2d 3c Qh Ks]
Seat 1: inte01 showed [Jc Kh] and won ($0.31) with a pair of Kings
Seat 3: CrazyBo97 mucked [Ah 2s]
Seat 4: g@rdenplant folded before Flop (didn't bet)
Seat 5: Krokus2864 folded before Flop (didn't bet)
Seat 6: Dorex2007 (button) folded before Flop (didn't bet)
Seat 7: factis71 (small blind) folded on the Flop
Seat 8: Rocky4444423 (big blind) folded on the River



PokerStars Hand #231388201947:  Hold'em No Limit ($0.01/$0.02 USD) - 2021/11/13 20:43:40 PT [2021/11/13 23:43:40 ET]
Table 'Rosamunde' 9-max Seat #7 is the button
Seat 1: inte01 ($1.42 in chips) 
Seat 3: CrazyBo97 ($1.88 in chips) 
Seat 4: g@rdenplant ($2.16 in chips) 
Seat 5: Krokus2864 ($2 in chips) 
Seat 6: Dorex2007 ($2.09 in chips) 
Seat 7: factis71 ($3.19 in chips) 
Seat 8: Rocky4444423 ($1.69 in chips) 
Seat 9: Mr.CashOutt ($2 in chips) 
Rocky4444423: posts small blind $0.01
Mr.CashOutt: posts big blind $0.02
santila: sits out 
*** HOLE CARDS ***
Dealt to Dorex2007 [9s 6s]
inte01: calls $0.02
CrazyBo97: calls $0.02
g@rdenplant: folds 
Krokus2864: folds 
Dorex2007: folds 
factis71: folds 
Rocky4444423: calls $0.01
Mr.CashOutt: checks 
*** FLOP *** [Ad 2d 8h]
Rocky4444423: checks 
Mr.CashOutt: checks 
inte01: checks 
CrazyBo97: bets $0.02
Rocky4444423: calls $0.02
Mr.CashOutt: folds 
inte01: calls $0.02
*** TURN *** [Ad 2d 8h] [9d]
Rocky4444423: checks 
inte01: checks 
CrazyBo97: bets $0.02
Rocky4444423: folds 
inte01: calls $0.02
*** RIVER *** [Ad 2d 8h 9d] [4s]
inte01: checks 
CrazyBo97: bets $0.09
inte01: calls $0.09
*** SHOW DOWN ***
CrazyBo97: shows [6d 4d] (a flush, Ace high)
inte01: mucks hand 
CrazyBo97 collected $0.35 from pot
*** SUMMARY ***
Total pot $0.36 | Rake $0.01 
Board [Ad 2d 8h 9d 4s]
Seat 1: inte01 mucked [Th Ac]
Seat 3: CrazyBo97 showed [6d 4d] and won ($0.35) with a flush, Ace high
Seat 4: g@rdenplant folded before Flop (didn't bet)
Seat 5: Krokus2864 folded before Flop (didn't bet)
Seat 6: Dorex2007 folded before Flop (didn't bet)
Seat 7: factis71 (button) folded before Flop (didn't bet)
Seat 8: Rocky4444423 (small blind) folded on the Turn
Seat 9: Mr.CashOutt (big blind) folded on the Flop



PokerStars Hand #231388217749:  Hold'em No Limit ($0.01/$0.02 USD) - 2021/11/13 20:44:35 PT [2021/11/13 23:44:35 ET]
Table 'Rosamunde' 9-max Seat #8 is the button
Seat 1: inte01 ($1.27 in chips) 
Seat 3: CrazyBo97 ($2.08 in chips) 
Seat 4: g@rdenplant ($2.16 in chips) 
Seat 5: Krokus2864 ($2 in chips) 
Seat 6: Dorex2007 ($2.09 in chips) 
Seat 7: factis71 ($3.19 in chips) 
Seat 8: Rocky4444423 ($1.65 in chips) 
Seat 9: Mr.CashOutt ($1.98 in chips) 
Mr.CashOutt: posts small blind $0.01
inte01: posts big blind $0.02
santila: sits out 
*** HOLE CARDS ***
Dealt to Dorex2007 [Kd Qs]
CrazyBo97: folds 
g@rdenplant: folds 
Krokus2864: folds 
Dorex2007: raises $0.04 to $0.06
factis71: folds 
Rocky4444423: folds 
Mr.CashOutt: folds 
inte01: folds 
Uncalled bet ($0.04) returned to Dorex2007
Dorex2007 collected $0.05 from pot
Dorex2007: doesn't show hand 
*** SUMMARY ***
Total pot $0.05 | Rake $0 
Seat 1: inte01 (big blind) folded before Flop
Seat 3: CrazyBo97 folded before Flop (didn't bet)
Seat 4: g@rdenplant folded before Flop (didn't bet)
Seat 5: Krokus2864 folded before Flop (didn't bet)
Seat 6: Dorex2007 collected ($0.05)
Seat 7: factis71 folded before Flop (didn't bet)
Seat 8: Rocky4444423 (button) folded before Flop (didn't bet)
Seat 9: Mr.CashOutt (small blind) folded before Flop



PokerStars Hand #231388223505:  Hold'em No Limit ($0.01/$0.02 USD) - 2021/11/13 20:45:08 PT [2021/11/13 23:45:08 ET]
Table 'Rosamunde' 9-max Seat #9 is the button
Seat 1: inte01 ($1.25 in chips) 
Seat 2: santila ($2 in chips) 
Seat 3: CrazyBo97 ($2.08 in chips) 
Seat 4: g@rdenplant ($2.16 in chips) 
Seat 5: Krokus2864 ($2 in chips) 
Seat 6: Dorex2007 ($2.12 in chips) 
Seat 7: factis71 ($3.19 in chips) 
Seat 8: Rocky4444423 ($1.65 in chips) 
Seat 9: Mr.CashOutt ($1.97 in chips) 
inte01: posts small blind $0.01
santila: posts big blind $0.02
*** HOLE CARDS ***
Dealt to Dorex2007 [Js 8h]
CrazyBo97: calls $0.02
g@rdenplant: folds 
Krokus2864: folds 
Dorex2007: folds 
factis71: folds 
Rocky4444423: folds 
Mr.CashOutt: folds 
inte01: folds 
santila: checks 
*** FLOP *** [8c Ts 9c]
santila: checks 
CrazyBo97: bets $0.02
santila: folds 
Uncalled bet ($0.02) returned to CrazyBo97
CrazyBo97 collected $0.05 from pot
*** SUMMARY ***
Total pot $0.05 | Rake $0 
Board [8c Ts 9c]
Seat 1: inte01 (small blind) folded before Flop
Seat 2: santila (big blind) folded on the Flop
Seat 3: CrazyBo97 collected ($0.05)
Seat 4: g@rdenplant folded before Flop (didn't bet)
Seat 5: Krokus2864 folded before Flop (didn't bet)
Seat 6: Dorex2007 folded before Flop (didn't bet)
Seat 7: factis71 folded before Flop (didn't bet)
Seat 8: Rocky4444423 folded before Flop (didn't bet)
Seat 9: Mr.CashOutt (button) folded before Flop (didn't bet)



PokerStars Hand #231388230787:  Hold'em No Limit ($0.01/$0.02 USD) - 2021/11/13 20:45:50 PT [2021/11/13 23:45:50 ET]
Table 'Rosamunde' 9-max Seat #1 is the button
Seat 1: inte01 ($1.24 in chips) 
Seat 2: santila ($2 in chips) 
Seat 3: CrazyBo97 ($2.11 in chips) 
Seat 4: g@rdenplant ($2.16 in chips) 
Seat 5: Krokus2864 ($2 in chips) 
Seat 6: Dorex2007 ($2.12 in chips) 
Seat 7: factis71 ($3.19 in chips) 
Seat 8: Rocky4444423 ($1.65 in chips) 
Seat 9: Mr.CashOutt ($1.97 in chips) 
santila: posts small blind $0.01
CrazyBo97: posts big blind $0.02
*** HOLE CARDS ***
Dealt to Dorex2007 [Js 2s]
g@rdenplant: folds 
Krokus2864: folds 
Dorex2007: folds 
factis71: folds 
Rocky4444423: folds 
Mr.CashOutt: folds 
inte01: folds 
santila: folds 
Uncalled bet ($0.01) returned to CrazyBo97
CrazyBo97 collected $0.02 from pot
*** SUMMARY ***
Total pot $0.02 | Rake $0 
Seat 1: inte01 (button) folded before Flop (didn't bet)
Seat 2: santila (small blind) folded before Flop
Seat 3: CrazyBo97 (big blind) collected ($0.02)
Seat 4: g@rdenplant folded before Flop (didn't bet)
Seat 5: Krokus2864 folded before Flop (didn't bet)
Seat 6: Dorex2007 folded before Flop (didn't bet)
Seat 7: factis71 folded before Flop (didn't bet)
Seat 8: Rocky4444423 folded before Flop (didn't bet)
Seat 9: Mr.CashOutt folded before Flop (didn't bet)



PokerStars Hand #231388233662:  Hold'em No Limit ($0.01/$0.02 USD) - 2021/11/13 20:46:07 PT [2021/11/13 23:46:07 ET]
Table 'Rosamunde' 9-max Seat #2 is the button
Seat 1: inte01 ($1.24 in chips) 
Seat 2: santila ($2 in chips) 
Seat 3: CrazyBo97 ($2.12 in chips) 
Seat 4: g@rdenplant ($2.16 in chips) 
Seat 5: Krokus2864 ($2 in chips) 
Seat 6: Dorex2007 ($2.12 in chips) 
Seat 7: factis71 ($3.19 in chips) 
Seat 8: Rocky4444423 ($1.65 in chips) 
Seat 9: Mr.CashOutt ($1.97 in chips) 
CrazyBo97: posts small blind $0.01
g@rdenplant: posts big blind $0.02
*** HOLE CARDS ***
Dealt to Dorex2007 [Ac 3h]
Krokus2864: folds 
Dorex2007: folds 
factis71: folds 
Rocky4444423: folds 
Mr.CashOutt: folds 
inte01: folds 
santila: folds 
CrazyBo97: calls $0.01
g@rdenplant: checks 
*** FLOP *** [As 6s 2d]
CrazyBo97: bets $0.02
g@rdenplant: folds 
Uncalled bet ($0.02) returned to CrazyBo97
CrazyBo97 collected $0.04 from pot
*** SUMMARY ***
Total pot $0.04 | Rake $0 
Board [As 6s 2d]
Seat 1: inte01 folded before Flop (didn't bet)
Seat 2: santila (button) folded before Flop (didn't bet)
Seat 3: CrazyBo97 (small blind) collected ($0.04)
Seat 4: g@rdenplant (big blind) folded on the Flop
Seat 5: Krokus2864 folded before Flop (didn't bet)
Seat 6: Dorex2007 folded before Flop (didn't bet)
Seat 7: factis71 folded before Flop (didn't bet)
Seat 8: Rocky4444423 folded before Flop (didn't bet)
Seat 9: Mr.CashOutt folded before Flop (didn't bet)



PokerStars Hand #231388238215:  Hold'em No Limit ($0.01/$0.02 USD) - 2021/11/13 20:46:34 PT [2021/11/13 23:46:34 ET]
Table 'Rosamunde' 9-max Seat #3 is the button
Seat 1: inte01 ($1.24 in chips) 
Seat 2: santila ($2 in chips) 
Seat 3: CrazyBo97 ($2.14 in chips) 
Seat 4: g@rdenplant ($2.14 in chips) 
Seat 5: Krokus2864 ($2 in chips) 
Seat 6: Dorex2007 ($2.12 in chips) 
Seat 7: factis71 ($3.19 in chips) 
Seat 8: Rocky4444423 ($1.65 in chips) 
Seat 9: Mr.CashOutt ($1.97 in chips) 
g@rdenplant: posts small blind $0.01
Krokus2864: posts big blind $0.02
*** HOLE CARDS ***
Dealt to Dorex2007 [Qs 8d]
Dorex2007: folds 
factis71: folds 
Rocky4444423: folds 
Mr.CashOutt: folds 
inte01: calls $0.02
santila: folds 
CrazyBo97: calls $0.02
g@rdenplant: raises $0.08 to $0.10
Krokus2864: folds 
inte01: calls $0.08
CrazyBo97: folds 
*** FLOP *** [5c Qh 2d]
g@rdenplant: bets $0.12
inte01: calls $0.12
*** TURN *** [5c Qh 2d] [7h]
g@rdenplant: checks 
inte01: bets $0.16
g@rdenplant: folds 
Uncalled bet ($0.16) returned to inte01
inte01 collected $0.46 from pot
inte01: doesn't show hand 
*** SUMMARY ***
Total pot $0.48 | Rake $0.02 
Board [5c Qh 2d 7h]
Seat 1: inte01 collected ($0.46)
Seat 2: santila folded before Flop (didn't bet)
Seat 3: CrazyBo97 (button) folded before Flop
Seat 4: g@rdenplant (small blind) folded on the Turn
Seat 5: Krokus2864 (big blind) folded before Flop
Seat 6: Dorex2007 folded before Flop (didn't bet)
Seat 7: factis71 folded before Flop (didn't bet)
Seat 8: Rocky4444423 folded before Flop (didn't bet)
Seat 9: Mr.CashOutt folded before Flop (didn't bet)



PokerStars Hand #231388249374:  Hold'em No Limit ($0.01/$0.02 USD) - 2021/11/13 20:47:40 PT [2021/11/13 23:47:40 ET]
Table 'Rosamunde' 9-max Seat #4 is the button
Seat 1: inte01 ($1.48 in chips) 
Seat 2: santila ($2 in chips) 
Seat 3: CrazyBo97 ($2.12 in chips) 
Seat 4: g@rdenplant ($1.92 in chips) 
Seat 5: Krokus2864 ($2 in chips) 
Seat 6: Dorex2007 ($2.12 in chips) 
Seat 7: factis71 ($3.19 in chips) 
Seat 8: Rocky4444423 ($1.65 in chips) 
Seat 9: Mr.CashOutt ($1.97 in chips) 
Krokus2864: posts small blind $0.01
Dorex2007: posts big blind $0.02
*** HOLE CARDS ***
Dealt to Dorex2007 [7s 5c]
factis71: folds 
Rocky4444423: folds 
Mr.CashOutt: folds 
inte01: calls $0.02
santila: raises $0.03 to $0.05
CrazyBo97: calls $0.05
g@rdenplant: raises $0.15 to $0.20
Krokus2864: folds 
Dorex2007: folds 
inte01: folds 
santila: folds 
CrazyBo97: calls $0.15
*** FLOP *** [5h 2h Ac]
CrazyBo97: bets $0.02
g@rdenplant: calls $0.02
*** TURN *** [5h 2h Ac] [5d]
CrazyBo97: bets $0.26
g@rdenplant: calls $0.26
*** RIVER *** [5h 2h Ac 5d] [Tc]
CrazyBo97: bets $0.51
g@rdenplant: raises $0.51 to $1.02
CrazyBo97: raises $0.62 to $1.64 and is all-in
g@rdenplant: calls $0.42 and is all-in
Uncalled bet ($0.20) returned to CrazyBo97
*** SHOW DOWN ***
CrazyBo97: shows [Ah Js] (two pair, Aces and Fives)
g@rdenplant: shows [Ad As] (a full house, Aces full of Fives)
g@rdenplant collected $3.80 from pot
*** SUMMARY ***
Total pot $3.94 | Rake $0.14 
Board [5h 2h Ac 5d Tc]
Seat 1: inte01 folded before Flop
Seat 2: santila folded before Flop
Seat 3: CrazyBo97 showed [Ah Js] and lost with two pair, Aces and Fives
Seat 4: g@rdenplant (button) showed [Ad As] and won ($3.80) with a full house, Aces full of Fives
Seat 5: Krokus2864 (small blind) folded before Flop
Seat 6: Dorex2007 (big blind) folded before Flop
Seat 7: factis71 folded before Flop (didn't bet)
Seat 8: Rocky4444423 folded before Flop (didn't bet)
Seat 9: Mr.CashOutt folded before Flop (didn't bet)



PokerStars Hand #231388261419:  Hold'em No Limit ($0.01/$0.02 USD) - 2021/11/13 20:48:52 PT [2021/11/13 23:48:52 ET]
Table 'Rosamunde' 9-max Seat #5 is the button
Seat 1: inte01 ($1.46 in chips) 
Seat 2: santila ($2 in chips) 
Seat 3: CrazyBo97 ($0.20 in chips) 
Seat 4: g@rdenplant ($3.80 in chips) 
Seat 5: Krokus2864 ($2 in chips) 
Seat 6: Dorex2007 ($2.10 in chips) 
Seat 7: factis71 ($3.19 in chips) 
Seat 8: Rocky4444423 ($1.65 in chips) 
Seat 9: Mr.CashOutt ($1.97 in chips) 
Dorex2007: posts small blind $0.01
factis71: posts big blind $0.02
*** HOLE CARDS ***
Dealt to Dorex2007 [9s Ac]
Rocky4444423: folds 
Mr.CashOutt: folds 
inte01: folds 
santila: folds 
CrazyBo97: raises $0.02 to $0.04
g@rdenplant: folds 
Krokus2864: folds 
Dorex2007: folds 
factis71: folds 
Uncalled bet ($0.02) returned to CrazyBo97
CrazyBo97 collected $0.05 from pot
*** SUMMARY ***
Total pot $0.05 | Rake $0 
Seat 1: inte01 folded before Flop (didn't bet)
Seat 2: santila folded before Flop (didn't bet)
Seat 3: CrazyBo97 collected ($0.05)
Seat 4: g@rdenplant folded before Flop (didn't bet)
Seat 5: Krokus2864 (button) folded before Flop (didn't bet)
Seat 6: Dorex2007 (small blind) folded before Flop
Seat 7: factis71 (big blind) folded before Flop
Seat 8: Rocky4444423 folded before Flop (didn't bet)
Seat 9: Mr.CashOutt folded before Flop (didn't bet)



PokerStars Hand #231388272214:  Hold'em No Limit ($0.01/$0.02 USD) - 2021/11/13 20:49:18 PT [2021/11/13 23:49:18 ET]
Table 'Rosamunde' 9-max Seat #6 is the button
Seat 1: inte01 ($1.46 in chips) 
Seat 2: santila ($2 in chips) 
Seat 3: CrazyBo97 ($0.23 in chips) 
Seat 4: g@rdenplant ($3.80 in chips) 
Seat 5: Krokus2864 ($2 in chips) 
Seat 6: Dorex2007 ($2.09 in chips) 
Seat 7: factis71 ($3.17 in chips) 
Seat 8: Rocky4444423 ($1.65 in chips) 
Seat 9: Mr.CashOutt ($1.97 in chips) 
factis71: posts small blind $0.01
Rocky4444423: posts big blind $0.02
*** HOLE CARDS ***
Dealt to Dorex2007 [Ah 8h]
Mr.CashOutt: folds 
inte01: folds 
santila: folds 
CrazyBo97: raises $0.02 to $0.04
g@rdenplant: folds 
Krokus2864: folds 
Dorex2007: calls $0.04
factis71: folds 
Rocky4444423: calls $0.02
*** FLOP *** [2h Qs Qd]
Rocky4444423: checks 
CrazyBo97: checks 
Dorex2007: checks 
*** TURN *** [2h Qs Qd] [Td]
Rocky4444423: checks 
CrazyBo97: checks 
Dorex2007: bets $0.09
Rocky4444423: folds 
CrazyBo97: folds 
Uncalled bet ($0.09) returned to Dorex2007
Dorex2007 collected $0.13 from pot
Dorex2007: doesn't show hand 
*** SUMMARY ***
Total pot $0.13 | Rake $0 
Board [2h Qs Qd Td]
Seat 1: inte01 folded before Flop (didn't bet)
Seat 2: santila folded before Flop (didn't bet)
Seat 3: CrazyBo97 folded on the Turn
Seat 4: g@rdenplant folded before Flop (didn't bet)
Seat 5: Krokus2864 folded before Flop (didn't bet)
Seat 6: Dorex2007 (button) collected ($0.13)
Seat 7: factis71 (small blind) folded before Flop
Seat 8: Rocky4444423 (big blind) folded on the Turn
Seat 9: Mr.CashOutt folded before Flop (didn't bet)



PokerStars Hand #231388278123:  Hold'em No Limit ($0.01/$0.02 USD) - 2021/11/13 20:49:53 PT [2021/11/13 23:49:53 ET]
Table 'Rosamunde' 9-max Seat #7 is the button
Seat 1: inte01 ($1.46 in chips) 
Seat 2: santila ($2 in chips) 
Seat 3: CrazyBo97 ($0.19 in chips) 
Seat 4: g@rdenplant ($3.80 in chips) 
Seat 5: Krokus2864 ($2 in chips) 
Seat 6: Dorex2007 ($2.18 in chips) 
Seat 7: factis71 ($3.16 in chips) 
Seat 8: Rocky4444423 ($1.61 in chips) 
Seat 9: Mr.CashOutt ($1.97 in chips) 
Rocky4444423: posts small blind $0.01
Mr.CashOutt: posts big blind $0.02
*** HOLE CARDS ***
Dealt to Dorex2007 [Jd Ah]
inte01: calls $0.02
santila: folds 
CrazyBo97: calls $0.02
g@rdenplant: folds 
Krokus2864: folds 
Dorex2007: calls $0.02
factis71: raises $0.11 to $0.13
Rocky4444423: folds 
Mr.CashOutt: folds 
inte01: folds 
CrazyBo97: folds 
Dorex2007: folds 
Uncalled bet ($0.11) returned to factis71
factis71 collected $0.11 from pot
factis71: doesn't show hand 
*** SUMMARY ***
Total pot $0.11 | Rake $0 
Seat 1: inte01 folded before Flop
Seat 2: santila folded before Flop (didn't bet)
Seat 3: CrazyBo97 folded before Flop
Seat 4: g@rdenplant folded before Flop (didn't bet)
Seat 5: Krokus2864 folded before Flop (didn't bet)
Seat 6: Dorex2007 folded before Flop
Seat 7: factis71 (button) collected ($0.11)
Seat 8: Rocky4444423 (small blind) folded before Flop
Seat 9: Mr.CashOutt (big blind) folded before Flop



PokerStars Hand #231388284564:  Hold'em No Limit ($0.01/$0.02 USD) - 2021/11/13 20:50:32 PT [2021/11/13 23:50:32 ET]
Table 'Rosamunde' 9-max Seat #8 is the button
Seat 1: inte01 ($1.44 in chips) 
Seat 2: santila ($2 in chips) 
Seat 3: CrazyBo97 ($0.17 in chips) 
Seat 4: g@rdenplant ($3.80 in chips) 
Seat 5: Krokus2864 ($2 in chips) 
Seat 6: Dorex2007 ($2.16 in chips) 
Seat 7: factis71 ($3.25 in chips) 
Seat 8: Rocky4444423 ($1.60 in chips) 
Seat 9: Mr.CashOutt ($1.95 in chips) 
Mr.CashOutt: posts small blind $0.01
inte01: posts big blind $0.02
*** HOLE CARDS ***
Dealt to Dorex2007 [4c Jh]
santila: folds 
CrazyBo97: folds 
g@rdenplant: folds 
Krokus2864: folds 
Dorex2007: folds 
factis71: raises $0.03 to $0.05
Rocky4444423: folds 
Mr.CashOutt: folds 
inte01: folds 
Uncalled bet ($0.03) returned to factis71
factis71 collected $0.05 from pot
factis71: doesn't show hand 
*** SUMMARY ***
Total pot $0.05 | Rake $0 
Seat 1: inte01 (big blind) folded before Flop
Seat 2: santila folded before Flop (didn't bet)
Seat 3: CrazyBo97 folded before Flop (didn't bet)
Seat 4: g@rdenplant folded before Flop (didn't bet)
Seat 5: Krokus2864 folded before Flop (didn't bet)
Seat 6: Dorex2007 folded before Flop (didn't bet)
Seat 7: factis71 collected ($0.05)
Seat 8: Rocky4444423 (button) folded before Flop (didn't bet)
Seat 9: Mr.CashOutt (small blind) folded before Flop



PokerStars Hand #231388289789:  Hold'em No Limit ($0.01/$0.02 USD) - 2021/11/13 20:51:03 PT [2021/11/13 23:51:03 ET]
Table 'Rosamunde' 9-max Seat #9 is the button
Seat 1: inte01 ($1.42 in chips) 
Seat 2: santila ($2 in chips) 
Seat 3: CrazyBo97 ($0.17 in chips) 
Seat 4: g@rdenplant ($3.80 in chips) 
Seat 5: Krokus2864 ($2 in chips) 
Seat 6: Dorex2007 ($2.16 in chips) 
Seat 7: factis71 ($3.28 in chips) 
Seat 8: Rocky4444423 ($1.60 in chips) 
Seat 9: Mr.CashOutt ($1.94 in chips) 
inte01: posts small blind $0.01
santila: posts big blind $0.02
*** HOLE CARDS ***
Dealt to Dorex2007 [Ah 7d]
CrazyBo97: folds 
g@rdenplant: folds 
Krokus2864: folds 
Dorex2007: folds 
factis71: folds 
Rocky4444423: folds 
Mr.CashOutt: folds 
inte01: calls $0.01
santila: checks 
*** FLOP *** [9c 5d 3d]
inte01: checks 
santila: checks 
*** TURN *** [9c 5d 3d] [6s]
inte01: bets $0.04
santila: folds 
Uncalled bet ($0.04) returned to inte01
inte01 collected $0.04 from pot
inte01: doesn't show hand 
*** SUMMARY ***
Total pot $0.04 | Rake $0 
Board [9c 5d 3d 6s]
Seat 1: inte01 (small blind) collected ($0.04)
Seat 2: santila (big blind) folded on the Turn
Seat 3: CrazyBo97 folded before Flop (didn't bet)
Seat 4: g@rdenplant folded before Flop (didn't bet)
Seat 5: Krokus2864 folded before Flop (didn't bet)
Seat 6: Dorex2007 folded before Flop (didn't bet)
Seat 7: factis71 folded before Flop (didn't bet)
Seat 8: Rocky4444423 folded before Flop (didn't bet)
Seat 9: Mr.CashOutt (button) folded before Flop (didn't bet)



PokerStars Hand #231388296017:  Hold'em No Limit ($0.01/$0.02 USD) - 2021/11/13 20:51:41 PT [2021/11/13 23:51:41 ET]
Table 'Rosamunde' 9-max Seat #1 is the button
Seat 1: inte01 ($1.44 in chips) 
Seat 2: santila ($2 in chips) 
Seat 3: CrazyBo97 ($0.17 in chips) 
Seat 4: g@rdenplant ($3.80 in chips) 
Seat 5: Krokus2864 ($2 in chips) 
Seat 6: Dorex2007 ($2.16 in chips) 
Seat 7: factis71 ($3.28 in chips) 
Seat 8: Rocky4444423 ($1.60 in chips) 
Seat 9: Mr.CashOutt ($1.94 in chips) 
santila: posts small blind $0.01
CrazyBo97: posts big blind $0.02
*** HOLE CARDS ***
Dealt to Dorex2007 [Qs 9h]
g@rdenplant: folds 
Krokus2864: folds 
Dorex2007: folds 
factis71: folds 
Rocky4444423: folds 
Mr.CashOutt: folds 
inte01: calls $0.02
santila: raises $0.06 to $0.08
CrazyBo97: raises $0.09 to $0.17 and is all-in
inte01: folds 
santila: calls $0.09
g@rdenplant leaves the table
*** FLOP *** [8s 7s Qd]
*** TURN *** [8s 7s Qd] [2c]
*** RIVER *** [8s 7s Qd 2c] [Jd]
*** SHOW DOWN ***
santila: shows [9d 9c] (a pair of Nines)
CrazyBo97: shows [2d 2s] (three of a kind, Deuces)
CrazyBo97 collected $0.35 from pot
*** SUMMARY ***
Total pot $0.36 | Rake $0.01 
Board [8s 7s Qd 2c Jd]
Seat 1: inte01 (button) folded before Flop
Seat 2: santila (small blind) showed [9d 9c] and lost with a pair of Nines
Seat 3: CrazyBo97 (big blind) showed [2d 2s] and won ($0.35) with three of a kind, Deuces
Seat 4: g@rdenplant folded before Flop (didn't bet)
Seat 5: Krokus2864 folded before Flop (didn't bet)
Seat 6: Dorex2007 folded before Flop (didn't bet)
Seat 7: factis71 folded before Flop (didn't bet)
Seat 8: Rocky4444423 folded before Flop (didn't bet)
Seat 9: Mr.CashOutt folded before Flop (didn't bet)



PokerStars Hand #231388302947:  Hold'em No Limit ($0.01/$0.02 USD) - 2021/11/13 20:52:23 PT [2021/11/13 23:52:23 ET]
Table 'Rosamunde' 9-max Seat #2 is the button
Seat 1: inte01 ($1.42 in chips) 
Seat 2: santila ($2 in chips) 
Seat 3: CrazyBo97 ($0.35 in chips) 
Seat 5: Krokus2864 ($2 in chips) 
Seat 6: Dorex2007 ($2.16 in chips) 
Seat 7: factis71 ($3.28 in chips) 
Seat 8: Rocky4444423 ($1.60 in chips) 
Seat 9: Mr.CashOutt ($1.94 in chips) 
CrazyBo97: posts small blind $0.01
Krokus2864: posts big blind $0.02
*** HOLE CARDS ***
Dealt to Dorex2007 [8s 2s]
Dorex2007: folds 
factis71: folds 
Rocky4444423: folds 
Mr.CashOutt: folds 
inte01: folds 
santila: raises $0.03 to $0.05
CrazyBo97: calls $0.04
Krokus2864: folds 
*** FLOP *** [7s 9h As]
CrazyBo97: bets $0.02
beki0524 joins the table at seat #4 
santila: raises $0.16 to $0.18
CrazyBo97: raises $0.12 to $0.30 and is all-in
santila: calls $0.12
*** TURN *** [7s 9h As] [6s]
*** RIVER *** [7s 9h As 6s] [3s]
*** SHOW DOWN ***
CrazyBo97: shows [Js 4s] (a flush, Ace high)
santila: shows [Ad 2d] (a pair of Aces)
CrazyBo97 collected $0.69 from pot
santila cashed out the hand for $0.42
*** SUMMARY ***
Total pot $0.72 | Rake $0.03 
Board [7s 9h As 6s 3s]
Seat 1: inte01 folded before Flop (didn't bet)
Seat 2: santila (button) showed [Ad 2d] and lost with a pair of Aces (cashed out).
Seat 3: CrazyBo97 (small blind) showed [Js 4s] and won ($0.69) with a flush, Ace high
Seat 5: Krokus2864 (big blind) folded before Flop
Seat 6: Dorex2007 folded before Flop (didn't bet)
Seat 7: factis71 folded before Flop (didn't bet)
Seat 8: Rocky4444423 folded before Flop (didn't bet)
Seat 9: Mr.CashOutt folded before Flop (didn't bet)



PokerStars Hand #231388309261:  Hold'em No Limit ($0.01/$0.02 USD) - 2021/11/13 20:53:02 PT [2021/11/13 23:53:02 ET]
Table 'Rosamunde' 9-max Seat #3 is the button
Seat 1: inte01 ($1.42 in chips) 
Seat 2: santila ($2.07 in chips) 
Seat 3: CrazyBo97 ($0.69 in chips) 
Seat 5: Krokus2864 ($2 in chips) 
Seat 6: Dorex2007 ($2.16 in chips) 
Seat 7: factis71 ($3.28 in chips) 
Seat 8: Rocky4444423 ($1.60 in chips) 
Seat 9: Mr.CashOutt ($1.94 in chips) 
Krokus2864: posts small blind $0.01
Dorex2007: posts big blind $0.02
*** HOLE CARDS ***
Dealt to Dorex2007 [Ts Qc]
factis71: folds 
factis71 leaves the table
Rocky4444423: folds 
Mr.CashOutt: folds 
inte01: folds 
santila: folds 
CrazyBo97: folds 
Krokus2864: folds 
Uncalled bet ($0.01) returned to Dorex2007
Dorex2007 collected $0.02 from pot
Dorex2007: doesn't show hand 
*** SUMMARY ***
Total pot $0.02 | Rake $0 
Seat 1: inte01 folded before Flop (didn't bet)
Seat 2: santila folded before Flop (didn't bet)
Seat 3: CrazyBo97 (button) folded before Flop (didn't bet)
Seat 5: Krokus2864 (small blind) folded before Flop
Seat 6: Dorex2007 (big blind) collected ($0.02)
Seat 7: factis71 folded before Flop (didn't bet)
Seat 8: Rocky4444423 folded before Flop (didn't bet)
Seat 9: Mr.CashOutt folded before Flop (didn't bet)



PokerStars Hand #231388312572:  Hold'em No Limit ($0.01/$0.02 USD) - 2021/11/13 20:53:21 PT [2021/11/13 23:53:21 ET]
Table 'Rosamunde' 9-max Seat #5 is the button
Seat 1: inte01 ($1.42 in chips) 
Seat 2: santila ($2.07 in chips) 
Seat 3: CrazyBo97 ($0.69 in chips) 
Seat 5: Krokus2864 ($2 in chips) 
Seat 6: Dorex2007 ($2.17 in chips) 
Seat 8: Rocky4444423 ($1.60 in chips) 
Seat 9: Mr.CashOutt ($1.94 in chips) 
Dorex2007: posts small blind $0.01
Rocky4444423: posts big blind $0.02
beki0524: sits out 
*** HOLE CARDS ***
Dealt to Dorex2007 [5h 6s]
Mr.CashOutt: folds 
inte01: folds 
santila: raises $0.03 to $0.05
CrazyBo97: folds 
Krokus2864: folds 
Dorex2007: folds 
Rocky4444423: folds 
Uncalled bet ($0.03) returned to santila
santila collected $0.05 from pot
santila: doesn't show hand 
*** SUMMARY ***
Total pot $0.05 | Rake $0 
Seat 1: inte01 folded before Flop (didn't bet)
Seat 2: santila collected ($0.05)
Seat 3: CrazyBo97 folded before Flop (didn't bet)
Seat 5: Krokus2864 (button) folded before Flop (didn't bet)
Seat 6: Dorex2007 (small blind) folded before Flop
Seat 8: Rocky4444423 (big blind) folded before Flop
Seat 9: Mr.CashOutt folded before Flop (didn't bet)



PokerStars Hand #231388318515:  Hold'em No Limit ($0.01/$0.02 USD) - 2021/11/13 20:53:57 PT [2021/11/13 23:53:57 ET]
Table 'Rosamunde' 9-max Seat #6 is the button
Seat 1: inte01 ($1.42 in chips) 
Seat 2: santila ($2.10 in chips) 
Seat 3: CrazyBo97 ($0.69 in chips) 
Seat 5: Krokus2864 ($2 in chips) 
Seat 6: Dorex2007 ($2.16 in chips) 
Seat 8: Rocky4444423 ($1.58 in chips) 
Seat 9: Mr.CashOutt ($1.94 in chips) 
Rocky4444423: posts small blind $0.01
Mr.CashOutt: posts big blind $0.02
beki0524: sits out 
*** HOLE CARDS ***
Dealt to Dorex2007 [4h Ah]
inte01: calls $0.02
santila: folds 
CrazyBo97: calls $0.02
Krokus2864: folds 
Dorex2007: calls $0.02
Rocky4444423: calls $0.01
Mr.CashOutt: checks 
*** FLOP *** [9d 6h Qs]
Rocky4444423: checks 
Mr.CashOutt: checks 
inte01: checks 
CrazyBo97: checks 
Dorex2007: checks 
*** TURN *** [9d 6h Qs] [Qc]
Rocky4444423: checks 
Mr.CashOutt: checks 
inte01: checks 
CrazyBo97: checks 
Dorex2007: checks 
*** RIVER *** [9d 6h Qs Qc] [4d]
Rocky4444423: checks 
Mr.CashOutt: checks 
inte01: checks 
CrazyBo97: checks 
Dorex2007: checks 
*** SHOW DOWN ***
Rocky4444423: shows [Tc 3d] (a pair of Queens)
Mr.CashOutt: shows [Th Ac] (a pair of Queens - Ace kicker)
inte01: shows [7d 6d] (two pair, Queens and Sixes)
CrazyBo97: mucks hand 
Dorex2007: mucks hand 
inte01 collected $0.10 from pot
*** SUMMARY ***
Total pot $0.10 | Rake $0 
Board [9d 6h Qs Qc 4d]
Seat 1: inte01 showed [7d 6d] and won ($0.10) with two pair, Queens and Sixes
Seat 2: santila folded before Flop (didn't bet)
Seat 3: CrazyBo97 mucked [7s Jh]
Seat 5: Krokus2864 folded before Flop (didn't bet)
Seat 6: Dorex2007 (button) mucked [4h Ah]
Seat 8: Rocky4444423 (small blind) showed [Tc 3d] and lost with a pair of Queens
Seat 9: Mr.CashOutt (big blind) showed [Th Ac] and lost with a pair of Queens



PokerStars Hand #231388331896:  Hold'em No Limit ($0.01/$0.02 USD) - 2021/11/13 20:55:20 PT [2021/11/13 23:55:20 ET]
Table 'Rosamunde' 9-max Seat #8 is the button
Seat 1: inte01 ($1.50 in chips) 
Seat 2: santila ($2.10 in chips) 
Seat 3: CrazyBo97 ($0.67 in chips) 
Seat 5: Krokus2864 ($2 in chips) 
Seat 6: Dorex2007 ($2.14 in chips) 
Seat 8: Rocky4444423 ($1.56 in chips) 
Seat 9: Mr.CashOutt ($1.92 in chips) 
Mr.CashOutt: posts small blind $0.01
inte01: posts big blind $0.02
beki0524: sits out 
*** HOLE CARDS ***
Dealt to Dorex2007 [3d Js]
santila: folds 
CrazyBo97: calls $0.02
Krokus2864: folds 
Dorex2007: folds 
Rocky4444423: folds 
Mr.CashOutt: folds 
inte01: checks 
*** FLOP *** [7c 5c 4c]
inte01: checks 
CrazyBo97: bets $0.02
inte01: folds 
Uncalled bet ($0.02) returned to CrazyBo97
CrazyBo97 collected $0.05 from pot
*** SUMMARY ***
Total pot $0.05 | Rake $0 
Board [7c 5c 4c]
Seat 1: inte01 (big blind) folded on the Flop
Seat 2: santila folded before Flop (didn't bet)
Seat 3: CrazyBo97 collected ($0.05)
Seat 5: Krokus2864 folded before Flop (didn't bet)
Seat 6: Dorex2007 folded before Flop (didn't bet)
Seat 8: Rocky4444423 (button) folded before Flop (didn't bet)
Seat 9: Mr.CashOutt (small blind) folded before Flop



PokerStars Hand #231388335817:  Hold'em No Limit ($0.01/$0.02 USD) - 2021/11/13 20:55:48 PT [2021/11/13 23:55:48 ET]
Table 'Rosamunde' 9-max Seat #9 is the button
Seat 1: inte01 ($1.48 in chips) 
Seat 2: santila ($2.10 in chips) 
Seat 3: CrazyBo97 ($0.70 in chips) 
Seat 5: Krokus2864 ($2 in chips) 
Seat 6: Dorex2007 ($2.14 in chips) 
Seat 8: Rocky4444423 ($1.56 in chips) 
Seat 9: Mr.CashOutt ($1.91 in chips) 
inte01: posts small blind $0.01
santila: posts big blind $0.02
beki0524: sits out 
*** HOLE CARDS ***
Dealt to Dorex2007 [7h 4s]
CrazyBo97: folds 
Krokus2864: folds 
Dorex2007: folds 
Rocky4444423: folds 
Mr.CashOutt: folds 
inte01: calls $0.01
santila: checks 
*** FLOP *** [Ad Tc 6d]
inte01: checks 
santila: bets $0.02
inte01: calls $0.02
*** TURN *** [Ad Tc 6d] [As]
inte01: checks 
santila: bets $0.06
inte01: folds 
Uncalled bet ($0.06) returned to santila
santila collected $0.08 from pot
santila: doesn't show hand 
*** SUMMARY ***
Total pot $0.08 | Rake $0 
Board [Ad Tc 6d As]
Seat 1: inte01 (small blind) folded on the Turn
Seat 2: santila (big blind) collected ($0.08)
Seat 3: CrazyBo97 folded before Flop (didn't bet)
Seat 5: Krokus2864 folded before Flop (didn't bet)
Seat 6: Dorex2007 folded before Flop (didn't bet)
Seat 8: Rocky4444423 folded before Flop (didn't bet)
Seat 9: Mr.CashOutt (button) folded before Flop (didn't bet)



PokerStars Hand #231388341017:  Hold'em No Limit ($0.01/$0.02 USD) - 2021/11/13 20:56:27 PT [2021/11/13 23:56:27 ET]
Table 'Rosamunde' 9-max Seat #1 is the button
Seat 1: inte01 ($1.44 in chips) 
Seat 2: santila ($2.14 in chips) 
Seat 3: CrazyBo97 ($0.70 in chips) 
Seat 5: Krokus2864 ($2 in chips) 
Seat 6: Dorex2007 ($2.14 in chips) 
Seat 8: Rocky4444423 ($1.56 in chips) 
Seat 9: Mr.CashOutt ($1.91 in chips) 
santila: posts small blind $0.01
CrazyBo97: posts big blind $0.02
beki0524: sits out 
*** HOLE CARDS ***
Dealt to Dorex2007 [Ah 3h]
Krokus2864: calls $0.02
Dorex2007: calls $0.02
Rocky4444423 has timed out
Rocky4444423: folds 
Mr.CashOutt: folds 
inte01: folds 
santila: folds 
CrazyBo97: checks 
*** FLOP *** [7s Ad 7d]
CrazyBo97: checks 
Krokus2864: checks 
Dorex2007: bets $0.07
CrazyBo97: folds 
Krokus2864: folds 
Uncalled bet ($0.07) returned to Dorex2007
Dorex2007 collected $0.07 from pot
Dorex2007: doesn't show hand 
*** SUMMARY ***
Total pot $0.07 | Rake $0 
Board [7s Ad 7d]
Seat 1: inte01 (button) folded before Flop (didn't bet)
Seat 2: santila (small blind) folded before Flop
Seat 3: CrazyBo97 (big blind) folded on the Flop
Seat 5: Krokus2864 folded on the Flop
Seat 6: Dorex2007 collected ($0.07)
Seat 8: Rocky4444423 folded before Flop (didn't bet)
Seat 9: Mr.CashOutt folded before Flop (didn't bet)



PokerStars Hand #231388346725:  Hold'em No Limit ($0.01/$0.02 USD) - 2021/11/13 20:57:08 PT [2021/11/13 23:57:08 ET]
Table 'Rosamunde' 9-max Seat #2 is the button
Seat 1: inte01 ($1.44 in chips) 
Seat 2: santila ($2.13 in chips) 
Seat 3: CrazyBo97 ($0.68 in chips) 
Seat 4: beki0524 ($1 in chips) 
Seat 5: Krokus2864 ($2 in chips) 
Seat 6: Dorex2007 ($2.19 in chips) 
Seat 8: Rocky4444423 ($1.56 in chips) 
Seat 9: Mr.CashOutt ($1.91 in chips) 
CrazyBo97: posts small blind $0.01
beki0524: posts big blind $0.02
*** HOLE CARDS ***
Dealt to Dorex2007 [5h 8h]
Krokus2864: folds 
Dorex2007: folds 
Rocky4444423: folds 
Mr.CashOutt: raises $0.04 to $0.06
inte01 said, "o"
inte01: folds 
santila: folds 
CrazyBo97: folds 
beki0524: calls $0.04
*** FLOP *** [2d 6c Kd]
beki0524: bets $0.06
Mr.CashOutt: calls $0.06
*** TURN *** [2d 6c Kd] [3s]
beki0524: checks 
Mr.CashOutt: checks 
*** RIVER *** [2d 6c Kd 3s] [2c]
beki0524: checks 
Mr.CashOutt: checks 
*** SHOW DOWN ***
beki0524: shows [Js 2s] (three of a kind, Deuces)
Mr.CashOutt: mucks hand 
beki0524 collected $0.24 from pot
*** SUMMARY ***
Total pot $0.25 | Rake $0.01 
Board [2d 6c Kd 3s 2c]
Seat 1: inte01 folded before Flop (didn't bet)
Seat 2: santila (button) folded before Flop (didn't bet)
Seat 3: CrazyBo97 (small blind) folded before Flop
Seat 4: beki0524 (big blind) showed [Js 2s] and won ($0.24) with three of a kind, Deuces
Seat 5: Krokus2864 folded before Flop (didn't bet)
Seat 6: Dorex2007 folded before Flop (didn't bet)
Seat 8: Rocky4444423 folded before Flop (didn't bet)
Seat 9: Mr.CashOutt mucked [Qh Ad]



PokerStars Hand #231388353818:  Hold'em No Limit ($0.01/$0.02 USD) - 2021/11/13 20:57:58 PT [2021/11/13 23:57:58 ET]
Table 'Rosamunde' 9-max Seat #3 is the button
Seat 1: inte01 ($1.44 in chips) 
Seat 2: santila ($2.13 in chips) 
Seat 3: CrazyBo97 ($0.67 in chips) 
Seat 4: beki0524 ($1.12 in chips) 
Seat 5: Krokus2864 ($2 in chips) 
Seat 6: Dorex2007 ($2.19 in chips) 
Seat 8: Rocky4444423 ($1.56 in chips) 
Seat 9: Mr.CashOutt ($1.79 in chips) 
beki0524: posts small blind $0.01
Krokus2864: posts big blind $0.02
*** HOLE CARDS ***
Dealt to Dorex2007 [5s Kh]
Dorex2007: folds 
Rocky4444423: folds 
Bubka111 joins the table at seat #7 
Mr.CashOutt: raises $0.04 to $0.06
inte01: folds 
santila: folds 
CrazyBo97: calls $0.06
beki0524: calls $0.05
Krokus2864: folds 
*** FLOP *** [Js 4c 7d]
beki0524: checks 
Mr.CashOutt: bets $0.10
CrazyBo97: folds 
beki0524: folds 
Uncalled bet ($0.10) returned to Mr.CashOutt
Mr.CashOutt collected $0.19 from pot
Mr.CashOutt: doesn't show hand 
*** SUMMARY ***
Total pot $0.20 | Rake $0.01 
Board [Js 4c 7d]
Seat 1: inte01 folded before Flop (didn't bet)
Seat 2: santila folded before Flop (didn't bet)
Seat 3: CrazyBo97 (button) folded on the Flop
Seat 4: beki0524 (small blind) folded on the Flop
Seat 5: Krokus2864 (big blind) folded before Flop
Seat 6: Dorex2007 folded before Flop (didn't bet)
Seat 8: Rocky4444423 folded before Flop (didn't bet)
Seat 9: Mr.CashOutt collected ($0.19)



PokerStars Hand #231388360244:  Hold'em No Limit ($0.01/$0.02 USD) - 2021/11/13 20:58:45 PT [2021/11/13 23:58:45 ET]
Table 'Rosamunde' 9-max Seat #4 is the button
Seat 1: inte01 ($1.44 in chips) 
Seat 2: santila ($2.13 in chips) 
Seat 3: CrazyBo97 ($0.61 in chips) 
Seat 4: beki0524 ($1.06 in chips) 
Seat 5: Krokus2864 ($2 in chips) 
Seat 6: Dorex2007 ($2.19 in chips) 
Seat 7: Bubka111 ($1 in chips) 
Seat 8: Rocky4444423 ($1.56 in chips) 
Seat 9: Mr.CashOutt ($1.92 in chips) 
Krokus2864: posts small blind $0.01
Dorex2007: posts big blind $0.02
Bubka111: posts big blind $0.02
*** HOLE CARDS ***
Dealt to Dorex2007 [Kd 8d]
Bubka111: checks 
Rocky4444423: folds 
Mr.CashOutt: folds 
inte01: calls $0.02
santila: raises $0.03 to $0.05
CrazyBo97: folds 
beki0524: raises $0.03 to $0.08
Krokus2864: calls $0.07
Dorex2007: folds 
Bubka111: folds 
inte01: calls $0.06
santila: calls $0.03
*** FLOP *** [7s 8c Qc]
Krokus2864: checks 
inte01: checks 
santila: checks 
beki0524: checks 
*** TURN *** [7s 8c Qc] [Ad]
Krokus2864: checks 
inte01: checks 
santila: checks 
beki0524: checks 
*** RIVER *** [7s 8c Qc Ad] [Ts]
Krokus2864: checks 
inte01: bets $0.10
santila: folds 
beki0524: folds 
Krokus2864: raises $1.82 to $1.92 and is all-in
inte01: folds 
Uncalled bet ($1.82) returned to Krokus2864
Krokus2864 collected $0.54 from pot
Krokus2864: doesn't show hand 
*** SUMMARY ***
Total pot $0.56 | Rake $0.02 
Board [7s 8c Qc Ad Ts]
Seat 1: inte01 folded on the River
Seat 2: santila folded on the River
Seat 3: CrazyBo97 folded before Flop (didn't bet)
Seat 4: beki0524 (button) folded on the River
Seat 5: Krokus2864 (small blind) collected ($0.54)
Seat 6: Dorex2007 (big blind) folded before Flop
Seat 7: Bubka111 folded before Flop (didn't bet)
Seat 8: Rocky4444423 folded before Flop (didn't bet)
Seat 9: Mr.CashOutt folded before Flop (didn't bet)



