PokerStars Hand #230720601553:  Hold'em No Limit ($0.01/$0.02 USD) - 2021/10/18 23:10:28 PT [2021/10/19 2:10:28 ET]
Table 'Kniertje III' 9-max Seat #8 is the button
Seat 1: bloody55hawk ($0.93 in chips) 
Seat 2: saneti ($2.08 in chips) 
Seat 4: MaddCold ($1.26 in chips) 
Seat 5: rspk4T ($2.29 in chips) 
Seat 6: Artur16228 ($0.67 in chips) 
Seat 7: Dorex2007 ($2 in chips) 
Seat 8: Luluxzx ($1.81 in chips) 
Seat 9: lolilolka ($2 in chips) 
lolilolka: posts small blind $0.01
bloody55hawk: posts big blind $0.02
Dorex2007: posts big blind $0.02
*** HOLE CARDS ***
Dealt to Dorex2007 [Td 8d]
saneti: calls $0.02
MaddCold: folds 
rspk4T: calls $0.02
Artur16228: calls $0.02
Dorex2007: checks 
Luluxzx: raises $0.02 to $0.04
lolilolka: calls $0.03
bloody55hawk: folds 
saneti: folds 
rspk4T: calls $0.02
Artur16228: calls $0.02
Dorex2007: folds 
*** FLOP *** [4c 3c 2h]
lolilolka: bets $0.08
rspk4T: calls $0.08
Artur16228: calls $0.08
Luluxzx: folds 
*** TURN *** [4c 3c 2h] [Ad]
lolilolka: checks 
rspk4T: bets $0.06
Artur16228: folds 
lolilolka: calls $0.06
*** RIVER *** [4c 3c 2h Ad] [5h]
lolilolka: checks 
rspk4T: checks 
*** SHOW DOWN ***
lolilolka: shows [9h 9c] (a straight, Ace to Five)
rspk4T: shows [4d 7d] (a straight, Ace to Five)
lolilolka collected $0.28 from pot
rspk4T collected $0.28 from pot
*** SUMMARY ***
Total pot $0.58 | Rake $0.02 
Board [4c 3c 2h Ad 5h]
Seat 1: bloody55hawk (big blind) folded before Flop
Seat 2: saneti folded before Flop
Seat 4: MaddCold folded before Flop (didn't bet)
Seat 5: rspk4T showed [4d 7d] and won ($0.28) with a straight, Ace to Five
Seat 6: Artur16228 folded on the Turn
Seat 7: Dorex2007 folded before Flop (didn't bet)
Seat 8: Luluxzx (button) folded on the Flop
Seat 9: lolilolka (small blind) showed [9h 9c] and won ($0.28) with a straight, Ace to Five



PokerStars Hand #230720610591:  Hold'em No Limit ($0.01/$0.02 USD) - 2021/10/18 23:11:42 PT [2021/10/19 2:11:42 ET]
Table 'Kniertje III' 9-max Seat #9 is the button
Seat 1: bloody55hawk ($0.91 in chips) 
Seat 2: saneti ($2.06 in chips) 
Seat 4: MaddCold ($1.26 in chips) 
Seat 5: rspk4T ($2.39 in chips) 
Seat 6: Artur16228 ($0.55 in chips) 
Seat 7: Dorex2007 ($2 in chips) 
Seat 8: Luluxzx ($1.77 in chips) 
Seat 9: lolilolka ($2.10 in chips) 
bloody55hawk: posts small blind $0.01
saneti: posts big blind $0.02
*** HOLE CARDS ***
Dealt to Dorex2007 [7s Qc]
MaddCold has timed out
MaddCold: folds 
rspk4T: folds 
Artur16228: raises $0.04 to $0.06
Dorex2007: folds 
Luluxzx: folds 
lolilolka: folds 
bloody55hawk: folds 
saneti: folds 
Uncalled bet ($0.04) returned to Artur16228
Artur16228 collected $0.05 from pot
Artur16228: doesn't show hand 
*** SUMMARY ***
Total pot $0.05 | Rake $0 
Seat 1: bloody55hawk (small blind) folded before Flop
Seat 2: saneti (big blind) folded before Flop
Seat 4: MaddCold folded before Flop (didn't bet)
Seat 5: rspk4T folded before Flop (didn't bet)
Seat 6: Artur16228 collected ($0.05)
Seat 7: Dorex2007 folded before Flop (didn't bet)
Seat 8: Luluxzx folded before Flop (didn't bet)
Seat 9: lolilolka (button) folded before Flop (didn't bet)



PokerStars Hand #230720614497:  Hold'em No Limit ($0.01/$0.02 USD) - 2021/10/18 23:12:14 PT [2021/10/19 2:12:14 ET]
Table 'Kniertje III' 9-max Seat #1 is the button
Seat 1: bloody55hawk ($0.90 in chips) 
Seat 2: saneti ($2.04 in chips) 
Seat 4: MaddCold ($1.26 in chips) 
Seat 5: rspk4T ($2.39 in chips) 
Seat 6: Artur16228 ($0.58 in chips) 
Seat 7: Dorex2007 ($2 in chips) 
Seat 8: Luluxzx ($1.77 in chips) 
Seat 9: lolilolka ($2.10 in chips) 
saneti: posts small blind $0.01
MaddCold: posts big blind $0.02
*** HOLE CARDS ***
Dealt to Dorex2007 [8h Qc]
rspk4T: calls $0.02
Artur16228: raises $0.02 to $0.04
Dorex2007: folds 
Luluxzx: folds 
lolilolka: folds 
bloody55hawk: folds 
saneti: calls $0.03
MaddCold: raises $0.14 to $0.18
rspk4T: folds 
Artur16228: calls $0.14
saneti: calls $0.14
*** FLOP *** [2c 6c 3d]
saneti: checks 
MaddCold: bets $0.25
Artur16228: raises $0.15 to $0.40 and is all-in
saneti: calls $0.40
MaddCold: calls $0.15
*** TURN *** [2c 6c 3d] [4d]
saneti: checks 
MaddCold: checks 
*** RIVER *** [2c 6c 3d 4d] [Ts]
saneti: bets $0.85
MaddCold: folds 
Uncalled bet ($0.85) returned to saneti
*** SHOW DOWN ***
saneti: shows [5h 7h] (a straight, Three to Seven)
Artur16228: shows [8s 8c] (a pair of Eights)
saneti collected $1.68 from pot
*** SUMMARY ***
Total pot $1.76 | Rake $0.08 
Board [2c 6c 3d 4d Ts]
Seat 1: bloody55hawk (button) folded before Flop (didn't bet)
Seat 2: saneti (small blind) showed [5h 7h] and won ($1.68) with a straight, Three to Seven
Seat 4: MaddCold (big blind) folded on the River
Seat 5: rspk4T folded before Flop
Seat 6: Artur16228 showed [8s 8c] and lost with a pair of Eights
Seat 7: Dorex2007 folded before Flop (didn't bet)
Seat 8: Luluxzx folded before Flop (didn't bet)
Seat 9: lolilolka folded before Flop (didn't bet)



PokerStars Hand #230720621714:  Hold'em No Limit ($0.01/$0.02 USD) - 2021/10/18 23:13:14 PT [2021/10/19 2:13:14 ET]
Table 'Kniertje III' 9-max Seat #2 is the button
Seat 1: bloody55hawk ($0.90 in chips) 
Seat 2: saneti ($3.14 in chips) 
Seat 4: MaddCold ($0.68 in chips) 
Seat 5: rspk4T ($2.37 in chips) 
Seat 7: Dorex2007 ($2 in chips) 
Seat 8: Luluxzx ($1.77 in chips) 
Seat 9: lolilolka ($2.10 in chips) 
MaddCold: posts small blind $0.01
rspk4T: posts big blind $0.02
*** HOLE CARDS ***
Dealt to Dorex2007 [9c 5h]
Dorex2007: folds 
Artur16228 leaves the table
Luluxzx: calls $0.02
lolilolka: folds 
bloody55hawk: folds 
saneti: calls $0.02
MaddCold: raises $0.08 to $0.10
rspk4T: folds 
oblivionreX joins the table at seat #6 
Luluxzx: calls $0.08
saneti: calls $0.08
*** FLOP *** [7s 7h 2s]
rspk4T leaves the table
MaddCold: bets $0.58 and is all-in
Luluxzx: calls $0.58
saneti: calls $0.58
*** TURN *** [7s 7h 2s] [3c]
Luluxzx: checks 
TheLegendaryOne joins the table at seat #5 
saneti: checks 
*** RIVER *** [7s 7h 2s 3c] [Qs]
Luluxzx: bets $0.18
saneti: calls $0.18
*** SHOW DOWN ***
Luluxzx: shows [8s Js] (a flush, Queen high)
saneti: mucks hand 
Luluxzx collected $0.35 from side pot
MaddCold: mucks hand 
Luluxzx collected $1.99 from main pot
*** SUMMARY ***
Total pot $2.42 Main pot $1.99. Side pot $0.35. | Rake $0.08 
Board [7s 7h 2s 3c Qs]
Seat 1: bloody55hawk folded before Flop (didn't bet)
Seat 2: saneti (button) mucked [9d 7d]
Seat 4: MaddCold (small blind) mucked [Jd 8d]
Seat 5: rspk4T (big blind) folded before Flop
Seat 7: Dorex2007 folded before Flop (didn't bet)
Seat 8: Luluxzx showed [8s Js] and won ($2.34) with a flush, Queen high
Seat 9: lolilolka folded before Flop (didn't bet)



PokerStars Hand #230720628177:  Hold'em No Limit ($0.01/$0.02 USD) - 2021/10/18 23:14:07 PT [2021/10/19 2:14:07 ET]
Table 'Kniertje III' 9-max Seat #7 is the button
Seat 1: bloody55hawk ($0.90 in chips) 
Seat 2: saneti ($2.28 in chips) 
Seat 6: oblivionreX ($2 in chips) 
Seat 7: Dorex2007 ($2 in chips) 
Seat 8: Luluxzx ($3.25 in chips) 
Seat 9: lolilolka ($2.10 in chips) 
Luluxzx: posts small blind $0.01
lolilolka: posts big blind $0.02
TheLegendaryOne: sits out 
oblivionreX: posts big blind $0.02
*** HOLE CARDS ***
Dealt to Dorex2007 [2c Qc]
bloody55hawk: folds 
saneti: calls $0.02
oblivionreX: checks 
MaddCold is disconnected 
Dorex2007: folds 
Luluxzx: calls $0.01
lolilolka: checks 
*** FLOP *** [8s 6c 5h]
TheLegendaryOne leaves the table
Luluxzx: checks 
lolilolka: checks 
koban4ur joins the table at seat #5 
saneti: checks 
oblivionreX: checks 
*** TURN *** [8s 6c 5h] [3h]
Luluxzx: checks 
lolilolka: checks 
saneti: checks 
oblivionreX: checks 
*** RIVER *** [8s 6c 5h 3h] [8h]
Luluxzx: checks 
lolilolka: checks 
saneti: checks 
oblivionreX: checks 
*** SHOW DOWN ***
Luluxzx: shows [9c Qs] (a pair of Eights)
lolilolka: shows [6d Js] (two pair, Eights and Sixes)
saneti: mucks hand 
oblivionreX: mucks hand 
lolilolka collected $0.08 from pot
*** SUMMARY ***
Total pot $0.08 | Rake $0 
Board [8s 6c 5h 3h 8h]
Seat 1: bloody55hawk folded before Flop (didn't bet)
Seat 2: saneti mucked [Ts Ah]
Seat 6: oblivionreX mucked [2h 3c]
Seat 7: Dorex2007 (button) folded before Flop (didn't bet)
Seat 8: Luluxzx (small blind) showed [9c Qs] and lost with a pair of Eights
Seat 9: lolilolka (big blind) showed [6d Js] and won ($0.08) with two pair, Eights and Sixes



PokerStars Hand #230720636336:  Hold'em No Limit ($0.01/$0.02 USD) - 2021/10/18 23:15:14 PT [2021/10/19 2:15:14 ET]
Table 'Kniertje III' 9-max Seat #8 is the button
Seat 1: bloody55hawk ($0.90 in chips) 
Seat 2: saneti ($2.26 in chips) 
Seat 6: oblivionreX ($1.98 in chips) 
Seat 7: Dorex2007 ($2 in chips) 
Seat 8: Luluxzx ($3.23 in chips) 
Seat 9: lolilolka ($2.16 in chips) 
lolilolka: posts small blind $0.01
bloody55hawk: posts big blind $0.02
VoVaN4o 14: sits out 
koban4ur: sits out 
*** HOLE CARDS ***
Dealt to Dorex2007 [7s 5h]
saneti: folds 
oblivionreX: folds 
Dorex2007: folds 
Luluxzx: calls $0.02
lolilolka: calls $0.01
bloody55hawk: checks 
*** FLOP *** [Kc Jc 9d]
lolilolka: checks 
bloody55hawk: bets $0.06
Luluxzx: calls $0.06
lolilolka: calls $0.06
*** TURN *** [Kc Jc 9d] [5c]
lolilolka: checks 
bloody55hawk: checks 
Luluxzx: bets $0.02
lolilolka: raises $0.08 to $0.10
bloody55hawk: folds 
Luluxzx: raises $0.08 to $0.18
lolilolka: raises $0.30 to $0.48
Luluxzx: calls $0.30
*** RIVER *** [Kc Jc 9d 5c] [3c]
lolilolka: bets $0.58
Luluxzx: folds 
Uncalled bet ($0.58) returned to lolilolka
lolilolka collected $1.16 from pot
lolilolka: doesn't show hand 
*** SUMMARY ***
Total pot $1.20 | Rake $0.04 
Board [Kc Jc 9d 5c 3c]
Seat 1: bloody55hawk (big blind) folded on the Turn
Seat 2: saneti folded before Flop (didn't bet)
Seat 6: oblivionreX folded before Flop (didn't bet)
Seat 7: Dorex2007 folded before Flop (didn't bet)
Seat 8: Luluxzx (button) folded on the River
Seat 9: lolilolka (small blind) collected ($1.16)



PokerStars Hand #230720647721:  Hold'em No Limit ($0.01/$0.02 USD) - 2021/10/18 23:16:47 PT [2021/10/19 2:16:47 ET]
Table 'Kniertje III' 9-max Seat #9 is the button
Seat 1: bloody55hawk ($0.82 in chips) 
Seat 2: saneti ($2.26 in chips) 
Seat 6: oblivionreX ($1.98 in chips) 
Seat 7: Dorex2007 ($2 in chips) 
Seat 8: Luluxzx ($2.67 in chips) 
Seat 9: lolilolka ($2.76 in chips) 
bloody55hawk: posts small blind $0.01
saneti: posts big blind $0.02
VoVaN4o 14: sits out 
koban4ur: sits out 
*** HOLE CARDS ***
Dealt to Dorex2007 [Ac 6c]
oblivionreX: folds 
Dorex2007: raises $0.04 to $0.06
Luluxzx: folds 
lolilolka: folds 
bloody55hawk: folds 
saneti: folds 
Uncalled bet ($0.04) returned to Dorex2007
Dorex2007 collected $0.05 from pot
Dorex2007: doesn't show hand 
*** SUMMARY ***
Total pot $0.05 | Rake $0 
Seat 1: bloody55hawk (small blind) folded before Flop
Seat 2: saneti (big blind) folded before Flop
Seat 6: oblivionreX folded before Flop (didn't bet)
Seat 7: Dorex2007 collected ($0.05)
Seat 8: Luluxzx folded before Flop (didn't bet)
Seat 9: lolilolka (button) folded before Flop (didn't bet)



PokerStars Hand #230720650226:  Hold'em No Limit ($0.01/$0.02 USD) - 2021/10/18 23:17:08 PT [2021/10/19 2:17:08 ET]
Table 'Kniertje III' 9-max Seat #1 is the button
Seat 1: bloody55hawk ($0.81 in chips) 
Seat 2: saneti ($2.24 in chips) 
Seat 3: VoVaN4o 14 ($1.18 in chips) 
Seat 6: oblivionreX ($1.98 in chips) 
Seat 7: Dorex2007 ($2.03 in chips) 
Seat 8: Luluxzx ($2.67 in chips) 
Seat 9: lolilolka ($2.76 in chips) 
saneti: posts small blind $0.01
VoVaN4o 14: posts big blind $0.02
koban4ur: sits out 
*** HOLE CARDS ***
Dealt to Dorex2007 [2h 8s]
oblivionreX: folds 
Dorex2007: folds 
Luluxzx: folds 
lolilolka: folds 
bloody55hawk: raises $0.02 to $0.04
saneti: raises $2.20 to $2.24 and is all-in
VoVaN4o 14: folds 
bloody55hawk: folds 
Uncalled bet ($2.20) returned to saneti
saneti collected $0.10 from pot
saneti: doesn't show hand 
*** SUMMARY ***
Total pot $0.10 | Rake $0 
Seat 1: bloody55hawk (button) folded before Flop
Seat 2: saneti (small blind) collected ($0.10)
Seat 3: VoVaN4o 14 (big blind) folded before Flop
Seat 6: oblivionreX folded before Flop (didn't bet)
Seat 7: Dorex2007 folded before Flop (didn't bet)
Seat 8: Luluxzx folded before Flop (didn't bet)
Seat 9: lolilolka folded before Flop (didn't bet)



PokerStars Hand #230720653972:  Hold'em No Limit ($0.01/$0.02 USD) - 2021/10/18 23:17:39 PT [2021/10/19 2:17:39 ET]
Table 'Kniertje III' 9-max Seat #2 is the button
Seat 1: bloody55hawk ($0.80 in chips) 
Seat 2: saneti ($2.30 in chips) 
Seat 3: VoVaN4o 14 ($1.16 in chips) 
Seat 5: koban4ur ($2 in chips) 
Seat 6: oblivionreX ($1.98 in chips) 
Seat 7: Dorex2007 ($2.03 in chips) 
Seat 8: Luluxzx ($2.67 in chips) 
Seat 9: lolilolka ($2.76 in chips) 
VoVaN4o 14: posts small blind $0.01
koban4ur: posts big blind $0.02
*** HOLE CARDS ***
Dealt to Dorex2007 [5h 8s]
oblivionreX: folds 
Dorex2007: folds 
Luluxzx: folds 
lolilolka: folds 
bloody55hawk: folds 
saneti: folds 
VoVaN4o 14: raises $0.02 to $0.04
koban4ur: calls $0.02
*** FLOP *** [Tc 9d 6d]
VoVaN4o 14: bets $0.04
koban4ur: calls $0.04
*** TURN *** [Tc 9d 6d] [3s]
saneti leaves the table
VoVaN4o 14: bets $0.04
koban4ur: folds 
Uncalled bet ($0.04) returned to VoVaN4o 14
VoVaN4o 14 collected $0.15 from pot
*** SUMMARY ***
Total pot $0.16 | Rake $0.01 
Board [Tc 9d 6d 3s]
Seat 1: bloody55hawk folded before Flop (didn't bet)
Seat 2: saneti (button) folded before Flop (didn't bet)
Seat 3: VoVaN4o 14 (small blind) collected ($0.15)
Seat 5: koban4ur (big blind) folded on the Turn
Seat 6: oblivionreX folded before Flop (didn't bet)
Seat 7: Dorex2007 folded before Flop (didn't bet)
Seat 8: Luluxzx folded before Flop (didn't bet)
Seat 9: lolilolka folded before Flop (didn't bet)



PokerStars Hand #230720657250:  Hold'em No Limit ($0.01/$0.02 USD) - 2021/10/18 23:18:06 PT [2021/10/19 2:18:06 ET]
Table 'Kniertje III' 9-max Seat #3 is the button
Seat 1: bloody55hawk ($0.80 in chips) 
Seat 3: VoVaN4o 14 ($1.23 in chips) 
Seat 5: koban4ur ($1.92 in chips) 
Seat 6: oblivionreX ($1.98 in chips) 
Seat 7: Dorex2007 ($2.03 in chips) 
Seat 8: Luluxzx ($2.67 in chips) 
Seat 9: lolilolka ($2.76 in chips) 
koban4ur: posts small blind $0.01
oblivionreX: posts big blind $0.02
*** HOLE CARDS ***
Dealt to Dorex2007 [6d 4d]
Dorex2007: folds 
Luluxzx: folds 
lolilolka: folds 
bloody55hawk: folds 
VoVaN4o 14: folds 
koban4ur: folds 
Uncalled bet ($0.01) returned to oblivionreX
oblivionreX collected $0.02 from pot
oblivionreX: doesn't show hand 
*** SUMMARY ***
Total pot $0.02 | Rake $0 
Seat 1: bloody55hawk folded before Flop (didn't bet)
Seat 3: VoVaN4o 14 (button) folded before Flop (didn't bet)
Seat 5: koban4ur (small blind) folded before Flop
Seat 6: oblivionreX (big blind) collected ($0.02)
Seat 7: Dorex2007 folded before Flop (didn't bet)
Seat 8: Luluxzx folded before Flop (didn't bet)
Seat 9: lolilolka folded before Flop (didn't bet)



PokerStars Hand #230720658762:  Hold'em No Limit ($0.01/$0.02 USD) - 2021/10/18 23:18:18 PT [2021/10/19 2:18:18 ET]
Table 'Kniertje III' 9-max Seat #5 is the button
Seat 1: bloody55hawk ($0.80 in chips) 
Seat 3: VoVaN4o 14 ($1.23 in chips) 
Seat 5: koban4ur ($1.91 in chips) 
Seat 6: oblivionreX ($1.99 in chips) 
Seat 7: Dorex2007 ($2.03 in chips) 
Seat 8: Luluxzx ($2.67 in chips) 
Seat 9: lolilolka ($2.76 in chips) 
oblivionreX: posts small blind $0.01
Dorex2007: posts big blind $0.02
*** HOLE CARDS ***
Dealt to Dorex2007 [Th Ad]
Luluxzx: folds 
lolilolka: folds 
dmcrbr joins the table at seat #2 
bloody55hawk: folds 
VoVaN4o 14: folds 
koban4ur: folds 
oblivionreX: folds 
Uncalled bet ($0.01) returned to Dorex2007
Dorex2007 collected $0.02 from pot
Dorex2007: doesn't show hand 
*** SUMMARY ***
Total pot $0.02 | Rake $0 
Seat 1: bloody55hawk folded before Flop (didn't bet)
Seat 3: VoVaN4o 14 folded before Flop (didn't bet)
Seat 5: koban4ur (button) folded before Flop (didn't bet)
Seat 6: oblivionreX (small blind) folded before Flop
Seat 7: Dorex2007 (big blind) collected ($0.02)
Seat 8: Luluxzx folded before Flop (didn't bet)
Seat 9: lolilolka folded before Flop (didn't bet)



PokerStars Hand #230720660157:  Hold'em No Limit ($0.01/$0.02 USD) - 2021/10/18 23:18:29 PT [2021/10/19 2:18:29 ET]
Table 'Kniertje III' 9-max Seat #6 is the button
Seat 1: bloody55hawk ($0.80 in chips) 
Seat 3: VoVaN4o 14 ($1.23 in chips) 
Seat 5: koban4ur ($1.91 in chips) 
Seat 6: oblivionreX ($1.98 in chips) 
Seat 7: Dorex2007 ($2.04 in chips) 
Seat 8: Luluxzx ($2.67 in chips) 
Seat 9: lolilolka ($2.76 in chips) 
Dorex2007: posts small blind $0.01
Luluxzx: posts big blind $0.02
dmcrbr: sits out 
*** HOLE CARDS ***
Dealt to Dorex2007 [Tc 9s]
lolilolka: folds 
bloody55hawk: folds 
VoVaN4o 14: raises $0.02 to $0.04
koban4ur: folds 
oblivionreX: calls $0.04
Dorex2007: folds 
Luluxzx: calls $0.02
*** FLOP *** [6d 8s 3s]
Luluxzx: bets $0.04
VoVaN4o 14: calls $0.04
oblivionreX: folds 
*** TURN *** [6d 8s 3s] [6h]
Luluxzx: bets $0.12
VoVaN4o 14: folds 
Uncalled bet ($0.12) returned to Luluxzx
Luluxzx collected $0.20 from pot
*** SUMMARY ***
Total pot $0.21 | Rake $0.01 
Board [6d 8s 3s 6h]
Seat 1: bloody55hawk folded before Flop (didn't bet)
Seat 3: VoVaN4o 14 folded on the Turn
Seat 5: koban4ur folded before Flop (didn't bet)
Seat 6: oblivionreX (button) folded on the Flop
Seat 7: Dorex2007 (small blind) folded before Flop
Seat 8: Luluxzx (big blind) collected ($0.20)
Seat 9: lolilolka folded before Flop (didn't bet)



PokerStars Hand #230720666744:  Hold'em No Limit ($0.01/$0.02 USD) - 2021/10/18 23:19:24 PT [2021/10/19 2:19:24 ET]
Table 'Kniertje III' 9-max Seat #7 is the button
Seat 1: bloody55hawk ($0.80 in chips) 
Seat 3: VoVaN4o 14 ($1.15 in chips) 
Seat 5: koban4ur ($1.91 in chips) 
Seat 6: oblivionreX ($1.94 in chips) 
Seat 7: Dorex2007 ($2.03 in chips) 
Seat 8: Luluxzx ($2.79 in chips) 
Seat 9: lolilolka ($2.76 in chips) 
Luluxzx: posts small blind $0.01
lolilolka: posts big blind $0.02
dmcrbr: sits out 
*** HOLE CARDS ***
Dealt to Dorex2007 [8c Qs]
bloody55hawk: folds 
VoVaN4o 14: raises $0.02 to $0.04
koban4ur: folds 
oblivionreX: folds 
Dorex2007: folds 
Luluxzx: folds 
lolilolka: folds 
Uncalled bet ($0.02) returned to VoVaN4o 14
VoVaN4o 14 collected $0.05 from pot
*** SUMMARY ***
Total pot $0.05 | Rake $0 
Seat 1: bloody55hawk folded before Flop (didn't bet)
Seat 3: VoVaN4o 14 collected ($0.05)
Seat 5: koban4ur folded before Flop (didn't bet)
Seat 6: oblivionreX folded before Flop (didn't bet)
Seat 7: Dorex2007 (button) folded before Flop (didn't bet)
Seat 8: Luluxzx (small blind) folded before Flop
Seat 9: lolilolka (big blind) folded before Flop



PokerStars Hand #230720669696:  Hold'em No Limit ($0.01/$0.02 USD) - 2021/10/18 23:19:48 PT [2021/10/19 2:19:48 ET]
Table 'Kniertje III' 9-max Seat #8 is the button
Seat 1: bloody55hawk ($0.80 in chips) 
Seat 3: VoVaN4o 14 ($1.18 in chips) 
Seat 5: koban4ur ($1.91 in chips) 
Seat 6: oblivionreX ($2 in chips) 
Seat 7: Dorex2007 ($2.03 in chips) 
Seat 8: Luluxzx ($2.78 in chips) 
Seat 9: lolilolka ($2.74 in chips) 
lolilolka: posts small blind $0.01
bloody55hawk: posts big blind $0.02
dmcrbr: sits out 
*** HOLE CARDS ***
Dealt to Dorex2007 [5c Ks]
VoVaN4o 14: folds 
koban4ur: folds 
oblivionreX: folds 
Dorex2007: folds 
Luluxzx: calls $0.02
lolilolka: folds 
bloody55hawk: checks 
*** FLOP *** [3c 3h Js]
bloody55hawk: bets $0.05
Luluxzx: calls $0.05
*** TURN *** [3c 3h Js] [6s]
bloody55hawk: bets $0.07
Luluxzx: folds 
Uncalled bet ($0.07) returned to bloody55hawk
bloody55hawk collected $0.14 from pot
bloody55hawk: doesn't show hand 
*** SUMMARY ***
Total pot $0.15 | Rake $0.01 
Board [3c 3h Js 6s]
Seat 1: bloody55hawk (big blind) collected ($0.14)
Seat 3: VoVaN4o 14 folded before Flop (didn't bet)
Seat 5: koban4ur folded before Flop (didn't bet)
Seat 6: oblivionreX folded before Flop (didn't bet)
Seat 7: Dorex2007 folded before Flop (didn't bet)
Seat 8: Luluxzx (button) folded on the Turn
Seat 9: lolilolka (small blind) folded before Flop



PokerStars Hand #230720675459:  Hold'em No Limit ($0.01/$0.02 USD) - 2021/10/18 23:20:35 PT [2021/10/19 2:20:35 ET]
Table 'Kniertje III' 9-max Seat #9 is the button
Seat 1: bloody55hawk ($0.87 in chips) 
Seat 2: dmcrbr ($2 in chips) 
Seat 3: VoVaN4o 14 ($1.18 in chips) 
Seat 5: koban4ur ($1.91 in chips) 
Seat 6: oblivionreX ($2 in chips) 
Seat 7: Dorex2007 ($2.03 in chips) 
Seat 8: Luluxzx ($2.71 in chips) 
Seat 9: lolilolka ($2.73 in chips) 
bloody55hawk: posts small blind $0.01
dmcrbr: posts big blind $0.02
*** HOLE CARDS ***
Dealt to Dorex2007 [8s 9h]
VoVaN4o 14: folds 
koban4ur: folds 
oblivionreX: folds 
Dorex2007: folds 
Luluxzx has timed out
Luluxzx: folds 
lolilolka: raises $0.04 to $0.06
bloody55hawk: folds 
dmcrbr: folds 
Uncalled bet ($0.04) returned to lolilolka
lolilolka collected $0.05 from pot
lolilolka: doesn't show hand 
*** SUMMARY ***
Total pot $0.05 | Rake $0 
Seat 1: bloody55hawk (small blind) folded before Flop
Seat 2: dmcrbr (big blind) folded before Flop
Seat 3: VoVaN4o 14 folded before Flop (didn't bet)
Seat 5: koban4ur folded before Flop (didn't bet)
Seat 6: oblivionreX folded before Flop (didn't bet)
Seat 7: Dorex2007 folded before Flop (didn't bet)
Seat 8: Luluxzx folded before Flop (didn't bet)
Seat 9: lolilolka (button) collected ($0.05)



PokerStars Hand #230720678635:  Hold'em No Limit ($0.01/$0.02 USD) - 2021/10/18 23:21:02 PT [2021/10/19 2:21:02 ET]
Table 'Kniertje III' 9-max Seat #1 is the button
Seat 1: bloody55hawk ($0.86 in chips) 
Seat 2: dmcrbr ($2 in chips) 
Seat 3: VoVaN4o 14 ($1.18 in chips) 
Seat 5: koban4ur ($1.91 in chips) 
Seat 6: oblivionreX ($2 in chips) 
Seat 7: Dorex2007 ($2.03 in chips) 
Seat 9: lolilolka ($2.76 in chips) 
dmcrbr: posts small blind $0.01
VoVaN4o 14: posts big blind $0.02
*** HOLE CARDS ***
Dealt to Dorex2007 [5d Tc]
koban4ur: folds 
oblivionreX: raises $0.04 to $0.06
Dorex2007: folds 
lolilolka: folds 
bloody55hawk: folds 
dmcrbr: folds 
VoVaN4o 14: folds 
Uncalled bet ($0.04) returned to oblivionreX
oblivionreX collected $0.05 from pot
oblivionreX: doesn't show hand 
*** SUMMARY ***
Total pot $0.05 | Rake $0 
Seat 1: bloody55hawk (button) folded before Flop (didn't bet)
Seat 2: dmcrbr (small blind) folded before Flop
Seat 3: VoVaN4o 14 (big blind) folded before Flop
Seat 5: koban4ur folded before Flop (didn't bet)
Seat 6: oblivionreX collected ($0.05)
Seat 7: Dorex2007 folded before Flop (didn't bet)
Seat 9: lolilolka folded before Flop (didn't bet)



PokerStars Hand #230720680842:  Hold'em No Limit ($0.01/$0.02 USD) - 2021/10/18 23:21:20 PT [2021/10/19 2:21:20 ET]
Table 'Kniertje III' 9-max Seat #2 is the button
Seat 1: bloody55hawk ($0.86 in chips) 
Seat 2: dmcrbr ($2 in chips) 
Seat 3: VoVaN4o 14 ($1.16 in chips) 
Seat 5: koban4ur ($1.91 in chips) 
Seat 6: oblivionreX ($2.03 in chips) 
Seat 7: Dorex2007 ($2.03 in chips) 
Seat 9: lolilolka ($2.76 in chips) 
VoVaN4o 14: posts small blind $0.01
koban4ur: posts big blind $0.02
*** HOLE CARDS ***
Dealt to Dorex2007 [4c Th]
oblivionreX: folds 
Dorex2007: folds 
lolilolka: folds 
bloody55hawk: folds 
dmcrbr: folds 
VoVaN4o 14: raises $0.02 to $0.04
koban4ur: folds 
Uncalled bet ($0.02) returned to VoVaN4o 14
VoVaN4o 14 collected $0.04 from pot
*** SUMMARY ***
Total pot $0.04 | Rake $0 
Seat 1: bloody55hawk folded before Flop (didn't bet)
Seat 2: dmcrbr (button) folded before Flop (didn't bet)
Seat 3: VoVaN4o 14 (small blind) collected ($0.04)
Seat 5: koban4ur (big blind) folded before Flop
Seat 6: oblivionreX folded before Flop (didn't bet)
Seat 7: Dorex2007 folded before Flop (didn't bet)
Seat 9: lolilolka folded before Flop (didn't bet)



PokerStars Hand #230720682328:  Hold'em No Limit ($0.01/$0.02 USD) - 2021/10/18 23:21:32 PT [2021/10/19 2:21:32 ET]
Table 'Kniertje III' 9-max Seat #3 is the button
Seat 1: bloody55hawk ($0.86 in chips) 
Seat 2: dmcrbr ($2 in chips) 
Seat 3: VoVaN4o 14 ($1.18 in chips) 
Seat 5: koban4ur ($1.89 in chips) 
Seat 6: oblivionreX ($2.03 in chips) 
Seat 7: Dorex2007 ($2.03 in chips) 
Seat 8: Luluxzx ($2.71 in chips) 
Seat 9: lolilolka ($2.76 in chips) 
koban4ur: posts small blind $0.01
oblivionreX: posts big blind $0.02
*** HOLE CARDS ***
Dealt to Dorex2007 [6s Kc]
Dorex2007: folds 
Luluxzx has timed out
Luluxzx: folds 
lolilolka: folds 
bloody55hawk: folds 
dmcrbr: folds 
VoVaN4o 14: raises $0.02 to $0.04
koban4ur: folds 
oblivionreX: raises $0.12 to $0.16
VoVaN4o 14: calls $0.12
*** FLOP *** [9d 4c 5s]
oblivionreX: bets $0.10
VoVaN4o 14: calls $0.10
*** TURN *** [9d 4c 5s] [2s]
oblivionreX: checks 
VoVaN4o 14: bets $0.20
oblivionreX: folds 
Uncalled bet ($0.20) returned to VoVaN4o 14
VoVaN4o 14 collected $0.51 from pot
*** SUMMARY ***
Total pot $0.53 | Rake $0.02 
Board [9d 4c 5s 2s]
Seat 1: bloody55hawk folded before Flop (didn't bet)
Seat 2: dmcrbr folded before Flop (didn't bet)
Seat 3: VoVaN4o 14 (button) collected ($0.51)
Seat 5: koban4ur (small blind) folded before Flop
Seat 6: oblivionreX (big blind) folded on the Turn
Seat 7: Dorex2007 folded before Flop (didn't bet)
Seat 8: Luluxzx folded before Flop (didn't bet)
Seat 9: lolilolka folded before Flop (didn't bet)



PokerStars Hand #230720688982:  Hold'em No Limit ($0.01/$0.02 USD) - 2021/10/18 23:22:27 PT [2021/10/19 2:22:27 ET]
Table 'Kniertje III' 9-max Seat #5 is the button
Seat 1: bloody55hawk ($0.86 in chips) 
Seat 2: dmcrbr ($2 in chips) 
Seat 3: VoVaN4o 14 ($1.43 in chips) 
Seat 5: koban4ur ($1.88 in chips) 
Seat 6: oblivionreX ($1.77 in chips) 
Seat 7: Dorex2007 ($2.03 in chips) 
Seat 8: Luluxzx ($2.71 in chips) 
Seat 9: lolilolka ($2.76 in chips) 
oblivionreX: posts small blind $0.01
Dorex2007: posts big blind $0.02
*** HOLE CARDS ***
Dealt to Dorex2007 [Kd Ac]
Luluxzx has timed out
Luluxzx: folds 
lolilolka: folds 
bloody55hawk: folds 
dmcrbr: folds 
VoVaN4o 14: raises $0.02 to $0.04
koban4ur: folds 
oblivionreX: folds 
Dorex2007: raises $0.08 to $0.12
VoVaN4o 14: folds 
Uncalled bet ($0.08) returned to Dorex2007
Dorex2007 collected $0.09 from pot
Dorex2007: doesn't show hand 
*** SUMMARY ***
Total pot $0.09 | Rake $0 
Seat 1: bloody55hawk folded before Flop (didn't bet)
Seat 2: dmcrbr folded before Flop (didn't bet)
Seat 3: VoVaN4o 14 folded before Flop
Seat 5: koban4ur (button) folded before Flop (didn't bet)
Seat 6: oblivionreX (small blind) folded before Flop
Seat 7: Dorex2007 (big blind) collected ($0.09)
Seat 8: Luluxzx folded before Flop (didn't bet)
Seat 9: lolilolka folded before Flop (didn't bet)



PokerStars Hand #230720692485:  Hold'em No Limit ($0.01/$0.02 USD) - 2021/10/18 23:22:56 PT [2021/10/19 2:22:56 ET]
Table 'Kniertje III' 9-max Seat #6 is the button
Seat 1: bloody55hawk ($0.86 in chips) 
Seat 2: dmcrbr ($2 in chips) 
Seat 3: VoVaN4o 14 ($1.39 in chips) 
Seat 5: koban4ur ($1.88 in chips) 
Seat 6: oblivionreX ($1.99 in chips) 
Seat 7: Dorex2007 ($2.08 in chips) 
Seat 8: Luluxzx ($2.71 in chips) 
Seat 9: lolilolka ($2.76 in chips) 
Dorex2007: posts small blind $0.01
Luluxzx: posts big blind $0.02
*** HOLE CARDS ***
Dealt to Dorex2007 [Th Td]
lolilolka: folds 
bloody55hawk: raises $0.04 to $0.06
dmcrbr: folds 
VoVaN4o 14: folds 
koban4ur: folds 
oblivionreX: folds 
Dorex2007: calls $0.05
Luluxzx: folds 
*** FLOP *** [Jh 2s 9h]
Dorex2007: bets $0.09
bloody55hawk: raises $0.71 to $0.80 and is all-in
Dorex2007: folds 
Uncalled bet ($0.71) returned to bloody55hawk
bloody55hawk collected $0.31 from pot
bloody55hawk: doesn't show hand 
*** SUMMARY ***
Total pot $0.32 | Rake $0.01 
Board [Jh 2s 9h]
Seat 1: bloody55hawk collected ($0.31)
Seat 2: dmcrbr folded before Flop (didn't bet)
Seat 3: VoVaN4o 14 folded before Flop (didn't bet)
Seat 5: koban4ur folded before Flop (didn't bet)
Seat 6: oblivionreX (button) folded before Flop (didn't bet)
Seat 7: Dorex2007 (small blind) folded on the Flop
Seat 8: Luluxzx (big blind) folded before Flop
Seat 9: lolilolka folded before Flop (didn't bet)



PokerStars Hand #230720698560:  Hold'em No Limit ($0.01/$0.02 USD) - 2021/10/18 23:23:46 PT [2021/10/19 2:23:46 ET]
Table 'Kniertje III' 9-max Seat #7 is the button
Seat 1: bloody55hawk ($1.02 in chips) 
Seat 2: dmcrbr ($2 in chips) 
Seat 3: VoVaN4o 14 ($1.39 in chips) 
Seat 5: koban4ur ($1.88 in chips) 
Seat 6: oblivionreX ($1.99 in chips) 
Seat 7: Dorex2007 ($2 in chips) 
Seat 8: Luluxzx ($2.69 in chips) 
Seat 9: lolilolka ($2.76 in chips) 
Luluxzx: posts small blind $0.01
lolilolka: posts big blind $0.02
*** HOLE CARDS ***
Dealt to Dorex2007 [3c Tc]
bloody55hawk: raises $0.04 to $0.06
dmcrbr: folds 
VoVaN4o 14: folds 
koban4ur: folds 
oblivionreX: folds 
Dorex2007: folds 
Luluxzx: raises $0.04 to $0.10
lolilolka: folds 
bloody55hawk: calls $0.04
*** FLOP *** [6c 8d 2d]
Luluxzx: bets $0.02
MaddCold leaves the table
bloody55hawk: calls $0.02
*** TURN *** [6c 8d 2d] [Kh]
Luluxzx: bets $0.04
bloody55hawk: calls $0.04
*** RIVER *** [6c 8d 2d Kh] [Jh]
jesperdoctom joins the table at seat #4 
Luluxzx: bets $0.04
bloody55hawk: calls $0.04
*** SHOW DOWN ***
Luluxzx: shows [Ad Ks] (a pair of Kings)
bloody55hawk: mucks hand 
Luluxzx collected $0.41 from pot
*** SUMMARY ***
Total pot $0.42 | Rake $0.01 
Board [6c 8d 2d Kh Jh]
Seat 1: bloody55hawk mucked [Qd Ah]
Seat 2: dmcrbr folded before Flop (didn't bet)
Seat 3: VoVaN4o 14 folded before Flop (didn't bet)
Seat 5: koban4ur folded before Flop (didn't bet)
Seat 6: oblivionreX folded before Flop (didn't bet)
Seat 7: Dorex2007 (button) folded before Flop (didn't bet)
Seat 8: Luluxzx (small blind) showed [Ad Ks] and won ($0.41) with a pair of Kings
Seat 9: lolilolka (big blind) folded before Flop



PokerStars Hand #230720704549:  Hold'em No Limit ($0.01/$0.02 USD) - 2021/10/18 23:24:35 PT [2021/10/19 2:24:35 ET]
Table 'Kniertje III' 9-max Seat #8 is the button
Seat 1: bloody55hawk ($0.82 in chips) 
Seat 2: dmcrbr ($2 in chips) 
Seat 3: VoVaN4o 14 ($1.39 in chips) 
Seat 4: jesperdoctom ($2 in chips) 
Seat 5: koban4ur ($1.88 in chips) 
Seat 6: oblivionreX ($1.99 in chips) 
Seat 7: Dorex2007 ($2 in chips) 
Seat 8: Luluxzx ($2.90 in chips) 
Seat 9: lolilolka ($2.74 in chips) 
lolilolka: posts small blind $0.01
bloody55hawk: posts big blind $0.02
jesperdoctom: posts big blind $0.02
*** HOLE CARDS ***
Dealt to Dorex2007 [2s 9h]
dmcrbr: folds 
VoVaN4o 14: raises $0.02 to $0.04
jesperdoctom: calls $0.02
koban4ur: raises $0.15 to $0.19
oblivionreX: folds 
Dorex2007: folds 
Luluxzx: folds 
lolilolka: folds 
bloody55hawk: folds 
VoVaN4o 14: folds 
jesperdoctom: folds 
Uncalled bet ($0.15) returned to koban4ur
koban4ur collected $0.15 from pot
koban4ur: doesn't show hand 
*** SUMMARY ***
Total pot $0.15 | Rake $0 
Seat 1: bloody55hawk (big blind) folded before Flop
Seat 2: dmcrbr folded before Flop (didn't bet)
Seat 3: VoVaN4o 14 folded before Flop
Seat 4: jesperdoctom folded before Flop
Seat 5: koban4ur collected ($0.15)
Seat 6: oblivionreX folded before Flop (didn't bet)
Seat 7: Dorex2007 folded before Flop (didn't bet)
Seat 8: Luluxzx (button) folded before Flop (didn't bet)
Seat 9: lolilolka (small blind) folded before Flop



PokerStars Hand #230720712684:  Hold'em No Limit ($0.01/$0.02 USD) - 2021/10/18 23:25:00 PT [2021/10/19 2:25:00 ET]
Table 'Kniertje III' 9-max Seat #9 is the button
Seat 1: bloody55hawk ($0.80 in chips) 
Seat 2: dmcrbr ($2 in chips) 
Seat 3: VoVaN4o 14 ($1.35 in chips) 
Seat 4: jesperdoctom ($1.96 in chips) 
Seat 5: koban4ur ($1.99 in chips) 
Seat 6: oblivionreX ($1.99 in chips) 
Seat 7: Dorex2007 ($2 in chips) 
Seat 8: Luluxzx ($2.90 in chips) 
Seat 9: lolilolka ($2.73 in chips) 
bloody55hawk: posts small blind $0.01
dmcrbr: posts big blind $0.02
*** HOLE CARDS ***
Dealt to Dorex2007 [Jc Th]
VoVaN4o 14: raises $0.02 to $0.04
jesperdoctom: raises $0.04 to $0.08
koban4ur: folds 
oblivionreX: folds 
Dorex2007: folds 
Luluxzx: folds 
lolilolka: calls $0.08
bloody55hawk: folds 
dmcrbr: folds 
VoVaN4o 14: calls $0.04
*** FLOP *** [6h 7h Js]
VoVaN4o 14: checks 
jesperdoctom: bets $0.13
lolilolka: folds 
VoVaN4o 14: calls $0.13
*** TURN *** [6h 7h Js] [5d]
VoVaN4o 14: bets $0.32
jesperdoctom: calls $0.32
*** RIVER *** [6h 7h Js 5d] [Jd]
VoVaN4o 14: checks 
jesperdoctom: bets $0.32
VoVaN4o 14: folds 
Uncalled bet ($0.32) returned to jesperdoctom
jesperdoctom collected $1.13 from pot
jesperdoctom: doesn't show hand 
*** SUMMARY ***
Total pot $1.17 | Rake $0.04 
Board [6h 7h Js 5d Jd]
Seat 1: bloody55hawk (small blind) folded before Flop
Seat 2: dmcrbr (big blind) folded before Flop
Seat 3: VoVaN4o 14 folded on the River
Seat 4: jesperdoctom collected ($1.13)
Seat 5: koban4ur folded before Flop (didn't bet)
Seat 6: oblivionreX folded before Flop (didn't bet)
Seat 7: Dorex2007 folded before Flop (didn't bet)
Seat 8: Luluxzx folded before Flop (didn't bet)
Seat 9: lolilolka (button) folded on the Flop



PokerStars Hand #230720718944:  Hold'em No Limit ($0.01/$0.02 USD) - 2021/10/18 23:25:50 PT [2021/10/19 2:25:50 ET]
Table 'Kniertje III' 9-max Seat #1 is the button
Seat 1: bloody55hawk ($0.80 in chips) 
Seat 2: dmcrbr ($2 in chips) 
Seat 3: VoVaN4o 14 ($0.82 in chips) 
Seat 4: jesperdoctom ($2.56 in chips) 
Seat 5: koban4ur ($1.99 in chips) 
Seat 6: oblivionreX ($1.99 in chips) 
Seat 7: Dorex2007 ($2 in chips) 
Seat 8: Luluxzx ($2.90 in chips) 
Seat 9: lolilolka ($2.65 in chips) 
dmcrbr: posts small blind $0.01
VoVaN4o 14: posts big blind $0.02
*** HOLE CARDS ***
Dealt to Dorex2007 [9s 9d]
jesperdoctom: raises $0.04 to $0.06
koban4ur: folds 
oblivionreX: folds 
Dorex2007: calls $0.06
Luluxzx: raises $0.04 to $0.10
lolilolka: calls $0.10
bloody55hawk: folds 
dmcrbr: folds 
VoVaN4o 14: calls $0.08
jesperdoctom: raises $2.46 to $2.56 and is all-in
Dorex2007: folds 
Luluxzx: folds 
lolilolka: folds 
VoVaN4o 14: folds 
Uncalled bet ($2.46) returned to jesperdoctom
jesperdoctom collected $0.47 from pot
jesperdoctom: doesn't show hand 
*** SUMMARY ***
Total pot $0.47 | Rake $0 
Seat 1: bloody55hawk (button) folded before Flop (didn't bet)
Seat 2: dmcrbr (small blind) folded before Flop
Seat 3: VoVaN4o 14 (big blind) folded before Flop
Seat 4: jesperdoctom collected ($0.47)
Seat 5: koban4ur folded before Flop (didn't bet)
Seat 6: oblivionreX folded before Flop (didn't bet)
Seat 7: Dorex2007 folded before Flop
Seat 8: Luluxzx folded before Flop
Seat 9: lolilolka folded before Flop



PokerStars Hand #230720722897:  Hold'em No Limit ($0.01/$0.02 USD) - 2021/10/18 23:26:22 PT [2021/10/19 2:26:22 ET]
Table 'Kniertje III' 9-max Seat #2 is the button
Seat 1: bloody55hawk ($0.80 in chips) 
Seat 2: dmcrbr ($2 in chips) 
Seat 3: VoVaN4o 14 ($0.72 in chips) 
Seat 4: jesperdoctom ($2.93 in chips) 
Seat 5: koban4ur ($1.99 in chips) 
Seat 6: oblivionreX ($1.99 in chips) 
Seat 7: Dorex2007 ($2 in chips) 
Seat 8: Luluxzx ($2.80 in chips) 
Seat 9: lolilolka ($2.55 in chips) 
VoVaN4o 14: posts small blind $0.01
jesperdoctom: posts big blind $0.02
*** HOLE CARDS ***
Dealt to Dorex2007 [Ts Tc]
koban4ur: folds 
oblivionreX: folds 
Dorex2007: raises $0.04 to $0.06
Luluxzx: folds 
lolilolka: folds 
bloody55hawk: calls $0.06
dmcrbr: folds 
VoVaN4o 14: folds 
jesperdoctom: calls $0.04
*** FLOP *** [8d As 6h]
jesperdoctom: checks 
Dorex2007: checks 
bloody55hawk: checks 
*** TURN *** [8d As 6h] [5d]
jesperdoctom: checks 
Dorex2007: checks 
bloody55hawk: checks 
*** RIVER *** [8d As 6h 5d] [Js]
jesperdoctom: checks 
Dorex2007: checks 
bloody55hawk: checks 
*** SHOW DOWN ***
jesperdoctom: shows [Ah 4h] (a pair of Aces)
Dorex2007: mucks hand 
bloody55hawk: mucks hand 
jesperdoctom collected $0.18 from pot
*** SUMMARY ***
Total pot $0.19 | Rake $0.01 
Board [8d As 6h 5d Js]
Seat 1: bloody55hawk mucked [9c 9s]
Seat 2: dmcrbr (button) folded before Flop (didn't bet)
Seat 3: VoVaN4o 14 (small blind) folded before Flop
Seat 4: jesperdoctom (big blind) showed [Ah 4h] and won ($0.18) with a pair of Aces
Seat 5: koban4ur folded before Flop (didn't bet)
Seat 6: oblivionreX folded before Flop (didn't bet)
Seat 7: Dorex2007 mucked [Ts Tc]
Seat 8: Luluxzx folded before Flop (didn't bet)
Seat 9: lolilolka folded before Flop (didn't bet)



PokerStars Hand #230720729772:  Hold'em No Limit ($0.01/$0.02 USD) - 2021/10/18 23:27:17 PT [2021/10/19 2:27:17 ET]
Table 'Kniertje III' 9-max Seat #3 is the button
Seat 1: bloody55hawk ($0.80 in chips) 
Seat 2: dmcrbr ($2 in chips) 
Seat 3: VoVaN4o 14 ($0.71 in chips) 
Seat 4: jesperdoctom ($3.05 in chips) 
Seat 5: koban4ur ($1.99 in chips) 
Seat 6: oblivionreX ($1.99 in chips) 
Seat 7: Dorex2007 ($2 in chips) 
Seat 8: Luluxzx ($2.80 in chips) 
Seat 9: lolilolka ($2.55 in chips) 
jesperdoctom: posts small blind $0.01
koban4ur: posts big blind $0.02
*** HOLE CARDS ***
Dealt to Dorex2007 [7s 7h]
oblivionreX: folds 
Dorex2007: raises $0.04 to $0.06
Luluxzx has timed out
Luluxzx: folds 
lolilolka: folds 
bloody55hawk: raises $0.74 to $0.80 and is all-in
dmcrbr: folds 
VoVaN4o 14: folds 
jesperdoctom: folds 
koban4ur: folds 
Dorex2007: folds 
Uncalled bet ($0.74) returned to bloody55hawk
bloody55hawk collected $0.15 from pot
bloody55hawk: doesn't show hand 
*** SUMMARY ***
Total pot $0.15 | Rake $0 
Seat 1: bloody55hawk collected ($0.15)
Seat 2: dmcrbr folded before Flop (didn't bet)
Seat 3: VoVaN4o 14 (button) folded before Flop (didn't bet)
Seat 4: jesperdoctom (small blind) folded before Flop
Seat 5: koban4ur (big blind) folded before Flop
Seat 6: oblivionreX folded before Flop (didn't bet)
Seat 7: Dorex2007 folded before Flop
Seat 8: Luluxzx folded before Flop (didn't bet)
Seat 9: lolilolka folded before Flop (didn't bet)



PokerStars Hand #230720734211:  Hold'em No Limit ($0.01/$0.02 USD) - 2021/10/18 23:27:52 PT [2021/10/19 2:27:52 ET]
Table 'Kniertje III' 9-max Seat #4 is the button
Seat 1: bloody55hawk ($0.89 in chips) 
Seat 2: dmcrbr ($2 in chips) 
Seat 3: VoVaN4o 14 ($0.71 in chips) 
Seat 4: jesperdoctom ($3.04 in chips) 
Seat 5: koban4ur ($1.97 in chips) 
Seat 6: oblivionreX ($1.99 in chips) 
Seat 7: Dorex2007 ($2 in chips) 
Seat 9: lolilolka ($2.55 in chips) 
koban4ur: posts small blind $0.01
oblivionreX: posts big blind $0.02
*** HOLE CARDS ***
Dealt to Dorex2007 [4d Kc]
Dorex2007: folds 
lolilolka: folds 
bloody55hawk: raises $0.04 to $0.06
dmcrbr: folds 
VoVaN4o 14: calls $0.06
jesperdoctom: calls $0.06
koban4ur: folds 
oblivionreX: calls $0.04
*** FLOP *** [4h As Qc]
oblivionreX: checks 
bloody55hawk: bets $0.83 and is all-in
VoVaN4o 14: folds 
jesperdoctom: calls $0.83
oblivionreX: folds 
*** TURN *** [4h As Qc] [Ac]
*** RIVER *** [4h As Qc Ac] [7s]
*** SHOW DOWN ***
bloody55hawk: shows [Ad Th] (three of a kind, Aces)
jesperdoctom: shows [Ah Qs] (a full house, Aces full of Queens)
jesperdoctom collected $1.84 from pot
*** SUMMARY ***
Total pot $1.91 | Rake $0.07 
Board [4h As Qc Ac 7s]
Seat 1: bloody55hawk showed [Ad Th] and lost with three of a kind, Aces
Seat 2: dmcrbr folded before Flop (didn't bet)
Seat 3: VoVaN4o 14 folded on the Flop
Seat 4: jesperdoctom (button) showed [Ah Qs] and won ($1.84) with a full house, Aces full of Queens
Seat 5: koban4ur (small blind) folded before Flop
Seat 6: oblivionreX (big blind) folded on the Flop
Seat 7: Dorex2007 folded before Flop (didn't bet)
Seat 9: lolilolka folded before Flop (didn't bet)



PokerStars Hand #230720738966:  Hold'em No Limit ($0.01/$0.02 USD) - 2021/10/18 23:28:31 PT [2021/10/19 2:28:31 ET]
Table 'Kniertje III' 9-max Seat #5 is the button
Seat 1: bloody55hawk ($0.80 in chips) 
Seat 2: dmcrbr ($2 in chips) 
Seat 3: VoVaN4o 14 ($0.65 in chips) 
Seat 4: jesperdoctom ($3.99 in chips) 
Seat 5: koban4ur ($1.96 in chips) 
Seat 6: oblivionreX ($2 in chips) 
Seat 7: Dorex2007 ($2 in chips) 
Seat 8: Luluxzx ($2.80 in chips) 
Seat 9: lolilolka ($2.55 in chips) 
oblivionreX: posts small blind $0.01
Dorex2007: posts big blind $0.02
*** HOLE CARDS ***
Dealt to Dorex2007 [6h 9s]
Luluxzx has timed out
Luluxzx: folds 
lolilolka: folds 
bloody55hawk: folds 
dmcrbr: folds 
VoVaN4o 14: raises $0.04 to $0.06
jesperdoctom: folds 
koban4ur: folds 
oblivionreX: folds 
Dorex2007: folds 
Uncalled bet ($0.04) returned to VoVaN4o 14
VoVaN4o 14 collected $0.05 from pot
*** SUMMARY ***
Total pot $0.05 | Rake $0 
Seat 1: bloody55hawk folded before Flop (didn't bet)
Seat 2: dmcrbr folded before Flop (didn't bet)
Seat 3: VoVaN4o 14 collected ($0.05)
Seat 4: jesperdoctom folded before Flop (didn't bet)
Seat 5: koban4ur (button) folded before Flop (didn't bet)
Seat 6: oblivionreX (small blind) folded before Flop
Seat 7: Dorex2007 (big blind) folded before Flop
Seat 8: Luluxzx folded before Flop (didn't bet)
Seat 9: lolilolka folded before Flop (didn't bet)



PokerStars Hand #230720743062:  Hold'em No Limit ($0.01/$0.02 USD) - 2021/10/18 23:29:04 PT [2021/10/19 2:29:04 ET]
Table 'Kniertje III' 9-max Seat #6 is the button
Seat 1: bloody55hawk ($0.80 in chips) 
Seat 2: dmcrbr ($2 in chips) 
Seat 3: VoVaN4o 14 ($0.68 in chips) 
Seat 4: jesperdoctom ($3.99 in chips) 
Seat 5: koban4ur ($1.96 in chips) 
Seat 6: oblivionreX ($1.99 in chips) 
Seat 7: Dorex2007 ($2 in chips) 
Seat 8: Luluxzx ($2.80 in chips) 
Seat 9: lolilolka ($2.55 in chips) 
Dorex2007: posts small blind $0.01
Luluxzx: posts big blind $0.02
*** HOLE CARDS ***
Dealt to Dorex2007 [2h 2s]
lolilolka: folds 
bloody55hawk: folds 
dmcrbr: folds 
VoVaN4o 14: raises $0.04 to $0.06
jesperdoctom: folds 
koban4ur: folds 
oblivionreX: folds 
Dorex2007: calls $0.05
Luluxzx: folds 
*** FLOP *** [4s 5c Jd]
Dorex2007: checks 
VoVaN4o 14: bets $0.06
Dorex2007: raises $0.08 to $0.14
VoVaN4o 14: calls $0.08
*** TURN *** [4s 5c Jd] [Qc]
Dorex2007: bets $0.41
VoVaN4o 14: raises $0.07 to $0.48 and is all-in
Dorex2007: calls $0.07
*** RIVER *** [4s 5c Jd Qc] [2d]
*** SHOW DOWN ***
Dorex2007: shows [2h 2s] (three of a kind, Deuces)
VoVaN4o 14: shows [Qd Ts] (a pair of Queens)
Dorex2007 collected $1.33 from pot
*** SUMMARY ***
Total pot $1.38 | Rake $0.05 
Board [4s 5c Jd Qc 2d]
Seat 1: bloody55hawk folded before Flop (didn't bet)
Seat 2: dmcrbr folded before Flop (didn't bet)
Seat 3: VoVaN4o 14 showed [Qd Ts] and lost with a pair of Queens
Seat 4: jesperdoctom folded before Flop (didn't bet)
Seat 5: koban4ur folded before Flop (didn't bet)
Seat 6: oblivionreX (button) folded before Flop (didn't bet)
Seat 7: Dorex2007 (small blind) showed [2h 2s] and won ($1.33) with three of a kind, Deuces
Seat 8: Luluxzx (big blind) folded before Flop
Seat 9: lolilolka folded before Flop (didn't bet)



PokerStars Hand #230720748862:  Hold'em No Limit ($0.01/$0.02 USD) - 2021/10/18 23:29:50 PT [2021/10/19 2:29:50 ET]
Table 'Kniertje III' 9-max Seat #7 is the button
Seat 1: bloody55hawk ($0.80 in chips) 
Seat 2: dmcrbr ($2 in chips) 
Seat 4: jesperdoctom ($3.99 in chips) 
Seat 5: koban4ur ($1.96 in chips) 
Seat 6: oblivionreX ($1.99 in chips) 
Seat 7: Dorex2007 ($2.65 in chips) 
Seat 8: Luluxzx ($2.78 in chips) 
Seat 9: lolilolka ($2.55 in chips) 
Luluxzx: posts small blind $0.01
lolilolka: posts big blind $0.02
*** HOLE CARDS ***
Dealt to Dorex2007 [Qd Kc]
bloody55hawk: folds 
dmcrbr: folds 
VoVaN4o 14 leaves the table
jesperdoctom: folds 
koban4ur: folds 
oblivionreX: raises $0.04 to $0.06
Dorex2007: calls $0.06
Luluxzx: calls $0.05
lolilolka: calls $0.04
*** FLOP *** [Ah Jc 5c]
gdCrimson joins the table at seat #3 
Luluxzx: checks 
lolilolka: checks 
oblivionreX: checks 
Dorex2007: checks 
*** TURN *** [Ah Jc 5c] [5d]
Luluxzx: checks 
lolilolka: bets $0.12
oblivionreX: folds 
Dorex2007: folds 
Luluxzx: calls $0.12
*** RIVER *** [Ah Jc 5c 5d] [Td]
Luluxzx: checks 
lolilolka: checks 
*** SHOW DOWN ***
Luluxzx: shows [8h Jh] (two pair, Jacks and Fives)
lolilolka: shows [Jd Qc] (two pair, Jacks and Fives)
Luluxzx collected $0.23 from pot
lolilolka collected $0.23 from pot
*** SUMMARY ***
Total pot $0.48 | Rake $0.02 
Board [Ah Jc 5c 5d Td]
Seat 1: bloody55hawk folded before Flop (didn't bet)
Seat 2: dmcrbr folded before Flop (didn't bet)
Seat 4: jesperdoctom folded before Flop (didn't bet)
Seat 5: koban4ur folded before Flop (didn't bet)
Seat 6: oblivionreX folded on the Turn
Seat 7: Dorex2007 (button) folded on the Turn
Seat 8: Luluxzx (small blind) showed [8h Jh] and won ($0.23) with two pair, Jacks and Fives
Seat 9: lolilolka (big blind) showed [Jd Qc] and won ($0.23) with two pair, Jacks and Fives



PokerStars Hand #230720756925:  Hold'em No Limit ($0.01/$0.02 USD) - 2021/10/18 23:30:54 PT [2021/10/19 2:30:54 ET]
Table 'Kniertje III' 9-max Seat #8 is the button
Seat 1: bloody55hawk ($0.80 in chips) 
Seat 2: dmcrbr ($2 in chips) 
Seat 4: jesperdoctom ($3.99 in chips) 
Seat 5: koban4ur ($1.96 in chips) 
Seat 6: oblivionreX ($1.93 in chips) 
Seat 7: Dorex2007 ($2.59 in chips) 
Seat 8: Luluxzx ($2.83 in chips) 
Seat 9: lolilolka ($2.60 in chips) 
lolilolka: posts small blind $0.01
bloody55hawk: posts big blind $0.02
gdCrimson: sits out 
*** HOLE CARDS ***
Dealt to Dorex2007 [6h Kd]
dmcrbr: folds 
jesperdoctom: raises $0.04 to $0.06
koban4ur: calls $0.06
oblivionreX: folds 
Dorex2007: folds 
Luluxzx: raises $0.04 to $0.10
lolilolka: folds 
bloody55hawk: folds 
jesperdoctom: calls $0.04
koban4ur: calls $0.04
*** FLOP *** [3s 7s 7d]
jesperdoctom: checks 
koban4ur: checks 
Luluxzx: bets $0.06
jesperdoctom: calls $0.06
koban4ur: calls $0.06
*** TURN *** [3s 7s 7d] [Th]
jesperdoctom: checks 
koban4ur: checks 
Luluxzx: bets $0.04
jesperdoctom: calls $0.04
koban4ur: calls $0.04
*** RIVER *** [3s 7s 7d Th] [5d]
jesperdoctom: checks 
koban4ur: checks 
Luluxzx: checks 
*** SHOW DOWN ***
jesperdoctom: shows [Kc Ks] (two pair, Kings and Sevens)
koban4ur: mucks hand 
Luluxzx: mucks hand 
jesperdoctom collected $0.61 from pot
*** SUMMARY ***
Total pot $0.63 | Rake $0.02 
Board [3s 7s 7d Th 5d]
Seat 1: bloody55hawk (big blind) folded before Flop
Seat 2: dmcrbr folded before Flop (didn't bet)
Seat 4: jesperdoctom showed [Kc Ks] and won ($0.61) with two pair, Kings and Sevens
Seat 5: koban4ur mucked [Qs As]
Seat 6: oblivionreX folded before Flop (didn't bet)
Seat 7: Dorex2007 folded before Flop (didn't bet)
Seat 8: Luluxzx (button) mucked [8s 8d]
Seat 9: lolilolka (small blind) folded before Flop



PokerStars Hand #230720767058:  Hold'em No Limit ($0.01/$0.02 USD) - 2021/10/18 23:32:13 PT [2021/10/19 2:32:13 ET]
Table 'Kniertje III' 9-max Seat #9 is the button
Seat 1: bloody55hawk ($0.80 in chips) 
Seat 2: dmcrbr ($2 in chips) 
Seat 4: jesperdoctom ($4.40 in chips) 
Seat 5: koban4ur ($1.76 in chips) 
Seat 6: oblivionreX ($2 in chips) 
Seat 7: Dorex2007 ($2.59 in chips) 
Seat 8: Luluxzx ($2.63 in chips) 
Seat 9: lolilolka ($2.59 in chips) 
bloody55hawk: posts small blind $0.01
dmcrbr: posts big blind $0.02
gdCrimson: sits out 
*** HOLE CARDS ***
Dealt to Dorex2007 [Jd 9s]
jesperdoctom: folds 
koban4ur: folds 
oblivionreX: folds 
Dorex2007: folds 
Luluxzx: folds 
lolilolka: folds 
bloody55hawk: raises $0.04 to $0.06
dmcrbr: folds 
Uncalled bet ($0.04) returned to bloody55hawk
bloody55hawk collected $0.04 from pot
bloody55hawk: doesn't show hand 
*** SUMMARY ***
Total pot $0.04 | Rake $0 
Seat 1: bloody55hawk (small blind) collected ($0.04)
Seat 2: dmcrbr (big blind) folded before Flop
Seat 4: jesperdoctom folded before Flop (didn't bet)
Seat 5: koban4ur folded before Flop (didn't bet)
Seat 6: oblivionreX folded before Flop (didn't bet)
Seat 7: Dorex2007 folded before Flop (didn't bet)
Seat 8: Luluxzx folded before Flop (didn't bet)
Seat 9: lolilolka (button) folded before Flop (didn't bet)



PokerStars Hand #230720770687:  Hold'em No Limit ($0.01/$0.02 USD) - 2021/10/18 23:32:42 PT [2021/10/19 2:32:42 ET]
Table 'Kniertje III' 9-max Seat #1 is the button
Seat 1: bloody55hawk ($0.82 in chips) 
Seat 2: dmcrbr ($2 in chips) 
Seat 3: gdCrimson ($2 in chips) 
Seat 4: jesperdoctom ($4.40 in chips) 
Seat 5: koban4ur ($1.76 in chips) 
Seat 6: oblivionreX ($2 in chips) 
Seat 7: Dorex2007 ($2.59 in chips) 
Seat 8: Luluxzx ($2.63 in chips) 
Seat 9: lolilolka ($2.59 in chips) 
dmcrbr: posts small blind $0.01
gdCrimson: posts big blind $0.02
*** HOLE CARDS ***
Dealt to Dorex2007 [7h 8s]
jesperdoctom: folds 
koban4ur: folds 
oblivionreX: folds 
Dorex2007: folds 
Luluxzx: folds 
lolilolka: folds 
bloody55hawk: raises $0.02 to $0.04
dmcrbr: folds 
gdCrimson: folds 
Uncalled bet ($0.02) returned to bloody55hawk
bloody55hawk collected $0.05 from pot
bloody55hawk: doesn't show hand 
*** SUMMARY ***
Total pot $0.05 | Rake $0 
Seat 1: bloody55hawk (button) collected ($0.05)
Seat 2: dmcrbr (small blind) folded before Flop
Seat 3: gdCrimson (big blind) folded before Flop
Seat 4: jesperdoctom folded before Flop (didn't bet)
Seat 5: koban4ur folded before Flop (didn't bet)
Seat 6: oblivionreX folded before Flop (didn't bet)
Seat 7: Dorex2007 folded before Flop (didn't bet)
Seat 8: Luluxzx folded before Flop (didn't bet)
Seat 9: lolilolka folded before Flop (didn't bet)



PokerStars Hand #230720775267:  Hold'em No Limit ($0.01/$0.02 USD) - 2021/10/18 23:33:18 PT [2021/10/19 2:33:18 ET]
Table 'Kniertje III' 9-max Seat #2 is the button
Seat 1: bloody55hawk ($0.85 in chips) 
Seat 2: dmcrbr ($2 in chips) 
Seat 3: gdCrimson ($1.98 in chips) 
Seat 4: jesperdoctom ($4.40 in chips) 
Seat 5: koban4ur ($1.76 in chips) 
Seat 6: oblivionreX ($2 in chips) 
Seat 7: Dorex2007 ($2.59 in chips) 
Seat 8: Luluxzx ($2.63 in chips) 
Seat 9: lolilolka ($2.59 in chips) 
gdCrimson: posts small blind $0.01
jesperdoctom: posts big blind $0.02
*** HOLE CARDS ***
Dealt to Dorex2007 [9s 3h]
koban4ur: folds 
oblivionreX: folds 
Dorex2007: folds 
Luluxzx: calls $0.02
lolilolka: folds 
bloody55hawk: folds 
dmcrbr: folds 
gdCrimson: folds 
jesperdoctom: checks 
*** FLOP *** [9h 4c Ks]
jesperdoctom: checks 
Luluxzx: bets $0.02
jesperdoctom: folds 
Uncalled bet ($0.02) returned to Luluxzx
Luluxzx collected $0.05 from pot
*** SUMMARY ***
Total pot $0.05 | Rake $0 
Board [9h 4c Ks]
Seat 1: bloody55hawk folded before Flop (didn't bet)
Seat 2: dmcrbr (button) folded before Flop (didn't bet)
Seat 3: gdCrimson (small blind) folded before Flop
Seat 4: jesperdoctom (big blind) folded on the Flop
Seat 5: koban4ur folded before Flop (didn't bet)
Seat 6: oblivionreX folded before Flop (didn't bet)
Seat 7: Dorex2007 folded before Flop (didn't bet)
Seat 8: Luluxzx collected ($0.05)
Seat 9: lolilolka folded before Flop (didn't bet)



PokerStars Hand #230720779383:  Hold'em No Limit ($0.01/$0.02 USD) - 2021/10/18 23:33:50 PT [2021/10/19 2:33:50 ET]
Table 'Kniertje III' 9-max Seat #3 is the button
Seat 1: bloody55hawk ($0.85 in chips) 
Seat 2: dmcrbr ($2 in chips) 
Seat 3: gdCrimson ($1.97 in chips) 
Seat 4: jesperdoctom ($4.38 in chips) 
Seat 5: koban4ur ($1.76 in chips) 
Seat 6: oblivionreX ($2 in chips) 
Seat 7: Dorex2007 ($2.59 in chips) 
Seat 8: Luluxzx ($2.66 in chips) 
Seat 9: lolilolka ($2.59 in chips) 
jesperdoctom: posts small blind $0.01
koban4ur: posts big blind $0.02
*** HOLE CARDS ***
Dealt to Dorex2007 [3s 9h]
oblivionreX: folds 
Dorex2007: folds 
Luluxzx: calls $0.02
lolilolka: folds 
bloody55hawk: folds 
dmcrbr: folds 
gdCrimson: raises $0.06 to $0.08
jesperdoctom: calls $0.07
koban4ur: folds 
Luluxzx: calls $0.06
*** FLOP *** [4d 9d 9c]
jesperdoctom: checks 
Luluxzx: checks 
gdCrimson: bets $0.08
jesperdoctom: calls $0.08
Luluxzx: folds 
*** TURN *** [4d 9d 9c] [5h]
jesperdoctom: checks 
gdCrimson: bets $0.24
jesperdoctom: folds 
Uncalled bet ($0.24) returned to gdCrimson
gdCrimson collected $0.41 from pot
gdCrimson: doesn't show hand 
*** SUMMARY ***
Total pot $0.42 | Rake $0.01 
Board [4d 9d 9c 5h]
Seat 1: bloody55hawk folded before Flop (didn't bet)
Seat 2: dmcrbr folded before Flop (didn't bet)
Seat 3: gdCrimson (button) collected ($0.41)
Seat 4: jesperdoctom (small blind) folded on the Turn
Seat 5: koban4ur (big blind) folded before Flop
Seat 6: oblivionreX folded before Flop (didn't bet)
Seat 7: Dorex2007 folded before Flop (didn't bet)
Seat 8: Luluxzx folded on the Flop
Seat 9: lolilolka folded before Flop (didn't bet)



PokerStars Hand #230720790658:  Hold'em No Limit ($0.01/$0.02 USD) - 2021/10/18 23:35:20 PT [2021/10/19 2:35:20 ET]
Table 'Kniertje III' 9-max Seat #4 is the button
Seat 1: bloody55hawk ($0.85 in chips) 
Seat 2: dmcrbr ($2 in chips) 
Seat 3: gdCrimson ($2.22 in chips) 
Seat 4: jesperdoctom ($4.22 in chips) 
Seat 5: koban4ur ($1.74 in chips) 
Seat 6: oblivionreX ($2 in chips) 
Seat 7: Dorex2007 ($2.59 in chips) 
Seat 8: Luluxzx ($2.58 in chips) 
Seat 9: lolilolka ($2.59 in chips) 
koban4ur: posts small blind $0.01
oblivionreX: posts big blind $0.02
*** HOLE CARDS ***
Dealt to Dorex2007 [As 8d]
Dorex2007: folds 
Luluxzx has timed out
Luluxzx: folds 
lolilolka: folds 
bloody55hawk: folds 
dmcrbr: folds 
gdCrimson: folds 
jesperdoctom: folds 
koban4ur: folds 
Uncalled bet ($0.01) returned to oblivionreX
oblivionreX collected $0.02 from pot
oblivionreX: doesn't show hand 
*** SUMMARY ***
Total pot $0.02 | Rake $0 
Seat 1: bloody55hawk folded before Flop (didn't bet)
Seat 2: dmcrbr folded before Flop (didn't bet)
Seat 3: gdCrimson folded before Flop (didn't bet)
Seat 4: jesperdoctom (button) folded before Flop (didn't bet)
Seat 5: koban4ur (small blind) folded before Flop
Seat 6: oblivionreX (big blind) collected ($0.02)
Seat 7: Dorex2007 folded before Flop (didn't bet)
Seat 8: Luluxzx folded before Flop (didn't bet)
Seat 9: lolilolka folded before Flop (didn't bet)



PokerStars Hand #230720793833:  Hold'em No Limit ($0.01/$0.02 USD) - 2021/10/18 23:35:45 PT [2021/10/19 2:35:45 ET]
Table 'Kniertje III' 9-max Seat #5 is the button
Seat 1: bloody55hawk ($0.85 in chips) 
Seat 2: dmcrbr ($2 in chips) 
Seat 3: gdCrimson ($2.22 in chips) 
Seat 4: jesperdoctom ($4.22 in chips) 
Seat 5: koban4ur ($1.73 in chips) 
Seat 6: oblivionreX ($2.01 in chips) 
Seat 7: Dorex2007 ($2.59 in chips) 
Seat 8: Luluxzx ($2.58 in chips) 
Seat 9: lolilolka ($2.59 in chips) 
oblivionreX: posts small blind $0.01
Dorex2007: posts big blind $0.02
*** HOLE CARDS ***
Dealt to Dorex2007 [Qh 5h]
Luluxzx: folds 
lolilolka: folds 
bloody55hawk: folds 
dmcrbr: folds 
gdCrimson: folds 
jesperdoctom: folds 
koban4ur: raises $0.04 to $0.06
oblivionreX: folds 
Dorex2007: folds 
Uncalled bet ($0.04) returned to koban4ur
koban4ur collected $0.05 from pot
koban4ur: doesn't show hand 
*** SUMMARY ***
Total pot $0.05 | Rake $0 
Seat 1: bloody55hawk folded before Flop (didn't bet)
Seat 2: dmcrbr folded before Flop (didn't bet)
Seat 3: gdCrimson folded before Flop (didn't bet)
Seat 4: jesperdoctom folded before Flop (didn't bet)
Seat 5: koban4ur (button) collected ($0.05)
Seat 6: oblivionreX (small blind) folded before Flop
Seat 7: Dorex2007 (big blind) folded before Flop
Seat 8: Luluxzx folded before Flop (didn't bet)
Seat 9: lolilolka folded before Flop (didn't bet)



PokerStars Hand #230720797018:  Hold'em No Limit ($0.01/$0.02 USD) - 2021/10/18 23:36:10 PT [2021/10/19 2:36:10 ET]
Table 'Kniertje III' 9-max Seat #6 is the button
Seat 1: bloody55hawk ($0.85 in chips) 
Seat 2: dmcrbr ($2 in chips) 
Seat 3: gdCrimson ($2.22 in chips) 
Seat 4: jesperdoctom ($4.22 in chips) 
Seat 5: koban4ur ($1.76 in chips) 
Seat 6: oblivionreX ($2 in chips) 
Seat 7: Dorex2007 ($2.57 in chips) 
Seat 8: Luluxzx ($2.58 in chips) 
Seat 9: lolilolka ($2.59 in chips) 
Dorex2007: posts small blind $0.01
Luluxzx: posts big blind $0.02
*** HOLE CARDS ***
Dealt to Dorex2007 [6s Ac]
lolilolka: folds 
bloody55hawk: folds 
dmcrbr: folds 
gdCrimson: folds 
jesperdoctom: folds 
koban4ur: folds 
oblivionreX: raises $0.04 to $0.06
Dorex2007: folds 
Luluxzx: calls $0.04
*** FLOP *** [7h 4s 7c]
Luluxzx: checks 
oblivionreX: bets $0.05
Luluxzx: calls $0.05
*** TURN *** [7h 4s 7c] [Ah]
Luluxzx: checks 
oblivionreX: checks 
*** RIVER *** [7h 4s 7c Ah] [Ts]
Luluxzx: checks 
oblivionreX: checks 
*** SHOW DOWN ***
Luluxzx: shows [6h 8h] (a pair of Sevens)
oblivionreX: shows [Th 9c] (two pair, Tens and Sevens)
oblivionreX collected $0.22 from pot
*** SUMMARY ***
Total pot $0.23 | Rake $0.01 
Board [7h 4s 7c Ah Ts]
Seat 1: bloody55hawk folded before Flop (didn't bet)
Seat 2: dmcrbr folded before Flop (didn't bet)
Seat 3: gdCrimson folded before Flop (didn't bet)
Seat 4: jesperdoctom folded before Flop (didn't bet)
Seat 5: koban4ur folded before Flop (didn't bet)
Seat 6: oblivionreX (button) showed [Th 9c] and won ($0.22) with two pair, Tens and Sevens
Seat 7: Dorex2007 (small blind) folded before Flop
Seat 8: Luluxzx (big blind) showed [6h 8h] and lost with a pair of Sevens
Seat 9: lolilolka folded before Flop (didn't bet)



PokerStars Hand #230720809017:  Hold'em No Limit ($0.01/$0.02 USD) - 2021/10/18 23:37:45 PT [2021/10/19 2:37:45 ET]
Table 'Kniertje III' 9-max Seat #7 is the button
Seat 1: bloody55hawk ($0.85 in chips) 
Seat 2: dmcrbr ($2 in chips) 
Seat 3: gdCrimson ($2.22 in chips) 
Seat 4: jesperdoctom ($4.22 in chips) 
Seat 5: koban4ur ($1.76 in chips) 
Seat 6: oblivionreX ($2.11 in chips) 
Seat 7: Dorex2007 ($2.56 in chips) 
Seat 8: Luluxzx ($2.47 in chips) 
Seat 9: lolilolka ($2.59 in chips) 
Luluxzx: posts small blind $0.01
lolilolka: posts big blind $0.02
*** HOLE CARDS ***
Dealt to Dorex2007 [5d 9c]
bloody55hawk: folds 
dmcrbr: folds 
gdCrimson: folds 
jesperdoctom: folds 
koban4ur: folds 
oblivionreX: folds 
Dorex2007: folds 
Luluxzx: folds 
Uncalled bet ($0.01) returned to lolilolka
lolilolka collected $0.02 from pot
lolilolka: doesn't show hand 
*** SUMMARY ***
Total pot $0.02 | Rake $0 
Seat 1: bloody55hawk folded before Flop (didn't bet)
Seat 2: dmcrbr folded before Flop (didn't bet)
Seat 3: gdCrimson folded before Flop (didn't bet)
Seat 4: jesperdoctom folded before Flop (didn't bet)
Seat 5: koban4ur folded before Flop (didn't bet)
Seat 6: oblivionreX folded before Flop (didn't bet)
Seat 7: Dorex2007 (button) folded before Flop (didn't bet)
Seat 8: Luluxzx (small blind) folded before Flop
Seat 9: lolilolka (big blind) collected ($0.02)



PokerStars Hand #230720811518:  Hold'em No Limit ($0.01/$0.02 USD) - 2021/10/18 23:38:05 PT [2021/10/19 2:38:05 ET]
Table 'Kniertje III' 9-max Seat #8 is the button
Seat 1: bloody55hawk ($0.85 in chips) 
Seat 2: dmcrbr ($2 in chips) 
Seat 3: gdCrimson ($2.22 in chips) 
Seat 4: jesperdoctom ($4.22 in chips) 
Seat 5: koban4ur ($1.76 in chips) 
Seat 6: oblivionreX ($2.11 in chips) 
Seat 7: Dorex2007 ($2.56 in chips) 
Seat 8: Luluxzx ($2.46 in chips) 
Seat 9: lolilolka ($2.60 in chips) 
lolilolka: posts small blind $0.01
bloody55hawk: posts big blind $0.02
*** HOLE CARDS ***
Dealt to Dorex2007 [3c 5h]
dmcrbr: folds 
gdCrimson: folds 
jesperdoctom: folds 
koban4ur: folds 
oblivionreX: raises $0.04 to $0.06
Dorex2007: folds 
Luluxzx: folds 
lolilolka: folds 
bloody55hawk: folds 
Uncalled bet ($0.04) returned to oblivionreX
oblivionreX collected $0.05 from pot
oblivionreX: doesn't show hand 
*** SUMMARY ***
Total pot $0.05 | Rake $0 
Seat 1: bloody55hawk (big blind) folded before Flop
Seat 2: dmcrbr folded before Flop (didn't bet)
Seat 3: gdCrimson folded before Flop (didn't bet)
Seat 4: jesperdoctom folded before Flop (didn't bet)
Seat 5: koban4ur folded before Flop (didn't bet)
Seat 6: oblivionreX collected ($0.05)
Seat 7: Dorex2007 folded before Flop (didn't bet)
Seat 8: Luluxzx (button) folded before Flop (didn't bet)
Seat 9: lolilolka (small blind) folded before Flop



PokerStars Hand #230720814134:  Hold'em No Limit ($0.01/$0.02 USD) - 2021/10/18 23:38:25 PT [2021/10/19 2:38:25 ET]
Table 'Kniertje III' 9-max Seat #9 is the button
Seat 1: bloody55hawk ($0.83 in chips) 
Seat 2: dmcrbr ($2 in chips) 
Seat 3: gdCrimson ($2.22 in chips) 
Seat 4: jesperdoctom ($4.22 in chips) 
Seat 5: koban4ur ($1.76 in chips) 
Seat 6: oblivionreX ($2.14 in chips) 
Seat 7: Dorex2007 ($2.56 in chips) 
Seat 8: Luluxzx ($2.46 in chips) 
Seat 9: lolilolka ($2.59 in chips) 
bloody55hawk: posts small blind $0.01
dmcrbr: posts big blind $0.02
*** HOLE CARDS ***
Dealt to Dorex2007 [Kd Js]
gdCrimson: folds 
jesperdoctom: folds 
koban4ur: raises $0.04 to $0.06
oblivionreX: folds 
Dorex2007: calls $0.06
Luluxzx: folds 
lolilolka: folds 
bloody55hawk: raises $0.77 to $0.83 and is all-in
dmcrbr: folds 
koban4ur: folds 
Dorex2007: calls $0.77
*** FLOP *** [9s 5h 8c]
*** TURN *** [9s 5h 8c] [3h]
*** RIVER *** [9s 5h 8c 3h] [8h]
*** SHOW DOWN ***
bloody55hawk: shows [Ac Ah] (two pair, Aces and Eights)
Dorex2007: shows [Kd Js] (a pair of Eights)
bloody55hawk cashed out the hand for $1.44 | Cash Out Fee $0.01
Dorex2007 cashed out the hand for $0.23
*** SUMMARY ***
Total pot $1.74 | Rake $0.06 
Board [9s 5h 8c 3h 8h]
Seat 1: bloody55hawk (small blind) showed [Ac Ah] and won ($1.68) with two pair, Aces and Eights (pot not awarded as player cashed out)
Seat 2: dmcrbr (big blind) folded before Flop
Seat 3: gdCrimson folded before Flop (didn't bet)
Seat 4: jesperdoctom folded before Flop (didn't bet)
Seat 5: koban4ur folded before Flop
Seat 6: oblivionreX folded before Flop (didn't bet)
Seat 7: Dorex2007 showed [Kd Js] and lost with a pair of Eights (cashed out).
Seat 8: Luluxzx folded before Flop (didn't bet)
Seat 9: lolilolka (button) folded before Flop (didn't bet)



PokerStars Hand #230720822133:  Hold'em No Limit ($0.01/$0.02 USD) - 2021/10/18 23:39:27 PT [2021/10/19 2:39:27 ET]
Table 'Kniertje III' 9-max Seat #1 is the button
Seat 1: bloody55hawk ($1.44 in chips) 
Seat 2: dmcrbr ($2 in chips) 
Seat 3: gdCrimson ($2.22 in chips) 
Seat 4: jesperdoctom ($4.22 in chips) 
Seat 5: koban4ur ($1.70 in chips) 
Seat 6: oblivionreX ($2.14 in chips) 
Seat 7: Dorex2007 ($2 in chips) 
Seat 8: Luluxzx ($2.46 in chips) 
Seat 9: lolilolka ($2.59 in chips) 
dmcrbr: posts small blind $0.01
gdCrimson: posts big blind $0.02
*** HOLE CARDS ***
Dealt to Dorex2007 [2h 5d]
jesperdoctom: raises $0.04 to $0.06
koban4ur: folds 
oblivionreX: folds 
Dorex2007: folds 
Luluxzx: folds 
lolilolka: folds 
bloody55hawk: folds 
dmcrbr: folds 
gdCrimson: folds 
Uncalled bet ($0.04) returned to jesperdoctom
jesperdoctom collected $0.05 from pot
*** SUMMARY ***
Total pot $0.05 | Rake $0 
Seat 1: bloody55hawk (button) folded before Flop (didn't bet)
Seat 2: dmcrbr (small blind) folded before Flop
Seat 3: gdCrimson (big blind) folded before Flop
Seat 4: jesperdoctom collected ($0.05)
Seat 5: koban4ur folded before Flop (didn't bet)
Seat 6: oblivionreX folded before Flop (didn't bet)
Seat 7: Dorex2007 folded before Flop (didn't bet)
Seat 8: Luluxzx folded before Flop (didn't bet)
Seat 9: lolilolka folded before Flop (didn't bet)



PokerStars Hand #230720825367:  Hold'em No Limit ($0.01/$0.02 USD) - 2021/10/18 23:39:53 PT [2021/10/19 2:39:53 ET]
Table 'Kniertje III' 9-max Seat #2 is the button
Seat 1: bloody55hawk ($1.44 in chips) 
Seat 2: dmcrbr ($2 in chips) 
Seat 3: gdCrimson ($2.20 in chips) 
Seat 4: jesperdoctom ($4.25 in chips) 
Seat 5: koban4ur ($1.70 in chips) 
Seat 6: oblivionreX ($2.14 in chips) 
Seat 7: Dorex2007 ($2 in chips) 
Seat 8: Luluxzx ($2.46 in chips) 
Seat 9: lolilolka ($2.59 in chips) 
gdCrimson: posts small blind $0.01
jesperdoctom: posts big blind $0.02
*** HOLE CARDS ***
Dealt to Dorex2007 [9s Tc]
koban4ur: folds 
oblivionreX: folds 
Dorex2007 has timed out
Dorex2007: folds 
Luluxzx: calls $0.02
lolilolka: folds 
bloody55hawk: raises $0.02 to $0.04
dmcrbr: folds 
gdCrimson: folds 
jesperdoctom: calls $0.02
Luluxzx: calls $0.02
*** FLOP *** [Ks 7h Jh]
jesperdoctom: checks 
Luluxzx: bets $0.02
bloody55hawk: calls $0.02
jesperdoctom: calls $0.02
*** TURN *** [Ks 7h Jh] [Ad]
jesperdoctom: checks 
Luluxzx: checks 
bloody55hawk: bets $0.10
jesperdoctom: calls $0.10
Luluxzx: calls $0.10
*** RIVER *** [Ks 7h Jh Ad] [4c]
jesperdoctom: checks 
Luluxzx: checks 
bloody55hawk: checks 
*** SHOW DOWN ***
jesperdoctom: shows [Js Ac] (two pair, Aces and Jacks)
Luluxzx: mucks hand 
bloody55hawk: mucks hand 
jesperdoctom collected $0.47 from pot
*** SUMMARY ***
Total pot $0.49 | Rake $0.02 
Board [Ks 7h Jh Ad 4c]
Seat 1: bloody55hawk mucked [8h Ah]
Seat 2: dmcrbr (button) folded before Flop (didn't bet)
Seat 3: gdCrimson (small blind) folded before Flop
Seat 4: jesperdoctom (big blind) showed [Js Ac] and won ($0.47) with two pair, Aces and Jacks
Seat 5: koban4ur folded before Flop (didn't bet)
Seat 6: oblivionreX folded before Flop (didn't bet)
Seat 7: Dorex2007 folded before Flop (didn't bet)
Seat 8: Luluxzx mucked [Kh Qd]
Seat 9: lolilolka folded before Flop (didn't bet)



PokerStars Hand #230720839909:  Hold'em No Limit ($0.01/$0.02 USD) - 2021/10/18 23:41:46 PT [2021/10/19 2:41:46 ET]
Table 'Kniertje III' 9-max Seat #3 is the button
Seat 1: bloody55hawk ($1.28 in chips) 
Seat 2: dmcrbr ($2 in chips) 
Seat 3: gdCrimson ($2.19 in chips) 
Seat 4: jesperdoctom ($4.56 in chips) 
Seat 5: koban4ur ($1.70 in chips) 
Seat 6: oblivionreX ($2.14 in chips) 
Seat 7: Dorex2007 ($2 in chips) 
Seat 8: Luluxzx ($2.30 in chips) 
Seat 9: lolilolka ($2.59 in chips) 
jesperdoctom: posts small blind $0.01
koban4ur: posts big blind $0.02
*** HOLE CARDS ***
Dealt to Dorex2007 [3c Qd]
oblivionreX: folds 
Dorex2007: folds 
Luluxzx: folds 
lolilolka: folds 
bloody55hawk: raises $0.04 to $0.06
dmcrbr: folds 
gdCrimson: folds 
jesperdoctom: folds 
koban4ur: folds 
Uncalled bet ($0.04) returned to bloody55hawk
bloody55hawk collected $0.05 from pot
bloody55hawk: doesn't show hand 
*** SUMMARY ***
Total pot $0.05 | Rake $0 
Seat 1: bloody55hawk collected ($0.05)
Seat 2: dmcrbr folded before Flop (didn't bet)
Seat 3: gdCrimson (button) folded before Flop (didn't bet)
Seat 4: jesperdoctom (small blind) folded before Flop
Seat 5: koban4ur (big blind) folded before Flop
Seat 6: oblivionreX folded before Flop (didn't bet)
Seat 7: Dorex2007 folded before Flop (didn't bet)
Seat 8: Luluxzx folded before Flop (didn't bet)
Seat 9: lolilolka folded before Flop (didn't bet)



PokerStars Hand #230720842908:  Hold'em No Limit ($0.01/$0.02 USD) - 2021/10/18 23:42:09 PT [2021/10/19 2:42:09 ET]
Table 'Kniertje III' 9-max Seat #4 is the button
Seat 1: bloody55hawk ($1.31 in chips) 
Seat 2: dmcrbr ($2 in chips) 
Seat 3: gdCrimson ($2.19 in chips) 
Seat 4: jesperdoctom ($4.55 in chips) 
Seat 5: koban4ur ($1.68 in chips) 
Seat 6: oblivionreX ($2.14 in chips) 
Seat 7: Dorex2007 ($2 in chips) 
Seat 8: Luluxzx ($2.30 in chips) 
Seat 9: lolilolka ($2.59 in chips) 
koban4ur: posts small blind $0.01
oblivionreX: posts big blind $0.02
*** HOLE CARDS ***
Dealt to Dorex2007 [Ts 8c]
Dorex2007: folds 
Luluxzx: folds 
lolilolka: folds 
bloody55hawk: folds 
dmcrbr: folds 
gdCrimson: folds 
jesperdoctom: calls $0.02
koban4ur: calls $0.01
oblivionreX: checks 
*** FLOP *** [9d 3c Js]
koban4ur: checks 
oblivionreX: bets $0.03
jesperdoctom: calls $0.03
koban4ur: folds 
*** TURN *** [9d 3c Js] [4d]
oblivionreX: bets $0.08
jesperdoctom: calls $0.08
*** RIVER *** [9d 3c Js 4d] [Jd]
oblivionreX: bets $0.18
jesperdoctom: calls $0.18
*** SHOW DOWN ***
oblivionreX: shows [Jh 4h] (a full house, Jacks full of Fours)
jesperdoctom: mucks hand 
oblivionreX collected $0.62 from pot
*** SUMMARY ***
Total pot $0.64 | Rake $0.02 
Board [9d 3c Js 4d Jd]
Seat 1: bloody55hawk folded before Flop (didn't bet)
Seat 2: dmcrbr folded before Flop (didn't bet)
Seat 3: gdCrimson folded before Flop (didn't bet)
Seat 4: jesperdoctom (button) mucked [Qh 9h]
Seat 5: koban4ur (small blind) folded on the Flop
Seat 6: oblivionreX (big blind) showed [Jh 4h] and won ($0.62) with a full house, Jacks full of Fours
Seat 7: Dorex2007 folded before Flop (didn't bet)
Seat 8: Luluxzx folded before Flop (didn't bet)
Seat 9: lolilolka folded before Flop (didn't bet)



PokerStars Hand #230720850705:  Hold'em No Limit ($0.01/$0.02 USD) - 2021/10/18 23:43:10 PT [2021/10/19 2:43:10 ET]
Table 'Kniertje III' 9-max Seat #5 is the button
Seat 1: bloody55hawk ($1.31 in chips) 
Seat 2: dmcrbr ($2 in chips) 
Seat 3: gdCrimson ($2.19 in chips) 
Seat 4: jesperdoctom ($4.24 in chips) 
Seat 5: koban4ur ($1.66 in chips) 
Seat 6: oblivionreX ($2.45 in chips) 
Seat 7: Dorex2007 ($2 in chips) 
Seat 8: Luluxzx ($2.30 in chips) 
Seat 9: lolilolka ($2.59 in chips) 
oblivionreX: posts small blind $0.01
Dorex2007: posts big blind $0.02
*** HOLE CARDS ***
Dealt to Dorex2007 [Qs 6d]
Luluxzx: calls $0.02
lolilolka: folds 
bloody55hawk: folds 
dmcrbr: folds 
gdCrimson: folds 
jesperdoctom: calls $0.02
koban4ur: calls $0.02
oblivionreX: raises $0.10 to $0.12
Dorex2007: folds 
Luluxzx: calls $0.10
jesperdoctom: calls $0.10
koban4ur: calls $0.10
*** FLOP *** [4s 6s 8s]
oblivionreX: checks 
Luluxzx: checks 
jesperdoctom: checks 
koban4ur: checks 
*** TURN *** [4s 6s 8s] [Ts]
oblivionreX: checks 
Luluxzx: checks 
jesperdoctom: checks 
koban4ur: bets $0.24
oblivionreX: folds 
Luluxzx: folds 
jesperdoctom: folds 
Uncalled bet ($0.24) returned to koban4ur
koban4ur collected $0.48 from pot
koban4ur: doesn't show hand 
*** SUMMARY ***
Total pot $0.50 | Rake $0.02 
Board [4s 6s 8s Ts]
Seat 1: bloody55hawk folded before Flop (didn't bet)
Seat 2: dmcrbr folded before Flop (didn't bet)
Seat 3: gdCrimson folded before Flop (didn't bet)
Seat 4: jesperdoctom folded on the Turn
Seat 5: koban4ur (button) collected ($0.48)
Seat 6: oblivionreX (small blind) folded on the Turn
Seat 7: Dorex2007 (big blind) folded before Flop
Seat 8: Luluxzx folded on the Turn
Seat 9: lolilolka folded before Flop (didn't bet)



PokerStars Hand #230720861842:  Hold'em No Limit ($0.01/$0.02 USD) - 2021/10/18 23:44:36 PT [2021/10/19 2:44:36 ET]
Table 'Kniertje III' 9-max Seat #6 is the button
Seat 1: bloody55hawk ($1.31 in chips) 
Seat 2: dmcrbr ($2 in chips) 
Seat 3: gdCrimson ($2.19 in chips) 
Seat 4: jesperdoctom ($4.12 in chips) 
Seat 5: koban4ur ($2.02 in chips) 
Seat 6: oblivionreX ($2.33 in chips) 
Seat 7: Dorex2007 ($2 in chips) 
Seat 8: Luluxzx ($2.18 in chips) 
Seat 9: lolilolka ($2.59 in chips) 
Dorex2007: posts small blind $0.01
Luluxzx: posts big blind $0.02
*** HOLE CARDS ***
Dealt to Dorex2007 [2d Jd]
lolilolka: folds 
bloody55hawk: raises $0.64 to $0.66
dmcrbr: folds 
gdCrimson: folds 
jesperdoctom: folds 
koban4ur: folds 
oblivionreX: folds 
Dorex2007: folds 
Luluxzx: folds 
Uncalled bet ($0.64) returned to bloody55hawk
bloody55hawk collected $0.05 from pot
bloody55hawk: doesn't show hand 
*** SUMMARY ***
Total pot $0.05 | Rake $0 
Seat 1: bloody55hawk collected ($0.05)
Seat 2: dmcrbr folded before Flop (didn't bet)
Seat 3: gdCrimson folded before Flop (didn't bet)
Seat 4: jesperdoctom folded before Flop (didn't bet)
Seat 5: koban4ur folded before Flop (didn't bet)
Seat 6: oblivionreX (button) folded before Flop (didn't bet)
Seat 7: Dorex2007 (small blind) folded before Flop
Seat 8: Luluxzx (big blind) folded before Flop
Seat 9: lolilolka folded before Flop (didn't bet)



PokerStars Hand #230720865764:  Hold'em No Limit ($0.01/$0.02 USD) - 2021/10/18 23:45:06 PT [2021/10/19 2:45:06 ET]
Table 'Kniertje III' 9-max Seat #7 is the button
Seat 1: bloody55hawk ($1.34 in chips) 
Seat 2: dmcrbr ($2 in chips) 
Seat 3: gdCrimson ($2.19 in chips) 
Seat 4: jesperdoctom ($4.12 in chips) 
Seat 5: koban4ur ($2.02 in chips) 
Seat 6: oblivionreX ($2.33 in chips) 
Seat 7: Dorex2007 ($2 in chips) 
Seat 8: Luluxzx ($2.16 in chips) 
Seat 9: lolilolka ($2.59 in chips) 
Luluxzx: posts small blind $0.01
lolilolka: posts big blind $0.02
*** HOLE CARDS ***
Dealt to Dorex2007 [2s Js]
bloody55hawk: folds 
dmcrbr: folds 
gdCrimson: folds 
jesperdoctom: folds 
koban4ur: folds 
oblivionreX: folds 
Dorex2007: raises $0.04 to $0.06
Luluxzx: folds 
lolilolka: folds 
Uncalled bet ($0.04) returned to Dorex2007
Dorex2007 collected $0.05 from pot
Dorex2007: doesn't show hand 
*** SUMMARY ***
Total pot $0.05 | Rake $0 
Seat 1: bloody55hawk folded before Flop (didn't bet)
Seat 2: dmcrbr folded before Flop (didn't bet)
Seat 3: gdCrimson folded before Flop (didn't bet)
Seat 4: jesperdoctom folded before Flop (didn't bet)
Seat 5: koban4ur folded before Flop (didn't bet)
Seat 6: oblivionreX folded before Flop (didn't bet)
Seat 7: Dorex2007 (button) collected ($0.05)
Seat 8: Luluxzx (small blind) folded before Flop
Seat 9: lolilolka (big blind) folded before Flop



PokerStars Hand #230720870964:  Hold'em No Limit ($0.01/$0.02 USD) - 2021/10/18 23:45:46 PT [2021/10/19 2:45:46 ET]
Table 'Kniertje III' 9-max Seat #8 is the button
Seat 2: dmcrbr ($2 in chips) 
Seat 3: gdCrimson ($2.19 in chips) 
Seat 4: jesperdoctom ($4.12 in chips) 
Seat 5: koban4ur ($2.02 in chips) 
Seat 6: oblivionreX ($2.33 in chips) 
Seat 7: Dorex2007 ($2.03 in chips) 
Seat 8: Luluxzx ($2.15 in chips) 
Seat 9: lolilolka ($2.57 in chips) 
lolilolka: posts small blind $0.01
bloody55hawk: is sitting out 
dmcrbr: posts big blind $0.02
*** HOLE CARDS ***
Dealt to Dorex2007 [2h 5d]
bloody55hawk leaves the table
gdCrimson: folds 
jesperdoctom: folds 
nadokesh joins the table at seat #1 
koban4ur: folds 
oblivionreX: folds 
Dorex2007: folds 
Luluxzx has timed out
Luluxzx: folds 
lolilolka: folds 
Uncalled bet ($0.01) returned to dmcrbr
dmcrbr collected $0.02 from pot
dmcrbr: doesn't show hand 
*** SUMMARY ***
Total pot $0.02 | Rake $0 
Seat 2: dmcrbr (big blind) collected ($0.02)
Seat 3: gdCrimson folded before Flop (didn't bet)
Seat 4: jesperdoctom folded before Flop (didn't bet)
Seat 5: koban4ur folded before Flop (didn't bet)
Seat 6: oblivionreX folded before Flop (didn't bet)
Seat 7: Dorex2007 folded before Flop (didn't bet)
Seat 8: Luluxzx (button) folded before Flop (didn't bet)
Seat 9: lolilolka (small blind) folded before Flop



PokerStars Hand #230720874712:  Hold'em No Limit ($0.01/$0.02 USD) - 2021/10/18 23:46:16 PT [2021/10/19 2:46:16 ET]
Table 'Kniertje III' 9-max Seat #9 is the button
Seat 2: dmcrbr ($2.01 in chips) 
Seat 3: gdCrimson ($2.19 in chips) 
Seat 4: jesperdoctom ($4.12 in chips) 
Seat 5: koban4ur ($2.02 in chips) 
Seat 6: oblivionreX ($2.33 in chips) 
Seat 7: Dorex2007 ($2.03 in chips) 
Seat 9: lolilolka ($2.56 in chips) 
dmcrbr: posts small blind $0.01
gdCrimson: posts big blind $0.02
*** HOLE CARDS ***
Dealt to Dorex2007 [7s 7h]
jesperdoctom: calls $0.02
koban4ur: folds 
oblivionreX: folds 
Dorex2007: raises $0.04 to $0.06
lolilolka: folds 
dmcrbr: folds 
gdCrimson: calls $0.04
jesperdoctom: calls $0.04
*** FLOP *** [3c 2s 3h]
gdCrimson: checks 
jesperdoctom: checks 
Dorex2007: bets $0.18
gdCrimson: calls $0.18
jesperdoctom: folds 
*** TURN *** [3c 2s 3h] [Qh]
gdCrimson: checks 
Dorex2007: bets $0.53
gdCrimson: folds 
Uncalled bet ($0.53) returned to Dorex2007
Dorex2007 collected $0.53 from pot
Dorex2007: doesn't show hand 
*** SUMMARY ***
Total pot $0.55 | Rake $0.02 
Board [3c 2s 3h Qh]
Seat 2: dmcrbr (small blind) folded before Flop
Seat 3: gdCrimson (big blind) folded on the Turn
Seat 4: jesperdoctom folded on the Flop
Seat 5: koban4ur folded before Flop (didn't bet)
Seat 6: oblivionreX folded before Flop (didn't bet)
Seat 7: Dorex2007 collected ($0.53)
Seat 9: lolilolka (button) folded before Flop (didn't bet)



PokerStars Hand #230720881229:  Hold'em No Limit ($0.01/$0.02 USD) - 2021/10/18 23:47:06 PT [2021/10/19 2:47:06 ET]
Table 'Kniertje III' 9-max Seat #2 is the button
Seat 2: dmcrbr ($2 in chips) 
Seat 3: gdCrimson ($1.95 in chips) 
Seat 4: jesperdoctom ($4.06 in chips) 
Seat 5: koban4ur ($2.02 in chips) 
Seat 6: oblivionreX ($2.33 in chips) 
Seat 7: Dorex2007 ($2.32 in chips) 
Seat 8: Luluxzx ($2.15 in chips) 
Seat 9: lolilolka ($2.56 in chips) 
gdCrimson: posts small blind $0.01
jesperdoctom: posts big blind $0.02
nadokesh: sits out 
*** HOLE CARDS ***
Dealt to Dorex2007 [Kh Tc]
koban4ur: folds 
oblivionreX: folds 
Dorex2007 has timed out
Dorex2007: folds 
Luluxzx: calls $0.02
lolilolka: folds 
dmcrbr: folds 
gdCrimson: folds 
jesperdoctom: checks 
*** FLOP *** [9h 6d Td]
jesperdoctom: checks 
Luluxzx: bets $0.04
jesperdoctom: calls $0.04
*** TURN *** [9h 6d Td] [Ah]
jesperdoctom: checks 
Luluxzx: bets $0.04
jesperdoctom: calls $0.04
*** RIVER *** [9h 6d Td Ah] [8h]
jesperdoctom: checks 
Luluxzx: bets $0.14
jesperdoctom: folds 
Uncalled bet ($0.14) returned to Luluxzx
Luluxzx collected $0.20 from pot
*** SUMMARY ***
Total pot $0.21 | Rake $0.01 
Board [9h 6d Td Ah 8h]
Seat 2: dmcrbr (button) folded before Flop (didn't bet)
Seat 3: gdCrimson (small blind) folded before Flop
Seat 4: jesperdoctom (big blind) folded on the River
Seat 5: koban4ur folded before Flop (didn't bet)
Seat 6: oblivionreX folded before Flop (didn't bet)
Seat 7: Dorex2007 folded before Flop (didn't bet)
Seat 8: Luluxzx collected ($0.20)
Seat 9: lolilolka folded before Flop (didn't bet)



PokerStars Hand #230720888916:  Hold'em No Limit ($0.01/$0.02 USD) - 2021/10/18 23:48:05 PT [2021/10/19 2:48:05 ET]
Table 'Kniertje III' 9-max Seat #3 is the button
Seat 2: dmcrbr ($2 in chips) 
Seat 3: gdCrimson ($1.94 in chips) 
Seat 4: jesperdoctom ($3.96 in chips) 
Seat 5: koban4ur ($2.02 in chips) 
Seat 6: oblivionreX ($2.33 in chips) 
Seat 7: Dorex2007 ($2.32 in chips) 
Seat 8: Luluxzx ($2.25 in chips) 
Seat 9: lolilolka ($2.56 in chips) 
jesperdoctom: posts small blind $0.01
koban4ur: posts big blind $0.02
nadokesh: sits out 
*** HOLE CARDS ***
Dealt to Dorex2007 [9s 4s]
oblivionreX: folds 
Dorex2007: folds 
Luluxzx: folds 
lolilolka: folds 
dmcrbr: folds 
gdCrimson: raises $0.03 to $0.05
jesperdoctom: folds 
nadokesh leaves the table
koban4ur: calls $0.03
*** FLOP *** [Jc Kh 6c]
koban4ur: checks 
gdCrimson: bets $0.08
koban4ur: folds 
Uncalled bet ($0.08) returned to gdCrimson
gdCrimson collected $0.11 from pot
gdCrimson: doesn't show hand 
*** SUMMARY ***
Total pot $0.11 | Rake $0 
Board [Jc Kh 6c]
Seat 2: dmcrbr folded before Flop (didn't bet)
Seat 3: gdCrimson (button) collected ($0.11)
Seat 4: jesperdoctom (small blind) folded before Flop
Seat 5: koban4ur (big blind) folded on the Flop
Seat 6: oblivionreX folded before Flop (didn't bet)
Seat 7: Dorex2007 folded before Flop (didn't bet)
Seat 8: Luluxzx folded before Flop (didn't bet)
Seat 9: lolilolka folded before Flop (didn't bet)



PokerStars Hand #230720894164:  Hold'em No Limit ($0.01/$0.02 USD) - 2021/10/18 23:48:45 PT [2021/10/19 2:48:45 ET]
Table 'Kniertje III' 9-max Seat #4 is the button
Seat 2: dmcrbr ($2 in chips) 
Seat 3: gdCrimson ($2 in chips) 
Seat 4: jesperdoctom ($3.95 in chips) 
Seat 5: koban4ur ($1.97 in chips) 
Seat 6: oblivionreX ($2.33 in chips) 
Seat 7: Dorex2007 ($2.32 in chips) 
Seat 8: Luluxzx ($2.25 in chips) 
Seat 9: lolilolka ($2.56 in chips) 
koban4ur: posts small blind $0.01
oblivionreX: posts big blind $0.02
*** HOLE CARDS ***
Dealt to Dorex2007 [2c Ts]
Dorex2007: folds 
Luluxzx: folds 
lolilolka: folds 
dmcrbr: folds 
gdCrimson: folds 
jesperdoctom: folds 
koban4ur: folds 
Uncalled bet ($0.01) returned to oblivionreX
oblivionreX collected $0.02 from pot
oblivionreX: doesn't show hand 
*** SUMMARY ***
Total pot $0.02 | Rake $0 
Seat 2: dmcrbr folded before Flop (didn't bet)
Seat 3: gdCrimson folded before Flop (didn't bet)
Seat 4: jesperdoctom (button) folded before Flop (didn't bet)
Seat 5: koban4ur (small blind) folded before Flop
Seat 6: oblivionreX (big blind) collected ($0.02)
Seat 7: Dorex2007 folded before Flop (didn't bet)
Seat 8: Luluxzx folded before Flop (didn't bet)
Seat 9: lolilolka folded before Flop (didn't bet)



PokerStars Hand #230720896212:  Hold'em No Limit ($0.01/$0.02 USD) - 2021/10/18 23:49:00 PT [2021/10/19 2:49:00 ET]
Table 'Kniertje III' 9-max Seat #5 is the button
Seat 2: dmcrbr ($2 in chips) 
Seat 3: gdCrimson ($2 in chips) 
Seat 4: jesperdoctom ($3.95 in chips) 
Seat 5: koban4ur ($1.96 in chips) 
Seat 6: oblivionreX ($2.34 in chips) 
Seat 7: Dorex2007 ($2.32 in chips) 
Seat 8: Luluxzx ($2.25 in chips) 
Seat 9: lolilolka ($2.56 in chips) 
oblivionreX: posts small blind $0.01
Dorex2007: posts big blind $0.02
*** HOLE CARDS ***
Dealt to Dorex2007 [Jc 7d]
Luluxzx: folds 
lolilolka: folds 
dmcrbr: folds 
gdCrimson: folds 
jesperdoctom: folds 
koban4ur: raises $0.04 to $0.06
oblivionreX: raises $0.18 to $0.24
Dorex2007: folds 
koban4ur: folds 
Uncalled bet ($0.18) returned to oblivionreX
oblivionreX collected $0.14 from pot
oblivionreX: doesn't show hand 
*** SUMMARY ***
Total pot $0.14 | Rake $0 
Seat 2: dmcrbr folded before Flop (didn't bet)
Seat 3: gdCrimson folded before Flop (didn't bet)
Seat 4: jesperdoctom folded before Flop (didn't bet)
Seat 5: koban4ur (button) folded before Flop
Seat 6: oblivionreX (small blind) collected ($0.14)
Seat 7: Dorex2007 (big blind) folded before Flop
Seat 8: Luluxzx folded before Flop (didn't bet)
Seat 9: lolilolka folded before Flop (didn't bet)



PokerStars Hand #230720901418:  Hold'em No Limit ($0.01/$0.02 USD) - 2021/10/18 23:49:40 PT [2021/10/19 2:49:40 ET]
Table 'Kniertje III' 9-max Seat #6 is the button
Seat 2: dmcrbr ($2 in chips) 
Seat 3: gdCrimson ($2 in chips) 
Seat 4: jesperdoctom ($3.95 in chips) 
Seat 5: koban4ur ($1.90 in chips) 
Seat 6: oblivionreX ($2.42 in chips) 
Seat 7: Dorex2007 ($2.30 in chips) 
Seat 8: Luluxzx ($2.25 in chips) 
Seat 9: lolilolka ($2.56 in chips) 
Dorex2007: posts small blind $0.01
Luluxzx: posts big blind $0.02
*** HOLE CARDS ***
Dealt to Dorex2007 [4d Jd]
lolilolka: raises $0.04 to $0.06
dmcrbr: folds 
gdCrimson: folds 
jesperdoctom: folds 
koban4ur: folds 
oblivionreX: calls $0.06
Dorex2007: folds 
Luluxzx: calls $0.04
*** FLOP *** [Ks 7c 8h]
Luluxzx: checks 
lolilolka: checks 
oblivionreX: checks 
*** TURN *** [Ks 7c 8h] [2s]
Luluxzx: checks 
lolilolka: bets $0.08
oblivionreX: folds 
Luluxzx: folds 
Uncalled bet ($0.08) returned to lolilolka
lolilolka collected $0.18 from pot
lolilolka: doesn't show hand 
*** SUMMARY ***
Total pot $0.19 | Rake $0.01 
Board [Ks 7c 8h 2s]
Seat 2: dmcrbr folded before Flop (didn't bet)
Seat 3: gdCrimson folded before Flop (didn't bet)
Seat 4: jesperdoctom folded before Flop (didn't bet)
Seat 5: koban4ur folded before Flop (didn't bet)
Seat 6: oblivionreX (button) folded on the Turn
Seat 7: Dorex2007 (small blind) folded before Flop
Seat 8: Luluxzx (big blind) folded on the Turn
Seat 9: lolilolka collected ($0.18)



PokerStars Hand #230720909493:  Hold'em No Limit ($0.01/$0.02 USD) - 2021/10/18 23:50:41 PT [2021/10/19 2:50:41 ET]
Table 'Kniertje III' 9-max Seat #7 is the button
Seat 2: dmcrbr ($2 in chips) 
Seat 3: gdCrimson ($2 in chips) 
Seat 4: jesperdoctom ($3.95 in chips) 
Seat 5: koban4ur ($1.90 in chips) 
Seat 6: oblivionreX ($2.36 in chips) 
Seat 7: Dorex2007 ($2.29 in chips) 
Seat 8: Luluxzx ($2.19 in chips) 
Luluxzx: posts small blind $0.01
lolilolka: is sitting out 
dmcrbr: posts big blind $0.02
*** HOLE CARDS ***
Dealt to Dorex2007 [Qh 8d]
gdCrimson: folds 
lolilolka leaves the table
jesperdoctom: folds 
koban4ur: folds 
oblivionreX: folds 
Dorex2007: folds 
Luluxzx: calls $0.01
dmcrbr: checks 
*** FLOP *** [6h 2s 8c]
Luluxzx: checks 
dmcrbr: checks 
*** TURN *** [6h 2s 8c] [9c]
Luluxzx: checks 
dmcrbr: checks 
*** RIVER *** [6h 2s 8c 9c] [6s]
Luluxzx: bets $0.02
dmcrbr: folds 
Uncalled bet ($0.02) returned to Luluxzx
Luluxzx collected $0.04 from pot
*** SUMMARY ***
Total pot $0.04 | Rake $0 
Board [6h 2s 8c 9c 6s]
Seat 2: dmcrbr (big blind) folded on the River
Seat 3: gdCrimson folded before Flop (didn't bet)
Seat 4: jesperdoctom folded before Flop (didn't bet)
Seat 5: koban4ur folded before Flop (didn't bet)
Seat 6: oblivionreX folded before Flop (didn't bet)
Seat 7: Dorex2007 (button) folded before Flop (didn't bet)
Seat 8: Luluxzx (small blind) collected ($0.04)



PokerStars Hand #230720917553:  Hold'em No Limit ($0.01/$0.02 USD) - 2021/10/18 23:51:41 PT [2021/10/19 2:51:41 ET]
Table 'Kniertje III' 9-max Seat #8 is the button
Seat 2: dmcrbr ($2 in chips) 
Seat 3: gdCrimson ($2 in chips) 
Seat 4: jesperdoctom ($3.95 in chips) 
Seat 5: koban4ur ($1.90 in chips) 
Seat 6: oblivionreX ($2.36 in chips) 
Seat 7: Dorex2007 ($2.29 in chips) 
Seat 8: Luluxzx ($2.21 in chips) 
dmcrbr: posts small blind $0.01
gdCrimson: posts big blind $0.02
*** HOLE CARDS ***
Dealt to Dorex2007 [3h 3d]
jesperdoctom: folds 
koban4ur: folds 
oblivionreX: folds 
Dorex2007: calls $0.02
Luluxzx: folds 
dmcrbr: folds 
gdCrimson: checks 
*** FLOP *** [Kc 4s Qs]
gdCrimson: checks 
Dorex2007: checks 
*** TURN *** [Kc 4s Qs] [Tc]
gdCrimson: bets $0.02
Dorex2007: folds 
Uncalled bet ($0.02) returned to gdCrimson
gdCrimson collected $0.05 from pot
gdCrimson: doesn't show hand 
*** SUMMARY ***
Total pot $0.05 | Rake $0 
Board [Kc 4s Qs Tc]
Seat 2: dmcrbr (small blind) folded before Flop
Seat 3: gdCrimson (big blind) collected ($0.05)
Seat 4: jesperdoctom folded before Flop (didn't bet)
Seat 5: koban4ur folded before Flop (didn't bet)
Seat 6: oblivionreX folded before Flop (didn't bet)
Seat 7: Dorex2007 folded on the Turn
Seat 8: Luluxzx (button) folded before Flop (didn't bet)



PokerStars Hand #230720926715:  Hold'em No Limit ($0.01/$0.02 USD) - 2021/10/18 23:52:51 PT [2021/10/19 2:52:51 ET]
Table 'Kniertje III' 9-max Seat #2 is the button
Seat 2: dmcrbr ($2 in chips) 
Seat 3: gdCrimson ($2.03 in chips) 
Seat 4: jesperdoctom ($3.95 in chips) 
Seat 5: koban4ur ($1.90 in chips) 
Seat 6: oblivionreX ($2.36 in chips) 
Seat 7: Dorex2007 ($2.27 in chips) 
Seat 8: Luluxzx ($2.21 in chips) 
gdCrimson: posts small blind $0.01
jesperdoctom: posts big blind $0.02
*** HOLE CARDS ***
Dealt to Dorex2007 [9h 2s]
koban4ur: folds 
oblivionreX: folds 
Dorex2007: folds 
Luluxzx: folds 
dmcrbr: folds 
gdCrimson: raises $0.04 to $0.06
jesperdoctom: folds 
Uncalled bet ($0.04) returned to gdCrimson
gdCrimson collected $0.04 from pot
gdCrimson: doesn't show hand 
*** SUMMARY ***
Total pot $0.04 | Rake $0 
Seat 2: dmcrbr (button) folded before Flop (didn't bet)
Seat 3: gdCrimson (small blind) collected ($0.04)
Seat 4: jesperdoctom (big blind) folded before Flop
Seat 5: koban4ur folded before Flop (didn't bet)
Seat 6: oblivionreX folded before Flop (didn't bet)
Seat 7: Dorex2007 folded before Flop (didn't bet)
Seat 8: Luluxzx folded before Flop (didn't bet)



PokerStars Hand #230720930104:  Hold'em No Limit ($0.01/$0.02 USD) - 2021/10/18 23:53:17 PT [2021/10/19 2:53:17 ET]
Table 'Kniertje III' 9-max Seat #3 is the button
Seat 2: dmcrbr ($2 in chips) 
Seat 3: gdCrimson ($2.05 in chips) 
Seat 4: jesperdoctom ($3.93 in chips) 
Seat 5: koban4ur ($1.90 in chips) 
Seat 6: oblivionreX ($2.36 in chips) 
Seat 7: Dorex2007 ($2.27 in chips) 
Seat 8: Luluxzx ($2.21 in chips) 
jesperdoctom: posts small blind $0.01
koban4ur: posts big blind $0.02
*** HOLE CARDS ***
Dealt to Dorex2007 [3h 4s]
oblivionreX: folds 
Dorex2007: folds 
Luluxzx: folds 
dmcrbr: folds 
gdCrimson: raises $0.03 to $0.05
jesperdoctom: folds 
koban4ur: folds 
Uncalled bet ($0.03) returned to gdCrimson
gdCrimson collected $0.05 from pot
gdCrimson: doesn't show hand 
*** SUMMARY ***
Total pot $0.05 | Rake $0 
Seat 2: dmcrbr folded before Flop (didn't bet)
Seat 3: gdCrimson (button) collected ($0.05)
Seat 4: jesperdoctom (small blind) folded before Flop
Seat 5: koban4ur (big blind) folded before Flop
Seat 6: oblivionreX folded before Flop (didn't bet)
Seat 7: Dorex2007 folded before Flop (didn't bet)
Seat 8: Luluxzx folded before Flop (didn't bet)



