PokerStars Hand #237797351327:  Hold'em No Limit ($0.01/$0.02 USD) - 2022/08/04 21:48:26 PT [2022/08/05 0:48:26 ET]
Table 'Eureka II' 9-max Seat #6 is the button
Seat 1: READTHENWEEP ($1.98 in chips) 
Seat 2: javibrus ($1.89 in chips) 
Seat 3: iwant yasoul ($1.04 in chips) 
Seat 4: Dorex2007 ($2 in chips) 
Seat 6: FlyinIron720 ($1.57 in chips) 
Seat 7: jackhighX ($1.98 in chips) 
Seat 8: LTWBB87 ($1.58 in chips) 
Seat 9: samiike ($1.87 in chips) 
jackhighX: posts small blind $0.01
LTWBB87: posts big blind $0.02
Dorex2007: posts big blind $0.02
*** HOLE CARDS ***
Dealt to Dorex2007 [4s 6d]
samiike: raises $0.03 to $0.05
READTHENWEEP: folds 
javibrus: folds 
Spirit Mi is disconnected 
iwant yasoul: folds 
Dorex2007: folds 
FlyinIron720: folds 
jackhighX: folds 
LTWBB87: folds 
Uncalled bet ($0.03) returned to samiike
samiike collected $0.07 from pot
samiike: doesn't show hand 
*** SUMMARY ***
Total pot $0.07 | Rake $0 
Seat 1: READTHENWEEP folded before Flop (didn't bet)
Seat 2: javibrus folded before Flop (didn't bet)
Seat 3: iwant yasoul folded before Flop (didn't bet)
Seat 4: Dorex2007 folded before Flop (didn't bet)
Seat 6: FlyinIron720 (button) folded before Flop (didn't bet)
Seat 7: jackhighX (small blind) folded before Flop
Seat 8: LTWBB87 (big blind) folded before Flop
Seat 9: samiike collected ($0.07)



PokerStars Hand #237797356001:  Hold'em No Limit ($0.01/$0.02 USD) - 2022/08/04 21:49:05 PT [2022/08/05 0:49:05 ET]
Table 'Eureka II' 9-max Seat #7 is the button
Seat 1: READTHENWEEP ($1.98 in chips) 
Seat 2: javibrus ($1.89 in chips) 
Seat 3: iwant yasoul ($1.04 in chips) 
Seat 4: Dorex2007 ($2 in chips) 
Seat 6: FlyinIron720 ($1.57 in chips) 
Seat 7: jackhighX ($1.97 in chips) 
Seat 8: LTWBB87 ($1.56 in chips) 
Seat 9: samiike ($1.92 in chips) 
LTWBB87: posts small blind $0.01
samiike: posts big blind $0.02
*** HOLE CARDS ***
Dealt to Dorex2007 [Td Kc]
READTHENWEEP: folds 
javibrus: folds 
iwant yasoul: folds 
Dorex2007: raises $0.04 to $0.06
FlyinIron720: calls $0.06
jackhighX: folds 
LTWBB87: folds 
samiike: folds 
*** FLOP *** [2h Jh 3d]
Dorex2007: checks 
FlyinIron720: bets $0.08
Dorex2007: folds 
Uncalled bet ($0.08) returned to FlyinIron720
FlyinIron720 collected $0.14 from pot
FlyinIron720: doesn't show hand 
*** SUMMARY ***
Total pot $0.15 | Rake $0.01 
Board [2h Jh 3d]
Seat 1: READTHENWEEP folded before Flop (didn't bet)
Seat 2: javibrus folded before Flop (didn't bet)
Seat 3: iwant yasoul folded before Flop (didn't bet)
Seat 4: Dorex2007 folded on the Flop
Seat 6: FlyinIron720 collected ($0.14)
Seat 7: jackhighX (button) folded before Flop (didn't bet)
Seat 8: LTWBB87 (small blind) folded before Flop
Seat 9: samiike (big blind) folded before Flop



PokerStars Hand #237797360349:  Hold'em No Limit ($0.01/$0.02 USD) - 2022/08/04 21:49:40 PT [2022/08/05 0:49:40 ET]
Table 'Eureka II' 9-max Seat #8 is the button
Seat 1: READTHENWEEP ($1.98 in chips) 
Seat 2: javibrus ($1.89 in chips) 
Seat 3: iwant yasoul ($1.04 in chips) 
Seat 4: Dorex2007 ($2 in chips) 
Seat 6: FlyinIron720 ($1.65 in chips) 
Seat 7: jackhighX ($1.97 in chips) 
Seat 8: LTWBB87 ($1.55 in chips) 
Seat 9: samiike ($1.90 in chips) 
samiike: posts small blind $0.01
READTHENWEEP: posts big blind $0.02
*** HOLE CARDS ***
Dealt to Dorex2007 [2h 4d]
javibrus: folds 
iwant yasoul: raises $0.04 to $0.06
Dorex2007: folds 
FlyinIron720: folds 
jackhighX: calls $0.06
LTWBB87: folds 
samiike: folds 
READTHENWEEP: calls $0.04
*** FLOP *** [Jh Qs Ks]
READTHENWEEP: checks 
iwant yasoul: bets $0.10
jackhighX: raises $0.22 to $0.32
READTHENWEEP: folds 
iwant yasoul: folds 
Uncalled bet ($0.22) returned to jackhighX
jackhighX collected $0.38 from pot
jackhighX: doesn't show hand 
*** SUMMARY ***
Total pot $0.39 | Rake $0.01 
Board [Jh Qs Ks]
Seat 1: READTHENWEEP (big blind) folded on the Flop
Seat 2: javibrus folded before Flop (didn't bet)
Seat 3: iwant yasoul folded on the Flop
Seat 4: Dorex2007 folded before Flop (didn't bet)
Seat 6: FlyinIron720 folded before Flop (didn't bet)
Seat 7: jackhighX collected ($0.38)
Seat 8: LTWBB87 (button) folded before Flop (didn't bet)
Seat 9: samiike (small blind) folded before Flop



PokerStars Hand #237797367968:  Hold'em No Limit ($0.01/$0.02 USD) - 2022/08/04 21:50:42 PT [2022/08/05 0:50:42 ET]
Table 'Eureka II' 9-max Seat #9 is the button
Seat 1: READTHENWEEP ($1.92 in chips) 
Seat 2: javibrus ($1.89 in chips) 
Seat 3: iwant yasoul ($0.88 in chips) 
Seat 4: Dorex2007 ($2 in chips) 
Seat 6: FlyinIron720 ($1.65 in chips) 
Seat 7: jackhighX ($2.19 in chips) 
Seat 8: LTWBB87 ($1.55 in chips) 
Seat 9: samiike ($1.89 in chips) 
READTHENWEEP: posts small blind $0.01
javibrus: posts big blind $0.02
*** HOLE CARDS ***
Dealt to Dorex2007 [Ah 7h]
iwant yasoul: folds 
Dorex2007: folds 
FlyinIron720: folds 
jackhighX: folds 
LTWBB87: folds 
samiike: raises $0.02 to $0.04
READTHENWEEP: folds 
javibrus: calls $0.02
*** FLOP *** [5s Jc 6c]
javibrus: checks 
samiike: bets $0.04
javibrus: calls $0.04
*** TURN *** [5s Jc 6c] [3d]
javibrus: checks 
samiike: checks 
*** RIVER *** [5s Jc 6c 3d] [2h]
javibrus: bets $0.16
samiike: folds 
Uncalled bet ($0.16) returned to javibrus
javibrus collected $0.16 from pot
javibrus: doesn't show hand 
*** SUMMARY ***
Total pot $0.17 | Rake $0.01 
Board [5s Jc 6c 3d 2h]
Seat 1: READTHENWEEP (small blind) folded before Flop
Seat 2: javibrus (big blind) collected ($0.16)
Seat 3: iwant yasoul folded before Flop (didn't bet)
Seat 4: Dorex2007 folded before Flop (didn't bet)
Seat 6: FlyinIron720 folded before Flop (didn't bet)
Seat 7: jackhighX folded before Flop (didn't bet)
Seat 8: LTWBB87 folded before Flop (didn't bet)
Seat 9: samiike (button) folded on the River



PokerStars Hand #237797373739:  Hold'em No Limit ($0.01/$0.02 USD) - 2022/08/04 21:51:30 PT [2022/08/05 0:51:30 ET]
Table 'Eureka II' 9-max Seat #1 is the button
Seat 1: READTHENWEEP ($1.91 in chips) 
Seat 2: javibrus ($1.97 in chips) 
Seat 3: iwant yasoul ($0.88 in chips) 
Seat 4: Dorex2007 ($2 in chips) 
Seat 6: FlyinIron720 ($1.65 in chips) 
Seat 7: jackhighX ($2.19 in chips) 
Seat 8: LTWBB87 ($1.55 in chips) 
Seat 9: samiike ($1.81 in chips) 
javibrus: posts small blind $0.01
iwant yasoul: posts big blind $0.02
*** HOLE CARDS ***
Dealt to Dorex2007 [6d 9d]
Dorex2007: folds 
FlyinIron720: folds 
jackhighX: folds 
LTWBB87: calls $0.02
samiike: folds 
READTHENWEEP: calls $0.02
javibrus: calls $0.01
iwant yasoul: checks 
*** FLOP *** [Th 5c 2h]
javibrus: checks 
iwant yasoul: checks 
LTWBB87: checks 
READTHENWEEP: bets $0.06
javibrus: folds 
iwant yasoul: folds 
LTWBB87: calls $0.06
*** TURN *** [Th 5c 2h] [2s]
LTWBB87: bets $0.02
READTHENWEEP: raises $0.08 to $0.10
LTWBB87: raises $0.08 to $0.18
READTHENWEEP: folds 
Uncalled bet ($0.08) returned to LTWBB87
LTWBB87 collected $0.39 from pot
*** SUMMARY ***
Total pot $0.40 | Rake $0.01 
Board [Th 5c 2h 2s]
Seat 1: READTHENWEEP (button) folded on the Turn
Seat 2: javibrus (small blind) folded on the Flop
Seat 3: iwant yasoul (big blind) folded on the Flop
Seat 4: Dorex2007 folded before Flop (didn't bet)
Seat 6: FlyinIron720 folded before Flop (didn't bet)
Seat 7: jackhighX folded before Flop (didn't bet)
Seat 8: LTWBB87 collected ($0.39)
Seat 9: samiike folded before Flop (didn't bet)



PokerStars Hand #237797386162:  Hold'em No Limit ($0.01/$0.02 USD) - 2022/08/04 21:53:13 PT [2022/08/05 0:53:13 ET]
Table 'Eureka II' 9-max Seat #2 is the button
Seat 1: READTHENWEEP ($1.73 in chips) 
Seat 2: javibrus ($1.95 in chips) 
Seat 3: iwant yasoul ($0.86 in chips) 
Seat 4: Dorex2007 ($2 in chips) 
Seat 6: FlyinIron720 ($1.65 in chips) 
Seat 7: jackhighX ($2.19 in chips) 
Seat 8: LTWBB87 ($1.76 in chips) 
Seat 9: samiike ($1.81 in chips) 
iwant yasoul: posts small blind $0.01
Dorex2007: posts big blind $0.02
*** HOLE CARDS ***
Dealt to Dorex2007 [Ad 3d]
FlyinIron720: raises $0.02 to $0.04
jackhighX: folds 
LTWBB87: folds 
samiike: folds 
READTHENWEEP: folds 
javibrus: calls $0.04
iwant yasoul: folds 
Dorex2007: calls $0.02
*** FLOP *** [9c 5d 6h]
Dorex2007: checks 
FlyinIron720: bets $0.08
javibrus: raises $0.29 to $0.37
Dorex2007: folds 
FlyinIron720: folds 
Uncalled bet ($0.29) returned to javibrus
javibrus collected $0.28 from pot
javibrus: doesn't show hand 
*** SUMMARY ***
Total pot $0.29 | Rake $0.01 
Board [9c 5d 6h]
Seat 1: READTHENWEEP folded before Flop (didn't bet)
Seat 2: javibrus (button) collected ($0.28)
Seat 3: iwant yasoul (small blind) folded before Flop
Seat 4: Dorex2007 (big blind) folded on the Flop
Seat 6: FlyinIron720 folded on the Flop
Seat 7: jackhighX folded before Flop (didn't bet)
Seat 8: LTWBB87 folded before Flop (didn't bet)
Seat 9: samiike folded before Flop (didn't bet)



PokerStars Hand #237797393787:  Hold'em No Limit ($0.01/$0.02 USD) - 2022/08/04 21:53:59 PT [2022/08/05 0:53:59 ET]
Table 'Eureka II' 9-max Seat #3 is the button
Seat 1: READTHENWEEP ($1.73 in chips) 
Seat 2: javibrus ($2.11 in chips) 
Seat 3: iwant yasoul ($0.85 in chips) 
Seat 4: Dorex2007 ($2 in chips) 
Seat 6: FlyinIron720 ($1.53 in chips) 
Seat 7: jackhighX ($2.19 in chips) 
Seat 8: LTWBB87 ($1.76 in chips) 
Seat 9: samiike ($1.81 in chips) 
Dorex2007: posts small blind $0.01
FlyinIron720: posts big blind $0.02
*** HOLE CARDS ***
Dealt to Dorex2007 [6s 6h]
jackhighX: raises $0.04 to $0.06
LTWBB87: folds 
samiike: folds 
READTHENWEEP: folds 
javibrus: folds 
iwant yasoul: folds 
Dorex2007: calls $0.05
FlyinIron720: folds 
*** FLOP *** [Ts 9s Kd]
Dorex2007: checks 
jackhighX: checks 
*** TURN *** [Ts 9s Kd] [Js]
Dorex2007: checks 
jackhighX: checks 
*** RIVER *** [Ts 9s Kd Js] [7h]
Dorex2007: bets $0.06
jackhighX: folds 
Uncalled bet ($0.06) returned to Dorex2007
Dorex2007 collected $0.14 from pot
Dorex2007: doesn't show hand 
*** SUMMARY ***
Total pot $0.14 | Rake $0 
Board [Ts 9s Kd Js 7h]
Seat 1: READTHENWEEP folded before Flop (didn't bet)
Seat 2: javibrus folded before Flop (didn't bet)
Seat 3: iwant yasoul (button) folded before Flop (didn't bet)
Seat 4: Dorex2007 (small blind) collected ($0.14)
Seat 6: FlyinIron720 (big blind) folded before Flop
Seat 7: jackhighX folded on the River
Seat 8: LTWBB87 folded before Flop (didn't bet)
Seat 9: samiike folded before Flop (didn't bet)



PokerStars Hand #237797400438:  Hold'em No Limit ($0.01/$0.02 USD) - 2022/08/04 21:54:55 PT [2022/08/05 0:54:55 ET]
Table 'Eureka II' 9-max Seat #4 is the button
Seat 1: READTHENWEEP ($1.73 in chips) 
Seat 2: javibrus ($2.11 in chips) 
Seat 3: iwant yasoul ($0.85 in chips) 
Seat 4: Dorex2007 ($2.08 in chips) 
Seat 6: FlyinIron720 ($1.51 in chips) 
Seat 7: jackhighX ($2.13 in chips) 
Seat 8: LTWBB87 ($1.76 in chips) 
Seat 9: samiike ($1.81 in chips) 
FlyinIron720: posts small blind $0.01
jackhighX: posts big blind $0.02
*** HOLE CARDS ***
Dealt to Dorex2007 [Kd 7c]
LTWBB87: calls $0.02
samiike: folds 
READTHENWEEP: folds 
javibrus: folds 
javibrus leaves the table
iwant yasoul: folds 
Dorex2007: folds 
FlyinIron720: calls $0.01
jackhighX: checks 
*** FLOP *** [Jh Ah 3s]
ender_no_kozo joins the table at seat #2 
FlyinIron720: checks 
jackhighX: checks 
LTWBB87: bets $0.02
FlyinIron720: folds 
jackhighX: folds 
Uncalled bet ($0.02) returned to LTWBB87
LTWBB87 collected $0.06 from pot
*** SUMMARY ***
Total pot $0.06 | Rake $0 
Board [Jh Ah 3s]
Seat 1: READTHENWEEP folded before Flop (didn't bet)
Seat 2: javibrus folded before Flop (didn't bet)
Seat 3: iwant yasoul folded before Flop (didn't bet)
Seat 4: Dorex2007 (button) folded before Flop (didn't bet)
Seat 6: FlyinIron720 (small blind) folded on the Flop
Seat 7: jackhighX (big blind) folded on the Flop
Seat 8: LTWBB87 collected ($0.06)
Seat 9: samiike folded before Flop (didn't bet)



PokerStars Hand #237797405238:  Hold'em No Limit ($0.01/$0.02 USD) - 2022/08/04 21:55:38 PT [2022/08/05 0:55:38 ET]
Table 'Eureka II' 9-max Seat #6 is the button
Seat 1: READTHENWEEP ($1.73 in chips) 
Seat 3: iwant yasoul ($0.85 in chips) 
Seat 4: Dorex2007 ($2.08 in chips) 
Seat 6: FlyinIron720 ($1.49 in chips) 
Seat 7: jackhighX ($2.11 in chips) 
Seat 9: samiike ($1.81 in chips) 
jackhighX: posts small blind $0.01
LTWBB87: is sitting out 
samiike: posts big blind $0.02
ender_no_kozo: sits out 
*** HOLE CARDS ***
Dealt to Dorex2007 [Ah 8h]
READTHENWEEP: folds 
LTWBB87 leaves the table
iwant yasoul: folds 
abufirs joins the table at seat #8 
Dorex2007: calls $0.02
FlyinIron720: folds 
FlyinIron720 leaves the table
jackhighX: folds 
samiike: checks 
*** FLOP *** [4d 8c Th]
samiike: checks 
Dorex2007: checks 
*** TURN *** [4d 8c Th] [4h]
samiike: checks 
abufirs is disconnected 
INTIMIDATOR69 joins the table at seat #6 
Dorex2007: checks 
*** RIVER *** [4d 8c Th 4h] [Qc]
samiike: bets $0.04
Dorex2007: folds 
Uncalled bet ($0.04) returned to samiike
samiike collected $0.05 from pot
samiike: doesn't show hand 
*** SUMMARY ***
Total pot $0.05 | Rake $0 
Board [4d 8c Th 4h Qc]
Seat 1: READTHENWEEP folded before Flop (didn't bet)
Seat 3: iwant yasoul folded before Flop (didn't bet)
Seat 4: Dorex2007 folded on the River
Seat 6: FlyinIron720 (button) folded before Flop (didn't bet)
Seat 7: jackhighX (small blind) folded before Flop
Seat 9: samiike (big blind) collected ($0.05)



PokerStars Hand #237797412277:  Hold'em No Limit ($0.01/$0.02 USD) - 2022/08/04 21:56:43 PT [2022/08/05 0:56:43 ET]
Table 'Eureka II' 9-max Seat #7 is the button
Seat 1: READTHENWEEP ($1.73 in chips) 
Seat 3: iwant yasoul ($0.85 in chips) 
Seat 4: Dorex2007 ($2.06 in chips) 
Seat 6: INTIMIDATOR69 ($1 in chips) 
Seat 7: jackhighX ($2.10 in chips) 
Seat 9: samiike ($1.84 in chips) 
samiike: posts small blind $0.01
READTHENWEEP: posts big blind $0.02
ender_no_kozo: sits out 
INTIMIDATOR69: posts big blind $0.02
*** HOLE CARDS ***
Dealt to Dorex2007 [Jd 4c]
iwant yasoul: folds 
Dorex2007: folds 
INTIMIDATOR69: checks 
jackhighX: folds 
samiike: calls $0.01
READTHENWEEP: checks 
*** FLOP *** [9h Qc 2h]
samiike: checks 
READTHENWEEP: checks 
INTIMIDATOR69: checks 
*** TURN *** [9h Qc 2h] [Kd]
samiike: checks 
READTHENWEEP: checks 
INTIMIDATOR69: checks 
*** RIVER *** [9h Qc 2h Kd] [8d]
samiike: checks 
abufirs is disconnected 
READTHENWEEP: bets $0.03
INTIMIDATOR69: folds 
samiike: folds 
Uncalled bet ($0.03) returned to READTHENWEEP
READTHENWEEP collected $0.06 from pot
*** SUMMARY ***
Total pot $0.06 | Rake $0 
Board [9h Qc 2h Kd 8d]
Seat 1: READTHENWEEP (big blind) collected ($0.06)
Seat 3: iwant yasoul folded before Flop (didn't bet)
Seat 4: Dorex2007 folded before Flop (didn't bet)
Seat 6: INTIMIDATOR69 folded on the River (didn't bet)
Seat 7: jackhighX (button) folded before Flop (didn't bet)
Seat 9: samiike (small blind) folded on the River



PokerStars Hand #237797420088:  Hold'em No Limit ($0.01/$0.02 USD) - 2022/08/04 21:57:41 PT [2022/08/05 0:57:41 ET]
Table 'Eureka II' 9-max Seat #9 is the button
Seat 1: READTHENWEEP ($1.77 in chips) 
Seat 2: ender_no_kozo ($2 in chips) 
Seat 3: iwant yasoul ($0.85 in chips) 
Seat 4: Dorex2007 ($2.06 in chips) 
Seat 6: INTIMIDATOR69 ($1 in chips) 
Seat 7: jackhighX ($2.10 in chips) 
Seat 8: abufirs ($1.63 in chips) 
Seat 9: samiike ($1.82 in chips) 
READTHENWEEP: posts small blind $0.01
ender_no_kozo: posts big blind $0.02
abufirs: posts big blind $0.02
*** HOLE CARDS ***
Dealt to Dorex2007 [6d Jh]
iwant yasoul: folds 
Dorex2007: folds 
INTIMIDATOR69: folds 
jackhighX: folds 
abufirs: checks 
samiike: calls $0.02
READTHENWEEP: calls $0.01
ender_no_kozo: checks 
*** FLOP *** [Qd 7d Ts]
READTHENWEEP: checks 
ender_no_kozo: bets $0.04
abufirs: calls $0.04
samiike: folds 
READTHENWEEP: folds 
*** TURN *** [Qd 7d Ts] [Ac]
ender_no_kozo: bets $0.11
abufirs: folds 
Uncalled bet ($0.11) returned to ender_no_kozo
ender_no_kozo collected $0.15 from pot
ender_no_kozo: doesn't show hand 
*** SUMMARY ***
Total pot $0.16 | Rake $0.01 
Board [Qd 7d Ts Ac]
Seat 1: READTHENWEEP (small blind) folded on the Flop
Seat 2: ender_no_kozo (big blind) collected ($0.15)
Seat 3: iwant yasoul folded before Flop (didn't bet)
Seat 4: Dorex2007 folded before Flop (didn't bet)
Seat 6: INTIMIDATOR69 folded before Flop (didn't bet)
Seat 7: jackhighX folded before Flop (didn't bet)
Seat 8: abufirs folded on the Turn
Seat 9: samiike (button) folded on the Flop



PokerStars Hand #237797424410:  Hold'em No Limit ($0.01/$0.02 USD) - 2022/08/04 21:58:22 PT [2022/08/05 0:58:22 ET]
Table 'Eureka II' 9-max Seat #1 is the button
Seat 1: READTHENWEEP ($1.75 in chips) 
Seat 2: ender_no_kozo ($2.09 in chips) 
Seat 3: iwant yasoul ($0.85 in chips) 
Seat 4: Dorex2007 ($2.06 in chips) 
Seat 6: INTIMIDATOR69 ($1 in chips) 
Seat 7: jackhighX ($2.10 in chips) 
Seat 8: abufirs ($1.57 in chips) 
Seat 9: samiike ($1.80 in chips) 
ender_no_kozo: posts small blind $0.01
iwant yasoul: posts big blind $0.02
*** HOLE CARDS ***
Dealt to Dorex2007 [7s 7c]
Dorex2007: calls $0.02
INTIMIDATOR69: calls $0.02
jackhighX: folds 
abufirs: folds 
samiike: folds 
Spirit Mi leaves the table
READTHENWEEP: raises $0.04 to $0.06
ender_no_kozo: folds 
iwant yasoul: folds 
Dorex2007: calls $0.04
INTIMIDATOR69: calls $0.04
*** FLOP *** [Kc 5s 2s]
Dorex2007: checks 
INTIMIDATOR69: bets $0.06
READTHENWEEP: raises $0.32 to $0.38
Dorex2007: folds 
INTIMIDATOR69: folds 
Uncalled bet ($0.32) returned to READTHENWEEP
READTHENWEEP collected $0.32 from pot
*** SUMMARY ***
Total pot $0.33 | Rake $0.01 
Board [Kc 5s 2s]
Seat 1: READTHENWEEP (button) collected ($0.32)
Seat 2: ender_no_kozo (small blind) folded before Flop
Seat 3: iwant yasoul (big blind) folded before Flop
Seat 4: Dorex2007 folded on the Flop
Seat 6: INTIMIDATOR69 folded on the Flop
Seat 7: jackhighX folded before Flop (didn't bet)
Seat 8: abufirs folded before Flop (didn't bet)
Seat 9: samiike folded before Flop (didn't bet)



PokerStars Hand #237797430449:  Hold'em No Limit ($0.01/$0.02 USD) - 2022/08/04 21:59:19 PT [2022/08/05 0:59:19 ET]
Table 'Eureka II' 9-max Seat #2 is the button
Seat 1: READTHENWEEP ($1.95 in chips) 
Seat 2: ender_no_kozo ($2.08 in chips) 
Seat 3: iwant yasoul ($0.83 in chips) 
Seat 4: Dorex2007 ($2 in chips) 
Seat 6: INTIMIDATOR69 ($1 in chips) 
Seat 7: jackhighX ($2.10 in chips) 
Seat 8: abufirs ($1.57 in chips) 
Seat 9: samiike ($1.80 in chips) 
iwant yasoul: posts small blind $0.01
Dorex2007: posts big blind $0.02
*** HOLE CARDS ***
Dealt to Dorex2007 [Jd Ah]
INTIMIDATOR69: folds 
jackhighX: calls $0.02
abufirs: folds 
samiike: folds 
READTHENWEEP: calls $0.02
ender_no_kozo: raises $0.04 to $0.06
Kakashivan20 joins the table at seat #5 
iwant yasoul: folds 
Dorex2007: calls $0.04
jackhighX: calls $0.04
READTHENWEEP: folds 
*** FLOP *** [Jh Td 6h]
Dorex2007: bets $0.20
jackhighX: calls $0.20
ender_no_kozo: calls $0.20
*** TURN *** [Jh Td 6h] [Ad]
Dorex2007: bets $1.74 and is all-in
jackhighX: calls $1.74
ender_no_kozo: raises $0.08 to $1.82 and is all-in
jackhighX: calls $0.08
Kakashivan20 leaves the table
*** RIVER *** [Jh Td 6h Ad] [5h]
*** SHOW DOWN ***
jackhighX: shows [6d 6s] (three of a kind, Sixes)
ender_no_kozo: shows [Kd Qh] (a straight, Ten to Ace)
ender_no_kozo collected $0.15 from side pot
Dorex2007: shows [Jd Ah] (two pair, Aces and Jacks)
ender_no_kozo collected $5.82 from main pot
Dorex2007 cashed out the hand for $0.55 | Cash Out Fee $0.01
*** SUMMARY ***
Total pot $6.19 Main pot $5.82. Side pot $0.15. | Rake $0.22 
Board [Jh Td 6h Ad 5h]
Seat 1: READTHENWEEP folded before Flop
Seat 2: ender_no_kozo (button) showed [Kd Qh] and won ($5.97) with a straight, Ten to Ace
Seat 3: iwant yasoul (small blind) folded before Flop
Seat 4: Dorex2007 (big blind) showed [Jd Ah] and lost with two pair, Aces and Jacks (cashed out).
Seat 6: INTIMIDATOR69 folded before Flop (didn't bet)
Seat 7: jackhighX showed [6d 6s] and lost with three of a kind, Sixes
Seat 8: abufirs folded before Flop (didn't bet)
Seat 9: samiike folded before Flop (didn't bet)



PokerStars Hand #237797440111:  Hold'em No Limit ($0.01/$0.02 USD) - 2022/08/04 22:00:48 PT [2022/08/05 1:00:48 ET]
Table 'Eureka II' 9-max Seat #3 is the button
Seat 1: READTHENWEEP ($1.93 in chips) 
Seat 2: ender_no_kozo ($5.97 in chips) 
Seat 3: iwant yasoul ($0.82 in chips) 
Seat 4: Dorex2007 ($2 in chips) 
Seat 6: INTIMIDATOR69 ($1 in chips) 
Seat 7: jackhighX ($0.02 in chips) 
Seat 8: abufirs ($1.57 in chips) 
Seat 9: samiike ($1.80 in chips) 
Dorex2007: posts small blind $0.01
INTIMIDATOR69: posts big blind $0.02
*** HOLE CARDS ***
Dealt to Dorex2007 [9d Qs]
jackhighX: folds 
Kakashivan20 joins the table at seat #5 
abufirs: folds 
samiike: folds 
READTHENWEEP: folds 
ender_no_kozo: raises $0.04 to $0.06
Kakashivan20 leaves the table
iwant yasoul: folds 
Dorex2007: folds 
INTIMIDATOR69: calls $0.04
*** FLOP *** [Kc Js 2h]
INTIMIDATOR69: checks 
ender_no_kozo: bets $0.07
INTIMIDATOR69: folds 
Uncalled bet ($0.07) returned to ender_no_kozo
ender_no_kozo collected $0.13 from pot
ender_no_kozo: doesn't show hand 
*** SUMMARY ***
Total pot $0.13 | Rake $0 
Board [Kc Js 2h]
Seat 1: READTHENWEEP folded before Flop (didn't bet)
Seat 2: ender_no_kozo collected ($0.13)
Seat 3: iwant yasoul (button) folded before Flop (didn't bet)
Seat 4: Dorex2007 (small blind) folded before Flop
Seat 6: INTIMIDATOR69 (big blind) folded on the Flop
Seat 7: jackhighX folded before Flop (didn't bet)
Seat 8: abufirs folded before Flop (didn't bet)
Seat 9: samiike folded before Flop (didn't bet)



PokerStars Hand #237797443827:  Hold'em No Limit ($0.01/$0.02 USD) - 2022/08/04 22:01:20 PT [2022/08/05 1:01:20 ET]
Table 'Eureka II' 9-max Seat #4 is the button
Seat 1: READTHENWEEP ($1.93 in chips) 
Seat 2: ender_no_kozo ($6.04 in chips) 
Seat 3: iwant yasoul ($0.82 in chips) 
Seat 4: Dorex2007 ($2 in chips) 
Seat 6: INTIMIDATOR69 ($1 in chips) 
Seat 7: jackhighX ($0.02 in chips) 
Seat 8: abufirs ($1.57 in chips) 
Seat 9: samiike ($1.80 in chips) 
INTIMIDATOR69: posts small blind $0.01
jackhighX: posts big blind $0.02 and is all-in
*** HOLE CARDS ***
Dealt to Dorex2007 [Td 3s]
abufirs: folds 
samiike: folds 
Kakashivan20 joins the table at seat #5 
READTHENWEEP: calls $0.02
ender_no_kozo: folds 
iwant yasoul: folds 
Dorex2007: folds 
Kakashivan20 leaves the table
INTIMIDATOR69: folds 
*** FLOP *** [6h 8h 4s]
samadura joins the table at seat #5 
*** TURN *** [6h 8h 4s] [Th]
*** RIVER *** [6h 8h 4s Th] [3h]
*** SHOW DOWN ***
jackhighX: shows [9s 9d] (a pair of Nines)
READTHENWEEP: shows [4c 4d] (three of a kind, Fours)
READTHENWEEP collected $0.05 from pot
jackhighX cashed out the hand for $0.05
*** SUMMARY ***
Total pot $0.05 | Rake $0 
Board [6h 8h 4s Th 3h]
Seat 1: READTHENWEEP showed [4c 4d] and won ($0.05) with three of a kind, Fours
Seat 2: ender_no_kozo folded before Flop (didn't bet)
Seat 3: iwant yasoul folded before Flop (didn't bet)
Seat 4: Dorex2007 (button) folded before Flop (didn't bet)
Seat 6: INTIMIDATOR69 (small blind) folded before Flop
Seat 7: jackhighX (big blind) showed [9s 9d] and lost with a pair of Nines (cashed out).
Seat 8: abufirs folded before Flop (didn't bet)
Seat 9: samiike folded before Flop (didn't bet)



PokerStars Hand #237797447025:  Hold'em No Limit ($0.01/$0.02 USD) - 2022/08/04 22:01:48 PT [2022/08/05 1:01:48 ET]
Table 'Eureka II' 9-max Seat #6 is the button
Seat 1: READTHENWEEP ($1.96 in chips) 
Seat 2: ender_no_kozo ($6.04 in chips) 
Seat 3: iwant yasoul ($0.82 in chips) 
Seat 4: Dorex2007 ($2 in chips) 
Seat 5: samadura ($1.60 in chips) 
Seat 6: INTIMIDATOR69 ($1 in chips) 
Seat 7: jackhighX ($0.05 in chips) 
Seat 8: abufirs ($1.57 in chips) 
Seat 9: samiike ($1.80 in chips) 
jackhighX: posts small blind $0.01
abufirs: posts big blind $0.02
samadura: posts big blind $0.02
*** HOLE CARDS ***
Dealt to Dorex2007 [4d Kd]
samiike: folds 
READTHENWEEP: folds 
ender_no_kozo: folds 
iwant yasoul: folds 
Dorex2007: folds 
samadura: checks 
INTIMIDATOR69: calls $0.02
jackhighX: folds 
abufirs: checks 
*** FLOP *** [6c Qs 8s]
jackhighX leaves the table
abufirs: bets $0.04
samadura: folds 
INTIMIDATOR69: folds 
Uncalled bet ($0.04) returned to abufirs
abufirs collected $0.07 from pot
*** SUMMARY ***
Total pot $0.07 | Rake $0 
Board [6c Qs 8s]
Seat 1: READTHENWEEP folded before Flop (didn't bet)
Seat 2: ender_no_kozo folded before Flop (didn't bet)
Seat 3: iwant yasoul folded before Flop (didn't bet)
Seat 4: Dorex2007 folded before Flop (didn't bet)
Seat 5: samadura folded on the Flop (didn't bet)
Seat 6: INTIMIDATOR69 (button) folded on the Flop
Seat 7: jackhighX (small blind) folded before Flop
Seat 8: abufirs (big blind) collected ($0.07)
Seat 9: samiike folded before Flop (didn't bet)



PokerStars Hand #237797450982:  Hold'em No Limit ($0.01/$0.02 USD) - 2022/08/04 22:02:21 PT [2022/08/05 1:02:21 ET]
Table 'Eureka II' 9-max Seat #8 is the button
Seat 1: READTHENWEEP ($1.96 in chips) 
Seat 2: ender_no_kozo ($6.04 in chips) 
Seat 3: iwant yasoul ($0.82 in chips) 
Seat 4: Dorex2007 ($2 in chips) 
Seat 5: samadura ($1.58 in chips) 
Seat 6: INTIMIDATOR69 ($1 in chips) 
Seat 8: abufirs ($1.62 in chips) 
Seat 9: samiike ($1.80 in chips) 
samiike: posts small blind $0.01
READTHENWEEP: posts big blind $0.02
*** HOLE CARDS ***
Dealt to Dorex2007 [6s Th]
ender_no_kozo: folds 
iwant yasoul: folds 
Dorex2007: folds 
samadura: folds 
INTIMIDATOR69: calls $0.02
abufirs: folds 
samiike: calls $0.01
READTHENWEEP: checks 
*** FLOP *** [9s Qs 8h]
samiike: bets $0.03
READTHENWEEP: calls $0.03
INTIMIDATOR69: folds 
*** TURN *** [9s Qs 8h] [2h]
samiike: bets $0.06
READTHENWEEP: folds 
Uncalled bet ($0.06) returned to samiike
samiike collected $0.12 from pot
samiike: doesn't show hand 
*** SUMMARY ***
Total pot $0.12 | Rake $0 
Board [9s Qs 8h 2h]
Seat 1: READTHENWEEP (big blind) folded on the Turn
Seat 2: ender_no_kozo folded before Flop (didn't bet)
Seat 3: iwant yasoul folded before Flop (didn't bet)
Seat 4: Dorex2007 folded before Flop (didn't bet)
Seat 5: samadura folded before Flop (didn't bet)
Seat 6: INTIMIDATOR69 folded on the Flop
Seat 8: abufirs (button) folded before Flop (didn't bet)
Seat 9: samiike (small blind) collected ($0.12)



PokerStars Hand #237797501572:  Hold'em No Limit ($0.01/$0.02 USD) - 2022/08/04 22:08:59 PT [2022/08/05 1:08:59 ET]
Table 'Eureka II' 9-max Seat #5 is the button
Seat 1: READTHENWEEP ($2 in chips) 
Seat 3: Kibodachi ($0.97 in chips) 
Seat 4: Dorex2007 ($2 in chips) 
Seat 5: samadura ($1.54 in chips) 
Seat 6: INTIMIDATOR69 ($3.43 in chips) 
Seat 7: alligin0555 ($2.01 in chips) 
Seat 8: abufirs ($1.48 in chips) 
Seat 9: samiike ($1.83 in chips) 
INTIMIDATOR69: posts small blind $0.01
alligin0555: posts big blind $0.02
infiniti888: sits out 
Dorex2007: posts small & big blinds $0.03
*** HOLE CARDS ***
Dealt to Dorex2007 [3c 7h]
abufirs: raises $0.08 to $0.10
samiike: folds 
READTHENWEEP: folds 
Kibodachi: folds 
Dorex2007: folds 
samadura: folds 
INTIMIDATOR69: calls $0.09
alligin0555: folds 
*** FLOP *** [Qh 6h Ad]
INTIMIDATOR69: checks 
abufirs: bets $0.24
INTIMIDATOR69: folds 
Uncalled bet ($0.24) returned to abufirs
abufirs collected $0.24 from pot
*** SUMMARY ***
Total pot $0.25 | Rake $0.01 
Board [Qh 6h Ad]
Seat 1: READTHENWEEP folded before Flop (didn't bet)
Seat 3: Kibodachi folded before Flop (didn't bet)
Seat 4: Dorex2007 folded before Flop (didn't bet)
Seat 5: samadura (button) folded before Flop (didn't bet)
Seat 6: INTIMIDATOR69 (small blind) folded on the Flop
Seat 7: alligin0555 (big blind) folded before Flop
Seat 8: abufirs collected ($0.24)
Seat 9: samiike folded before Flop (didn't bet)



PokerStars Hand #237797505330:  Hold'em No Limit ($0.01/$0.02 USD) - 2022/08/04 22:09:32 PT [2022/08/05 1:09:32 ET]
Table 'Eureka II' 9-max Seat #6 is the button
Seat 1: READTHENWEEP ($2 in chips) 
Seat 3: Kibodachi ($0.97 in chips) 
Seat 4: Dorex2007 ($2 in chips) 
Seat 5: samadura ($1.54 in chips) 
Seat 6: INTIMIDATOR69 ($3.33 in chips) 
Seat 7: alligin0555 ($1.99 in chips) 
Seat 8: abufirs ($1.62 in chips) 
Seat 9: samiike ($1.83 in chips) 
alligin0555: posts small blind $0.01
abufirs: posts big blind $0.02
infiniti888: sits out 
*** HOLE CARDS ***
Dealt to Dorex2007 [3h Qh]
samiike: folds 
READTHENWEEP: folds 
Kibodachi has timed out
Kibodachi: folds 
Dorex2007: folds 
samadura: folds 
INTIMIDATOR69: folds 
alligin0555: folds 
Uncalled bet ($0.01) returned to abufirs
abufirs collected $0.02 from pot
*** SUMMARY ***
Total pot $0.02 | Rake $0 
Seat 1: READTHENWEEP folded before Flop (didn't bet)
Seat 3: Kibodachi folded before Flop (didn't bet)
Seat 4: Dorex2007 folded before Flop (didn't bet)
Seat 5: samadura folded before Flop (didn't bet)
Seat 6: INTIMIDATOR69 (button) folded before Flop (didn't bet)
Seat 7: alligin0555 (small blind) folded before Flop
Seat 8: abufirs (big blind) collected ($0.02)
Seat 9: samiike folded before Flop (didn't bet)



PokerStars Hand #237797507574:  Hold'em No Limit ($0.01/$0.02 USD) - 2022/08/04 22:09:51 PT [2022/08/05 1:09:51 ET]
Table 'Eureka II' 9-max Seat #7 is the button
Seat 1: READTHENWEEP ($2 in chips) 
Seat 4: Dorex2007 ($2 in chips) 
Seat 5: samadura ($1.54 in chips) 
Seat 6: INTIMIDATOR69 ($3.33 in chips) 
Seat 7: alligin0555 ($1.98 in chips) 
Seat 8: abufirs ($1.63 in chips) 
Seat 9: samiike ($1.83 in chips) 
abufirs: posts small blind $0.01
samiike: posts big blind $0.02
infiniti888: sits out 
*** HOLE CARDS ***
Dealt to Dorex2007 [2d 5s]
READTHENWEEP: folds 
Dorex2007 has timed out
Dorex2007: folds 
samadura: folds 
INTIMIDATOR69: folds 
alligin0555: folds 
abufirs: calls $0.01
samiike: checks 
*** FLOP *** [Tc 8d 3h]
abufirs: checks 
samiike: checks 
*** TURN *** [Tc 8d 3h] [6s]
abufirs: checks 
samiike: bets $0.02
abufirs: folds 
Uncalled bet ($0.02) returned to samiike
samiike collected $0.04 from pot
samiike: doesn't show hand 
*** SUMMARY ***
Total pot $0.04 | Rake $0 
Board [Tc 8d 3h 6s]
Seat 1: READTHENWEEP folded before Flop (didn't bet)
Seat 4: Dorex2007 folded before Flop (didn't bet)
Seat 5: samadura folded before Flop (didn't bet)
Seat 6: INTIMIDATOR69 folded before Flop (didn't bet)
Seat 7: alligin0555 (button) folded before Flop (didn't bet)
Seat 8: abufirs (small blind) folded on the Turn
Seat 9: samiike (big blind) collected ($0.04)



PokerStars Hand #237797511452:  Hold'em No Limit ($0.01/$0.02 USD) - 2022/08/04 22:10:25 PT [2022/08/05 1:10:25 ET]
Table 'Eureka II' 9-max Seat #8 is the button
Seat 1: READTHENWEEP ($2 in chips) 
Seat 3: Kibodachi ($0.97 in chips) 
Seat 4: Dorex2007 ($2 in chips) 
Seat 5: samadura ($1.54 in chips) 
Seat 6: INTIMIDATOR69 ($3.33 in chips) 
Seat 7: alligin0555 ($1.98 in chips) 
Seat 8: abufirs ($1.61 in chips) 
Seat 9: samiike ($1.85 in chips) 
samiike: posts small blind $0.01
READTHENWEEP: posts big blind $0.02
infiniti888: sits out 
*** HOLE CARDS ***
Dealt to Dorex2007 [7s Td]
Kibodachi has timed out
Kibodachi: folds 
Dorex2007: folds 
samadura: folds 
INTIMIDATOR69: folds 
alligin0555: folds 
abufirs: folds 
samiike: calls $0.01
READTHENWEEP: checks 
*** FLOP *** [9h Ah 8d]
samiike: checks 
READTHENWEEP: bets $0.02
samiike: folds 
Uncalled bet ($0.02) returned to READTHENWEEP
READTHENWEEP collected $0.04 from pot
*** SUMMARY ***
Total pot $0.04 | Rake $0 
Board [9h Ah 8d]
Seat 1: READTHENWEEP (big blind) collected ($0.04)
Seat 3: Kibodachi folded before Flop (didn't bet)
Seat 4: Dorex2007 folded before Flop (didn't bet)
Seat 5: samadura folded before Flop (didn't bet)
Seat 6: INTIMIDATOR69 folded before Flop (didn't bet)
Seat 7: alligin0555 folded before Flop (didn't bet)
Seat 8: abufirs (button) folded before Flop (didn't bet)
Seat 9: samiike (small blind) folded on the Flop



PokerStars Hand #237797522007:  Hold'em No Limit ($0.01/$0.02 USD) - 2022/08/04 22:11:06 PT [2022/08/05 1:11:06 ET]
Table 'Eureka II' 9-max Seat #9 is the button
Seat 1: READTHENWEEP ($2.02 in chips) 
Seat 2: infiniti888 ($2 in chips) 
Seat 3: Kibodachi ($0.97 in chips) 
Seat 4: Dorex2007 ($2 in chips) 
Seat 5: samadura ($1.54 in chips) 
Seat 6: INTIMIDATOR69 ($3.33 in chips) 
Seat 7: alligin0555 ($1.98 in chips) 
Seat 8: abufirs ($1.61 in chips) 
Seat 9: samiike ($1.83 in chips) 
READTHENWEEP: posts small blind $0.01
infiniti888: posts big blind $0.02
*** HOLE CARDS ***
Dealt to Dorex2007 [Qc 5c]
Kibodachi: raises $0.02 to $0.04
Dorex2007: folds 
samadura: folds 
INTIMIDATOR69: folds 
alligin0555: folds 
abufirs: folds 
samiike: folds 
READTHENWEEP: calls $0.03
infiniti888: folds 
*** FLOP *** [9s Js 8h]
READTHENWEEP: checks 
Kibodachi: bets $0.05
READTHENWEEP: folds 
Uncalled bet ($0.05) returned to Kibodachi
Kibodachi collected $0.10 from pot
Kibodachi: doesn't show hand 
*** SUMMARY ***
Total pot $0.10 | Rake $0 
Board [9s Js 8h]
Seat 1: READTHENWEEP (small blind) folded on the Flop
Seat 2: infiniti888 (big blind) folded before Flop
Seat 3: Kibodachi collected ($0.10)
Seat 4: Dorex2007 folded before Flop (didn't bet)
Seat 5: samadura folded before Flop (didn't bet)
Seat 6: INTIMIDATOR69 folded before Flop (didn't bet)
Seat 7: alligin0555 folded before Flop (didn't bet)
Seat 8: abufirs folded before Flop (didn't bet)
Seat 9: samiike (button) folded before Flop (didn't bet)



PokerStars Hand #237797527466:  Hold'em No Limit ($0.01/$0.02 USD) - 2022/08/04 22:11:54 PT [2022/08/05 1:11:54 ET]
Table 'Eureka II' 9-max Seat #1 is the button
Seat 1: READTHENWEEP ($1.98 in chips) 
Seat 2: infiniti888 ($1.98 in chips) 
Seat 3: Kibodachi ($1.03 in chips) 
Seat 4: Dorex2007 ($2 in chips) 
Seat 5: samadura ($1.54 in chips) 
Seat 6: INTIMIDATOR69 ($3.33 in chips) 
Seat 7: alligin0555 ($1.98 in chips) 
Seat 8: abufirs ($1.61 in chips) 
Seat 9: samiike ($1.83 in chips) 
infiniti888: posts small blind $0.01
Kibodachi: posts big blind $0.02
*** HOLE CARDS ***
Dealt to Dorex2007 [Kh Kc]
Dorex2007 has timed out
Dorex2007: folds 
samadura: folds 
INTIMIDATOR69: folds 
alligin0555: folds 
abufirs: folds 
samiike: raises $0.03 to $0.05
READTHENWEEP: folds 
infiniti888: folds 
Kibodachi: folds 
Uncalled bet ($0.03) returned to samiike
samiike collected $0.05 from pot
samiike: doesn't show hand 
*** SUMMARY ***
Total pot $0.05 | Rake $0 
Seat 1: READTHENWEEP (button) folded before Flop (didn't bet)
Seat 2: infiniti888 (small blind) folded before Flop
Seat 3: Kibodachi (big blind) folded before Flop
Seat 4: Dorex2007 folded before Flop (didn't bet)
Seat 5: samadura folded before Flop (didn't bet)
Seat 6: INTIMIDATOR69 folded before Flop (didn't bet)
Seat 7: alligin0555 folded before Flop (didn't bet)
Seat 8: abufirs folded before Flop (didn't bet)
Seat 9: samiike collected ($0.05)



PokerStars Hand #237797534259:  Hold'em No Limit ($0.01/$0.02 USD) - 2022/08/04 22:12:53 PT [2022/08/05 1:12:53 ET]
Table 'Eureka II' 9-max Seat #5 is the button
Seat 1: READTHENWEEP ($1.98 in chips) 
Seat 2: infiniti888 ($1.97 in chips) 
Seat 4: Dorex2007 ($2 in chips) 
Seat 5: samadura ($1.55 in chips) 
Seat 6: INTIMIDATOR69 ($3.33 in chips) 
Seat 7: alligin0555 ($1.98 in chips) 
Seat 8: abufirs ($1.61 in chips) 
Seat 9: samiike ($1.86 in chips) 
INTIMIDATOR69: posts small blind $0.01
alligin0555: posts big blind $0.02
Dorex2007: posts big blind $0.02
*** HOLE CARDS ***
Dealt to Dorex2007 [9c 2c]
abufirs: calls $0.02
samiike: folds 
READTHENWEEP: calls $0.02
infiniti888: folds 
Dorex2007: checks 
samadura: folds 
INTIMIDATOR69: folds 
alligin0555: checks 
*** FLOP *** [2s 9d 5c]
alligin0555: checks 
abufirs: checks 
READTHENWEEP: bets $0.04
Dorex2007: raises $0.17 to $0.21
alligin0555: folds 
abufirs: calls $0.21
READTHENWEEP: folds 
*** TURN *** [2s 9d 5c] [Qd]
abufirs: checks 
Dorex2007: bets $1.77 and is all-in
abufirs: folds 
Uncalled bet ($1.77) returned to Dorex2007
Dorex2007 collected $0.53 from pot
Dorex2007: doesn't show hand 
*** SUMMARY ***
Total pot $0.55 | Rake $0.02 
Board [2s 9d 5c Qd]
Seat 1: READTHENWEEP folded on the Flop
Seat 2: infiniti888 folded before Flop (didn't bet)
Seat 4: Dorex2007 collected ($0.53)
Seat 5: samadura (button) folded before Flop (didn't bet)
Seat 6: INTIMIDATOR69 (small blind) folded before Flop
Seat 7: alligin0555 (big blind) folded on the Flop
Seat 8: abufirs folded on the Turn
Seat 9: samiike folded before Flop (didn't bet)



PokerStars Hand #237797552971:  Hold'em No Limit ($0.01/$0.02 USD) - 2022/08/04 22:14:09 PT [2022/08/05 1:14:09 ET]
Table 'Eureka II' 9-max Seat #6 is the button
Seat 1: READTHENWEEP ($1.92 in chips) 
Seat 2: infiniti888 ($1.97 in chips) 
Seat 4: Dorex2007 ($2.30 in chips) 
Seat 5: samadura ($1.55 in chips) 
Seat 6: INTIMIDATOR69 ($3.32 in chips) 
Seat 7: alligin0555 ($1.96 in chips) 
Seat 8: abufirs ($1.38 in chips) 
Seat 9: samiike ($1.86 in chips) 
alligin0555: posts small blind $0.01
abufirs: posts big blind $0.02
*** HOLE CARDS ***
Dealt to Dorex2007 [Js 7c]
samiike: folds 
READTHENWEEP: folds 
infiniti888: folds 
Dorex2007 has timed out
Dorex2007: folds 
samadura: raises $0.02 to $0.04
INTIMIDATOR69: folds 
alligin0555: folds 
abufirs: calls $0.02
*** FLOP *** [9d 8c Kc]
abufirs: checks 
samadura: checks 
*** TURN *** [9d 8c Kc] [8s]
abufirs: bets $0.09
samadura: folds 
Uncalled bet ($0.09) returned to abufirs
abufirs collected $0.09 from pot
*** SUMMARY ***
Total pot $0.09 | Rake $0 
Board [9d 8c Kc 8s]
Seat 1: READTHENWEEP folded before Flop (didn't bet)
Seat 2: infiniti888 folded before Flop (didn't bet)
Seat 4: Dorex2007 folded before Flop (didn't bet)
Seat 5: samadura folded on the Turn
Seat 6: INTIMIDATOR69 (button) folded before Flop (didn't bet)
Seat 7: alligin0555 (small blind) folded before Flop
Seat 8: abufirs (big blind) collected ($0.09)
Seat 9: samiike folded before Flop (didn't bet)



PokerStars Hand #237797557760:  Hold'em No Limit ($0.01/$0.02 USD) - 2022/08/04 22:14:50 PT [2022/08/05 1:14:50 ET]
Table 'Eureka II' 9-max Seat #7 is the button
Seat 1: READTHENWEEP ($1.92 in chips) 
Seat 2: infiniti888 ($1.97 in chips) 
Seat 3: Kibodachi ($1 in chips) 
Seat 4: Dorex2007 ($2.30 in chips) 
Seat 5: samadura ($1.51 in chips) 
Seat 6: INTIMIDATOR69 ($3.32 in chips) 
Seat 7: alligin0555 ($1.95 in chips) 
Seat 8: abufirs ($1.43 in chips) 
Seat 9: samiike ($1.86 in chips) 
abufirs: posts small blind $0.01
samiike: posts big blind $0.02
*** HOLE CARDS ***
Dealt to Dorex2007 [Jd Ts]
READTHENWEEP: folds 
infiniti888: folds 
Kibodachi has timed out
Kibodachi: folds 
Dorex2007 has timed out
Dorex2007: folds 
samadura: folds 
INTIMIDATOR69: folds 
alligin0555: folds 
abufirs: folds 
Uncalled bet ($0.01) returned to samiike
samiike collected $0.02 from pot
samiike: doesn't show hand 
*** SUMMARY ***
Total pot $0.02 | Rake $0 
Seat 1: READTHENWEEP folded before Flop (didn't bet)
Seat 2: infiniti888 folded before Flop (didn't bet)
Seat 3: Kibodachi folded before Flop (didn't bet)
Seat 4: Dorex2007 folded before Flop (didn't bet)
Seat 5: samadura folded before Flop (didn't bet)
Seat 6: INTIMIDATOR69 folded before Flop (didn't bet)
Seat 7: alligin0555 (button) folded before Flop (didn't bet)
Seat 8: abufirs (small blind) folded before Flop
Seat 9: samiike (big blind) collected ($0.02)



PokerStars Hand #237797562051:  Hold'em No Limit ($0.01/$0.02 USD) - 2022/08/04 22:15:28 PT [2022/08/05 1:15:28 ET]
Table 'Eureka II' 9-max Seat #8 is the button
Seat 1: READTHENWEEP ($1.92 in chips) 
Seat 2: infiniti888 ($1.97 in chips) 
Seat 3: Kibodachi ($1 in chips) 
Seat 4: Dorex2007 ($2.30 in chips) 
Seat 5: samadura ($1.51 in chips) 
Seat 6: INTIMIDATOR69 ($3.32 in chips) 
Seat 7: alligin0555 ($1.95 in chips) 
Seat 8: abufirs ($1.42 in chips) 
Seat 9: samiike ($1.87 in chips) 
samiike: posts small blind $0.01
READTHENWEEP: posts big blind $0.02
*** HOLE CARDS ***
Dealt to Dorex2007 [Jh 8h]
infiniti888 has timed out
infiniti888: folds 
Kibodachi: folds 
Dorex2007: folds 
samadura: folds 
INTIMIDATOR69: folds 
alligin0555: folds 
abufirs: raises $0.05 to $0.07
samiike: calls $0.06
READTHENWEEP: folds 
*** FLOP *** [8c As 9d]
samiike: checks 
abufirs: bets $0.15
samiike: folds 
Uncalled bet ($0.15) returned to abufirs
abufirs collected $0.15 from pot
*** SUMMARY ***
Total pot $0.16 | Rake $0.01 
Board [8c As 9d]
Seat 1: READTHENWEEP (big blind) folded before Flop
Seat 2: infiniti888 folded before Flop (didn't bet)
Seat 3: Kibodachi folded before Flop (didn't bet)
Seat 4: Dorex2007 folded before Flop (didn't bet)
Seat 5: samadura folded before Flop (didn't bet)
Seat 6: INTIMIDATOR69 folded before Flop (didn't bet)
Seat 7: alligin0555 folded before Flop (didn't bet)
Seat 8: abufirs (button) collected ($0.15)
Seat 9: samiike (small blind) folded on the Flop



PokerStars Hand #237797566261:  Hold'em No Limit ($0.01/$0.02 USD) - 2022/08/04 22:16:04 PT [2022/08/05 1:16:04 ET]
Table 'Eureka II' 9-max Seat #9 is the button
Seat 1: READTHENWEEP ($1.90 in chips) 
Seat 3: Kibodachi ($1 in chips) 
Seat 4: Dorex2007 ($2.30 in chips) 
Seat 5: samadura ($1.51 in chips) 
Seat 6: INTIMIDATOR69 ($3.32 in chips) 
Seat 7: alligin0555 ($1.95 in chips) 
Seat 8: abufirs ($1.50 in chips) 
Seat 9: samiike ($1.80 in chips) 
READTHENWEEP: posts small blind $0.01
Kibodachi: posts big blind $0.02
*** HOLE CARDS ***
Dealt to Dorex2007 [4d Js]
Dorex2007: folds 
samadura: folds 
INTIMIDATOR69: folds 
alligin0555: folds 
abufirs: calls $0.02
samiike: calls $0.02
READTHENWEEP: folds 
Kibodachi: checks 
*** FLOP *** [2s 5s Qh]
Kibodachi: bets $0.03
abufirs: calls $0.03
samiike: folds 
*** TURN *** [2s 5s Qh] [Kc]
Kibodachi: checks 
abufirs: checks 
*** RIVER *** [2s 5s Qh Kc] [Ah]
Kibodachi: bets $0.06
abufirs: folds 
Uncalled bet ($0.06) returned to Kibodachi
Kibodachi collected $0.13 from pot
Kibodachi: doesn't show hand 
*** SUMMARY ***
Total pot $0.13 | Rake $0 
Board [2s 5s Qh Kc Ah]
Seat 1: READTHENWEEP (small blind) folded before Flop
Seat 3: Kibodachi (big blind) collected ($0.13)
Seat 4: Dorex2007 folded before Flop (didn't bet)
Seat 5: samadura folded before Flop (didn't bet)
Seat 6: INTIMIDATOR69 folded before Flop (didn't bet)
Seat 7: alligin0555 folded before Flop (didn't bet)
Seat 8: abufirs folded on the River
Seat 9: samiike (button) folded on the Flop



PokerStars Hand #237797575155:  Hold'em No Limit ($0.01/$0.02 USD) - 2022/08/04 22:17:20 PT [2022/08/05 1:17:20 ET]
Table 'Eureka II' 9-max Seat #1 is the button
Seat 1: READTHENWEEP ($1.89 in chips) 
Seat 3: Kibodachi ($1.08 in chips) 
Seat 4: Dorex2007 ($2.30 in chips) 
Seat 5: samadura ($1.51 in chips) 
Seat 6: INTIMIDATOR69 ($3.32 in chips) 
Seat 7: alligin0555 ($1.95 in chips) 
Seat 8: abufirs ($1.45 in chips) 
Seat 9: samiike ($1.78 in chips) 
Kibodachi: posts small blind $0.01
Dorex2007: posts big blind $0.02
*** HOLE CARDS ***
Dealt to Dorex2007 [Qc 3h]
samadura: folds 
INTIMIDATOR69: folds 
alligin0555: folds 
abufirs: folds 
samiike: folds 
READTHENWEEP: folds 
Kibodachi: calls $0.01
Dorex2007: checks 
*** FLOP *** [2h 9s 3c]
Kibodachi: checks 
Dorex2007: checks 
*** TURN *** [2h 9s 3c] [Kc]
Kibodachi: checks 
Dorex2007: checks 
*** RIVER *** [2h 9s 3c Kc] [7c]
Kibodachi: checks 
Dorex2007: checks 
*** SHOW DOWN ***
Kibodachi: shows [4h 3d] (a pair of Threes)
Dorex2007: shows [Qc 3h] (a pair of Threes - King+Queen kicker)
Dorex2007 collected $0.04 from pot
*** SUMMARY ***
Total pot $0.04 | Rake $0 
Board [2h 9s 3c Kc 7c]
Seat 1: READTHENWEEP (button) folded before Flop (didn't bet)
Seat 3: Kibodachi (small blind) showed [4h 3d] and lost with a pair of Threes
Seat 4: Dorex2007 (big blind) showed [Qc 3h] and won ($0.04) with a pair of Threes
Seat 5: samadura folded before Flop (didn't bet)
Seat 6: INTIMIDATOR69 folded before Flop (didn't bet)
Seat 7: alligin0555 folded before Flop (didn't bet)
Seat 8: abufirs folded before Flop (didn't bet)
Seat 9: samiike folded before Flop (didn't bet)



PokerStars Hand #237797580500:  Hold'em No Limit ($0.01/$0.02 USD) - 2022/08/04 22:18:07 PT [2022/08/05 1:18:07 ET]
Table 'Eureka II' 9-max Seat #3 is the button
Seat 1: READTHENWEEP ($1.89 in chips) 
Seat 2: infiniti888 ($1.97 in chips) 
Seat 3: Kibodachi ($1.06 in chips) 
Seat 4: Dorex2007 ($2.32 in chips) 
Seat 5: samadura ($1.51 in chips) 
Seat 6: INTIMIDATOR69 ($3.32 in chips) 
Seat 7: alligin0555 ($1.95 in chips) 
Seat 8: abufirs ($1.45 in chips) 
Seat 9: samiike ($1.78 in chips) 
Dorex2007: posts small blind $0.01
samadura: posts big blind $0.02
infiniti888: posts small & big blinds $0.03
*** HOLE CARDS ***
Dealt to Dorex2007 [5d 9s]
INTIMIDATOR69: calls $0.02
alligin0555: folds 
abufirs: folds 
samiike: folds 
READTHENWEEP: folds 
infiniti888: checks 
Kibodachi has timed out
Kibodachi: folds 
Dorex2007: calls $0.01
samadura: checks 
*** FLOP *** [5h Ks Tc]
Dorex2007 has timed out
Dorex2007: checks 
samadura: checks 
INTIMIDATOR69: bets $0.09
infiniti888: folds 
Dorex2007: folds 
samadura: folds 
Uncalled bet ($0.09) returned to INTIMIDATOR69
INTIMIDATOR69 collected $0.09 from pot
*** SUMMARY ***
Total pot $0.09 | Rake $0 
Board [5h Ks Tc]
Seat 1: READTHENWEEP folded before Flop (didn't bet)
Seat 2: infiniti888 folded on the Flop (didn't bet)
Seat 3: Kibodachi (button) folded before Flop (didn't bet)
Seat 4: Dorex2007 (small blind) folded on the Flop
Seat 5: samadura (big blind) folded on the Flop
Seat 6: INTIMIDATOR69 collected ($0.09)
Seat 7: alligin0555 folded before Flop (didn't bet)
Seat 8: abufirs folded before Flop (didn't bet)
Seat 9: samiike folded before Flop (didn't bet)



PokerStars Hand #237797593847:  Hold'em No Limit ($0.01/$0.02 USD) - 2022/08/04 22:19:50 PT [2022/08/05 1:19:50 ET]
Table 'Eureka II' 9-max Seat #4 is the button
Seat 1: READTHENWEEP ($1.89 in chips) 
Seat 2: infiniti888 ($1.94 in chips) 
Seat 3: Kibodachi ($1.06 in chips) 
Seat 4: Dorex2007 ($2.30 in chips) 
Seat 5: samadura ($1.49 in chips) 
Seat 6: INTIMIDATOR69 ($3.39 in chips) 
Seat 7: alligin0555 ($1.95 in chips) 
Seat 8: abufirs ($1.45 in chips) 
Seat 9: samiike ($1.78 in chips) 
samadura: posts small blind $0.01
INTIMIDATOR69: posts big blind $0.02
*** HOLE CARDS ***
Dealt to Dorex2007 [2c 2d]
alligin0555: folds 
abufirs: raises $0.06 to $0.08
samiike: folds 
READTHENWEEP: folds 
infiniti888: folds 
Kibodachi: folds 
Dorex2007: calls $0.08
samadura: calls $0.07
INTIMIDATOR69: folds 
*** FLOP *** [Ks Jh 8d]
samadura: checks 
abufirs: checks 
Dorex2007: checks 
*** TURN *** [Ks Jh 8d] [Ac]
samadura: checks 
samiike leaves the table
abufirs: checks 
Dorex2007: checks 
*** RIVER *** [Ks Jh 8d Ac] [Jc]
samadura: checks 
abufirs: bets $0.10
Dorex2007: folds 
samadura: folds 
Uncalled bet ($0.10) returned to abufirs
abufirs collected $0.25 from pot
*** SUMMARY ***
Total pot $0.26 | Rake $0.01 
Board [Ks Jh 8d Ac Jc]
Seat 1: READTHENWEEP folded before Flop (didn't bet)
Seat 2: infiniti888 folded before Flop (didn't bet)
Seat 3: Kibodachi folded before Flop (didn't bet)
Seat 4: Dorex2007 (button) folded on the River
Seat 5: samadura (small blind) folded on the River
Seat 6: INTIMIDATOR69 (big blind) folded before Flop
Seat 7: alligin0555 folded before Flop (didn't bet)
Seat 8: abufirs collected ($0.25)
Seat 9: samiike folded before Flop (didn't bet)



PokerStars Hand #237797600845:  Hold'em No Limit ($0.01/$0.02 USD) - 2022/08/04 22:20:50 PT [2022/08/05 1:20:50 ET]
Table 'Eureka II' 9-max Seat #5 is the button
Seat 1: READTHENWEEP ($1.89 in chips) 
Seat 2: infiniti888 ($1.94 in chips) 
Seat 3: Kibodachi ($1.06 in chips) 
Seat 4: Dorex2007 ($2.22 in chips) 
Seat 5: samadura ($1.41 in chips) 
Seat 6: INTIMIDATOR69 ($3.37 in chips) 
Seat 7: alligin0555 ($1.95 in chips) 
Seat 8: abufirs ($1.62 in chips) 
INTIMIDATOR69: posts small blind $0.01
alligin0555: posts big blind $0.02
*** HOLE CARDS ***
Dealt to Dorex2007 [Qh Ad]
abufirs: folds 
READTHENWEEP: calls $0.02
infiniti888: folds 
Kibodachi: raises $0.02 to $0.04
Dorex2007: calls $0.04
samadura: folds 
INTIMIDATOR69: calls $0.03
alligin0555: folds 
READTHENWEEP: calls $0.02
*** FLOP *** [Ks 2d As]
INTIMIDATOR69: checks 
READTHENWEEP: checks 
Kibodachi: bets $0.06
Dorex2007: raises $0.13 to $0.19
INTIMIDATOR69: folds 
READTHENWEEP: folds 
kevin_mra joins the table at seat #9 
Kibodachi: folds 
Uncalled bet ($0.13) returned to Dorex2007
Dorex2007 collected $0.29 from pot
Dorex2007: doesn't show hand 
*** SUMMARY ***
Total pot $0.30 | Rake $0.01 
Board [Ks 2d As]
Seat 1: READTHENWEEP folded on the Flop
Seat 2: infiniti888 folded before Flop (didn't bet)
Seat 3: Kibodachi folded on the Flop
Seat 4: Dorex2007 collected ($0.29)
Seat 5: samadura (button) folded before Flop (didn't bet)
Seat 6: INTIMIDATOR69 (small blind) folded on the Flop
Seat 7: alligin0555 (big blind) folded before Flop
Seat 8: abufirs folded before Flop (didn't bet)



PokerStars Hand #237797609624:  Hold'em No Limit ($0.01/$0.02 USD) - 2022/08/04 22:22:06 PT [2022/08/05 1:22:06 ET]
Table 'Eureka II' 9-max Seat #6 is the button
Seat 1: READTHENWEEP ($1.85 in chips) 
Seat 2: infiniti888 ($1.94 in chips) 
Seat 3: Kibodachi ($0.96 in chips) 
Seat 4: Dorex2007 ($2.41 in chips) 
Seat 5: samadura ($1.41 in chips) 
Seat 6: INTIMIDATOR69 ($3.33 in chips) 
Seat 7: alligin0555 ($1.93 in chips) 
Seat 8: abufirs ($1.62 in chips) 
alligin0555: posts small blind $0.01
abufirs: posts big blind $0.02
kevin_mra: sits out 
*** HOLE CARDS ***
Dealt to Dorex2007 [Kd 7h]
READTHENWEEP: folds 
infiniti888: calls $0.02
Kibodachi: folds 
Dorex2007: folds 
samadura: folds 
INTIMIDATOR69: folds 
alligin0555: folds 
abufirs: checks 
*** FLOP *** [7s Ac Ah]
abufirs: checks 
infiniti888: bets $0.02
abufirs: folds 
Uncalled bet ($0.02) returned to infiniti888
infiniti888 collected $0.05 from pot
*** SUMMARY ***
Total pot $0.05 | Rake $0 
Board [7s Ac Ah]
Seat 1: READTHENWEEP folded before Flop (didn't bet)
Seat 2: infiniti888 collected ($0.05)
Seat 3: Kibodachi folded before Flop (didn't bet)
Seat 4: Dorex2007 folded before Flop (didn't bet)
Seat 5: samadura folded before Flop (didn't bet)
Seat 6: INTIMIDATOR69 (button) folded before Flop (didn't bet)
Seat 7: alligin0555 (small blind) folded before Flop
Seat 8: abufirs (big blind) folded on the Flop



PokerStars Hand #237797612854:  Hold'em No Limit ($0.01/$0.02 USD) - 2022/08/04 22:22:34 PT [2022/08/05 1:22:34 ET]
Table 'Eureka II' 9-max Seat #7 is the button
Seat 1: READTHENWEEP ($1.85 in chips) 
Seat 2: infiniti888 ($1.97 in chips) 
Seat 3: Kibodachi ($0.96 in chips) 
Seat 4: Dorex2007 ($2.41 in chips) 
Seat 5: samadura ($1.41 in chips) 
Seat 6: INTIMIDATOR69 ($3.33 in chips) 
Seat 7: alligin0555 ($1.92 in chips) 
Seat 8: abufirs ($1.60 in chips) 
Seat 9: kevin_mra ($1.68 in chips) 
abufirs: posts small blind $0.01
kevin_mra: posts big blind $0.02
*** HOLE CARDS ***
Dealt to Dorex2007 [7c 4d]
READTHENWEEP: folds 
infiniti888: folds 
Kibodachi: folds 
Dorex2007: folds 
samadura: folds 
INTIMIDATOR69: calls $0.02
alligin0555: folds 
abufirs: calls $0.01
kevin_mra: checks 
*** FLOP *** [Ah 7h 8d]
abufirs: checks 
kevin_mra: checks 
INTIMIDATOR69: checks 
*** TURN *** [Ah 7h 8d] [2h]
abufirs: checks 
kevin_mra: bets $0.02
INTIMIDATOR69: calls $0.02
abufirs: calls $0.02
*** RIVER *** [Ah 7h 8d 2h] [7s]
abufirs: checks 
kevin_mra: checks 
INTIMIDATOR69: checks 
*** SHOW DOWN ***
abufirs: shows [Jd Qh] (a pair of Sevens)
kevin_mra: shows [4s 2d] (two pair, Sevens and Deuces)
INTIMIDATOR69: mucks hand 
kevin_mra collected $0.12 from pot
*** SUMMARY ***
Total pot $0.12 | Rake $0 
Board [Ah 7h 8d 2h 7s]
Seat 1: READTHENWEEP folded before Flop (didn't bet)
Seat 2: infiniti888 folded before Flop (didn't bet)
Seat 3: Kibodachi folded before Flop (didn't bet)
Seat 4: Dorex2007 folded before Flop (didn't bet)
Seat 5: samadura folded before Flop (didn't bet)
Seat 6: INTIMIDATOR69 mucked [5d 6d]
Seat 7: alligin0555 (button) folded before Flop (didn't bet)
Seat 8: abufirs (small blind) showed [Jd Qh] and lost with a pair of Sevens
Seat 9: kevin_mra (big blind) showed [4s 2d] and won ($0.12) with two pair, Sevens and Deuces



PokerStars Hand #237797618522:  Hold'em No Limit ($0.01/$0.02 USD) - 2022/08/04 22:23:24 PT [2022/08/05 1:23:24 ET]
Table 'Eureka II' 9-max Seat #8 is the button
Seat 1: READTHENWEEP ($1.85 in chips) 
Seat 2: infiniti888 ($1.97 in chips) 
Seat 3: Kibodachi ($0.96 in chips) 
Seat 4: Dorex2007 ($2.41 in chips) 
Seat 5: samadura ($1.41 in chips) 
Seat 6: INTIMIDATOR69 ($3.29 in chips) 
Seat 7: alligin0555 ($1.92 in chips) 
Seat 8: abufirs ($1.56 in chips) 
Seat 9: kevin_mra ($1.76 in chips) 
kevin_mra: posts small blind $0.01
READTHENWEEP: posts big blind $0.02
*** HOLE CARDS ***
Dealt to Dorex2007 [Jh Qc]
infiniti888: folds 
Kibodachi: folds 
Dorex2007: folds 
samadura: folds 
INTIMIDATOR69: folds 
alligin0555: folds 
abufirs: calls $0.02
kevin_mra: folds 
READTHENWEEP: checks 
*** FLOP *** [Jd 4d 3s]
READTHENWEEP: checks 
abufirs: bets $0.05
READTHENWEEP: folds 
Uncalled bet ($0.05) returned to abufirs
abufirs collected $0.05 from pot
*** SUMMARY ***
Total pot $0.05 | Rake $0 
Board [Jd 4d 3s]
Seat 1: READTHENWEEP (big blind) folded on the Flop
Seat 2: infiniti888 folded before Flop (didn't bet)
Seat 3: Kibodachi folded before Flop (didn't bet)
Seat 4: Dorex2007 folded before Flop (didn't bet)
Seat 5: samadura folded before Flop (didn't bet)
Seat 6: INTIMIDATOR69 folded before Flop (didn't bet)
Seat 7: alligin0555 folded before Flop (didn't bet)
Seat 8: abufirs (button) collected ($0.05)
Seat 9: kevin_mra (small blind) folded before Flop



PokerStars Hand #237797621891:  Hold'em No Limit ($0.01/$0.02 USD) - 2022/08/04 22:23:53 PT [2022/08/05 1:23:53 ET]
Table 'Eureka II' 9-max Seat #9 is the button
Seat 1: READTHENWEEP ($1.83 in chips) 
Seat 2: infiniti888 ($1.97 in chips) 
Seat 3: Kibodachi ($0.96 in chips) 
Seat 4: Dorex2007 ($2.41 in chips) 
Seat 5: samadura ($1.41 in chips) 
Seat 6: INTIMIDATOR69 ($3.29 in chips) 
Seat 7: alligin0555 ($1.92 in chips) 
Seat 8: abufirs ($1.59 in chips) 
Seat 9: kevin_mra ($1.75 in chips) 
READTHENWEEP: posts small blind $0.01
infiniti888: posts big blind $0.02
*** HOLE CARDS ***
Dealt to Dorex2007 [7s 4c]
Kibodachi: calls $0.02
Dorex2007: folds 
samadura: folds 
INTIMIDATOR69: folds 
alligin0555: folds 
abufirs: folds 
kevin_mra: folds 
READTHENWEEP: raises $0.02 to $0.04
infiniti888: folds 
Kibodachi: calls $0.02
*** FLOP *** [5d Qh 9s]
READTHENWEEP: bets $0.05
Kibodachi: folds 
Uncalled bet ($0.05) returned to READTHENWEEP
READTHENWEEP collected $0.10 from pot
*** SUMMARY ***
Total pot $0.10 | Rake $0 
Board [5d Qh 9s]
Seat 1: READTHENWEEP (small blind) collected ($0.10)
Seat 2: infiniti888 (big blind) folded before Flop
Seat 3: Kibodachi folded on the Flop
Seat 4: Dorex2007 folded before Flop (didn't bet)
Seat 5: samadura folded before Flop (didn't bet)
Seat 6: INTIMIDATOR69 folded before Flop (didn't bet)
Seat 7: alligin0555 folded before Flop (didn't bet)
Seat 8: abufirs folded before Flop (didn't bet)
Seat 9: kevin_mra (button) folded before Flop (didn't bet)



PokerStars Hand #237797626614:  Hold'em No Limit ($0.01/$0.02 USD) - 2022/08/04 22:24:35 PT [2022/08/05 1:24:35 ET]
Table 'Eureka II' 9-max Seat #1 is the button
Seat 1: READTHENWEEP ($1.89 in chips) 
Seat 2: infiniti888 ($1.95 in chips) 
Seat 3: Kibodachi ($0.92 in chips) 
Seat 4: Dorex2007 ($2.41 in chips) 
Seat 5: samadura ($1.41 in chips) 
Seat 6: INTIMIDATOR69 ($3.29 in chips) 
Seat 7: alligin0555 ($1.92 in chips) 
Seat 8: abufirs ($1.59 in chips) 
Seat 9: kevin_mra ($1.75 in chips) 
infiniti888: posts small blind $0.01
Kibodachi: posts big blind $0.02
*** HOLE CARDS ***
Dealt to Dorex2007 [5d 7h]
Dorex2007: folds 
samadura: folds 
INTIMIDATOR69: folds 
alligin0555: folds 
abufirs: folds 
kevin_mra: folds 
READTHENWEEP: folds 
infiniti888: calls $0.01
Kibodachi: checks 
*** FLOP *** [3c Kd 9d]
infiniti888: checks 
Kibodachi: checks 
*** TURN *** [3c Kd 9d] [2s]
infiniti888: checks 
Kibodachi: checks 
*** RIVER *** [3c Kd 9d 2s] [4d]
infiniti888: checks 
Kibodachi: checks 
*** SHOW DOWN ***
infiniti888: shows [As Qd] (high card Ace)
Kibodachi: shows [9h Ts] (a pair of Nines)
Kibodachi collected $0.04 from pot
*** SUMMARY ***
Total pot $0.04 | Rake $0 
Board [3c Kd 9d 2s 4d]
Seat 1: READTHENWEEP (button) folded before Flop (didn't bet)
Seat 2: infiniti888 (small blind) showed [As Qd] and lost with high card Ace
Seat 3: Kibodachi (big blind) showed [9h Ts] and won ($0.04) with a pair of Nines
Seat 4: Dorex2007 folded before Flop (didn't bet)
Seat 5: samadura folded before Flop (didn't bet)
Seat 6: INTIMIDATOR69 folded before Flop (didn't bet)
Seat 7: alligin0555 folded before Flop (didn't bet)
Seat 8: abufirs folded before Flop (didn't bet)
Seat 9: kevin_mra folded before Flop (didn't bet)



PokerStars Hand #237797631670:  Hold'em No Limit ($0.01/$0.02 USD) - 2022/08/04 22:25:19 PT [2022/08/05 1:25:19 ET]
Table 'Eureka II' 9-max Seat #2 is the button
Seat 1: READTHENWEEP ($1.89 in chips) 
Seat 2: infiniti888 ($1.93 in chips) 
Seat 3: Kibodachi ($0.94 in chips) 
Seat 4: Dorex2007 ($2.41 in chips) 
Seat 5: samadura ($1.41 in chips) 
Seat 6: INTIMIDATOR69 ($3.29 in chips) 
Seat 7: alligin0555 ($1.92 in chips) 
Seat 8: abufirs ($1.59 in chips) 
Seat 9: kevin_mra ($1.75 in chips) 
Kibodachi: posts small blind $0.01
Dorex2007: posts big blind $0.02
*** HOLE CARDS ***
Dealt to Dorex2007 [5c 8s]
samadura: folds 
INTIMIDATOR69: calls $0.02
alligin0555: folds 
abufirs: folds 
kevin_mra: raises $0.04 to $0.06
READTHENWEEP: folds 
infiniti888: folds 
Kibodachi: folds 
Dorex2007: folds 
INTIMIDATOR69: calls $0.04
*** FLOP *** [4s 9d 7d]
INTIMIDATOR69: checks 
kevin_mra: bets $0.07
INTIMIDATOR69: folds 
Uncalled bet ($0.07) returned to kevin_mra
kevin_mra collected $0.14 from pot
kevin_mra: doesn't show hand 
*** SUMMARY ***
Total pot $0.15 | Rake $0.01 
Board [4s 9d 7d]
Seat 1: READTHENWEEP folded before Flop (didn't bet)
Seat 2: infiniti888 (button) folded before Flop (didn't bet)
Seat 3: Kibodachi (small blind) folded before Flop
Seat 4: Dorex2007 (big blind) folded before Flop
Seat 5: samadura folded before Flop (didn't bet)
Seat 6: INTIMIDATOR69 folded on the Flop
Seat 7: alligin0555 folded before Flop (didn't bet)
Seat 8: abufirs folded before Flop (didn't bet)
Seat 9: kevin_mra collected ($0.14)



PokerStars Hand #237797643545:  Hold'em No Limit ($0.01/$0.02 USD) - 2022/08/04 22:25:51 PT [2022/08/05 1:25:51 ET]
Table 'Eureka II' 9-max Seat #3 is the button
Seat 1: READTHENWEEP ($1.89 in chips) 
Seat 2: infiniti888 ($1.93 in chips) 
Seat 3: Kibodachi ($0.93 in chips) 
Seat 4: Dorex2007 ($2.39 in chips) 
Seat 5: samadura ($1.41 in chips) 
Seat 6: INTIMIDATOR69 ($3.23 in chips) 
Seat 7: alligin0555 ($1.92 in chips) 
Seat 8: abufirs ($1.59 in chips) 
Seat 9: kevin_mra ($1.83 in chips) 
Dorex2007: posts small blind $0.01
samadura: posts big blind $0.02
*** HOLE CARDS ***
Dealt to Dorex2007 [5c 5s]
INTIMIDATOR69: folds 
alligin0555: folds 
abufirs: folds 
kevin_mra: raises $0.04 to $0.06
READTHENWEEP: folds 
infiniti888: folds 
Kibodachi has timed out
Kibodachi: folds 
Dorex2007: calls $0.05
samadura: folds 
*** FLOP *** [2c Js 6s]
Dorex2007: checks 
kevin_mra: bets $0.14
Dorex2007: folds 
Uncalled bet ($0.14) returned to kevin_mra
kevin_mra collected $0.14 from pot
kevin_mra: doesn't show hand 
*** SUMMARY ***
Total pot $0.14 | Rake $0 
Board [2c Js 6s]
Seat 1: READTHENWEEP folded before Flop (didn't bet)
Seat 2: infiniti888 folded before Flop (didn't bet)
Seat 3: Kibodachi (button) folded before Flop (didn't bet)
Seat 4: Dorex2007 (small blind) folded on the Flop
Seat 5: samadura (big blind) folded before Flop
Seat 6: INTIMIDATOR69 folded before Flop (didn't bet)
Seat 7: alligin0555 folded before Flop (didn't bet)
Seat 8: abufirs folded before Flop (didn't bet)
Seat 9: kevin_mra collected ($0.14)



PokerStars Hand #237797649219:  Hold'em No Limit ($0.01/$0.02 USD) - 2022/08/04 22:26:41 PT [2022/08/05 1:26:41 ET]
Table 'Eureka II' 9-max Seat #4 is the button
Seat 1: READTHENWEEP ($1.89 in chips) 
Seat 2: infiniti888 ($1.93 in chips) 
Seat 3: Kibodachi ($0.93 in chips) 
Seat 4: Dorex2007 ($2.33 in chips) 
Seat 5: samadura ($1.39 in chips) 
Seat 6: INTIMIDATOR69 ($3.23 in chips) 
Seat 7: alligin0555 ($1.92 in chips) 
Seat 8: abufirs ($1.59 in chips) 
Seat 9: kevin_mra ($1.91 in chips) 
samadura: posts small blind $0.01
INTIMIDATOR69: posts big blind $0.02
*** HOLE CARDS ***
Dealt to Dorex2007 [6h 4h]
alligin0555: folds 
abufirs: folds 
kevin_mra: folds 
READTHENWEEP: raises $0.04 to $0.06
infiniti888: folds 
Kibodachi: folds 
Dorex2007: folds 
samadura: calls $0.05
INTIMIDATOR69: folds 
*** FLOP *** [7h 3h 4d]
samadura: checks 
READTHENWEEP: bets $0.07
samadura: folds 
Uncalled bet ($0.07) returned to READTHENWEEP
READTHENWEEP collected $0.14 from pot
*** SUMMARY ***
Total pot $0.14 | Rake $0 
Board [7h 3h 4d]
Seat 1: READTHENWEEP collected ($0.14)
Seat 2: infiniti888 folded before Flop (didn't bet)
Seat 3: Kibodachi folded before Flop (didn't bet)
Seat 4: Dorex2007 (button) folded before Flop (didn't bet)
Seat 5: samadura (small blind) folded on the Flop
Seat 6: INTIMIDATOR69 (big blind) folded before Flop
Seat 7: alligin0555 folded before Flop (didn't bet)
Seat 8: abufirs folded before Flop (didn't bet)
Seat 9: kevin_mra folded before Flop (didn't bet)



PokerStars Hand #237797653701:  Hold'em No Limit ($0.01/$0.02 USD) - 2022/08/04 22:27:20 PT [2022/08/05 1:27:20 ET]
Table 'Eureka II' 9-max Seat #5 is the button
Seat 1: READTHENWEEP ($1.97 in chips) 
Seat 2: infiniti888 ($1.93 in chips) 
Seat 3: Kibodachi ($0.93 in chips) 
Seat 4: Dorex2007 ($2.33 in chips) 
Seat 5: samadura ($1.33 in chips) 
Seat 6: INTIMIDATOR69 ($3.21 in chips) 
Seat 7: alligin0555 ($1.92 in chips) 
Seat 8: abufirs ($1.59 in chips) 
Seat 9: kevin_mra ($1.91 in chips) 
INTIMIDATOR69: posts small blind $0.01
alligin0555: posts big blind $0.02
*** HOLE CARDS ***
Dealt to Dorex2007 [Kh 6s]
abufirs: folds 
kevin_mra: folds 
READTHENWEEP: folds 
infiniti888: folds 
Kibodachi: folds 
Dorex2007: folds 
samadura: folds 
INTIMIDATOR69: folds 
Uncalled bet ($0.01) returned to alligin0555
alligin0555 collected $0.02 from pot
*** SUMMARY ***
Total pot $0.02 | Rake $0 
Seat 1: READTHENWEEP folded before Flop (didn't bet)
Seat 2: infiniti888 folded before Flop (didn't bet)
Seat 3: Kibodachi folded before Flop (didn't bet)
Seat 4: Dorex2007 folded before Flop (didn't bet)
Seat 5: samadura (button) folded before Flop (didn't bet)
Seat 6: INTIMIDATOR69 (small blind) folded before Flop
Seat 7: alligin0555 (big blind) collected ($0.02)
Seat 8: abufirs folded before Flop (didn't bet)
Seat 9: kevin_mra folded before Flop (didn't bet)



PokerStars Hand #237797655220:  Hold'em No Limit ($0.01/$0.02 USD) - 2022/08/04 22:27:33 PT [2022/08/05 1:27:33 ET]
Table 'Eureka II' 9-max Seat #6 is the button
Seat 1: READTHENWEEP ($1.97 in chips) 
Seat 2: infiniti888 ($1.93 in chips) 
Seat 3: Kibodachi ($0.93 in chips) 
Seat 4: Dorex2007 ($2.33 in chips) 
Seat 5: samadura ($1.33 in chips) 
Seat 6: INTIMIDATOR69 ($3.20 in chips) 
Seat 7: alligin0555 ($1.93 in chips) 
Seat 8: abufirs ($1.59 in chips) 
Seat 9: kevin_mra ($1.91 in chips) 
alligin0555: posts small blind $0.01
abufirs: posts big blind $0.02
*** HOLE CARDS ***
Dealt to Dorex2007 [2s 7s]
kevin_mra: folds 
READTHENWEEP: folds 
infiniti888: folds 
Kibodachi: raises $0.02 to $0.04
Dorex2007: folds 
samadura: calls $0.04
INTIMIDATOR69: folds 
alligin0555: folds 
abufirs: folds 
*** FLOP *** [9c Ah 3d]
Kibodachi: bets $0.05
samadura: folds 
Uncalled bet ($0.05) returned to Kibodachi
Kibodachi collected $0.11 from pot
Kibodachi: doesn't show hand 
*** SUMMARY ***
Total pot $0.11 | Rake $0 
Board [9c Ah 3d]
Seat 1: READTHENWEEP folded before Flop (didn't bet)
Seat 2: infiniti888 folded before Flop (didn't bet)
Seat 3: Kibodachi collected ($0.11)
Seat 4: Dorex2007 folded before Flop (didn't bet)
Seat 5: samadura folded on the Flop
Seat 6: INTIMIDATOR69 (button) folded before Flop (didn't bet)
Seat 7: alligin0555 (small blind) folded before Flop
Seat 8: abufirs (big blind) folded before Flop
Seat 9: kevin_mra folded before Flop (didn't bet)



PokerStars Hand #237797659950:  Hold'em No Limit ($0.01/$0.02 USD) - 2022/08/04 22:28:16 PT [2022/08/05 1:28:16 ET]
Table 'Eureka II' 9-max Seat #7 is the button
Seat 1: READTHENWEEP ($1.97 in chips) 
Seat 2: infiniti888 ($1.93 in chips) 
Seat 3: Kibodachi ($1 in chips) 
Seat 4: Dorex2007 ($2.33 in chips) 
Seat 5: samadura ($1.29 in chips) 
Seat 6: INTIMIDATOR69 ($3.20 in chips) 
Seat 7: alligin0555 ($1.92 in chips) 
Seat 8: abufirs ($1.57 in chips) 
Seat 9: kevin_mra ($1.91 in chips) 
abufirs: posts small blind $0.01
kevin_mra: posts big blind $0.02
*** HOLE CARDS ***
Dealt to Dorex2007 [Jh 5s]
READTHENWEEP: folds 
infiniti888: folds 
Kibodachi: folds 
Dorex2007: folds 
samadura: raises $0.02 to $0.04
INTIMIDATOR69: calls $0.04
alligin0555: folds 
abufirs: folds 
kevin_mra: folds 
*** FLOP *** [Ac 7s 6s]
samadura: checks 
INTIMIDATOR69: checks 
*** TURN *** [Ac 7s 6s] [7c]
samadura: bets $0.04
INTIMIDATOR69: raises $0.19 to $0.23
samadura: folds 
Uncalled bet ($0.19) returned to INTIMIDATOR69
INTIMIDATOR69 collected $0.18 from pot
*** SUMMARY ***
Total pot $0.19 | Rake $0.01 
Board [Ac 7s 6s 7c]
Seat 1: READTHENWEEP folded before Flop (didn't bet)
Seat 2: infiniti888 folded before Flop (didn't bet)
Seat 3: Kibodachi folded before Flop (didn't bet)
Seat 4: Dorex2007 folded before Flop (didn't bet)
Seat 5: samadura folded on the Turn
Seat 6: INTIMIDATOR69 collected ($0.18)
Seat 7: alligin0555 (button) folded before Flop (didn't bet)
Seat 8: abufirs (small blind) folded before Flop
Seat 9: kevin_mra (big blind) folded before Flop



PokerStars Hand #237797666030:  Hold'em No Limit ($0.01/$0.02 USD) - 2022/08/04 22:29:08 PT [2022/08/05 1:29:08 ET]
Table 'Eureka II' 9-max Seat #8 is the button
Seat 1: READTHENWEEP ($1.97 in chips) 
Seat 2: infiniti888 ($1.93 in chips) 
Seat 3: Kibodachi ($1 in chips) 
Seat 4: Dorex2007 ($2.33 in chips) 
Seat 5: samadura ($1.21 in chips) 
Seat 6: INTIMIDATOR69 ($3.30 in chips) 
Seat 7: alligin0555 ($1.92 in chips) 
Seat 8: abufirs ($1.56 in chips) 
Seat 9: kevin_mra ($1.89 in chips) 
kevin_mra: posts small blind $0.01
READTHENWEEP: posts big blind $0.02
*** HOLE CARDS ***
Dealt to Dorex2007 [3c Ac]
infiniti888: calls $0.02
Kibodachi: folds 
Dorex2007: folds 
samadura: folds 
INTIMIDATOR69: folds 
alligin0555: folds 
abufirs: folds 
kevin_mra: folds 
READTHENWEEP: checks 
*** FLOP *** [Jd Th Qc]
READTHENWEEP: checks 
infiniti888: bets $0.05
READTHENWEEP: folds 
Uncalled bet ($0.05) returned to infiniti888
infiniti888 collected $0.05 from pot
*** SUMMARY ***
Total pot $0.05 | Rake $0 
Board [Jd Th Qc]
Seat 1: READTHENWEEP (big blind) folded on the Flop
Seat 2: infiniti888 collected ($0.05)
Seat 3: Kibodachi folded before Flop (didn't bet)
Seat 4: Dorex2007 folded before Flop (didn't bet)
Seat 5: samadura folded before Flop (didn't bet)
Seat 6: INTIMIDATOR69 folded before Flop (didn't bet)
Seat 7: alligin0555 folded before Flop (didn't bet)
Seat 8: abufirs (button) folded before Flop (didn't bet)
Seat 9: kevin_mra (small blind) folded before Flop



PokerStars Hand #237797669690:  Hold'em No Limit ($0.01/$0.02 USD) - 2022/08/04 22:29:40 PT [2022/08/05 1:29:40 ET]
Table 'Eureka II' 9-max Seat #9 is the button
Seat 1: READTHENWEEP ($1.95 in chips) 
Seat 2: infiniti888 ($1.96 in chips) 
Seat 3: Kibodachi ($1 in chips) 
Seat 4: Dorex2007 ($2.33 in chips) 
Seat 5: samadura ($1.21 in chips) 
Seat 6: INTIMIDATOR69 ($3.30 in chips) 
Seat 7: alligin0555 ($1.92 in chips) 
Seat 8: abufirs ($1.56 in chips) 
Seat 9: kevin_mra ($1.88 in chips) 
READTHENWEEP: posts small blind $0.01
infiniti888: posts big blind $0.02
*** HOLE CARDS ***
Dealt to Dorex2007 [3c 4c]
Kibodachi: folds 
Dorex2007: folds 
samadura: raises $0.02 to $0.04
INTIMIDATOR69: folds 
alligin0555: folds 
abufirs: folds 
kevin_mra: raises $0.05 to $0.09
READTHENWEEP: folds 
infiniti888: folds 
samadura: folds 
Uncalled bet ($0.05) returned to kevin_mra
kevin_mra collected $0.11 from pot
kevin_mra: doesn't show hand 
*** SUMMARY ***
Total pot $0.11 | Rake $0 
Seat 1: READTHENWEEP (small blind) folded before Flop
Seat 2: infiniti888 (big blind) folded before Flop
Seat 3: Kibodachi folded before Flop (didn't bet)
Seat 4: Dorex2007 folded before Flop (didn't bet)
Seat 5: samadura folded before Flop
Seat 6: INTIMIDATOR69 folded before Flop (didn't bet)
Seat 7: alligin0555 folded before Flop (didn't bet)
Seat 8: abufirs folded before Flop (didn't bet)
Seat 9: kevin_mra (button) collected ($0.11)



PokerStars Hand #237797672825:  Hold'em No Limit ($0.01/$0.02 USD) - 2022/08/04 22:30:07 PT [2022/08/05 1:30:07 ET]
Table 'Eureka II' 9-max Seat #1 is the button
Seat 1: READTHENWEEP ($1.94 in chips) 
Seat 2: infiniti888 ($1.94 in chips) 
Seat 3: Kibodachi ($1 in chips) 
Seat 4: Dorex2007 ($2.33 in chips) 
Seat 5: samadura ($1.17 in chips) 
Seat 6: INTIMIDATOR69 ($3.30 in chips) 
Seat 7: alligin0555 ($1.92 in chips) 
Seat 8: abufirs ($1.56 in chips) 
Seat 9: kevin_mra ($1.95 in chips) 
infiniti888: posts small blind $0.01
Kibodachi: posts big blind $0.02
*** HOLE CARDS ***
Dealt to Dorex2007 [8h Ac]
Dorex2007: folds 
samadura: folds 
INTIMIDATOR69: folds 
alligin0555: folds 
abufirs: raises $0.04 to $0.06
kevin_mra: folds 
READTHENWEEP: calls $0.06
infiniti888: folds 
Kibodachi: folds 
*** FLOP *** [4h Ts Jd]
abufirs: checks 
READTHENWEEP: checks 
*** TURN *** [4h Ts Jd] [Kh]
abufirs: bets $0.07
READTHENWEEP: calls $0.07
*** RIVER *** [4h Ts Jd Kh] [6h]
abufirs: bets $0.14
READTHENWEEP: folds 
Uncalled bet ($0.14) returned to abufirs
abufirs collected $0.28 from pot
*** SUMMARY ***
Total pot $0.29 | Rake $0.01 
Board [4h Ts Jd Kh 6h]
Seat 1: READTHENWEEP (button) folded on the River
Seat 2: infiniti888 (small blind) folded before Flop
Seat 3: Kibodachi (big blind) folded before Flop
Seat 4: Dorex2007 folded before Flop (didn't bet)
Seat 5: samadura folded before Flop (didn't bet)
Seat 6: INTIMIDATOR69 folded before Flop (didn't bet)
Seat 7: alligin0555 folded before Flop (didn't bet)
Seat 8: abufirs collected ($0.28)
Seat 9: kevin_mra folded before Flop (didn't bet)



PokerStars Hand #237797678368:  Hold'em No Limit ($0.01/$0.02 USD) - 2022/08/04 22:30:55 PT [2022/08/05 1:30:55 ET]
Table 'Eureka II' 9-max Seat #2 is the button
Seat 1: READTHENWEEP ($1.81 in chips) 
Seat 2: infiniti888 ($1.93 in chips) 
Seat 3: Kibodachi ($0.98 in chips) 
Seat 4: Dorex2007 ($2.33 in chips) 
Seat 5: samadura ($1.17 in chips) 
Seat 6: INTIMIDATOR69 ($3.30 in chips) 
Seat 7: alligin0555 ($1.92 in chips) 
Seat 8: abufirs ($1.71 in chips) 
Seat 9: kevin_mra ($1.95 in chips) 
Kibodachi: posts small blind $0.01
Dorex2007: posts big blind $0.02
*** HOLE CARDS ***
Dealt to Dorex2007 [5h 9c]
samadura: folds 
INTIMIDATOR69: folds 
alligin0555: folds 
abufirs: calls $0.02
kevin_mra: folds 
READTHENWEEP: folds 
infiniti888: folds 
Kibodachi: folds 
Dorex2007: checks 
*** FLOP *** [3c 2c Ks]
Dorex2007: checks 
abufirs: checks 
*** TURN *** [3c 2c Ks] [2h]
Dorex2007: checks 
abufirs: checks 
*** RIVER *** [3c 2c Ks 2h] [7h]
Dorex2007: checks 
abufirs: checks 
*** SHOW DOWN ***
Dorex2007: shows [5h 9c] (a pair of Deuces)
abufirs: shows [7s Ac] (two pair, Sevens and Deuces)
abufirs collected $0.05 from pot
*** SUMMARY ***
Total pot $0.05 | Rake $0 
Board [3c 2c Ks 2h 7h]
Seat 1: READTHENWEEP folded before Flop (didn't bet)
Seat 2: infiniti888 (button) folded before Flop (didn't bet)
Seat 3: Kibodachi (small blind) folded before Flop
Seat 4: Dorex2007 (big blind) showed [5h 9c] and lost with a pair of Deuces
Seat 5: samadura folded before Flop (didn't bet)
Seat 6: INTIMIDATOR69 folded before Flop (didn't bet)
Seat 7: alligin0555 folded before Flop (didn't bet)
Seat 8: abufirs showed [7s Ac] and won ($0.05) with two pair, Sevens and Deuces
Seat 9: kevin_mra folded before Flop (didn't bet)



PokerStars Hand #237797685244:  Hold'em No Limit ($0.01/$0.02 USD) - 2022/08/04 22:31:55 PT [2022/08/05 1:31:55 ET]
Table 'Eureka II' 9-max Seat #3 is the button
Seat 1: READTHENWEEP ($1.81 in chips) 
Seat 2: infiniti888 ($1.93 in chips) 
Seat 3: Kibodachi ($0.97 in chips) 
Seat 4: Dorex2007 ($2.31 in chips) 
Seat 5: samadura ($1.17 in chips) 
Seat 6: INTIMIDATOR69 ($3.30 in chips) 
Seat 7: alligin0555 ($1.92 in chips) 
Seat 8: abufirs ($1.74 in chips) 
Seat 9: kevin_mra ($1.95 in chips) 
Dorex2007: posts small blind $0.01
samadura: posts big blind $0.02
*** HOLE CARDS ***
Dealt to Dorex2007 [8d 2s]
INTIMIDATOR69: folds 
alligin0555: folds 
abufirs: raises $0.02 to $0.04
kevin_mra: folds 
READTHENWEEP: folds 
infiniti888: calls $0.04
Kibodachi: folds 
Dorex2007: folds 
samadura: folds 
*** FLOP *** [Jc 9s Th]
abufirs: checks 
infiniti888: checks 
*** TURN *** [Jc 9s Th] [Qd]
abufirs: checks 
infiniti888: checks 
*** RIVER *** [Jc 9s Th Qd] [Qc]
abufirs: bets $0.04
infiniti888: folds 
Uncalled bet ($0.04) returned to abufirs
abufirs collected $0.11 from pot
*** SUMMARY ***
Total pot $0.11 | Rake $0 
Board [Jc 9s Th Qd Qc]
Seat 1: READTHENWEEP folded before Flop (didn't bet)
Seat 2: infiniti888 folded on the River
Seat 3: Kibodachi (button) folded before Flop (didn't bet)
Seat 4: Dorex2007 (small blind) folded before Flop
Seat 5: samadura (big blind) folded before Flop
Seat 6: INTIMIDATOR69 folded before Flop (didn't bet)
Seat 7: alligin0555 folded before Flop (didn't bet)
Seat 8: abufirs collected ($0.11)
Seat 9: kevin_mra folded before Flop (didn't bet)



PokerStars Hand #237797689624:  Hold'em No Limit ($0.01/$0.02 USD) - 2022/08/04 22:32:32 PT [2022/08/05 1:32:32 ET]
Table 'Eureka II' 9-max Seat #4 is the button
Seat 1: READTHENWEEP ($1.81 in chips) 
Seat 2: infiniti888 ($1.89 in chips) 
Seat 3: Kibodachi ($0.97 in chips) 
Seat 4: Dorex2007 ($2.30 in chips) 
Seat 5: samadura ($1.15 in chips) 
Seat 6: INTIMIDATOR69 ($3.30 in chips) 
Seat 7: alligin0555 ($1.92 in chips) 
Seat 8: abufirs ($1.81 in chips) 
Seat 9: kevin_mra ($1.95 in chips) 
samadura: posts small blind $0.01
INTIMIDATOR69: posts big blind $0.02
*** HOLE CARDS ***
Dealt to Dorex2007 [5h 2s]
alligin0555: folds 
abufirs: folds 
kevin_mra: folds 
READTHENWEEP: folds 
infiniti888: folds 
Kibodachi has timed out
Kibodachi: folds 
Dorex2007 has timed out
Dorex2007: folds 
samadura: calls $0.01
INTIMIDATOR69: checks 
*** FLOP *** [5s As Tc]
samadura: checks 
INTIMIDATOR69: checks 
*** TURN *** [5s As Tc] [2d]
samadura: checks 
INTIMIDATOR69: checks 
*** RIVER *** [5s As Tc 2d] [6s]
samadura: bets $0.06
INTIMIDATOR69: folds 
Uncalled bet ($0.06) returned to samadura
samadura collected $0.04 from pot
samadura: doesn't show hand 
*** SUMMARY ***
Total pot $0.04 | Rake $0 
Board [5s As Tc 2d 6s]
Seat 1: READTHENWEEP folded before Flop (didn't bet)
Seat 2: infiniti888 folded before Flop (didn't bet)
Seat 3: Kibodachi folded before Flop (didn't bet)
Seat 4: Dorex2007 (button) folded before Flop (didn't bet)
Seat 5: samadura (small blind) collected ($0.04)
Seat 6: INTIMIDATOR69 (big blind) folded on the River
Seat 7: alligin0555 folded before Flop (didn't bet)
Seat 8: abufirs folded before Flop (didn't bet)
Seat 9: kevin_mra folded before Flop (didn't bet)



PokerStars Hand #237797695793:  Hold'em No Limit ($0.01/$0.02 USD) - 2022/08/04 22:33:27 PT [2022/08/05 1:33:27 ET]
Table 'Eureka II' 9-max Seat #5 is the button
Seat 1: READTHENWEEP ($1.81 in chips) 
Seat 2: infiniti888 ($1.89 in chips) 
Seat 3: Kibodachi ($0.97 in chips) 
Seat 4: Dorex2007 ($2.30 in chips) 
Seat 5: samadura ($1.17 in chips) 
Seat 6: INTIMIDATOR69 ($3.28 in chips) 
Seat 7: alligin0555 ($1.92 in chips) 
Seat 8: abufirs ($1.81 in chips) 
Seat 9: kevin_mra ($1.95 in chips) 
INTIMIDATOR69: posts small blind $0.01
alligin0555: posts big blind $0.02
*** HOLE CARDS ***
Dealt to Dorex2007 [5c 4d]
abufirs: folds 
kevin_mra: folds 
READTHENWEEP: folds 
infiniti888: folds 
Kibodachi: calls $0.02
Dorex2007: folds 
samadura: calls $0.02
INTIMIDATOR69: calls $0.01
alligin0555: checks 
*** FLOP *** [Js 4h 8h]
INTIMIDATOR69: checks 
alligin0555: checks 
Kibodachi: checks 
samadura: checks 
*** TURN *** [Js 4h 8h] [9d]
INTIMIDATOR69: checks 
alligin0555: checks 
Kibodachi: checks 
samadura: checks 
*** RIVER *** [Js 4h 8h 9d] [5s]
INTIMIDATOR69: checks 
alligin0555: checks 
Kibodachi: checks 
samadura: checks 
*** SHOW DOWN ***
INTIMIDATOR69: shows [As 6h] (high card Ace)
alligin0555: shows [4c Qh] (a pair of Fours)
Kibodachi: mucks hand 
samadura: shows [5d 6s] (a pair of Fives)
samadura collected $0.08 from pot
*** SUMMARY ***
Total pot $0.08 | Rake $0 
Board [Js 4h 8h 9d 5s]
Seat 1: READTHENWEEP folded before Flop (didn't bet)
Seat 2: infiniti888 folded before Flop (didn't bet)
Seat 3: Kibodachi mucked [2d 2h]
Seat 4: Dorex2007 folded before Flop (didn't bet)
Seat 5: samadura (button) showed [5d 6s] and won ($0.08) with a pair of Fives
Seat 6: INTIMIDATOR69 (small blind) showed [As 6h] and lost with high card Ace
Seat 7: alligin0555 (big blind) showed [4c Qh] and lost with a pair of Fours
Seat 8: abufirs folded before Flop (didn't bet)
Seat 9: kevin_mra folded before Flop (didn't bet)



PokerStars Hand #237797703585:  Hold'em No Limit ($0.01/$0.02 USD) - 2022/08/04 22:34:35 PT [2022/08/05 1:34:35 ET]
Table 'Eureka II' 9-max Seat #6 is the button
Seat 1: READTHENWEEP ($1.81 in chips) 
Seat 2: infiniti888 ($1.89 in chips) 
Seat 3: Kibodachi ($0.95 in chips) 
Seat 4: Dorex2007 ($2.30 in chips) 
Seat 5: samadura ($1.23 in chips) 
Seat 6: INTIMIDATOR69 ($3.26 in chips) 
Seat 7: alligin0555 ($1.90 in chips) 
Seat 8: abufirs ($1.81 in chips) 
Seat 9: kevin_mra ($1.95 in chips) 
alligin0555: posts small blind $0.01
abufirs: posts big blind $0.02
*** HOLE CARDS ***
Dealt to Dorex2007 [4d 5h]
kevin_mra: raises $0.05 to $0.07
READTHENWEEP: folds 
infiniti888: folds 
Kibodachi: folds 
Dorex2007: folds 
samadura: folds 
INTIMIDATOR69: folds 
alligin0555: folds 
abufirs: folds 
Uncalled bet ($0.05) returned to kevin_mra
kevin_mra collected $0.05 from pot
kevin_mra: doesn't show hand 
*** SUMMARY ***
Total pot $0.05 | Rake $0 
Seat 1: READTHENWEEP folded before Flop (didn't bet)
Seat 2: infiniti888 folded before Flop (didn't bet)
Seat 3: Kibodachi folded before Flop (didn't bet)
Seat 4: Dorex2007 folded before Flop (didn't bet)
Seat 5: samadura folded before Flop (didn't bet)
Seat 6: INTIMIDATOR69 (button) folded before Flop (didn't bet)
Seat 7: alligin0555 (small blind) folded before Flop
Seat 8: abufirs (big blind) folded before Flop
Seat 9: kevin_mra collected ($0.05)



PokerStars Hand #237797705346:  Hold'em No Limit ($0.01/$0.02 USD) - 2022/08/04 22:34:50 PT [2022/08/05 1:34:50 ET]
Table 'Eureka II' 9-max Seat #7 is the button
Seat 1: READTHENWEEP ($1.81 in chips) 
Seat 2: infiniti888 ($1.89 in chips) 
Seat 3: Kibodachi ($0.95 in chips) 
Seat 4: Dorex2007 ($2.30 in chips) 
Seat 5: samadura ($1.23 in chips) 
Seat 6: INTIMIDATOR69 ($3.26 in chips) 
Seat 7: alligin0555 ($1.89 in chips) 
Seat 8: abufirs ($1.79 in chips) 
Seat 9: kevin_mra ($1.98 in chips) 
abufirs: posts small blind $0.01
kevin_mra: posts big blind $0.02
*** HOLE CARDS ***
Dealt to Dorex2007 [Js 3d]
READTHENWEEP: folds 
infiniti888: folds 
Kibodachi: folds 
Dorex2007: folds 
samadura: folds 
INTIMIDATOR69: calls $0.02
alligin0555: folds 
abufirs: folds 
kevin_mra: checks 
*** FLOP *** [2d 7h Kh]
kevin_mra: checks 
INTIMIDATOR69: checks 
*** TURN *** [2d 7h Kh] [8c]
kevin_mra: checks 
INTIMIDATOR69: checks 
*** RIVER *** [2d 7h Kh 8c] [6h]
kevin_mra: checks 
INTIMIDATOR69: checks 
*** SHOW DOWN ***
kevin_mra: shows [9s As] (high card Ace)
INTIMIDATOR69: shows [8d Jd] (a pair of Eights)
INTIMIDATOR69 collected $0.05 from pot
*** SUMMARY ***
Total pot $0.05 | Rake $0 
Board [2d 7h Kh 8c 6h]
Seat 1: READTHENWEEP folded before Flop (didn't bet)
Seat 2: infiniti888 folded before Flop (didn't bet)
Seat 3: Kibodachi folded before Flop (didn't bet)
Seat 4: Dorex2007 folded before Flop (didn't bet)
Seat 5: samadura folded before Flop (didn't bet)
Seat 6: INTIMIDATOR69 showed [8d Jd] and won ($0.05) with a pair of Eights
Seat 7: alligin0555 (button) folded before Flop (didn't bet)
Seat 8: abufirs (small blind) folded before Flop
Seat 9: kevin_mra (big blind) showed [9s As] and lost with high card Ace



PokerStars Hand #237797710435:  Hold'em No Limit ($0.01/$0.02 USD) - 2022/08/04 22:35:34 PT [2022/08/05 1:35:34 ET]
Table 'Eureka II' 9-max Seat #8 is the button
Seat 1: READTHENWEEP ($1.81 in chips) 
Seat 2: infiniti888 ($1.89 in chips) 
Seat 3: Kibodachi ($0.95 in chips) 
Seat 4: Dorex2007 ($2.30 in chips) 
Seat 5: samadura ($1.23 in chips) 
Seat 6: INTIMIDATOR69 ($3.29 in chips) 
Seat 7: alligin0555 ($1.89 in chips) 
Seat 8: abufirs ($1.78 in chips) 
Seat 9: kevin_mra ($1.96 in chips) 
kevin_mra: posts small blind $0.01
READTHENWEEP: posts big blind $0.02
*** HOLE CARDS ***
Dealt to Dorex2007 [9c Qc]
infiniti888: folds 
Kibodachi has timed out
Kibodachi: folds 
Dorex2007: folds 
samadura: folds 
INTIMIDATOR69: calls $0.02
alligin0555: folds 
abufirs: folds 
kevin_mra: calls $0.01
READTHENWEEP: checks 
*** FLOP *** [Ad 8h 8s]
kevin_mra: checks 
READTHENWEEP: checks 
INTIMIDATOR69: checks 
*** TURN *** [Ad 8h 8s] [4s]
kevin_mra: bets $0.03
READTHENWEEP: folds 
INTIMIDATOR69: folds 
Uncalled bet ($0.03) returned to kevin_mra
kevin_mra collected $0.06 from pot
kevin_mra: doesn't show hand 
*** SUMMARY ***
Total pot $0.06 | Rake $0 
Board [Ad 8h 8s 4s]
Seat 1: READTHENWEEP (big blind) folded on the Turn
Seat 2: infiniti888 folded before Flop (didn't bet)
Seat 3: Kibodachi folded before Flop (didn't bet)
Seat 4: Dorex2007 folded before Flop (didn't bet)
Seat 5: samadura folded before Flop (didn't bet)
Seat 6: INTIMIDATOR69 folded on the Turn
Seat 7: alligin0555 folded before Flop (didn't bet)
Seat 8: abufirs (button) folded before Flop (didn't bet)
Seat 9: kevin_mra (small blind) collected ($0.06)



PokerStars Hand #237797715533:  Hold'em No Limit ($0.01/$0.02 USD) - 2022/08/04 22:36:18 PT [2022/08/05 1:36:18 ET]
Table 'Eureka II' 9-max Seat #9 is the button
Seat 1: READTHENWEEP ($1.79 in chips) 
Seat 2: infiniti888 ($1.89 in chips) 
Seat 3: Kibodachi ($0.95 in chips) 
Seat 4: Dorex2007 ($2.30 in chips) 
Seat 5: samadura ($1.23 in chips) 
Seat 6: INTIMIDATOR69 ($3.27 in chips) 
Seat 7: alligin0555 ($1.89 in chips) 
Seat 8: abufirs ($1.78 in chips) 
Seat 9: kevin_mra ($2 in chips) 
READTHENWEEP: posts small blind $0.01
infiniti888: posts big blind $0.02
*** HOLE CARDS ***
Dealt to Dorex2007 [2s 6c]
Kibodachi: folds 
Dorex2007: folds 
samadura: folds 
INTIMIDATOR69: calls $0.02
alligin0555: folds 
abufirs: calls $0.02
kevin_mra: calls $0.02
READTHENWEEP: raises $0.02 to $0.04
infiniti888: folds 
INTIMIDATOR69: calls $0.02
abufirs: calls $0.02
kevin_mra: calls $0.02
*** FLOP *** [Ts 2h Ah]
READTHENWEEP: bets $0.08
INTIMIDATOR69: calls $0.08
abufirs: folds 
kevin_mra: folds 
*** TURN *** [Ts 2h Ah] [3c]
READTHENWEEP: bets $0.34
INTIMIDATOR69: folds 
Uncalled bet ($0.34) returned to READTHENWEEP
READTHENWEEP collected $0.33 from pot
*** SUMMARY ***
Total pot $0.34 | Rake $0.01 
Board [Ts 2h Ah 3c]
Seat 1: READTHENWEEP (small blind) collected ($0.33)
Seat 2: infiniti888 (big blind) folded before Flop
Seat 3: Kibodachi folded before Flop (didn't bet)
Seat 4: Dorex2007 folded before Flop (didn't bet)
Seat 5: samadura folded before Flop (didn't bet)
Seat 6: INTIMIDATOR69 folded on the Turn
Seat 7: alligin0555 folded before Flop (didn't bet)
Seat 8: abufirs folded on the Flop
Seat 9: kevin_mra (button) folded on the Flop



PokerStars Hand #237797724838:  Hold'em No Limit ($0.01/$0.02 USD) - 2022/08/04 22:37:39 PT [2022/08/05 1:37:39 ET]
Table 'Eureka II' 9-max Seat #1 is the button
Seat 1: READTHENWEEP ($2 in chips) 
Seat 2: infiniti888 ($1.87 in chips) 
Seat 3: Kibodachi ($0.95 in chips) 
Seat 4: Dorex2007 ($2.30 in chips) 
Seat 5: samadura ($1.23 in chips) 
Seat 6: INTIMIDATOR69 ($3.15 in chips) 
Seat 7: alligin0555 ($1.89 in chips) 
Seat 8: abufirs ($1.74 in chips) 
Seat 9: kevin_mra ($1.96 in chips) 
infiniti888: posts small blind $0.01
Kibodachi: posts big blind $0.02
*** HOLE CARDS ***
Dealt to Dorex2007 [8h Qs]
Dorex2007: folds 
samadura: raises $0.02 to $0.04
INTIMIDATOR69: folds 
alligin0555: folds 
abufirs: folds 
kevin_mra: folds 
READTHENWEEP: folds 
infiniti888: folds 
Kibodachi: folds 
Uncalled bet ($0.02) returned to samadura
samadura collected $0.05 from pot
samadura: doesn't show hand 
*** SUMMARY ***
Total pot $0.05 | Rake $0 
Seat 1: READTHENWEEP (button) folded before Flop (didn't bet)
Seat 2: infiniti888 (small blind) folded before Flop
Seat 3: Kibodachi (big blind) folded before Flop
Seat 4: Dorex2007 folded before Flop (didn't bet)
Seat 5: samadura collected ($0.05)
Seat 6: INTIMIDATOR69 folded before Flop (didn't bet)
Seat 7: alligin0555 folded before Flop (didn't bet)
Seat 8: abufirs folded before Flop (didn't bet)
Seat 9: kevin_mra folded before Flop (didn't bet)



PokerStars Hand #237797728145:  Hold'em No Limit ($0.01/$0.02 USD) - 2022/08/04 22:38:08 PT [2022/08/05 1:38:08 ET]
Table 'Eureka II' 9-max Seat #2 is the button
Seat 1: READTHENWEEP ($2 in chips) 
Seat 2: infiniti888 ($1.86 in chips) 
Seat 3: Kibodachi ($0.93 in chips) 
Seat 4: Dorex2007 ($2.30 in chips) 
Seat 5: samadura ($1.26 in chips) 
Seat 6: INTIMIDATOR69 ($3.15 in chips) 
Seat 7: alligin0555 ($1.89 in chips) 
Seat 8: abufirs ($1.74 in chips) 
Seat 9: kevin_mra ($1.96 in chips) 
Kibodachi: posts small blind $0.01
Dorex2007: posts big blind $0.02
*** HOLE CARDS ***
Dealt to Dorex2007 [5h 8c]
samadura: folds 
INTIMIDATOR69: folds 
alligin0555: folds 
abufirs: folds 
kevin_mra: folds 
READTHENWEEP: folds 
infiniti888: raises $0.06 to $0.08
Kibodachi: folds 
Dorex2007: folds 
Uncalled bet ($0.06) returned to infiniti888
infiniti888 collected $0.05 from pot
*** SUMMARY ***
Total pot $0.05 | Rake $0 
Seat 1: READTHENWEEP folded before Flop (didn't bet)
Seat 2: infiniti888 (button) collected ($0.05)
Seat 3: Kibodachi (small blind) folded before Flop
Seat 4: Dorex2007 (big blind) folded before Flop
Seat 5: samadura folded before Flop (didn't bet)
Seat 6: INTIMIDATOR69 folded before Flop (didn't bet)
Seat 7: alligin0555 folded before Flop (didn't bet)
Seat 8: abufirs folded before Flop (didn't bet)
Seat 9: kevin_mra folded before Flop (didn't bet)



PokerStars Hand #237797731612:  Hold'em No Limit ($0.01/$0.02 USD) - 2022/08/04 22:38:38 PT [2022/08/05 1:38:38 ET]
Table 'Eureka II' 9-max Seat #3 is the button
Seat 1: READTHENWEEP ($2 in chips) 
Seat 2: infiniti888 ($1.89 in chips) 
Seat 3: Kibodachi ($0.92 in chips) 
Seat 4: Dorex2007 ($2.28 in chips) 
Seat 5: samadura ($1.26 in chips) 
Seat 6: INTIMIDATOR69 ($3.15 in chips) 
Seat 7: alligin0555 ($1.89 in chips) 
Seat 8: abufirs ($1.74 in chips) 
Seat 9: kevin_mra ($1.96 in chips) 
Dorex2007: posts small blind $0.01
samadura: posts big blind $0.02
*** HOLE CARDS ***
Dealt to Dorex2007 [8d 7s]
INTIMIDATOR69: folds 
alligin0555: folds 
abufirs: folds 
kevin_mra: folds 
READTHENWEEP: folds 
infiniti888: folds 
Kibodachi: folds 
Dorex2007: folds 
Uncalled bet ($0.01) returned to samadura
samadura collected $0.02 from pot
samadura: doesn't show hand 
*** SUMMARY ***
Total pot $0.02 | Rake $0 
Seat 1: READTHENWEEP folded before Flop (didn't bet)
Seat 2: infiniti888 folded before Flop (didn't bet)
Seat 3: Kibodachi (button) folded before Flop (didn't bet)
Seat 4: Dorex2007 (small blind) folded before Flop
Seat 5: samadura (big blind) collected ($0.02)
Seat 6: INTIMIDATOR69 folded before Flop (didn't bet)
Seat 7: alligin0555 folded before Flop (didn't bet)
Seat 8: abufirs folded before Flop (didn't bet)
Seat 9: kevin_mra folded before Flop (didn't bet)



PokerStars Hand #237797733762:  Hold'em No Limit ($0.01/$0.02 USD) - 2022/08/04 22:38:56 PT [2022/08/05 1:38:56 ET]
Table 'Eureka II' 9-max Seat #4 is the button
Seat 1: READTHENWEEP ($2 in chips) 
Seat 2: infiniti888 ($1.89 in chips) 
Seat 3: Kibodachi ($0.92 in chips) 
Seat 4: Dorex2007 ($2.27 in chips) 
Seat 5: samadura ($1.27 in chips) 
Seat 6: INTIMIDATOR69 ($3.15 in chips) 
Seat 7: alligin0555 ($1.89 in chips) 
Seat 8: abufirs ($1.74 in chips) 
Seat 9: kevin_mra ($1.96 in chips) 
samadura: posts small blind $0.01
INTIMIDATOR69: posts big blind $0.02
*** HOLE CARDS ***
Dealt to Dorex2007 [3s 3c]
alligin0555: folds 
abufirs: calls $0.02
kevin_mra: folds 
READTHENWEEP: folds 
infiniti888: folds 
Kibodachi: folds 
Dorex2007 has timed out
Dorex2007: folds 
samadura: folds 
INTIMIDATOR69: checks 
*** FLOP *** [8c 8h Jd]
INTIMIDATOR69: checks 
abufirs: checks 
*** TURN *** [8c 8h Jd] [7d]
INTIMIDATOR69: checks 
abufirs: checks 
*** RIVER *** [8c 8h Jd 7d] [Ad]
INTIMIDATOR69: checks 
abufirs: checks 
*** SHOW DOWN ***
INTIMIDATOR69: shows [9c 4d] (a pair of Eights)
abufirs: shows [Qs 6s] (a pair of Eights - Ace+Queen kicker)
abufirs collected $0.05 from pot
*** SUMMARY ***
Total pot $0.05 | Rake $0 
Board [8c 8h Jd 7d Ad]
Seat 1: READTHENWEEP folded before Flop (didn't bet)
Seat 2: infiniti888 folded before Flop (didn't bet)
Seat 3: Kibodachi folded before Flop (didn't bet)
Seat 4: Dorex2007 (button) folded before Flop (didn't bet)
Seat 5: samadura (small blind) folded before Flop
Seat 6: INTIMIDATOR69 (big blind) showed [9c 4d] and lost with a pair of Eights
Seat 7: alligin0555 folded before Flop (didn't bet)
Seat 8: abufirs showed [Qs 6s] and won ($0.05) with a pair of Eights
Seat 9: kevin_mra folded before Flop (didn't bet)



PokerStars Hand #237797739735:  Hold'em No Limit ($0.01/$0.02 USD) - 2022/08/04 22:39:48 PT [2022/08/05 1:39:48 ET]
Table 'Eureka II' 9-max Seat #5 is the button
Seat 1: READTHENWEEP ($2 in chips) 
Seat 2: infiniti888 ($1.89 in chips) 
Seat 3: Kibodachi ($0.92 in chips) 
Seat 4: Dorex2007 ($2.27 in chips) 
Seat 5: samadura ($1.26 in chips) 
Seat 6: INTIMIDATOR69 ($3.13 in chips) 
Seat 7: alligin0555 ($1.89 in chips) 
Seat 8: abufirs ($1.77 in chips) 
Seat 9: kevin_mra ($1.96 in chips) 
INTIMIDATOR69: posts small blind $0.01
alligin0555: posts big blind $0.02
*** HOLE CARDS ***
Dealt to Dorex2007 [7s Qc]
abufirs: folds 
kevin_mra: folds 
READTHENWEEP: folds 
infiniti888: folds 
Kibodachi: folds 
Dorex2007: folds 
samadura: folds 
INTIMIDATOR69: calls $0.01
alligin0555: checks 
*** FLOP *** [Kc 9h 4d]
INTIMIDATOR69: checks 
alligin0555: checks 
*** TURN *** [Kc 9h 4d] [Ad]
INTIMIDATOR69: bets $0.04
alligin0555: folds 
Uncalled bet ($0.04) returned to INTIMIDATOR69
INTIMIDATOR69 collected $0.04 from pot
*** SUMMARY ***
Total pot $0.04 | Rake $0 
Board [Kc 9h 4d Ad]
Seat 1: READTHENWEEP folded before Flop (didn't bet)
Seat 2: infiniti888 folded before Flop (didn't bet)
Seat 3: Kibodachi folded before Flop (didn't bet)
Seat 4: Dorex2007 folded before Flop (didn't bet)
Seat 5: samadura (button) folded before Flop (didn't bet)
Seat 6: INTIMIDATOR69 (small blind) collected ($0.04)
Seat 7: alligin0555 (big blind) folded on the Turn
Seat 8: abufirs folded before Flop (didn't bet)
Seat 9: kevin_mra folded before Flop (didn't bet)



PokerStars Hand #237797742732:  Hold'em No Limit ($0.01/$0.02 USD) - 2022/08/04 22:40:15 PT [2022/08/05 1:40:15 ET]
Table 'Eureka II' 9-max Seat #6 is the button
Seat 1: READTHENWEEP ($2 in chips) 
Seat 2: infiniti888 ($1.89 in chips) 
Seat 3: Kibodachi ($0.92 in chips) 
Seat 4: Dorex2007 ($2.27 in chips) 
Seat 5: samadura ($1.26 in chips) 
Seat 6: INTIMIDATOR69 ($3.15 in chips) 
Seat 7: alligin0555 ($1.87 in chips) 
Seat 8: abufirs ($1.77 in chips) 
Seat 9: kevin_mra ($1.96 in chips) 
alligin0555: posts small blind $0.01
abufirs: posts big blind $0.02
*** HOLE CARDS ***
Dealt to Dorex2007 [Qh Td]
kevin_mra: folds 
READTHENWEEP: folds 
infiniti888: folds 
Kibodachi: calls $0.02
Dorex2007: raises $0.02 to $0.04
samadura: folds 
INTIMIDATOR69: calls $0.04
alligin0555: folds 
abufirs: calls $0.02
Kibodachi: calls $0.02
*** FLOP *** [Tc 6c Qd]
abufirs: checks 
Kibodachi: checks 
Dorex2007: bets $2.23 and is all-in
INTIMIDATOR69: folds 
abufirs: folds 
Kibodachi: folds 
Uncalled bet ($2.23) returned to Dorex2007
Dorex2007 collected $0.16 from pot
Dorex2007: doesn't show hand 
*** SUMMARY ***
Total pot $0.17 | Rake $0.01 
Board [Tc 6c Qd]
Seat 1: READTHENWEEP folded before Flop (didn't bet)
Seat 2: infiniti888 folded before Flop (didn't bet)
Seat 3: Kibodachi folded on the Flop
Seat 4: Dorex2007 collected ($0.16)
Seat 5: samadura folded before Flop (didn't bet)
Seat 6: INTIMIDATOR69 (button) folded on the Flop
Seat 7: alligin0555 (small blind) folded before Flop
Seat 8: abufirs (big blind) folded on the Flop
Seat 9: kevin_mra folded before Flop (didn't bet)



PokerStars Hand #237797750580:  Hold'em No Limit ($0.01/$0.02 USD) - 2022/08/04 22:41:22 PT [2022/08/05 1:41:22 ET]
Table 'Eureka II' 9-max Seat #7 is the button
Seat 1: READTHENWEEP ($2 in chips) 
Seat 2: infiniti888 ($1.89 in chips) 
Seat 3: Kibodachi ($0.88 in chips) 
Seat 4: Dorex2007 ($2.39 in chips) 
Seat 5: samadura ($1.26 in chips) 
Seat 6: INTIMIDATOR69 ($3.11 in chips) 
Seat 7: alligin0555 ($1.86 in chips) 
Seat 8: abufirs ($1.73 in chips) 
Seat 9: kevin_mra ($1.96 in chips) 
abufirs: posts small blind $0.01
kevin_mra: posts big blind $0.02
*** HOLE CARDS ***
Dealt to Dorex2007 [4h Td]
READTHENWEEP: calls $0.02
infiniti888: folds 
Kibodachi: calls $0.02
Dorex2007: folds 
samadura: folds 
INTIMIDATOR69: calls $0.02
alligin0555: folds 
abufirs: calls $0.01
kevin_mra: checks 
*** FLOP *** [6d Ad 6s]
abufirs: checks 
kevin_mra: checks 
READTHENWEEP: checks 
Kibodachi: checks 
INTIMIDATOR69: checks 
*** TURN *** [6d Ad 6s] [4s]
abufirs: checks 
kevin_mra: checks 
READTHENWEEP: checks 
Kibodachi: checks 
INTIMIDATOR69: checks 
*** RIVER *** [6d Ad 6s 4s] [3h]
abufirs: checks 
kevin_mra: checks 
READTHENWEEP: checks 
Kibodachi: bets $0.10
INTIMIDATOR69: folds 
abufirs: folds 
kevin_mra: folds 
READTHENWEEP: folds 
Uncalled bet ($0.10) returned to Kibodachi
Kibodachi collected $0.10 from pot
Kibodachi: doesn't show hand 
*** SUMMARY ***
Total pot $0.10 | Rake $0 
Board [6d Ad 6s 4s 3h]
Seat 1: READTHENWEEP folded on the River
Seat 2: infiniti888 folded before Flop (didn't bet)
Seat 3: Kibodachi collected ($0.10)
Seat 4: Dorex2007 folded before Flop (didn't bet)
Seat 5: samadura folded before Flop (didn't bet)
Seat 6: INTIMIDATOR69 folded on the River
Seat 7: alligin0555 (button) folded before Flop (didn't bet)
Seat 8: abufirs (small blind) folded on the River
Seat 9: kevin_mra (big blind) folded on the River



PokerStars Hand #237797758517:  Hold'em No Limit ($0.01/$0.02 USD) - 2022/08/04 22:42:32 PT [2022/08/05 1:42:32 ET]
Table 'Eureka II' 9-max Seat #8 is the button
Seat 1: READTHENWEEP ($1.98 in chips) 
Seat 2: infiniti888 ($1.89 in chips) 
Seat 3: Kibodachi ($0.96 in chips) 
Seat 4: Dorex2007 ($2.39 in chips) 
Seat 5: samadura ($1.26 in chips) 
Seat 6: INTIMIDATOR69 ($3.09 in chips) 
Seat 7: alligin0555 ($1.86 in chips) 
Seat 8: abufirs ($1.71 in chips) 
Seat 9: kevin_mra ($1.94 in chips) 
kevin_mra: posts small blind $0.01
READTHENWEEP: posts big blind $0.02
*** HOLE CARDS ***
Dealt to Dorex2007 [3c Ad]
infiniti888: folds 
Kibodachi: raises $0.02 to $0.04
Dorex2007: folds 
samadura: folds 
INTIMIDATOR69 has timed out
INTIMIDATOR69: folds 
alligin0555: folds 
abufirs: calls $0.04
kevin_mra: folds 
READTHENWEEP: calls $0.02
*** FLOP *** [2c 6d Jd]
READTHENWEEP: checks 
Kibodachi: bets $0.06
abufirs: folds 
READTHENWEEP: calls $0.06
*** TURN *** [2c 6d Jd] [9h]
READTHENWEEP: checks 
Kibodachi: bets $0.10
READTHENWEEP: raises $0.10 to $0.20
Kibodachi: folds 
Uncalled bet ($0.10) returned to READTHENWEEP
READTHENWEEP collected $0.43 from pot
*** SUMMARY ***
Total pot $0.45 | Rake $0.02 
Board [2c 6d Jd 9h]
Seat 1: READTHENWEEP (big blind) collected ($0.43)
Seat 2: infiniti888 folded before Flop (didn't bet)
Seat 3: Kibodachi folded on the Turn
Seat 4: Dorex2007 folded before Flop (didn't bet)
Seat 5: samadura folded before Flop (didn't bet)
Seat 6: INTIMIDATOR69 folded before Flop (didn't bet)
Seat 7: alligin0555 folded before Flop (didn't bet)
Seat 8: abufirs (button) folded on the Flop
Seat 9: kevin_mra (small blind) folded before Flop



PokerStars Hand #237797770592:  Hold'em No Limit ($0.01/$0.02 USD) - 2022/08/04 22:44:20 PT [2022/08/05 1:44:20 ET]
Table 'Eureka II' 9-max Seat #9 is the button
Seat 1: READTHENWEEP ($2.21 in chips) 
Seat 2: infiniti888 ($1.89 in chips) 
Seat 3: Kibodachi ($0.76 in chips) 
Seat 4: Dorex2007 ($2.39 in chips) 
Seat 5: samadura ($1.26 in chips) 
Seat 6: INTIMIDATOR69 ($3.09 in chips) 
Seat 7: alligin0555 ($1.86 in chips) 
Seat 8: abufirs ($1.67 in chips) 
Seat 9: kevin_mra ($1.93 in chips) 
READTHENWEEP: posts small blind $0.01
infiniti888: posts big blind $0.02
*** HOLE CARDS ***
Dealt to Dorex2007 [8d 8c]
Kibodachi has timed out
Kibodachi: folds 
Dorex2007: calls $0.02
samadura: folds 
INTIMIDATOR69: folds 
alligin0555: raises $0.04 to $0.06
abufirs: calls $0.06
kevin_mra: folds 
READTHENWEEP: folds 
infiniti888: folds 
Dorex2007: calls $0.04
*** FLOP *** [5d 7c 7d]
Dorex2007: checks 
alligin0555: bets $0.10
abufirs: folds 
Dorex2007: folds 
Uncalled bet ($0.10) returned to alligin0555
alligin0555 collected $0.20 from pot
*** SUMMARY ***
Total pot $0.21 | Rake $0.01 
Board [5d 7c 7d]
Seat 1: READTHENWEEP (small blind) folded before Flop
Seat 2: infiniti888 (big blind) folded before Flop
Seat 3: Kibodachi folded before Flop (didn't bet)
Seat 4: Dorex2007 folded on the Flop
Seat 5: samadura folded before Flop (didn't bet)
Seat 6: INTIMIDATOR69 folded before Flop (didn't bet)
Seat 7: alligin0555 collected ($0.20)
Seat 8: abufirs folded on the Flop
Seat 9: kevin_mra (button) folded before Flop (didn't bet)



PokerStars Hand #237797776970:  Hold'em No Limit ($0.01/$0.02 USD) - 2022/08/04 22:45:17 PT [2022/08/05 1:45:17 ET]
Table 'Eureka II' 9-max Seat #1 is the button
Seat 1: READTHENWEEP ($2.20 in chips) 
Seat 2: infiniti888 ($1.87 in chips) 
Seat 3: Kibodachi ($0.76 in chips) 
Seat 4: Dorex2007 ($2.33 in chips) 
Seat 5: samadura ($1.26 in chips) 
Seat 6: INTIMIDATOR69 ($3.09 in chips) 
Seat 7: alligin0555 ($2 in chips) 
Seat 8: abufirs ($1.61 in chips) 
Seat 9: kevin_mra ($1.93 in chips) 
infiniti888: posts small blind $0.01
Kibodachi: posts big blind $0.02
*** HOLE CARDS ***
Dealt to Dorex2007 [Qc Tc]
Dorex2007: folds 
samadura: folds 
INTIMIDATOR69: calls $0.02
alligin0555: folds 
abufirs: calls $0.02
kevin_mra: folds 
READTHENWEEP: folds 
infiniti888: calls $0.01
Kibodachi: checks 
*** FLOP *** [8h 3s 4c]
infiniti888: checks 
Kibodachi: checks 
INTIMIDATOR69: checks 
abufirs: bets $0.06
infiniti888: folds 
Kibodachi: folds 
INTIMIDATOR69: folds 
Uncalled bet ($0.06) returned to abufirs
abufirs collected $0.08 from pot
*** SUMMARY ***
Total pot $0.08 | Rake $0 
Board [8h 3s 4c]
Seat 1: READTHENWEEP (button) folded before Flop (didn't bet)
Seat 2: infiniti888 (small blind) folded on the Flop
Seat 3: Kibodachi (big blind) folded on the Flop
Seat 4: Dorex2007 folded before Flop (didn't bet)
Seat 5: samadura folded before Flop (didn't bet)
Seat 6: INTIMIDATOR69 folded on the Flop
Seat 7: alligin0555 folded before Flop (didn't bet)
Seat 8: abufirs collected ($0.08)
Seat 9: kevin_mra folded before Flop (didn't bet)



PokerStars Hand #237797780975:  Hold'em No Limit ($0.01/$0.02 USD) - 2022/08/04 22:45:52 PT [2022/08/05 1:45:52 ET]
Table 'Eureka II' 9-max Seat #2 is the button
Seat 1: READTHENWEEP ($2.20 in chips) 
Seat 2: infiniti888 ($1.85 in chips) 
Seat 3: Kibodachi ($0.74 in chips) 
Seat 4: Dorex2007 ($2.33 in chips) 
Seat 5: samadura ($1.26 in chips) 
Seat 6: INTIMIDATOR69 ($3.07 in chips) 
Seat 7: alligin0555 ($2 in chips) 
Seat 8: abufirs ($1.67 in chips) 
Seat 9: kevin_mra ($1.93 in chips) 
Kibodachi: posts small blind $0.01
Dorex2007: posts big blind $0.02
*** HOLE CARDS ***
Dealt to Dorex2007 [Ks Qs]
samadura: raises $0.02 to $0.04
INTIMIDATOR69: folds 
alligin0555: folds 
abufirs: calls $0.04
kevin_mra: folds 
READTHENWEEP: folds 
infiniti888: folds 
Kibodachi: folds 
Dorex2007: calls $0.02
*** FLOP *** [Ah 9c 3h]
Dorex2007: checks 
samadura: checks 
abufirs: bets $0.08
Dorex2007: folds 
samadura: folds 
Uncalled bet ($0.08) returned to abufirs
abufirs collected $0.13 from pot
*** SUMMARY ***
Total pot $0.13 | Rake $0 
Board [Ah 9c 3h]
Seat 1: READTHENWEEP folded before Flop (didn't bet)
Seat 2: infiniti888 (button) folded before Flop (didn't bet)
Seat 3: Kibodachi (small blind) folded before Flop
Seat 4: Dorex2007 (big blind) folded on the Flop
Seat 5: samadura folded on the Flop
Seat 6: INTIMIDATOR69 folded before Flop (didn't bet)
Seat 7: alligin0555 folded before Flop (didn't bet)
Seat 8: abufirs collected ($0.13)
Seat 9: kevin_mra folded before Flop (didn't bet)



PokerStars Hand #237797785473:  Hold'em No Limit ($0.01/$0.02 USD) - 2022/08/04 22:46:32 PT [2022/08/05 1:46:32 ET]
Table 'Eureka II' 9-max Seat #3 is the button
Seat 1: READTHENWEEP ($2.20 in chips) 
Seat 2: infiniti888 ($1.85 in chips) 
Seat 3: Kibodachi ($0.73 in chips) 
Seat 4: Dorex2007 ($2.29 in chips) 
Seat 5: samadura ($1.22 in chips) 
Seat 6: INTIMIDATOR69 ($3.07 in chips) 
Seat 7: alligin0555 ($2 in chips) 
Seat 8: abufirs ($1.76 in chips) 
Seat 9: kevin_mra ($1.93 in chips) 
Dorex2007: posts small blind $0.01
samadura: posts big blind $0.02
*** HOLE CARDS ***
Dealt to Dorex2007 [Ah 7s]
INTIMIDATOR69: folds 
alligin0555: folds 
abufirs: calls $0.02
kevin_mra: folds 
READTHENWEEP: folds 
infiniti888: folds 
Kibodachi: calls $0.02
Dorex2007: folds 
samadura: checks 
*** FLOP *** [3d 5s 8c]
samadura: checks 
abufirs: checks 
Kibodachi: bets $0.04
samadura: folds 
abufirs: calls $0.04
*** TURN *** [3d 5s 8c] [8d]
abufirs: checks 
Kibodachi: bets $0.04
abufirs: calls $0.04
*** RIVER *** [3d 5s 8c 8d] [3s]
abufirs: checks 
Kibodachi: bets $0.06
abufirs: calls $0.06
*** SHOW DOWN ***
Kibodachi: shows [9s 9h] (two pair, Nines and Eights)
abufirs: mucks hand 
Kibodachi collected $0.34 from pot
*** SUMMARY ***
Total pot $0.35 | Rake $0.01 
Board [3d 5s 8c 8d 3s]
Seat 1: READTHENWEEP folded before Flop (didn't bet)
Seat 2: infiniti888 folded before Flop (didn't bet)
Seat 3: Kibodachi (button) showed [9s 9h] and won ($0.34) with two pair, Nines and Eights
Seat 4: Dorex2007 (small blind) folded before Flop
Seat 5: samadura (big blind) folded on the Flop
Seat 6: INTIMIDATOR69 folded before Flop (didn't bet)
Seat 7: alligin0555 folded before Flop (didn't bet)
Seat 8: abufirs mucked [5c 7c]
Seat 9: kevin_mra folded before Flop (didn't bet)



PokerStars Hand #237797794612:  Hold'em No Limit ($0.01/$0.02 USD) - 2022/08/04 22:47:54 PT [2022/08/05 1:47:54 ET]
Table 'Eureka II' 9-max Seat #4 is the button
Seat 1: READTHENWEEP ($2.20 in chips) 
Seat 2: infiniti888 ($1.85 in chips) 
Seat 3: Kibodachi ($0.91 in chips) 
Seat 4: Dorex2007 ($2.28 in chips) 
Seat 5: samadura ($1.20 in chips) 
Seat 6: INTIMIDATOR69 ($3.07 in chips) 
Seat 7: alligin0555 ($2 in chips) 
Seat 8: abufirs ($1.60 in chips) 
Seat 9: kevin_mra ($1.93 in chips) 
samadura: posts small blind $0.01
INTIMIDATOR69: posts big blind $0.02
*** HOLE CARDS ***
Dealt to Dorex2007 [Qd Kc]
alligin0555: folds 
abufirs: folds 
kevin_mra: folds 
READTHENWEEP: raises $0.04 to $0.06
infiniti888: folds 
Kibodachi: folds 
Dorex2007: calls $0.06
samadura: folds 
INTIMIDATOR69: folds 
*** FLOP *** [Qs 2s 7c]
READTHENWEEP: bets $0.06
Dorex2007: raises $0.11 to $0.17
READTHENWEEP: calls $0.11
*** TURN *** [Qs 2s 7c] [9h]
READTHENWEEP: bets $0.12
Dorex2007: calls $0.12
*** RIVER *** [Qs 2s 7c 9h] [5d]
READTHENWEEP: bets $0.18
Dorex2007: calls $0.18
*** SHOW DOWN ***
READTHENWEEP: shows [Td Tc] (a pair of Tens)
Dorex2007: shows [Qd Kc] (a pair of Queens)
Dorex2007 collected $1.05 from pot
*** SUMMARY ***
Total pot $1.09 | Rake $0.04 
Board [Qs 2s 7c 9h 5d]
Seat 1: READTHENWEEP showed [Td Tc] and lost with a pair of Tens
Seat 2: infiniti888 folded before Flop (didn't bet)
Seat 3: Kibodachi folded before Flop (didn't bet)
Seat 4: Dorex2007 (button) showed [Qd Kc] and won ($1.05) with a pair of Queens
Seat 5: samadura (small blind) folded before Flop
Seat 6: INTIMIDATOR69 (big blind) folded before Flop
Seat 7: alligin0555 folded before Flop (didn't bet)
Seat 8: abufirs folded before Flop (didn't bet)
Seat 9: kevin_mra folded before Flop (didn't bet)



PokerStars Hand #237797802705:  Hold'em No Limit ($0.01/$0.02 USD) - 2022/08/04 22:49:07 PT [2022/08/05 1:49:07 ET]
Table 'Eureka II' 9-max Seat #5 is the button
Seat 1: READTHENWEEP ($1.67 in chips) 
Seat 2: infiniti888 ($1.85 in chips) 
Seat 3: Kibodachi ($0.91 in chips) 
Seat 4: Dorex2007 ($2.80 in chips) 
Seat 5: samadura ($1.19 in chips) 
Seat 6: INTIMIDATOR69 ($3.05 in chips) 
Seat 7: alligin0555 ($2 in chips) 
Seat 8: abufirs ($1.60 in chips) 
Seat 9: kevin_mra ($1.93 in chips) 
INTIMIDATOR69: posts small blind $0.01
alligin0555: posts big blind $0.02
*** HOLE CARDS ***
Dealt to Dorex2007 [Ts 8s]
abufirs: folds 
kevin_mra: folds 
READTHENWEEP: folds 
infiniti888: folds 
Kibodachi: raises $0.02 to $0.04
Dorex2007: folds 
samadura: folds 
INTIMIDATOR69: calls $0.03
alligin0555: folds 
*** FLOP *** [Kc 4c Jd]
INTIMIDATOR69: checks 
Kibodachi: bets $0.04
INTIMIDATOR69: folds 
Uncalled bet ($0.04) returned to Kibodachi
Kibodachi collected $0.10 from pot
Kibodachi: doesn't show hand 
*** SUMMARY ***
Total pot $0.10 | Rake $0 
Board [Kc 4c Jd]
Seat 1: READTHENWEEP folded before Flop (didn't bet)
Seat 2: infiniti888 folded before Flop (didn't bet)
Seat 3: Kibodachi collected ($0.10)
Seat 4: Dorex2007 folded before Flop (didn't bet)
Seat 5: samadura (button) folded before Flop (didn't bet)
Seat 6: INTIMIDATOR69 (small blind) folded on the Flop
Seat 7: alligin0555 (big blind) folded before Flop
Seat 8: abufirs folded before Flop (didn't bet)
Seat 9: kevin_mra folded before Flop (didn't bet)



PokerStars Hand #237797807927:  Hold'em No Limit ($0.01/$0.02 USD) - 2022/08/04 22:49:54 PT [2022/08/05 1:49:54 ET]
Table 'Eureka II' 9-max Seat #6 is the button
Seat 1: READTHENWEEP ($1.67 in chips) 
Seat 2: infiniti888 ($1.85 in chips) 
Seat 3: Kibodachi ($0.97 in chips) 
Seat 4: Dorex2007 ($2.80 in chips) 
Seat 5: samadura ($1.19 in chips) 
Seat 6: INTIMIDATOR69 ($3.01 in chips) 
Seat 7: alligin0555 ($1.98 in chips) 
Seat 8: abufirs ($1.60 in chips) 
Seat 9: kevin_mra ($1.93 in chips) 
alligin0555: posts small blind $0.01
abufirs: posts big blind $0.02
*** HOLE CARDS ***
Dealt to Dorex2007 [Tc 4c]
kevin_mra: folds 
READTHENWEEP: folds 
infiniti888: folds 
Kibodachi: folds 
Dorex2007: folds 
samadura: raises $0.02 to $0.04
INTIMIDATOR69: folds 
alligin0555: folds 
abufirs: calls $0.02
*** FLOP *** [5h 3h 7h]
abufirs: checks 
samadura: checks 
*** TURN *** [5h 3h 7h] [6s]
abufirs: checks 
samadura: checks 
*** RIVER *** [5h 3h 7h 6s] [6c]
abufirs: checks 
samadura: checks 
*** SHOW DOWN ***
abufirs: shows [Ts Jd] (a pair of Sixes)
samadura: shows [Td Ad] (a pair of Sixes - Ace kicker)
samadura collected $0.09 from pot
*** SUMMARY ***
Total pot $0.09 | Rake $0 
Board [5h 3h 7h 6s 6c]
Seat 1: READTHENWEEP folded before Flop (didn't bet)
Seat 2: infiniti888 folded before Flop (didn't bet)
Seat 3: Kibodachi folded before Flop (didn't bet)
Seat 4: Dorex2007 folded before Flop (didn't bet)
Seat 5: samadura showed [Td Ad] and won ($0.09) with a pair of Sixes
Seat 6: INTIMIDATOR69 (button) folded before Flop (didn't bet)
Seat 7: alligin0555 (small blind) folded before Flop
Seat 8: abufirs (big blind) showed [Ts Jd] and lost with a pair of Sixes
Seat 9: kevin_mra folded before Flop (didn't bet)



PokerStars Hand #237797812558:  Hold'em No Limit ($0.01/$0.02 USD) - 2022/08/04 22:50:37 PT [2022/08/05 1:50:37 ET]
Table 'Eureka II' 9-max Seat #7 is the button
Seat 1: READTHENWEEP ($1.67 in chips) 
Seat 2: infiniti888 ($1.85 in chips) 
Seat 3: Kibodachi ($0.97 in chips) 
Seat 4: Dorex2007 ($2.80 in chips) 
Seat 5: samadura ($1.24 in chips) 
Seat 6: INTIMIDATOR69 ($3.01 in chips) 
Seat 7: alligin0555 ($1.97 in chips) 
Seat 8: abufirs ($1.56 in chips) 
Seat 9: kevin_mra ($1.93 in chips) 
abufirs: posts small blind $0.01
kevin_mra: posts big blind $0.02
*** HOLE CARDS ***
Dealt to Dorex2007 [4s Td]
READTHENWEEP: folds 
infiniti888: folds 
Kibodachi: folds 
Dorex2007: folds 
samadura: folds 
INTIMIDATOR69: folds 
alligin0555: folds 
abufirs: folds 
Uncalled bet ($0.01) returned to kevin_mra
kevin_mra collected $0.02 from pot
kevin_mra: doesn't show hand 
*** SUMMARY ***
Total pot $0.02 | Rake $0 
Seat 1: READTHENWEEP folded before Flop (didn't bet)
Seat 2: infiniti888 folded before Flop (didn't bet)
Seat 3: Kibodachi folded before Flop (didn't bet)
Seat 4: Dorex2007 folded before Flop (didn't bet)
Seat 5: samadura folded before Flop (didn't bet)
Seat 6: INTIMIDATOR69 folded before Flop (didn't bet)
Seat 7: alligin0555 (button) folded before Flop (didn't bet)
Seat 8: abufirs (small blind) folded before Flop
Seat 9: kevin_mra (big blind) collected ($0.02)



PokerStars Hand #237797814032:  Hold'em No Limit ($0.01/$0.02 USD) - 2022/08/04 22:50:50 PT [2022/08/05 1:50:50 ET]
Table 'Eureka II' 9-max Seat #8 is the button
Seat 1: READTHENWEEP ($1.67 in chips) 
Seat 2: infiniti888 ($1.85 in chips) 
Seat 3: Kibodachi ($0.97 in chips) 
Seat 4: Dorex2007 ($2.80 in chips) 
Seat 5: samadura ($1.24 in chips) 
Seat 6: INTIMIDATOR69 ($3.01 in chips) 
Seat 7: alligin0555 ($1.97 in chips) 
Seat 8: abufirs ($1.55 in chips) 
Seat 9: kevin_mra ($1.94 in chips) 
kevin_mra: posts small blind $0.01
READTHENWEEP: posts big blind $0.02
*** HOLE CARDS ***
Dealt to Dorex2007 [4s 4h]
infiniti888: folds 
Kibodachi: folds 
Dorex2007 has timed out
Dorex2007: folds 
samadura: raises $0.02 to $0.04
INTIMIDATOR69: folds 
alligin0555: folds 
abufirs: folds 
kevin_mra: folds 
READTHENWEEP: calls $0.02
*** FLOP *** [5d 3s Qc]
READTHENWEEP: checks 
samadura: bets $0.04
READTHENWEEP: folds 
Uncalled bet ($0.04) returned to samadura
samadura collected $0.09 from pot
samadura: doesn't show hand 
*** SUMMARY ***
Total pot $0.09 | Rake $0 
Board [5d 3s Qc]
Seat 1: READTHENWEEP (big blind) folded on the Flop
Seat 2: infiniti888 folded before Flop (didn't bet)
Seat 3: Kibodachi folded before Flop (didn't bet)
Seat 4: Dorex2007 folded before Flop (didn't bet)
Seat 5: samadura collected ($0.09)
Seat 6: INTIMIDATOR69 folded before Flop (didn't bet)
Seat 7: alligin0555 folded before Flop (didn't bet)
Seat 8: abufirs (button) folded before Flop (didn't bet)
Seat 9: kevin_mra (small blind) folded before Flop



PokerStars Hand #237797824084:  Hold'em No Limit ($0.01/$0.02 USD) - 2022/08/04 22:51:36 PT [2022/08/05 1:51:36 ET]
Table 'Eureka II' 9-max Seat #9 is the button
Seat 1: READTHENWEEP ($1.63 in chips) 
Seat 2: infiniti888 ($1.85 in chips) 
Seat 3: Kibodachi ($0.97 in chips) 
Seat 4: Dorex2007 ($2.80 in chips) 
Seat 5: samadura ($1.29 in chips) 
Seat 7: alligin0555 ($1.97 in chips) 
Seat 8: abufirs ($1.55 in chips) 
Seat 9: kevin_mra ($1.93 in chips) 
READTHENWEEP: posts small blind $0.01
infiniti888: posts big blind $0.02
*** HOLE CARDS ***
Dealt to Dorex2007 [7c Kc]
Kibodachi has timed out
Kibodachi: folds 
Dorex2007: folds 
samadura: folds 
alligin0555: folds 
abufirs: calls $0.02
kevin_mra: folds 
INTIMIDATOR69 leaves the table
READTHENWEEP: raises $0.04 to $0.06
infiniti888: folds 
abufirs: calls $0.04
*** FLOP *** [6s 3h 2d]
READTHENWEEP: checks 
abufirs: checks 
*** TURN *** [6s 3h 2d] [9c]
READTHENWEEP: checks 
abufirs: bets $0.07
READTHENWEEP: calls $0.07
*** RIVER *** [6s 3h 2d 9c] [6h]
READTHENWEEP: checks 
abufirs: bets $0.13
READTHENWEEP: folds 
Uncalled bet ($0.13) returned to abufirs
abufirs collected $0.27 from pot
*** SUMMARY ***
Total pot $0.28 | Rake $0.01 
Board [6s 3h 2d 9c 6h]
Seat 1: READTHENWEEP (small blind) folded on the River
Seat 2: infiniti888 (big blind) folded before Flop
Seat 3: Kibodachi folded before Flop (didn't bet)
Seat 4: Dorex2007 folded before Flop (didn't bet)
Seat 5: samadura folded before Flop (didn't bet)
Seat 7: alligin0555 folded before Flop (didn't bet)
Seat 8: abufirs collected ($0.27)
Seat 9: kevin_mra (button) folded before Flop (didn't bet)



PokerStars Hand #237797830214:  Hold'em No Limit ($0.01/$0.02 USD) - 2022/08/04 22:52:30 PT [2022/08/05 1:52:30 ET]
Table 'Eureka II' 9-max Seat #1 is the button
Seat 1: READTHENWEEP ($1.50 in chips) 
Seat 2: infiniti888 ($1.83 in chips) 
Seat 3: Kibodachi ($0.97 in chips) 
Seat 4: Dorex2007 ($2.80 in chips) 
Seat 5: samadura ($1.29 in chips) 
Seat 7: alligin0555 ($1.97 in chips) 
Seat 8: abufirs ($1.69 in chips) 
Seat 9: kevin_mra ($1.93 in chips) 
infiniti888: posts small blind $0.01
Kibodachi: posts big blind $0.02
*** HOLE CARDS ***
Dealt to Dorex2007 [Qs 3d]
Dorex2007: folds 
samadura: folds 
alligin0555: folds 
abufirs: raises $0.04 to $0.06
kevin_mra: folds 
READTHENWEEP: raises $0.04 to $0.10
infiniti888: folds 
Kibodachi: folds 
abufirs: calls $0.04
*** FLOP *** [2s 5d 5c]
abufirs: checks 
READTHENWEEP: bets $0.11
abufirs: calls $0.11
*** TURN *** [2s 5d 5c] [Kh]
abufirs: checks 
READTHENWEEP: bets $0.43
abufirs: folds 
Uncalled bet ($0.43) returned to READTHENWEEP
READTHENWEEP collected $0.43 from pot
*** SUMMARY ***
Total pot $0.45 | Rake $0.02 
Board [2s 5d 5c Kh]
Seat 1: READTHENWEEP (button) collected ($0.43)
Seat 2: infiniti888 (small blind) folded before Flop
Seat 3: Kibodachi (big blind) folded before Flop
Seat 4: Dorex2007 folded before Flop (didn't bet)
Seat 5: samadura folded before Flop (didn't bet)
Seat 7: alligin0555 folded before Flop (didn't bet)
Seat 8: abufirs folded on the Turn
Seat 9: kevin_mra folded before Flop (didn't bet)



PokerStars Hand #237797835299:  Hold'em No Limit ($0.01/$0.02 USD) - 2022/08/04 22:53:15 PT [2022/08/05 1:53:15 ET]
Table 'Eureka II' 9-max Seat #2 is the button
Seat 1: READTHENWEEP ($1.72 in chips) 
Seat 2: infiniti888 ($1.82 in chips) 
Seat 3: Kibodachi ($0.95 in chips) 
Seat 4: Dorex2007 ($2.80 in chips) 
Seat 5: samadura ($1.29 in chips) 
Seat 7: alligin0555 ($1.97 in chips) 
Seat 8: abufirs ($1.48 in chips) 
Seat 9: kevin_mra ($1.93 in chips) 
Kibodachi: posts small blind $0.01
Dorex2007: posts big blind $0.02
*** HOLE CARDS ***
Dealt to Dorex2007 [7c Kh]
samadura: folds 
alligin0555: folds 
abufirs: calls $0.02
kevin_mra: folds 
READTHENWEEP: folds 
infiniti888: folds 
Kibodachi: folds 
Dorex2007: checks 
*** FLOP *** [Qd Kc Qc]
Dorex2007: bets $0.03
abufirs: calls $0.03
*** TURN *** [Qd Kc Qc] [6s]
Dorex2007: checks 
abufirs: checks 
*** RIVER *** [Qd Kc Qc 6s] [Qs]
Dorex2007: bets $0.11
abufirs: raises $0.17 to $0.28
Dorex2007: calls $0.17
*** SHOW DOWN ***
abufirs: shows [Qh 6h] (four of a kind, Queens)
Dorex2007: mucks hand 
abufirs collected $0.65 from pot
*** SUMMARY ***
Total pot $0.67 | Rake $0.02 
Board [Qd Kc Qc 6s Qs]
Seat 1: READTHENWEEP folded before Flop (didn't bet)
Seat 2: infiniti888 (button) folded before Flop (didn't bet)
Seat 3: Kibodachi (small blind) folded before Flop
Seat 4: Dorex2007 (big blind) mucked [7c Kh]
Seat 5: samadura folded before Flop (didn't bet)
Seat 7: alligin0555 folded before Flop (didn't bet)
Seat 8: abufirs showed [Qh 6h] and won ($0.65) with four of a kind, Queens
Seat 9: kevin_mra folded before Flop (didn't bet)



PokerStars Hand #237797840523:  Hold'em No Limit ($0.01/$0.02 USD) - 2022/08/04 22:54:03 PT [2022/08/05 1:54:03 ET]
Table 'Eureka II' 9-max Seat #3 is the button
Seat 1: READTHENWEEP ($1.72 in chips) 
Seat 2: infiniti888 ($1.82 in chips) 
Seat 3: Kibodachi ($0.94 in chips) 
Seat 4: Dorex2007 ($2.47 in chips) 
Seat 5: samadura ($1.29 in chips) 
Seat 7: alligin0555 ($1.97 in chips) 
Seat 8: abufirs ($1.80 in chips) 
Seat 9: kevin_mra ($1.93 in chips) 
Dorex2007: posts small blind $0.01
samadura: posts big blind $0.02
*** HOLE CARDS ***
Dealt to Dorex2007 [Qc 7s]
alligin0555: folds 
abufirs: calls $0.02
kevin_mra: folds 
READTHENWEEP: folds 
infiniti888: folds 
Kibodachi: folds 
Dorex2007: folds 
samadura: raises $0.06 to $0.08
abufirs: calls $0.06
*** FLOP *** [Ah Kh 2h]
samadura: checks 
abufirs: checks 
*** TURN *** [Ah Kh 2h] [Tc]
samadura: bets $0.10
abufirs: folds 
Uncalled bet ($0.10) returned to samadura
samadura collected $0.16 from pot
samadura: doesn't show hand 
*** SUMMARY ***
Total pot $0.17 | Rake $0.01 
Board [Ah Kh 2h Tc]
Seat 1: READTHENWEEP folded before Flop (didn't bet)
Seat 2: infiniti888 folded before Flop (didn't bet)
Seat 3: Kibodachi (button) folded before Flop (didn't bet)
Seat 4: Dorex2007 (small blind) folded before Flop
Seat 5: samadura (big blind) collected ($0.16)
Seat 7: alligin0555 folded before Flop (didn't bet)
Seat 8: abufirs folded on the Turn
Seat 9: kevin_mra folded before Flop (didn't bet)



PokerStars Hand #237797844900:  Hold'em No Limit ($0.01/$0.02 USD) - 2022/08/04 22:54:42 PT [2022/08/05 1:54:42 ET]
Table 'Eureka II' 9-max Seat #4 is the button
Seat 1: READTHENWEEP ($1.72 in chips) 
Seat 2: infiniti888 ($1.82 in chips) 
Seat 3: Kibodachi ($0.94 in chips) 
Seat 4: Dorex2007 ($2.46 in chips) 
Seat 5: samadura ($1.37 in chips) 
Seat 8: abufirs ($1.72 in chips) 
Seat 9: kevin_mra ($1.93 in chips) 
samadura: posts small blind $0.01
alligin0555: is sitting out 
abufirs: posts big blind $0.02
*** HOLE CARDS ***
Dealt to Dorex2007 [7d 3s]
alligin0555 leaves the table
kevin_mra: folds 
READTHENWEEP has timed out
READTHENWEEP: folds 
infiniti888: folds 
Kibodachi: folds 
Dorex2007: folds 
samadura: folds 
Uncalled bet ($0.01) returned to abufirs
abufirs collected $0.02 from pot
*** SUMMARY ***
Total pot $0.02 | Rake $0 
Seat 1: READTHENWEEP folded before Flop (didn't bet)
Seat 2: infiniti888 folded before Flop (didn't bet)
Seat 3: Kibodachi folded before Flop (didn't bet)
Seat 4: Dorex2007 (button) folded before Flop (didn't bet)
Seat 5: samadura (small blind) folded before Flop
Seat 8: abufirs (big blind) collected ($0.02)
Seat 9: kevin_mra folded before Flop (didn't bet)



PokerStars Hand #237797847641:  Hold'em No Limit ($0.01/$0.02 USD) - 2022/08/04 22:55:08 PT [2022/08/05 1:55:08 ET]
Table 'Eureka II' 9-max Seat #5 is the button
Seat 1: READTHENWEEP ($1.72 in chips) 
Seat 2: infiniti888 ($1.82 in chips) 
Seat 3: Kibodachi ($0.94 in chips) 
Seat 4: Dorex2007 ($2.46 in chips) 
Seat 5: samadura ($1.36 in chips) 
Seat 8: abufirs ($1.73 in chips) 
Seat 9: kevin_mra ($1.93 in chips) 
abufirs: posts small blind $0.01
kevin_mra: posts big blind $0.02
*** HOLE CARDS ***
Dealt to Dorex2007 [3s 7s]
READTHENWEEP: calls $0.02
infiniti888: folds 
Kibodachi: folds 
Dorex2007: folds 
samadura: folds 
abufirs: folds 
kevin_mra: checks 
*** FLOP *** [7d 2d 4d]
kevin_mra: checks 
READTHENWEEP: bets $0.05
kevin_mra: folds 
Uncalled bet ($0.05) returned to READTHENWEEP
READTHENWEEP collected $0.05 from pot
*** SUMMARY ***
Total pot $0.05 | Rake $0 
Board [7d 2d 4d]
Seat 1: READTHENWEEP collected ($0.05)
Seat 2: infiniti888 folded before Flop (didn't bet)
Seat 3: Kibodachi folded before Flop (didn't bet)
Seat 4: Dorex2007 folded before Flop (didn't bet)
Seat 5: samadura (button) folded before Flop (didn't bet)
Seat 8: abufirs (small blind) folded before Flop
Seat 9: kevin_mra (big blind) folded on the Flop



PokerStars Hand #237797850545:  Hold'em No Limit ($0.01/$0.02 USD) - 2022/08/04 22:55:38 PT [2022/08/05 1:55:38 ET]
Table 'Eureka II' 9-max Seat #8 is the button
Seat 1: READTHENWEEP ($1.75 in chips) 
Seat 2: infiniti888 ($1.82 in chips) 
Seat 3: Kibodachi ($0.94 in chips) 
Seat 4: Dorex2007 ($2.46 in chips) 
Seat 5: samadura ($1.36 in chips) 
Seat 8: abufirs ($1.72 in chips) 
Seat 9: kevin_mra ($1.91 in chips) 
kevin_mra: posts small blind $0.01
READTHENWEEP: posts big blind $0.02
*** HOLE CARDS ***
Dealt to Dorex2007 [5s 5c]
infiniti888: folds 
Kibodachi: folds 
Dorex2007: raises $0.02 to $0.04
samadura: folds 
abufirs: folds 
kevin_mra: folds 
READTHENWEEP: folds 
Uncalled bet ($0.02) returned to Dorex2007
Dorex2007 collected $0.05 from pot
Dorex2007: doesn't show hand 
*** SUMMARY ***
Total pot $0.05 | Rake $0 
Seat 1: READTHENWEEP (big blind) folded before Flop
Seat 2: infiniti888 folded before Flop (didn't bet)
Seat 3: Kibodachi folded before Flop (didn't bet)
Seat 4: Dorex2007 collected ($0.05)
Seat 5: samadura folded before Flop (didn't bet)
Seat 8: abufirs (button) folded before Flop (didn't bet)
Seat 9: kevin_mra (small blind) folded before Flop



PokerStars Hand #237797852406:  Hold'em No Limit ($0.01/$0.02 USD) - 2022/08/04 22:55:58 PT [2022/08/05 1:55:58 ET]
Table 'Eureka II' 9-max Seat #9 is the button
Seat 1: READTHENWEEP ($1.73 in chips) 
Seat 3: Kibodachi ($0.94 in chips) 
Seat 4: Dorex2007 ($2.49 in chips) 
Seat 5: samadura ($1.36 in chips) 
Seat 8: abufirs ($1.72 in chips) 
Seat 9: kevin_mra ($1.90 in chips) 
READTHENWEEP: posts small blind $0.01
infiniti888: is sitting out 
Kibodachi: posts big blind $0.02
*** HOLE CARDS ***
Dealt to Dorex2007 [Ah Qc]
Dorex2007: raises $0.02 to $0.04
samadura: folds 
abufirs: calls $0.04
kevin_mra: folds 
READTHENWEEP: calls $0.03
Kibodachi: folds 
*** FLOP *** [9h 7s Th]
READTHENWEEP: checks 
Dorex2007: checks 
abufirs: checks 
*** TURN *** [9h 7s Th] [2s]
READTHENWEEP: checks 
Dorex2007: checks 
abufirs: bets $0.07
READTHENWEEP: folds 
Dorex2007: folds 
Uncalled bet ($0.07) returned to abufirs
abufirs collected $0.14 from pot
*** SUMMARY ***
Total pot $0.14 | Rake $0 
Board [9h 7s Th 2s]
Seat 1: READTHENWEEP (small blind) folded on the Turn
Seat 3: Kibodachi (big blind) folded before Flop
Seat 4: Dorex2007 folded on the Turn
Seat 5: samadura folded before Flop (didn't bet)
Seat 8: abufirs collected ($0.14)
Seat 9: kevin_mra (button) folded before Flop (didn't bet)



PokerStars Hand #237797855903:  Hold'em No Limit ($0.01/$0.02 USD) - 2022/08/04 22:56:34 PT [2022/08/05 1:56:34 ET]
Table 'Eureka II' 9-max Seat #1 is the button
Seat 1: READTHENWEEP ($1.69 in chips) 
Seat 3: Kibodachi ($0.92 in chips) 
Seat 4: Dorex2007 ($2.45 in chips) 
Seat 5: samadura ($1.36 in chips) 
Seat 8: abufirs ($1.82 in chips) 
Seat 9: kevin_mra ($1.90 in chips) 
Kibodachi: posts small blind $0.01
Dorex2007: posts big blind $0.02
*** HOLE CARDS ***
Dealt to Dorex2007 [Kh 4h]
samadura: folds 
abufirs: calls $0.02
kevin_mra: folds 
READTHENWEEP: folds 
infiniti888 leaves the table
Kibodachi: calls $0.01
Dorex2007: checks 
*** FLOP *** [Js 2h Jd]
Kibodachi: checks 
Dorex2007: checks 
abufirs: checks 
*** TURN *** [Js 2h Jd] [Ts]
Kibodachi: checks 
Dorex2007: checks 
abufirs: checks 
*** RIVER *** [Js 2h Jd Ts] [2c]
Kibodachi: checks 
Dorex2007: checks 
abufirs: checks 
*** SHOW DOWN ***
Kibodachi: shows [6h 6d] (two pair, Jacks and Sixes)
Dorex2007: mucks hand 
abufirs: mucks hand 
Kibodachi collected $0.06 from pot
*** SUMMARY ***
Total pot $0.06 | Rake $0 
Board [Js 2h Jd Ts 2c]
Seat 1: READTHENWEEP (button) folded before Flop (didn't bet)
Seat 3: Kibodachi (small blind) showed [6h 6d] and won ($0.06) with two pair, Jacks and Sixes
Seat 4: Dorex2007 (big blind) mucked [Kh 4h]
Seat 5: samadura folded before Flop (didn't bet)
Seat 8: abufirs mucked [Ah 9c]
Seat 9: kevin_mra folded before Flop (didn't bet)



PokerStars Hand #237797860609:  Hold'em No Limit ($0.01/$0.02 USD) - 2022/08/04 22:57:23 PT [2022/08/05 1:57:23 ET]
Table 'Eureka II' 9-max Seat #3 is the button
Seat 1: READTHENWEEP ($1.69 in chips) 
Seat 3: Kibodachi ($0.96 in chips) 
Seat 4: Dorex2007 ($2.43 in chips) 
Seat 5: samadura ($1.36 in chips) 
Seat 8: abufirs ($1.80 in chips) 
Seat 9: kevin_mra ($1.90 in chips) 
Dorex2007: posts small blind $0.01
samadura: posts big blind $0.02
*** HOLE CARDS ***
Dealt to Dorex2007 [7h 4s]
chem558 joins the table at seat #2 
abufirs: raises $0.04 to $0.06
kevin_mra: calls $0.06
READTHENWEEP: folds 
Kibodachi: folds 
Dorex2007: folds 
samadura: folds 
*** FLOP *** [Tc 8c 6s]
abufirs: bets $0.10
kevin_mra: folds 
Uncalled bet ($0.10) returned to abufirs
abufirs collected $0.14 from pot
*** SUMMARY ***
Total pot $0.15 | Rake $0.01 
Board [Tc 8c 6s]
Seat 1: READTHENWEEP folded before Flop (didn't bet)
Seat 3: Kibodachi (button) folded before Flop (didn't bet)
Seat 4: Dorex2007 (small blind) folded before Flop
Seat 5: samadura (big blind) folded before Flop
Seat 8: abufirs collected ($0.14)
Seat 9: kevin_mra folded on the Flop



PokerStars Hand #237797863565:  Hold'em No Limit ($0.01/$0.02 USD) - 2022/08/04 22:57:53 PT [2022/08/05 1:57:53 ET]
Table 'Eureka II' 9-max Seat #4 is the button
Seat 1: READTHENWEEP ($1.69 in chips) 
Seat 3: Kibodachi ($0.96 in chips) 
Seat 4: Dorex2007 ($2.42 in chips) 
Seat 5: samadura ($1.34 in chips) 
Seat 8: abufirs ($1.88 in chips) 
Seat 9: kevin_mra ($1.84 in chips) 
samadura: posts small blind $0.01
abufirs: posts big blind $0.02
chem558: sits out 
*** HOLE CARDS ***
Dealt to Dorex2007 [Qh 5d]
kevin_mra: folds 
READTHENWEEP: folds 
Kibodachi: folds 
Dorex2007: folds 
samadura: folds 
Uncalled bet ($0.01) returned to abufirs
abufirs collected $0.02 from pot
*** SUMMARY ***
Total pot $0.02 | Rake $0 
Seat 1: READTHENWEEP folded before Flop (didn't bet)
Seat 3: Kibodachi folded before Flop (didn't bet)
Seat 4: Dorex2007 (button) folded before Flop (didn't bet)
Seat 5: samadura (small blind) folded before Flop
Seat 8: abufirs (big blind) collected ($0.02)
Seat 9: kevin_mra folded before Flop (didn't bet)



PokerStars Hand #237797865828:  Hold'em No Limit ($0.01/$0.02 USD) - 2022/08/04 22:58:16 PT [2022/08/05 1:58:16 ET]
Table 'Eureka II' 9-max Seat #5 is the button
Seat 1: READTHENWEEP ($1.69 in chips) 
Seat 3: Kibodachi ($0.96 in chips) 
Seat 4: Dorex2007 ($2.42 in chips) 
Seat 5: samadura ($1.33 in chips) 
Seat 8: abufirs ($1.89 in chips) 
Seat 9: kevin_mra ($1.84 in chips) 
abufirs: posts small blind $0.01
kevin_mra: posts big blind $0.02
chem558: sits out 
*** HOLE CARDS ***
Dealt to Dorex2007 [8c Qd]
READTHENWEEP: folds 
Kibodachi: folds 
Dorex2007: folds 
samadura: folds 
abufirs: folds 
Uncalled bet ($0.01) returned to kevin_mra
kevin_mra collected $0.02 from pot
kevin_mra: doesn't show hand 
*** SUMMARY ***
Total pot $0.02 | Rake $0 
Seat 1: READTHENWEEP folded before Flop (didn't bet)
Seat 3: Kibodachi folded before Flop (didn't bet)
Seat 4: Dorex2007 folded before Flop (didn't bet)
Seat 5: samadura (button) folded before Flop (didn't bet)
Seat 8: abufirs (small blind) folded before Flop
Seat 9: kevin_mra (big blind) collected ($0.02)



PokerStars Hand #237797866981:  Hold'em No Limit ($0.01/$0.02 USD) - 2022/08/04 22:58:29 PT [2022/08/05 1:58:29 ET]
Table 'Eureka II' 9-max Seat #8 is the button
Seat 1: READTHENWEEP ($1.69 in chips) 
Seat 3: Kibodachi ($0.96 in chips) 
Seat 4: Dorex2007 ($2.42 in chips) 
Seat 5: samadura ($1.33 in chips) 
Seat 8: abufirs ($1.88 in chips) 
Seat 9: kevin_mra ($1.85 in chips) 
kevin_mra: posts small blind $0.01
READTHENWEEP: posts big blind $0.02
chem558: sits out 
*** HOLE CARDS ***
Dealt to Dorex2007 [5h 6c]
Kibodachi: folds 
Dorex2007: folds 
samadura: folds 
abufirs: raises $0.04 to $0.06
kevin_mra: folds 
READTHENWEEP: folds 
Uncalled bet ($0.04) returned to abufirs
abufirs collected $0.05 from pot
*** SUMMARY ***
Total pot $0.05 | Rake $0 
Seat 1: READTHENWEEP (big blind) folded before Flop
Seat 3: Kibodachi folded before Flop (didn't bet)
Seat 4: Dorex2007 folded before Flop (didn't bet)
Seat 5: samadura folded before Flop (didn't bet)
Seat 8: abufirs (button) collected ($0.05)
Seat 9: kevin_mra (small blind) folded before Flop



PokerStars Hand #237797868743:  Hold'em No Limit ($0.01/$0.02 USD) - 2022/08/04 22:58:46 PT [2022/08/05 1:58:46 ET]
Table 'Eureka II' 9-max Seat #9 is the button
Seat 1: READTHENWEEP ($1.67 in chips) 
Seat 2: chem558 ($0.96 in chips) 
Seat 3: Kibodachi ($0.96 in chips) 
Seat 4: Dorex2007 ($2.42 in chips) 
Seat 5: samadura ($1.33 in chips) 
Seat 8: abufirs ($1.91 in chips) 
Seat 9: kevin_mra ($1.84 in chips) 
READTHENWEEP: posts small blind $0.01
chem558: posts big blind $0.02
*** HOLE CARDS ***
Dealt to Dorex2007 [9h Qd]
Kibodachi: raises $0.02 to $0.04
Dorex2007: folds 
samadura: folds 
samadura leaves the table
abufirs: calls $0.04
kevin_mra: folds 
READTHENWEEP: calls $0.03
chem558: raises $0.02 to $0.06
Kibodachi: calls $0.02
abufirs: calls $0.02
READTHENWEEP: calls $0.02
*** FLOP *** [4d Ac Qc]
READTHENWEEP: checks 
chem558: bets $0.02
Kibodachi: raises $0.14 to $0.16
abufirs: folds 
READTHENWEEP: folds 
chem558: folds 
Uncalled bet ($0.14) returned to Kibodachi
Kibodachi collected $0.27 from pot
Kibodachi: doesn't show hand 
*** SUMMARY ***
Total pot $0.28 | Rake $0.01 
Board [4d Ac Qc]
Seat 1: READTHENWEEP (small blind) folded on the Flop
Seat 2: chem558 (big blind) folded on the Flop
Seat 3: Kibodachi collected ($0.27)
Seat 4: Dorex2007 folded before Flop (didn't bet)
Seat 5: samadura folded before Flop (didn't bet)
Seat 8: abufirs folded on the Flop
Seat 9: kevin_mra (button) folded before Flop (didn't bet)



PokerStars Hand #237797877291:  Hold'em No Limit ($0.01/$0.02 USD) - 2022/08/04 23:00:13 PT [2022/08/05 2:00:13 ET]
Table 'Eureka II' 9-max Seat #1 is the button
Seat 1: READTHENWEEP ($1.61 in chips) 
Seat 2: chem558 ($0.88 in chips) 
Seat 3: Kibodachi ($1.15 in chips) 
Seat 4: Dorex2007 ($2.42 in chips) 
Seat 8: abufirs ($1.85 in chips) 
Seat 9: kevin_mra ($1.84 in chips) 
chem558: posts small blind $0.01
Kibodachi: posts big blind $0.02
*** HOLE CARDS ***
Dealt to Dorex2007 [Ad Qs]
Dorex2007: raises $0.06 to $0.08
abufirs: folds 
kevin_mra: raises $0.06 to $0.14
READTHENWEEP: folds 
chem558: folds 
Kibodachi: folds 
Dorex2007: calls $0.06
*** FLOP *** [Td Kc 8d]
Dorex2007: bets $0.15
kevin_mra: raises $0.30 to $0.45
Dorex2007: folds 
Uncalled bet ($0.30) returned to kevin_mra
kevin_mra collected $0.59 from pot
kevin_mra: doesn't show hand 
*** SUMMARY ***
Total pot $0.61 | Rake $0.02 
Board [Td Kc 8d]
Seat 1: READTHENWEEP (button) folded before Flop (didn't bet)
Seat 2: chem558 (small blind) folded before Flop
Seat 3: Kibodachi (big blind) folded before Flop
Seat 4: Dorex2007 folded on the Flop
Seat 8: abufirs folded before Flop (didn't bet)
Seat 9: kevin_mra collected ($0.59)



PokerStars Hand #237797881507:  Hold'em No Limit ($0.01/$0.02 USD) - 2022/08/04 23:00:53 PT [2022/08/05 2:00:53 ET]
Table 'Eureka II' 9-max Seat #2 is the button
Seat 1: READTHENWEEP ($1.61 in chips) 
Seat 2: chem558 ($0.87 in chips) 
Seat 3: Kibodachi ($1.13 in chips) 
Seat 4: Dorex2007 ($2.13 in chips) 
Seat 8: abufirs ($1.85 in chips) 
Seat 9: kevin_mra ($2.14 in chips) 
Kibodachi: posts small blind $0.01
Dorex2007: posts big blind $0.02
*** HOLE CARDS ***
Dealt to Dorex2007 [5s 9s]
abufirs: calls $0.02
kevin_mra: folds 
READTHENWEEP: folds 
chem558: raises $0.04 to $0.06
Kibodachi: folds 
Dorex2007: folds 
abufirs: calls $0.04
*** FLOP *** [9h Ad 9d]
abufirs: checks 
chem558: bets $0.14
abufirs: folds 
Uncalled bet ($0.14) returned to chem558
chem558 collected $0.14 from pot
*** SUMMARY ***
Total pot $0.15 | Rake $0.01 
Board [9h Ad 9d]
Seat 1: READTHENWEEP folded before Flop (didn't bet)
Seat 2: chem558 (button) collected ($0.14)
Seat 3: Kibodachi (small blind) folded before Flop
Seat 4: Dorex2007 (big blind) folded before Flop
Seat 8: abufirs folded on the Flop
Seat 9: kevin_mra folded before Flop (didn't bet)



PokerStars Hand #237797884153:  Hold'em No Limit ($0.01/$0.02 USD) - 2022/08/04 23:01:17 PT [2022/08/05 2:01:17 ET]
Table 'Eureka II' 9-max Seat #3 is the button
Seat 1: READTHENWEEP ($1.61 in chips) 
Seat 2: chem558 ($0.95 in chips) 
Seat 3: Kibodachi ($1.12 in chips) 
Seat 4: Dorex2007 ($2.11 in chips) 
Seat 8: abufirs ($1.79 in chips) 
Seat 9: kevin_mra ($2.14 in chips) 
Dorex2007: posts small blind $0.01
abufirs: posts big blind $0.02
*** HOLE CARDS ***
Dealt to Dorex2007 [Qc 5d]
kevin_mra: raises $0.07 to $0.09
READTHENWEEP: calls $0.09
chem558: folds 
Kibodachi: folds 
Dorex2007: folds 
abufirs: folds 
*** FLOP *** [7c Jd Ts]
Kibodachi leaves the table
kevin_mra: bets $0.10
READTHENWEEP: calls $0.10
*** TURN *** [7c Jd Ts] [9c]
kevin_mra: checks 
READTHENWEEP: bets $0.20
kevin_mra: calls $0.20
*** RIVER *** [7c Jd Ts 9c] [Jh]
kevin_mra: checks 
READTHENWEEP: bets $0.39
kevin_mra: calls $0.39
*** SHOW DOWN ***
READTHENWEEP: shows [8h 8d] (a straight, Seven to Jack)
kevin_mra: mucks hand 
READTHENWEEP collected $1.53 from pot
*** SUMMARY ***
Total pot $1.59 | Rake $0.06 
Board [7c Jd Ts 9c Jh]
Seat 1: READTHENWEEP showed [8h 8d] and won ($1.53) with a straight, Seven to Jack
Seat 2: chem558 folded before Flop (didn't bet)
Seat 3: Kibodachi (button) folded before Flop (didn't bet)
Seat 4: Dorex2007 (small blind) folded before Flop
Seat 8: abufirs (big blind) folded before Flop
Seat 9: kevin_mra mucked [Ad Ah]



PokerStars Hand #237797894038:  Hold'em No Limit ($0.01/$0.02 USD) - 2022/08/04 23:02:46 PT [2022/08/05 2:02:46 ET]
Table 'Eureka II' 9-max Seat #4 is the button
Seat 1: READTHENWEEP ($2.36 in chips) 
Seat 2: chem558 ($0.95 in chips) 
Seat 4: Dorex2007 ($2.10 in chips) 
Seat 8: abufirs ($1.77 in chips) 
Seat 9: kevin_mra ($1.36 in chips) 
abufirs: posts small blind $0.01
kevin_mra: posts big blind $0.02
*** HOLE CARDS ***
Dealt to Dorex2007 [Kh 2h]
READTHENWEEP: calls $0.02
chem558: raises $0.04 to $0.06
Dorex2007: folds 
abufirs: folds 
kevin_mra: raises $0.04 to $0.10
kety38 joins the table at seat #7 
READTHENWEEP: folds 
chem558: calls $0.04
*** FLOP *** [2d 2s 5c]
kevin_mra: bets $0.04
chem558: calls $0.04
*** TURN *** [2d 2s 5c] [5d]
kevin_mra: checks 
Roboto713 joins the table at seat #3 
chem558: checks 
*** RIVER *** [2d 2s 5c 5d] [As]
kevin_mra: checks 
chem558: bets $0.15
kevin_mra: folds 
Uncalled bet ($0.15) returned to chem558
chem558 collected $0.30 from pot
*** SUMMARY ***
Total pot $0.31 | Rake $0.01 
Board [2d 2s 5c 5d As]
Seat 1: READTHENWEEP folded before Flop
Seat 2: chem558 collected ($0.30)
Seat 4: Dorex2007 (button) folded before Flop (didn't bet)
Seat 8: abufirs (small blind) folded before Flop
Seat 9: kevin_mra (big blind) folded on the River



PokerStars Hand #237797899647:  Hold'em No Limit ($0.01/$0.02 USD) - 2022/08/04 23:03:36 PT [2022/08/05 2:03:36 ET]
Table 'Eureka II' 9-max Seat #8 is the button
Seat 1: READTHENWEEP ($2.34 in chips) 
Seat 2: chem558 ($1.11 in chips) 
Seat 3: Roboto713 ($1.03 in chips) 
Seat 4: Dorex2007 ($2.10 in chips) 
Seat 7: kety38 ($1.60 in chips) 
Seat 8: abufirs ($1.76 in chips) 
Seat 9: kevin_mra ($1.22 in chips) 
kevin_mra: posts small blind $0.01
READTHENWEEP: posts big blind $0.02
Roboto713: posts big blind $0.02
kety38: posts big blind $0.02
*** HOLE CARDS ***
Dealt to Dorex2007 [7d 2s]
chem558: raises $0.04 to $0.06
Roboto713: calls $0.04
Dorex2007: folds 
kety38: folds 
abufirs: calls $0.06
kevin_mra: folds 
READTHENWEEP: calls $0.04
*** FLOP *** [Kh 5d Th]
READTHENWEEP: checks 
chem558: bets $0.13
Roboto713: calls $0.13
abufirs: folds 
READTHENWEEP: folds 
*** TURN *** [Kh 5d Th] [8h]
chem558: bets $0.25
Roboto713: calls $0.25
*** RIVER *** [Kh 5d Th 8h] [4s]
chem558: checks 
Roboto713: checks 
*** SHOW DOWN ***
chem558: shows [Ac Td] (a pair of Tens)
Roboto713: mucks hand 
chem558 collected $0.99 from pot
*** SUMMARY ***
Total pot $1.03 | Rake $0.04 
Board [Kh 5d Th 8h 4s]
Seat 1: READTHENWEEP (big blind) folded on the Flop
Seat 2: chem558 showed [Ac Td] and won ($0.99) with a pair of Tens
Seat 3: Roboto713 mucked [Js Qc]
Seat 4: Dorex2007 folded before Flop (didn't bet)
Seat 7: kety38 folded before Flop (didn't bet)
Seat 8: abufirs (button) folded on the Flop
Seat 9: kevin_mra (small blind) folded before Flop



PokerStars Hand #237797904738:  Hold'em No Limit ($0.01/$0.02 USD) - 2022/08/04 23:04:23 PT [2022/08/05 2:04:23 ET]
Table 'Eureka II' 9-max Seat #9 is the button
Seat 1: READTHENWEEP ($2.28 in chips) 
Seat 2: chem558 ($1.66 in chips) 
Seat 3: Roboto713 ($0.59 in chips) 
Seat 4: Dorex2007 ($2.10 in chips) 
Seat 7: kety38 ($1.58 in chips) 
Seat 8: abufirs ($1.70 in chips) 
Seat 9: kevin_mra ($1.21 in chips) 
READTHENWEEP: posts small blind $0.01
chem558: posts big blind $0.02
*** HOLE CARDS ***
Dealt to Dorex2007 [Kd 2d]
Roboto713: calls $0.02
Anborkini joins the table at seat #6 
darthvladi joins the table at seat #5 
Dorex2007 has timed out
Dorex2007: folds 
kety38: calls $0.02
abufirs: raises $0.04 to $0.06
kevin_mra: folds 
READTHENWEEP: folds 
chem558: calls $0.04
Roboto713: calls $0.04
kety38: folds 
*** FLOP *** [4d Kh Ah]
chem558: bets $0.02
Roboto713: folds 
abufirs: calls $0.02
*** TURN *** [4d Kh Ah] [3h]
chem558: bets $0.02
abufirs: calls $0.02
*** RIVER *** [4d Kh Ah 3h] [5d]
chem558: checks 
abufirs: checks 
*** SHOW DOWN ***
chem558: shows [Td 9h] (high card Ace)
abufirs: shows [Ks Qs] (a pair of Kings)
abufirs collected $0.28 from pot
*** SUMMARY ***
Total pot $0.29 | Rake $0.01 
Board [4d Kh Ah 3h 5d]
Seat 1: READTHENWEEP (small blind) folded before Flop
Seat 2: chem558 (big blind) showed [Td 9h] and lost with high card Ace
Seat 3: Roboto713 folded on the Flop
Seat 4: Dorex2007 folded before Flop (didn't bet)
Seat 7: kety38 folded before Flop
Seat 8: abufirs showed [Ks Qs] and won ($0.28) with a pair of Kings
Seat 9: kevin_mra (button) folded before Flop (didn't bet)



PokerStars Hand #237797910548:  Hold'em No Limit ($0.01/$0.02 USD) - 2022/08/04 23:05:15 PT [2022/08/05 2:05:15 ET]
Table 'Eureka II' 9-max Seat #1 is the button
Seat 1: READTHENWEEP ($2.27 in chips) 
Seat 2: chem558 ($1.56 in chips) 
Seat 3: Roboto713 ($0.53 in chips) 
Seat 4: Dorex2007 ($2.10 in chips) 
Seat 7: kety38 ($1.56 in chips) 
Seat 8: abufirs ($1.88 in chips) 
Seat 9: kevin_mra ($1.21 in chips) 
chem558: posts small blind $0.01
Roboto713: posts big blind $0.02
darthvladi: sits out 
Anborkini: sits out 
*** HOLE CARDS ***
Dealt to Dorex2007 [Kc Qs]
Dorex2007: calls $0.02
kety38: folds 
abufirs: folds 
kevin_mra: folds 
READTHENWEEP: folds 
chem558: raises $0.04 to $0.06
Roboto713: raises $0.04 to $0.10
Dorex2007: calls $0.08
chem558: calls $0.04
*** FLOP *** [8c 3h 5h]
chem558: bets $0.04
Roboto713: raises $0.39 to $0.43 and is all-in
Dorex2007: folds 
chem558: calls $0.39
*** TURN *** [8c 3h 5h] [Jd]
*** RIVER *** [8c 3h 5h Jd] [5c]
*** SHOW DOWN ***
chem558: shows [Ad Ts] (a pair of Fives)
Roboto713: shows [Jh Ah] (two pair, Jacks and Fives)
Roboto713 collected $1.12 from pot
*** SUMMARY ***
Total pot $1.16 | Rake $0.04 
Board [8c 3h 5h Jd 5c]
Seat 1: READTHENWEEP (button) folded before Flop (didn't bet)
Seat 2: chem558 (small blind) showed [Ad Ts] and lost with a pair of Fives
Seat 3: Roboto713 (big blind) showed [Jh Ah] and won ($1.12) with two pair, Jacks and Fives
Seat 4: Dorex2007 folded on the Flop
Seat 7: kety38 folded before Flop (didn't bet)
Seat 8: abufirs folded before Flop (didn't bet)
Seat 9: kevin_mra folded before Flop (didn't bet)



PokerStars Hand #237797915278:  Hold'em No Limit ($0.01/$0.02 USD) - 2022/08/04 23:05:58 PT [2022/08/05 2:05:58 ET]
Table 'Eureka II' 9-max Seat #2 is the button
Seat 1: READTHENWEEP ($2.27 in chips) 
Seat 2: chem558 ($1.03 in chips) 
Seat 3: Roboto713 ($1.12 in chips) 
Seat 4: Dorex2007 ($2 in chips) 
Seat 7: kety38 ($1.56 in chips) 
Seat 8: abufirs ($1.88 in chips) 
Seat 9: kevin_mra ($1.21 in chips) 
Roboto713: posts small blind $0.01
Dorex2007: posts big blind $0.02
darthvladi: sits out 
Anborkini: sits out 
*** HOLE CARDS ***
Dealt to Dorex2007 [9h Th]
kety38: folds 
abufirs: calls $0.02
kevin_mra: raises $0.07 to $0.09
READTHENWEEP: folds 
chem558: folds 
Roboto713: calls $0.08
Dorex2007: calls $0.07
abufirs: folds 
*** FLOP *** [Td 4d Kc]
Roboto713: checks 
Dorex2007: bets $0.14
kevin_mra: folds 
Roboto713: calls $0.14
*** TURN *** [Td 4d Kc] [6s]
Roboto713: checks 
Dorex2007: checks 
*** RIVER *** [Td 4d Kc 6s] [3d]
Roboto713: checks 
Dorex2007: checks 
*** SHOW DOWN ***
Roboto713: shows [6d 5d] (a flush, Ten high)
Dorex2007: mucks hand 
Roboto713 collected $0.55 from pot
*** SUMMARY ***
Total pot $0.57 | Rake $0.02 
Board [Td 4d Kc 6s 3d]
Seat 1: READTHENWEEP folded before Flop (didn't bet)
Seat 2: chem558 (button) folded before Flop (didn't bet)
Seat 3: Roboto713 (small blind) showed [6d 5d] and won ($0.55) with a flush, Ten high
Seat 4: Dorex2007 (big blind) mucked [9h Th]
Seat 7: kety38 folded before Flop (didn't bet)
Seat 8: abufirs folded before Flop
Seat 9: kevin_mra folded on the Flop



PokerStars Hand #237797921945:  Hold'em No Limit ($0.01/$0.02 USD) - 2022/08/04 23:06:57 PT [2022/08/05 2:06:57 ET]
Table 'Eureka II' 9-max Seat #3 is the button
Seat 1: READTHENWEEP ($2.27 in chips) 
Seat 2: chem558 ($1.03 in chips) 
Seat 3: Roboto713 ($1.44 in chips) 
Seat 4: Dorex2007 ($2 in chips) 
Seat 5: darthvladi ($1.10 in chips) 
Seat 7: kety38 ($1.56 in chips) 
Seat 8: abufirs ($1.86 in chips) 
Seat 9: kevin_mra ($1.12 in chips) 
Dorex2007: posts small blind $0.01
darthvladi: posts big blind $0.02
Anborkini: sits out 
*** HOLE CARDS ***
Dealt to Dorex2007 [6d 4h]
kety38: folds 
abufirs: folds 
kevin_mra: folds 
READTHENWEEP: raises $0.04 to $0.06
chem558: calls $0.06
Roboto713: calls $0.06
Dorex2007: folds 
darthvladi: calls $0.04
*** FLOP *** [3d Ks 8s]
darthvladi: checks 
READTHENWEEP: bets $0.08
chem558: folds 
Roboto713: folds 
darthvladi: folds 
Uncalled bet ($0.08) returned to READTHENWEEP
READTHENWEEP collected $0.24 from pot
*** SUMMARY ***
Total pot $0.25 | Rake $0.01 
Board [3d Ks 8s]
Seat 1: READTHENWEEP collected ($0.24)
Seat 2: chem558 folded on the Flop
Seat 3: Roboto713 (button) folded on the Flop
Seat 4: Dorex2007 (small blind) folded before Flop
Seat 5: darthvladi (big blind) folded on the Flop
Seat 7: kety38 folded before Flop (didn't bet)
Seat 8: abufirs folded before Flop (didn't bet)
Seat 9: kevin_mra folded before Flop (didn't bet)



PokerStars Hand #237797933361:  Hold'em No Limit ($0.01/$0.02 USD) - 2022/08/04 23:07:44 PT [2022/08/05 2:07:44 ET]
Table 'Eureka II' 9-max Seat #4 is the button
Seat 1: READTHENWEEP ($2.45 in chips) 
Seat 2: chem558 ($0.97 in chips) 
Seat 3: Roboto713 ($1.38 in chips) 
Seat 4: Dorex2007 ($2 in chips) 
Seat 5: darthvladi ($1.04 in chips) 
Seat 8: abufirs ($1.86 in chips) 
Seat 9: kevin_mra ($1.12 in chips) 
darthvladi: posts small blind $0.01
Anborkini has timed out
Anborkini: is sitting out 
kety38: is sitting out 
abufirs: posts big blind $0.02
*** HOLE CARDS ***
Dealt to Dorex2007 [6h 6d]
kevin_mra: folds 
READTHENWEEP: folds 
chem558: folds 
Anborkini is disconnected 
Roboto713: calls $0.02
Dorex2007: raises $0.06 to $0.08
kety38 leaves the table
darthvladi: calls $0.07
abufirs: calls $0.06
Roboto713: calls $0.06
*** FLOP *** [9h 5c 4c]
darthvladi: checks 
abufirs: checks 
Roboto713: bets $0.06
Dorex2007: calls $0.06
darthvladi: calls $0.06
abufirs: calls $0.06
*** TURN *** [9h 5c 4c] [Ad]
darthvladi: checks 
abufirs: bets $0.27
Roboto713: folds 
Dorex2007: folds 
AcesMcCoy joins the table at seat #7 
darthvladi: calls $0.27
*** RIVER *** [9h 5c 4c Ad] [8s]
darthvladi: checks 
abufirs: bets $0.53
darthvladi: folds 
Uncalled bet ($0.53) returned to abufirs
abufirs collected $1.06 from pot
*** SUMMARY ***
Total pot $1.10 | Rake $0.04 
Board [9h 5c 4c Ad 8s]
Seat 1: READTHENWEEP folded before Flop (didn't bet)
Seat 2: chem558 folded before Flop (didn't bet)
Seat 3: Roboto713 folded on the Turn
Seat 4: Dorex2007 (button) folded on the Turn
Seat 5: darthvladi (small blind) folded on the River
Seat 8: abufirs (big blind) collected ($1.06)
Seat 9: kevin_mra folded before Flop (didn't bet)



