PokerStars Hand #230440117700:  Hold'em No Limit ($0.01/$0.02 USD) - 2021/10/07 23:21:22 PT [2021/10/08 2:21:22 ET]
Table 'Tomita II' 9-max Seat #5 is the button
Seat 1: pinbotani ($4.34 in chips) 
Seat 2: DonCangrejjo ($1.97 in chips) 
Seat 3: Murere ($1.96 in chips) 
Seat 4: Dorex2007 ($2 in chips) 
Seat 5: adlabam ($2.95 in chips) 
Seat 6: Pookerface35 ($7.06 in chips) 
Seat 7: Seters343 ($2 in chips) 
Seat 8: Tavrus32 ($2.30 in chips) 
Seat 9: diegoc1991 ($0.96 in chips) 
Pookerface35: posts small blind $0.01
Seters343: posts big blind $0.02
Dorex2007: posts big blind $0.02
*** HOLE CARDS ***
Dealt to Dorex2007 [7h 7s]
Tavrus32: folds 
diegoc1991: folds 
pinbotani: folds 
DonCangrejjo: folds 
Murere: folds 
Dorex2007: raises $0.04 to $0.06
adlabam: folds 
Pookerface35: calls $0.05
Seters343: folds 
*** FLOP *** [4d Ac Js]
Pookerface35: checks 
Dorex2007: bets $0.07
Pookerface35: calls $0.07
*** TURN *** [4d Ac Js] [7d]
Pookerface35: checks 
Dorex2007: bets $0.14
Pookerface35: calls $0.14
*** RIVER *** [4d Ac Js 7d] [9s]
Pookerface35: checks 
Dorex2007: bets $0.54
Pookerface35: folds 
Uncalled bet ($0.54) returned to Dorex2007
Dorex2007 collected $0.54 from pot
Dorex2007: doesn't show hand 
*** SUMMARY ***
Total pot $0.56 | Rake $0.02 
Board [4d Ac Js 7d 9s]
Seat 1: pinbotani folded before Flop (didn't bet)
Seat 2: DonCangrejjo folded before Flop (didn't bet)
Seat 3: Murere folded before Flop (didn't bet)
Seat 4: Dorex2007 collected ($0.54)
Seat 5: adlabam (button) folded before Flop (didn't bet)
Seat 6: Pookerface35 (small blind) folded on the River
Seat 7: Seters343 (big blind) folded before Flop
Seat 8: Tavrus32 folded before Flop (didn't bet)
Seat 9: diegoc1991 folded before Flop (didn't bet)



PokerStars Hand #230440126460:  Hold'em No Limit ($0.01/$0.02 USD) - 2021/10/07 23:22:28 PT [2021/10/08 2:22:28 ET]
Table 'Tomita II' 9-max Seat #6 is the button
Seat 1: pinbotani ($4.34 in chips) 
Seat 2: DonCangrejjo ($1.97 in chips) 
Seat 3: Murere ($1.96 in chips) 
Seat 4: Dorex2007 ($2.27 in chips) 
Seat 5: adlabam ($2.95 in chips) 
Seat 6: Pookerface35 ($6.79 in chips) 
Seat 7: Seters343 ($1.98 in chips) 
Seat 8: Tavrus32 ($2.30 in chips) 
Seat 9: diegoc1991 ($0.96 in chips) 
Seters343: posts small blind $0.01
Tavrus32: posts big blind $0.02
*** HOLE CARDS ***
Dealt to Dorex2007 [5c 6d]
diegoc1991: folds 
diegoc1991 leaves the table
pinbotani: folds 
DonCangrejjo: folds 
Murere: folds 
Dorex2007: folds 
adlabam: folds 
Pookerface35: raises $0.02 to $0.04
Seters343: folds 
Tavrus32: folds 
Uncalled bet ($0.02) returned to Pookerface35
Pookerface35 collected $0.05 from pot
Pookerface35: doesn't show hand 
*** SUMMARY ***
Total pot $0.05 | Rake $0 
Seat 1: pinbotani folded before Flop (didn't bet)
Seat 2: DonCangrejjo folded before Flop (didn't bet)
Seat 3: Murere folded before Flop (didn't bet)
Seat 4: Dorex2007 folded before Flop (didn't bet)
Seat 5: adlabam folded before Flop (didn't bet)
Seat 6: Pookerface35 (button) collected ($0.05)
Seat 7: Seters343 (small blind) folded before Flop
Seat 8: Tavrus32 (big blind) folded before Flop
Seat 9: diegoc1991 folded before Flop (didn't bet)



PokerStars Hand #230440129136:  Hold'em No Limit ($0.01/$0.02 USD) - 2021/10/07 23:22:47 PT [2021/10/08 2:22:47 ET]
Table 'Tomita II' 9-max Seat #7 is the button
Seat 1: pinbotani ($4.34 in chips) 
Seat 2: DonCangrejjo ($1.97 in chips) 
Seat 3: Murere ($1.96 in chips) 
Seat 4: Dorex2007 ($2.27 in chips) 
Seat 5: adlabam ($2.95 in chips) 
Seat 6: Pookerface35 ($6.82 in chips) 
Seat 7: Seters343 ($1.97 in chips) 
Seat 8: Tavrus32 ($2.28 in chips) 
Tavrus32: posts small blind $0.01
pinbotani: posts big blind $0.02
*** HOLE CARDS ***
Dealt to Dorex2007 [Qs 6s]
DonCangrejjo: folds 
Murere: folds 
Dorex2007: folds 
DonCangrejjo leaves the table
adlabam: folds 
Pookerface35: raises $0.02 to $0.04
Seters343: folds 
Tavrus32: folds 
Murere leaves the table
pinbotani: folds 
Uncalled bet ($0.02) returned to Pookerface35
Pookerface35 collected $0.05 from pot
Pookerface35: doesn't show hand 
*** SUMMARY ***
Total pot $0.05 | Rake $0 
Seat 1: pinbotani (big blind) folded before Flop
Seat 2: DonCangrejjo folded before Flop (didn't bet)
Seat 3: Murere folded before Flop (didn't bet)
Seat 4: Dorex2007 folded before Flop (didn't bet)
Seat 5: adlabam folded before Flop (didn't bet)
Seat 6: Pookerface35 collected ($0.05)
Seat 7: Seters343 (button) folded before Flop (didn't bet)
Seat 8: Tavrus32 (small blind) folded before Flop



PokerStars Hand #230440131860:  Hold'em No Limit ($0.01/$0.02 USD) - 2021/10/07 23:23:07 PT [2021/10/08 2:23:07 ET]
Table 'Tomita II' 9-max Seat #8 is the button
Seat 1: pinbotani ($4.32 in chips) 
Seat 4: Dorex2007 ($2.27 in chips) 
Seat 5: adlabam ($2.95 in chips) 
Seat 6: Pookerface35 ($6.85 in chips) 
Seat 7: Seters343 ($1.97 in chips) 
Seat 8: Tavrus32 ($2.27 in chips) 
pinbotani: posts small blind $0.01
Dorex2007: posts big blind $0.02
*** HOLE CARDS ***
Dealt to Dorex2007 [8c 2h]
adlabam: folds 
Pookerface35: folds 
Seters343: calls $0.02
Tavrus32: calls $0.02
pinbotani: folds 
Dorex2007: checks 
*** FLOP *** [Ac 5c 6d]
Dorex2007: checks 
Seters343: checks 
Tavrus32: checks 
*** TURN *** [Ac 5c 6d] [5d]
Pookerface35 leaves the table
Dorex2007: checks 
Seters343: checks 
Tavrus32: checks 
*** RIVER *** [Ac 5c 6d 5d] [Qh]
Dorex2007: checks 
Seters343: bets $0.02
Tavrus32: folds 
Dorex2007: folds 
Uncalled bet ($0.02) returned to Seters343
Seters343 collected $0.07 from pot
Seters343: doesn't show hand 
*** SUMMARY ***
Total pot $0.07 | Rake $0 
Board [Ac 5c 6d 5d Qh]
Seat 1: pinbotani (small blind) folded before Flop
Seat 4: Dorex2007 (big blind) folded on the River
Seat 5: adlabam folded before Flop (didn't bet)
Seat 6: Pookerface35 folded before Flop (didn't bet)
Seat 7: Seters343 collected ($0.07)
Seat 8: Tavrus32 (button) folded on the River



PokerStars Hand #230440138218:  Hold'em No Limit ($0.01/$0.02 USD) - 2021/10/07 23:23:55 PT [2021/10/08 2:23:55 ET]
Table 'Tomita II' 9-max Seat #1 is the button
Seat 1: pinbotani ($4.31 in chips) 
Seat 4: Dorex2007 ($2.25 in chips) 
Seat 5: adlabam ($2.95 in chips) 
Seat 7: Seters343 ($2.02 in chips) 
Seat 8: Tavrus32 ($2.25 in chips) 
Dorex2007: posts small blind $0.01
adlabam: posts big blind $0.02
*** HOLE CARDS ***
Dealt to Dorex2007 [Ac Qd]
Seters343: folds 
Tavrus32: raises $0.04 to $0.06
pinbotani: folds 
Dorex2007: calls $0.05
adlabam: calls $0.04
*** FLOP *** [Ts 8s Ah]
Dorex2007: bets $0.17
adlabam: folds 
Tavrus32: folds 
Uncalled bet ($0.17) returned to Dorex2007
Dorex2007 collected $0.17 from pot
Dorex2007: doesn't show hand 
*** SUMMARY ***
Total pot $0.18 | Rake $0.01 
Board [Ts 8s Ah]
Seat 1: pinbotani (button) folded before Flop (didn't bet)
Seat 4: Dorex2007 (small blind) collected ($0.17)
Seat 5: adlabam (big blind) folded on the Flop
Seat 7: Seters343 folded before Flop (didn't bet)
Seat 8: Tavrus32 folded on the Flop



