PokerStars Hand #237757650714: Tournament #3450707039, $0.23+$0.02 USD Hold'em No Limit - Level I (10/20) - 2022/08/02 22:27:24 PT [2022/08/03 1:27:24 ET]
Table '3450707039 1' 3-max Seat #1 is the button
Seat 1: Heebeegeebees (500 in chips) 
Seat 2: chinabrpoker (500 in chips) 
Seat 3: Dorex2007 (500 in chips) 
chinabrpoker: posts small blind 10
Dorex2007: posts big blind 20
*** HOLE CARDS ***
Dealt to Dorex2007 [Jh 3d]
Heebeegeebees: calls 20
chinabrpoker: raises 20 to 40
Dorex2007: calls 20
Heebeegeebees: calls 20
*** FLOP *** [Qs 2d 6c]
chinabrpoker: checks 
Dorex2007: checks 
Heebeegeebees: bets 40
chinabrpoker: calls 40
Dorex2007: folds 
*** TURN *** [Qs 2d 6c] [2s]
chinabrpoker: checks 
Heebeegeebees: checks 
*** RIVER *** [Qs 2d 6c 2s] [3c]
chinabrpoker: bets 100
Heebeegeebees: calls 100
*** SHOW DOWN ***
chinabrpoker: shows [Qh Tc] (two pair, Queens and Deuces)
Heebeegeebees: mucks hand 
chinabrpoker collected 400 from pot
*** SUMMARY ***
Total pot 400 | Rake 0 
Board [Qs 2d 6c 2s 3c]
Seat 1: Heebeegeebees (button) mucked [As 6h]
Seat 2: chinabrpoker (small blind) showed [Qh Tc] and won (400) with two pair, Queens and Deuces
Seat 3: Dorex2007 (big blind) folded on the Flop



PokerStars Hand #237757660996: Tournament #3450707039, $0.23+$0.02 USD Hold'em No Limit - Level I (10/20) - 2022/08/02 22:28:06 PT [2022/08/03 1:28:06 ET]
Table '3450707039 1' 3-max Seat #2 is the button
Seat 1: Heebeegeebees (320 in chips) 
Seat 2: chinabrpoker (720 in chips) 
Seat 3: Dorex2007 (460 in chips) 
Dorex2007: posts small blind 10
Heebeegeebees: posts big blind 20
*** HOLE CARDS ***
Dealt to Dorex2007 [9d Kc]
chinabrpoker: calls 20
Dorex2007: calls 10
Heebeegeebees: checks 
*** FLOP *** [7s Td 7c]
Dorex2007: checks 
Heebeegeebees: bets 60
chinabrpoker: folds 
Dorex2007: folds 
Uncalled bet (60) returned to Heebeegeebees
Heebeegeebees collected 60 from pot
Heebeegeebees: doesn't show hand 
*** SUMMARY ***
Total pot 60 | Rake 0 
Board [7s Td 7c]
Seat 1: Heebeegeebees (big blind) collected (60)
Seat 2: chinabrpoker (button) folded on the Flop
Seat 3: Dorex2007 (small blind) folded on the Flop



PokerStars Hand #237757663078: Tournament #3450707039, $0.23+$0.02 USD Hold'em No Limit - Level I (10/20) - 2022/08/02 22:28:25 PT [2022/08/03 1:28:25 ET]
Table '3450707039 1' 3-max Seat #3 is the button
Seat 1: Heebeegeebees (360 in chips) 
Seat 2: chinabrpoker (700 in chips) 
Seat 3: Dorex2007 (440 in chips) 
Heebeegeebees: posts small blind 10
chinabrpoker: posts big blind 20
*** HOLE CARDS ***
Dealt to Dorex2007 [9s Ad]
Dorex2007: calls 20
Heebeegeebees: calls 10
chinabrpoker: raises 20 to 40
Dorex2007: calls 20
Heebeegeebees: calls 20
*** FLOP *** [8h Jh Ts]
Heebeegeebees: bets 320 and is all-in
chinabrpoker: folds 
Dorex2007: folds 
Uncalled bet (320) returned to Heebeegeebees
Heebeegeebees collected 120 from pot
Heebeegeebees: doesn't show hand 
*** SUMMARY ***
Total pot 120 | Rake 0 
Board [8h Jh Ts]
Seat 1: Heebeegeebees (small blind) collected (120)
Seat 2: chinabrpoker (big blind) folded on the Flop
Seat 3: Dorex2007 (button) folded on the Flop



PokerStars Hand #237757666242: Tournament #3450707039, $0.23+$0.02 USD Hold'em No Limit - Level I (10/20) - 2022/08/02 22:28:54 PT [2022/08/03 1:28:54 ET]
Table '3450707039 1' 3-max Seat #1 is the button
Seat 1: Heebeegeebees (440 in chips) 
Seat 2: chinabrpoker (660 in chips) 
Seat 3: Dorex2007 (400 in chips) 
chinabrpoker: posts small blind 10
Dorex2007: posts big blind 20
*** HOLE CARDS ***
Dealt to Dorex2007 [Js 2s]
Heebeegeebees: calls 20
chinabrpoker: calls 10
Dorex2007: checks 
*** FLOP *** [Th Jc 3c]
chinabrpoker: bets 20
Dorex2007: raises 100 to 120
Heebeegeebees: calls 120
chinabrpoker: calls 100
*** TURN *** [Th Jc 3c] [3d]
chinabrpoker: checks 
Dorex2007: bets 260 and is all-in
Heebeegeebees: calls 260
chinabrpoker: folds 
*** RIVER *** [Th Jc 3c 3d] [Kd]
*** SHOW DOWN ***
Dorex2007: shows [Js 2s] (two pair, Jacks and Threes)
Heebeegeebees: shows [Jd 7d] (two pair, Jacks and Threes)
Dorex2007 collected 470 from pot
Heebeegeebees collected 470 from pot
*** SUMMARY ***
Total pot 940 | Rake 0 
Board [Th Jc 3c 3d Kd]
Seat 1: Heebeegeebees (button) showed [Jd 7d] and won (470) with two pair, Jacks and Threes
Seat 2: chinabrpoker (small blind) folded on the Turn
Seat 3: Dorex2007 (big blind) showed [Js 2s] and won (470) with two pair, Jacks and Threes



PokerStars Hand #237757670813: Tournament #3450707039, $0.23+$0.02 USD Hold'em No Limit - Level I (10/20) - 2022/08/02 22:29:36 PT [2022/08/03 1:29:36 ET]
Table '3450707039 1' 3-max Seat #2 is the button
Seat 1: Heebeegeebees (510 in chips) 
Seat 2: chinabrpoker (520 in chips) 
Seat 3: Dorex2007 (470 in chips) 
Dorex2007: posts small blind 10
Heebeegeebees: posts big blind 20
*** HOLE CARDS ***
Dealt to Dorex2007 [4s 2s]
chinabrpoker: folds 
Dorex2007: folds 
Uncalled bet (10) returned to Heebeegeebees
Heebeegeebees collected 20 from pot
Heebeegeebees: doesn't show hand 
*** SUMMARY ***
Total pot 20 | Rake 0 
Seat 1: Heebeegeebees (big blind) collected (20)
Seat 2: chinabrpoker (button) folded before Flop (didn't bet)
Seat 3: Dorex2007 (small blind) folded before Flop



PokerStars Hand #237757671546: Tournament #3450707039, $0.23+$0.02 USD Hold'em No Limit - Level I (10/20) - 2022/08/02 22:29:42 PT [2022/08/03 1:29:42 ET]
Table '3450707039 1' 3-max Seat #3 is the button
Seat 1: Heebeegeebees (520 in chips) 
Seat 2: chinabrpoker (520 in chips) 
Seat 3: Dorex2007 (460 in chips) 
Heebeegeebees: posts small blind 10
chinabrpoker: posts big blind 20
*** HOLE CARDS ***
Dealt to Dorex2007 [Jh 7h]
Dorex2007: folds 
Heebeegeebees: calls 10
chinabrpoker: checks 
*** FLOP *** [Qd Kc 2h]
Heebeegeebees: bets 20
chinabrpoker: calls 20
*** TURN *** [Qd Kc 2h] [Tc]
Heebeegeebees: bets 40
chinabrpoker: folds 
Uncalled bet (40) returned to Heebeegeebees
Heebeegeebees collected 80 from pot
Heebeegeebees: doesn't show hand 
*** SUMMARY ***
Total pot 80 | Rake 0 
Board [Qd Kc 2h Tc]
Seat 1: Heebeegeebees (small blind) collected (80)
Seat 2: chinabrpoker (big blind) folded on the Turn
Seat 3: Dorex2007 (button) folded before Flop (didn't bet)



PokerStars Hand #237757673965: Tournament #3450707039, $0.23+$0.02 USD Hold'em No Limit - Level I (10/20) - 2022/08/02 22:30:05 PT [2022/08/03 1:30:05 ET]
Table '3450707039 1' 3-max Seat #1 is the button
Seat 1: Heebeegeebees (560 in chips) 
Seat 2: chinabrpoker (480 in chips) 
Seat 3: Dorex2007 (460 in chips) 
chinabrpoker: posts small blind 10
Dorex2007: posts big blind 20
*** HOLE CARDS ***
Dealt to Dorex2007 [7s 5c]
Heebeegeebees: folds 
chinabrpoker: raises 20 to 40
Dorex2007: calls 20
*** FLOP *** [Jc 2s Kh]
chinabrpoker: bets 20
Dorex2007: folds 
Uncalled bet (20) returned to chinabrpoker
chinabrpoker collected 80 from pot
chinabrpoker: doesn't show hand 
*** SUMMARY ***
Total pot 80 | Rake 0 
Board [Jc 2s Kh]
Seat 1: Heebeegeebees (button) folded before Flop (didn't bet)
Seat 2: chinabrpoker (small blind) collected (80)
Seat 3: Dorex2007 (big blind) folded on the Flop



PokerStars Hand #237757675575: Tournament #3450707039, $0.23+$0.02 USD Hold'em No Limit - Level I (10/20) - 2022/08/02 22:30:20 PT [2022/08/03 1:30:20 ET]
Table '3450707039 1' 3-max Seat #2 is the button
Seat 1: Heebeegeebees (560 in chips) 
Seat 2: chinabrpoker (520 in chips) 
Seat 3: Dorex2007 (420 in chips) 
Dorex2007: posts small blind 10
Heebeegeebees: posts big blind 20
*** HOLE CARDS ***
Dealt to Dorex2007 [Qh Ks]
chinabrpoker: calls 20
Dorex2007: raises 60 to 80
Heebeegeebees: folds 
chinabrpoker: calls 60
*** FLOP *** [Jd Td Qs]
Dorex2007: bets 90
chinabrpoker: calls 90
*** TURN *** [Jd Td Qs] [4h]
Dorex2007: bets 250 and is all-in
chinabrpoker: folds 
Uncalled bet (250) returned to Dorex2007
Dorex2007 collected 360 from pot
Dorex2007: doesn't show hand 
*** SUMMARY ***
Total pot 360 | Rake 0 
Board [Jd Td Qs 4h]
Seat 1: Heebeegeebees (big blind) folded before Flop
Seat 2: chinabrpoker (button) folded on the Turn
Seat 3: Dorex2007 (small blind) collected (360)



PokerStars Hand #237757680859: Tournament #3450707039, $0.23+$0.02 USD Hold'em No Limit - Level II (15/30) - 2022/08/02 22:31:09 PT [2022/08/03 1:31:09 ET]
Table '3450707039 1' 3-max Seat #3 is the button
Seat 1: Heebeegeebees (540 in chips) 
Seat 2: chinabrpoker (350 in chips) 
Seat 3: Dorex2007 (610 in chips) 
Heebeegeebees: posts small blind 15
chinabrpoker: posts big blind 30
*** HOLE CARDS ***
Dealt to Dorex2007 [5s 8s]
Dorex2007: folds 
Heebeegeebees: calls 15
chinabrpoker: checks 
*** FLOP *** [3s 4h Jc]
Heebeegeebees: checks 
chinabrpoker: bets 30
Heebeegeebees: folds 
Uncalled bet (30) returned to chinabrpoker
chinabrpoker collected 60 from pot
chinabrpoker: doesn't show hand 
*** SUMMARY ***
Total pot 60 | Rake 0 
Board [3s 4h Jc]
Seat 1: Heebeegeebees (small blind) folded on the Flop
Seat 2: chinabrpoker (big blind) collected (60)
Seat 3: Dorex2007 (button) folded before Flop (didn't bet)



PokerStars Hand #237757682675: Tournament #3450707039, $0.23+$0.02 USD Hold'em No Limit - Level II (15/30) - 2022/08/02 22:31:25 PT [2022/08/03 1:31:25 ET]
Table '3450707039 1' 3-max Seat #1 is the button
Seat 1: Heebeegeebees (510 in chips) 
Seat 2: chinabrpoker (380 in chips) 
Seat 3: Dorex2007 (610 in chips) 
chinabrpoker: posts small blind 15
Dorex2007: posts big blind 30
*** HOLE CARDS ***
Dealt to Dorex2007 [4h 7h]
Heebeegeebees: calls 30
chinabrpoker: calls 15
Dorex2007: checks 
*** FLOP *** [4d Qc 3h]
chinabrpoker: checks 
Dorex2007: bets 90
Heebeegeebees: folds 
chinabrpoker: folds 
Uncalled bet (90) returned to Dorex2007
Dorex2007 collected 90 from pot
Dorex2007: doesn't show hand 
*** SUMMARY ***
Total pot 90 | Rake 0 
Board [4d Qc 3h]
Seat 1: Heebeegeebees (button) folded on the Flop
Seat 2: chinabrpoker (small blind) folded on the Flop
Seat 3: Dorex2007 (big blind) collected (90)



PokerStars Hand #237757685200: Tournament #3450707039, $0.23+$0.02 USD Hold'em No Limit - Level II (15/30) - 2022/08/02 22:31:48 PT [2022/08/03 1:31:48 ET]
Table '3450707039 1' 3-max Seat #2 is the button
Seat 1: Heebeegeebees (480 in chips) 
Seat 2: chinabrpoker (350 in chips) 
Seat 3: Dorex2007 (670 in chips) 
Dorex2007: posts small blind 15
Heebeegeebees: posts big blind 30
*** HOLE CARDS ***
Dealt to Dorex2007 [3d Jd]
chinabrpoker: folds 
Dorex2007: calls 15
Heebeegeebees: checks 
*** FLOP *** [Ks Kd 4d]
Dorex2007: bets 60
Heebeegeebees: folds 
Uncalled bet (60) returned to Dorex2007
Dorex2007 collected 60 from pot
Dorex2007: doesn't show hand 
*** SUMMARY ***
Total pot 60 | Rake 0 
Board [Ks Kd 4d]
Seat 1: Heebeegeebees (big blind) folded on the Flop
Seat 2: chinabrpoker (button) folded before Flop (didn't bet)
Seat 3: Dorex2007 (small blind) collected (60)



PokerStars Hand #237757686611: Tournament #3450707039, $0.23+$0.02 USD Hold'em No Limit - Level II (15/30) - 2022/08/02 22:32:01 PT [2022/08/03 1:32:01 ET]
Table '3450707039 1' 3-max Seat #3 is the button
Seat 1: Heebeegeebees (450 in chips) 
Seat 2: chinabrpoker (350 in chips) 
Seat 3: Dorex2007 (700 in chips) 
Heebeegeebees: posts small blind 15
chinabrpoker: posts big blind 30
*** HOLE CARDS ***
Dealt to Dorex2007 [9h 2h]
Dorex2007 has timed out
Dorex2007: folds 
Dorex2007 is sitting out
Heebeegeebees: calls 15
Dorex2007 has returned
chinabrpoker: raises 30 to 60
Heebeegeebees: calls 30
*** FLOP *** [6h 3d 7s]
Heebeegeebees: bets 390 and is all-in
chinabrpoker: calls 290 and is all-in
Uncalled bet (100) returned to Heebeegeebees
*** TURN *** [6h 3d 7s] [Jc]
*** RIVER *** [6h 3d 7s Jc] [Jh]
*** SHOW DOWN ***
Heebeegeebees: shows [9s 7c] (two pair, Jacks and Sevens)
chinabrpoker: shows [Kc Qd] (a pair of Jacks)
Heebeegeebees collected 700 from pot
chinabrpoker finished the tournament in 3rd place
*** SUMMARY ***
Total pot 700 | Rake 0 
Board [6h 3d 7s Jc Jh]
Seat 1: Heebeegeebees (small blind) showed [9s 7c] and won (700) with two pair, Jacks and Sevens
Seat 2: chinabrpoker (big blind) showed [Kc Qd] and lost with a pair of Jacks
Seat 3: Dorex2007 (button) folded before Flop (didn't bet)



PokerStars Hand #237757691671: Tournament #3450707039, $0.23+$0.02 USD Hold'em No Limit - Level II (15/30) - 2022/08/02 22:32:47 PT [2022/08/03 1:32:47 ET]
Table '3450707039 1' 3-max Seat #1 is the button
Seat 1: Heebeegeebees (800 in chips) 
Seat 3: Dorex2007 (700 in chips) 
Heebeegeebees: posts small blind 15
Dorex2007: posts big blind 30
*** HOLE CARDS ***
Dealt to Dorex2007 [6h 5d]
Heebeegeebees: calls 15
Dorex2007: checks 
*** FLOP *** [Jh 3h 2s]
Dorex2007: checks 
Heebeegeebees: checks 
*** TURN *** [Jh 3h 2s] [Kh]
Dorex2007: checks 
Heebeegeebees: bets 60
Dorex2007: folds 
Uncalled bet (60) returned to Heebeegeebees
Heebeegeebees collected 60 from pot
Heebeegeebees: doesn't show hand 
*** SUMMARY ***
Total pot 60 | Rake 0 
Board [Jh 3h 2s Kh]
Seat 1: Heebeegeebees (button) (small blind) collected (60)
Seat 3: Dorex2007 (big blind) folded on the Turn



PokerStars Hand #237757694227: Tournament #3450707039, $0.23+$0.02 USD Hold'em No Limit - Level II (15/30) - 2022/08/02 22:33:10 PT [2022/08/03 1:33:10 ET]
Table '3450707039 1' 3-max Seat #3 is the button
Seat 1: Heebeegeebees (830 in chips) 
Seat 3: Dorex2007 (670 in chips) 
Dorex2007: posts small blind 15
Heebeegeebees: posts big blind 30
*** HOLE CARDS ***
Dealt to Dorex2007 [8s 5c]
Dorex2007: raises 30 to 60
Heebeegeebees: calls 30
*** FLOP *** [2c 9d 9s]
Heebeegeebees: checks 
Dorex2007: bets 80
Heebeegeebees: folds 
Uncalled bet (80) returned to Dorex2007
Dorex2007 collected 120 from pot
Dorex2007: doesn't show hand 
*** SUMMARY ***
Total pot 120 | Rake 0 
Board [2c 9d 9s]
Seat 1: Heebeegeebees (big blind) folded on the Flop
Seat 3: Dorex2007 (button) (small blind) collected (120)



PokerStars Hand #237757695835: Tournament #3450707039, $0.23+$0.02 USD Hold'em No Limit - Level II (15/30) - 2022/08/02 22:33:25 PT [2022/08/03 1:33:25 ET]
Table '3450707039 1' 3-max Seat #1 is the button
Seat 1: Heebeegeebees (770 in chips) 
Seat 3: Dorex2007 (730 in chips) 
Heebeegeebees: posts small blind 15
Dorex2007: posts big blind 30
*** HOLE CARDS ***
Dealt to Dorex2007 [Ts 3c]
Heebeegeebees: calls 15
Dorex2007: checks 
*** FLOP *** [Td 9c 5c]
Dorex2007: checks 
Heebeegeebees: checks 
*** TURN *** [Td 9c 5c] [4d]
Dorex2007: bets 700 and is all-in
Heebeegeebees: folds 
Uncalled bet (700) returned to Dorex2007
Dorex2007 collected 60 from pot
Dorex2007: doesn't show hand 
*** SUMMARY ***
Total pot 60 | Rake 0 
Board [Td 9c 5c 4d]
Seat 1: Heebeegeebees (button) (small blind) folded on the Turn
Seat 3: Dorex2007 (big blind) collected (60)



PokerStars Hand #237757698352: Tournament #3450707039, $0.23+$0.02 USD Hold'em No Limit - Level III (20/40) - 2022/08/02 22:33:48 PT [2022/08/03 1:33:48 ET]
Table '3450707039 1' 3-max Seat #3 is the button
Seat 1: Heebeegeebees (740 in chips) 
Seat 3: Dorex2007 (760 in chips) 
Dorex2007: posts small blind 20
Heebeegeebees: posts big blind 40
*** HOLE CARDS ***
Dealt to Dorex2007 [7d 9d]
Dorex2007: folds 
Uncalled bet (20) returned to Heebeegeebees
Heebeegeebees collected 40 from pot
Heebeegeebees: doesn't show hand 
*** SUMMARY ***
Total pot 40 | Rake 0 
Seat 1: Heebeegeebees (big blind) collected (40)
Seat 3: Dorex2007 (button) (small blind) folded before Flop



PokerStars Hand #237757699056: Tournament #3450707039, $0.23+$0.02 USD Hold'em No Limit - Level III (20/40) - 2022/08/02 22:33:54 PT [2022/08/03 1:33:54 ET]
Table '3450707039 1' 3-max Seat #1 is the button
Seat 1: Heebeegeebees (760 in chips) 
Seat 3: Dorex2007 (740 in chips) 
Heebeegeebees: posts small blind 20
Dorex2007: posts big blind 40
*** HOLE CARDS ***
Dealt to Dorex2007 [6s 8h]
Heebeegeebees: raises 40 to 80
Dorex2007: folds 
Uncalled bet (40) returned to Heebeegeebees
Heebeegeebees collected 80 from pot
Heebeegeebees: doesn't show hand 
*** SUMMARY ***
Total pot 80 | Rake 0 
Seat 1: Heebeegeebees (button) (small blind) collected (80)
Seat 3: Dorex2007 (big blind) folded before Flop



PokerStars Hand #237757699834: Tournament #3450707039, $0.23+$0.02 USD Hold'em No Limit - Level III (20/40) - 2022/08/02 22:34:01 PT [2022/08/03 1:34:01 ET]
Table '3450707039 1' 3-max Seat #3 is the button
Seat 1: Heebeegeebees (800 in chips) 
Seat 3: Dorex2007 (700 in chips) 
Dorex2007: posts small blind 20
Heebeegeebees: posts big blind 40
*** HOLE CARDS ***
Dealt to Dorex2007 [5c 9d]
Dorex2007: folds 
Uncalled bet (20) returned to Heebeegeebees
Heebeegeebees collected 40 from pot
Heebeegeebees: doesn't show hand 
*** SUMMARY ***
Total pot 40 | Rake 0 
Seat 1: Heebeegeebees (big blind) collected (40)
Seat 3: Dorex2007 (button) (small blind) folded before Flop



PokerStars Hand #237757700527: Tournament #3450707039, $0.23+$0.02 USD Hold'em No Limit - Level III (20/40) - 2022/08/02 22:34:07 PT [2022/08/03 1:34:07 ET]
Table '3450707039 1' 3-max Seat #1 is the button
Seat 1: Heebeegeebees (820 in chips) 
Seat 3: Dorex2007 (680 in chips) 
Heebeegeebees: posts small blind 20
Dorex2007: posts big blind 40
*** HOLE CARDS ***
Dealt to Dorex2007 [7h 4s]
Heebeegeebees: calls 20
Dorex2007: checks 
*** FLOP *** [5h Qd 2h]
Dorex2007: checks 
Heebeegeebees: checks 
*** TURN *** [5h Qd 2h] [Tc]
Dorex2007: checks 
Heebeegeebees: checks 
*** RIVER *** [5h Qd 2h Tc] [Td]
Dorex2007: checks 
Heebeegeebees: checks 
*** SHOW DOWN ***
Dorex2007: shows [7h 4s] (a pair of Tens)
Heebeegeebees: shows [Jd 8c] (a pair of Tens - Queen+Jack kicker)
Heebeegeebees collected 80 from pot
*** SUMMARY ***
Total pot 80 | Rake 0 
Board [5h Qd 2h Tc Td]
Seat 1: Heebeegeebees (button) (small blind) showed [Jd 8c] and won (80) with a pair of Tens
Seat 3: Dorex2007 (big blind) showed [7h 4s] and lost with a pair of Tens



PokerStars Hand #237757702904: Tournament #3450707039, $0.23+$0.02 USD Hold'em No Limit - Level III (20/40) - 2022/08/02 22:34:29 PT [2022/08/03 1:34:29 ET]
Table '3450707039 1' 3-max Seat #3 is the button
Seat 1: Heebeegeebees (860 in chips) 
Seat 3: Dorex2007 (640 in chips) 
Dorex2007: posts small blind 20
Heebeegeebees: posts big blind 40
*** HOLE CARDS ***
Dealt to Dorex2007 [7c 8c]
Dorex2007: calls 20
Heebeegeebees: checks 
*** FLOP *** [3d Td 5d]
Heebeegeebees: checks 
Dorex2007: checks 
*** TURN *** [3d Td 5d] [2s]
Heebeegeebees: bets 80
Dorex2007: calls 80
*** RIVER *** [3d Td 5d 2s] [Qd]
Heebeegeebees: checks 
Dorex2007: bets 520 and is all-in
Heebeegeebees: folds 
Uncalled bet (520) returned to Dorex2007
Dorex2007 collected 240 from pot
Dorex2007: doesn't show hand 
*** SUMMARY ***
Total pot 240 | Rake 0 
Board [3d Td 5d 2s Qd]
Seat 1: Heebeegeebees (big blind) folded on the River
Seat 3: Dorex2007 (button) (small blind) collected (240)



PokerStars Hand #237757706346: Tournament #3450707039, $0.23+$0.02 USD Hold'em No Limit - Level III (20/40) - 2022/08/02 22:35:01 PT [2022/08/03 1:35:01 ET]
Table '3450707039 1' 3-max Seat #1 is the button
Seat 1: Heebeegeebees (740 in chips) 
Seat 3: Dorex2007 (760 in chips) 
Heebeegeebees: posts small blind 20
Dorex2007: posts big blind 40
*** HOLE CARDS ***
Dealt to Dorex2007 [9h 7c]
Heebeegeebees: raises 40 to 80
Dorex2007: calls 40
*** FLOP *** [Th 5c 7h]
Dorex2007: bets 107
Heebeegeebees: calls 107
*** TURN *** [Th 5c 7h] [2c]
Dorex2007: checks 
Heebeegeebees: bets 120
Dorex2007: calls 120
*** RIVER *** [Th 5c 7h 2c] [Tc]
Dorex2007: bets 453 and is all-in
Heebeegeebees: folds 
Uncalled bet (453) returned to Dorex2007
Dorex2007 collected 614 from pot
Dorex2007: doesn't show hand 
*** SUMMARY ***
Total pot 614 | Rake 0 
Board [Th 5c 7h 2c Tc]
Seat 1: Heebeegeebees (button) (small blind) folded on the River
Seat 3: Dorex2007 (big blind) collected (614)



PokerStars Hand #237757710262: Tournament #3450707039, $0.23+$0.02 USD Hold'em No Limit - Level III (20/40) - 2022/08/02 22:35:36 PT [2022/08/03 1:35:36 ET]
Table '3450707039 1' 3-max Seat #3 is the button
Seat 1: Heebeegeebees (433 in chips) 
Seat 3: Dorex2007 (1067 in chips) 
Dorex2007: posts small blind 20
Heebeegeebees: posts big blind 40
*** HOLE CARDS ***
Dealt to Dorex2007 [6h Tc]
Dorex2007: calls 20
Heebeegeebees: checks 
*** FLOP *** [6c 5d 6s]
Heebeegeebees: bets 40
Dorex2007: calls 40
*** TURN *** [6c 5d 6s] [9d]
Heebeegeebees: bets 353 and is all-in
Dorex2007: calls 353
*** RIVER *** [6c 5d 6s 9d] [2s]
*** SHOW DOWN ***
Heebeegeebees: shows [Js Th] (a pair of Sixes)
Dorex2007: shows [6h Tc] (three of a kind, Sixes)
Dorex2007 collected 866 from pot
Heebeegeebees finished the tournament in 2nd place
Dorex2007 wins the tournament and receives $0.75 - congratulations!
*** SUMMARY ***
Total pot 866 | Rake 0 
Board [6c 5d 6s 9d 2s]
Seat 1: Heebeegeebees (big blind) showed [Js Th] and lost with a pair of Sixes
Seat 3: Dorex2007 (button) (small blind) showed [6h Tc] and won (866) with three of a kind, Sixes



