PokerStars Hand #237427311499:  Hold'em No Limit ($0.02/$0.05 USD) - 2022/07/17 18:56:35 PT [2022/07/17 21:56:35 ET]
Table 'Walraven IV' 9-max Seat #7 is the button
Seat 1: G-ROC_4-adam ($3.44 in chips) 
Seat 2: Almanza63 ($6.28 in chips) 
Seat 3: gambitl1 ($6.32 in chips) 
Seat 4: antonello081 ($5.12 in chips) 
Seat 5: Herbert CNR ($1.87 in chips) 
Seat 6: Dorex2007 ($5 in chips) 
Seat 7: carlos25252525 ($4.63 in chips) 
Seat 9: Gabriel Teofilo ($5.31 in chips) 
Gabriel Teofilo: posts small blind $0.02
G-ROC_4-adam: posts big blind $0.05
Dorex2007: posts big blind $0.05
*** HOLE CARDS ***
Dealt to Dorex2007 [Tc 2d]
Almanza63: folds 
gambitl1: raises $0.10 to $0.15
antonello081: calls $0.15
Herbert CNR: folds 
Dorex2007: folds 
carlos25252525 has timed out
carlos25252525: folds 
Gabriel Teofilo: folds 
G-ROC_4-adam has timed out
G-ROC_4-adam: folds 
*** FLOP *** [4c 9d Kh]
gambitl1: checks 
antonello081: checks 
*** TURN *** [4c 9d Kh] [6h]
gambitl1: bets $0.20
antonello081: calls $0.20
*** RIVER *** [4c 9d Kh 6h] [Jc]
gambitl1: bets $0.39
antonello081: folds 
Uncalled bet ($0.39) returned to gambitl1
gambitl1 collected $0.79 from pot
*** SUMMARY ***
Total pot $0.82 | Rake $0.03 
Board [4c 9d Kh 6h Jc]
Seat 1: G-ROC_4-adam (big blind) folded before Flop
Seat 2: Almanza63 folded before Flop (didn't bet)
Seat 3: gambitl1 collected ($0.79)
Seat 4: antonello081 folded on the River
Seat 5: Herbert CNR folded before Flop (didn't bet)
Seat 6: Dorex2007 folded before Flop (didn't bet)
Seat 7: carlos25252525 (button) folded before Flop (didn't bet)
Seat 9: Gabriel Teofilo (small blind) folded before Flop



PokerStars Hand #237427328076:  Hold'em No Limit ($0.02/$0.05 USD) - 2022/07/17 18:58:25 PT [2022/07/17 21:58:25 ET]
Table 'Walraven IV' 9-max Seat #9 is the button
Seat 2: Almanza63 ($6.28 in chips) 
Seat 3: gambitl1 ($6.76 in chips) 
Seat 4: antonello081 ($4.77 in chips) 
Seat 5: Herbert CNR ($1.87 in chips) 
Seat 6: Dorex2007 ($5 in chips) 
Seat 7: carlos25252525 ($4.63 in chips) 
Seat 8: greyfox5310 ($4 in chips) 
Seat 9: Gabriel Teofilo ($5.29 in chips) 
Almanza63: posts small blind $0.02
gambitl1: posts big blind $0.05
greyfox5310: posts big blind $0.05
*** HOLE CARDS ***
Dealt to Dorex2007 [Jc 3d]
antonello081: folds 
Herbert CNR: calls $0.05
Dorex2007: folds 
carlos25252525: folds 
greyfox5310: checks 
Gabriel Teofilo: folds 
Almanza63: calls $0.03
gambitl1: checks 
*** FLOP *** [5h 3c 7s]
Almanza63: checks 
gambitl1: checks 
Herbert CNR: bets $0.15
greyfox5310: raises $0.15 to $0.30
Almanza63: folds 
gambitl1: folds 
Herbert CNR: folds 
Uncalled bet ($0.15) returned to greyfox5310
greyfox5310 collected $0.48 from pot
*** SUMMARY ***
Total pot $0.50 | Rake $0.02 
Board [5h 3c 7s]
Seat 2: Almanza63 (small blind) folded on the Flop
Seat 3: gambitl1 (big blind) folded on the Flop
Seat 4: antonello081 folded before Flop (didn't bet)
Seat 5: Herbert CNR folded on the Flop
Seat 6: Dorex2007 folded before Flop (didn't bet)
Seat 7: carlos25252525 folded before Flop (didn't bet)
Seat 8: greyfox5310 collected ($0.48)
Seat 9: Gabriel Teofilo (button) folded before Flop (didn't bet)



PokerStars Hand #237427336153:  Hold'em No Limit ($0.02/$0.05 USD) - 2022/07/17 18:59:20 PT [2022/07/17 21:59:20 ET]
Table 'Walraven IV' 9-max Seat #2 is the button
Seat 2: Almanza63 ($6.23 in chips) 
Seat 3: gambitl1 ($6.71 in chips) 
Seat 4: antonello081 ($4.77 in chips) 
Seat 5: Herbert CNR ($1.67 in chips) 
Seat 6: Dorex2007 ($5 in chips) 
Seat 7: carlos25252525 ($4.63 in chips) 
Seat 8: greyfox5310 ($4.28 in chips) 
Seat 9: Gabriel Teofilo ($5.29 in chips) 
gambitl1: posts small blind $0.02
antonello081: posts big blind $0.05
*** HOLE CARDS ***
Dealt to Dorex2007 [8h 4c]
Herbert CNR: calls $0.05
Dorex2007: folds 
carlos25252525: folds 
greyfox5310: folds 
Gabriel Teofilo: folds 
Almanza63: folds 
gambitl1: folds 
antonello081: checks 
*** FLOP *** [4s 2d Ks]
antonello081: bets $0.05
Herbert CNR: folds 
Uncalled bet ($0.05) returned to antonello081
antonello081 collected $0.12 from pot
*** SUMMARY ***
Total pot $0.12 | Rake $0 
Board [4s 2d Ks]
Seat 2: Almanza63 (button) folded before Flop (didn't bet)
Seat 3: gambitl1 (small blind) folded before Flop
Seat 4: antonello081 (big blind) collected ($0.12)
Seat 5: Herbert CNR folded on the Flop
Seat 6: Dorex2007 folded before Flop (didn't bet)
Seat 7: carlos25252525 folded before Flop (didn't bet)
Seat 8: greyfox5310 folded before Flop (didn't bet)
Seat 9: Gabriel Teofilo folded before Flop (didn't bet)



PokerStars Hand #237427340631:  Hold'em No Limit ($0.02/$0.05 USD) - 2022/07/17 18:59:50 PT [2022/07/17 21:59:50 ET]
Table 'Walraven IV' 9-max Seat #3 is the button
Seat 2: Almanza63 ($6.23 in chips) 
Seat 3: gambitl1 ($6.69 in chips) 
Seat 4: antonello081 ($4.84 in chips) 
Seat 5: Herbert CNR ($1.62 in chips) 
Seat 6: Dorex2007 ($5 in chips) 
Seat 7: carlos25252525 ($4.63 in chips) 
Seat 8: greyfox5310 ($4.28 in chips) 
Seat 9: Gabriel Teofilo ($5.29 in chips) 
antonello081: posts small blind $0.02
Herbert CNR: posts big blind $0.05
*** HOLE CARDS ***
Dealt to Dorex2007 [8h 2c]
Dorex2007: folds 
carlos25252525: folds 
greyfox5310: calls $0.05
Gabriel Teofilo: folds 
Almanza63: folds 
gambitl1: raises $0.10 to $0.15
antonello081: calls $0.13
Herbert CNR: folds 
greyfox5310: calls $0.10
*** FLOP *** [2d 4s Ad]
antonello081: bets $0.24
greyfox5310: calls $0.24
gambitl1: folds 
*** TURN *** [2d 4s Ad] [Kh]
antonello081: checks 
greyfox5310: checks 
*** RIVER *** [2d 4s Ad Kh] [4h]
antonello081: checks 
greyfox5310: checks 
*** SHOW DOWN ***
antonello081: shows [Ac Jd] (two pair, Aces and Fours)
greyfox5310: mucks hand 
antonello081 collected $0.94 from pot
*** SUMMARY ***
Total pot $0.98 | Rake $0.04 
Board [2d 4s Ad Kh 4h]
Seat 2: Almanza63 folded before Flop (didn't bet)
Seat 3: gambitl1 (button) folded on the Flop
Seat 4: antonello081 (small blind) showed [Ac Jd] and won ($0.94) with two pair, Aces and Fours
Seat 5: Herbert CNR (big blind) folded before Flop
Seat 6: Dorex2007 folded before Flop (didn't bet)
Seat 7: carlos25252525 folded before Flop (didn't bet)
Seat 8: greyfox5310 mucked [5d Kd]
Seat 9: Gabriel Teofilo folded before Flop (didn't bet)



PokerStars Hand #237427349605:  Hold'em No Limit ($0.02/$0.05 USD) - 2022/07/17 19:00:47 PT [2022/07/17 22:00:47 ET]
Table 'Walraven IV' 9-max Seat #4 is the button
Seat 1: G-ROC_4-adam ($3.39 in chips) 
Seat 2: Almanza63 ($6.23 in chips) 
Seat 3: gambitl1 ($6.54 in chips) 
Seat 4: antonello081 ($5.39 in chips) 
Seat 5: Herbert CNR ($1.57 in chips) 
Seat 6: Dorex2007 ($5 in chips) 
Seat 7: carlos25252525 ($4.63 in chips) 
Seat 8: greyfox5310 ($3.89 in chips) 
Seat 9: Gabriel Teofilo ($5.29 in chips) 
Herbert CNR: posts small blind $0.02
Dorex2007: posts big blind $0.05
G-ROC_4-adam: posts small blind $0.02
*** HOLE CARDS ***
Dealt to Dorex2007 [6c 2c]
carlos25252525: folds 
greyfox5310: folds 
Gabriel Teofilo: raises $0.07 to $0.12
G-ROC_4-adam: folds 
Almanza63: folds 
gambitl1: folds 
antonello081: folds 
Herbert CNR: folds 
Dorex2007: folds 
Uncalled bet ($0.07) returned to Gabriel Teofilo
Gabriel Teofilo collected $0.14 from pot
*** SUMMARY ***
Total pot $0.14 | Rake $0 
Seat 1: G-ROC_4-adam folded before Flop (didn't bet)
Seat 2: Almanza63 folded before Flop (didn't bet)
Seat 3: gambitl1 folded before Flop (didn't bet)
Seat 4: antonello081 (button) folded before Flop (didn't bet)
Seat 5: Herbert CNR (small blind) folded before Flop
Seat 6: Dorex2007 (big blind) folded before Flop
Seat 7: carlos25252525 folded before Flop (didn't bet)
Seat 8: greyfox5310 folded before Flop (didn't bet)
Seat 9: Gabriel Teofilo collected ($0.14)



PokerStars Hand #237427354136:  Hold'em No Limit ($0.02/$0.05 USD) - 2022/07/17 19:01:14 PT [2022/07/17 22:01:14 ET]
Table 'Walraven IV' 9-max Seat #5 is the button
Seat 1: G-ROC_4-adam ($3.37 in chips) 
Seat 2: Almanza63 ($6.23 in chips) 
Seat 3: gambitl1 ($6.54 in chips) 
Seat 4: antonello081 ($5.39 in chips) 
Seat 5: Herbert CNR ($1.55 in chips) 
Seat 6: Dorex2007 ($5 in chips) 
Seat 7: carlos25252525 ($4.63 in chips) 
Seat 8: greyfox5310 ($3.89 in chips) 
Seat 9: Gabriel Teofilo ($5.38 in chips) 
Dorex2007: posts small blind $0.02
carlos25252525: posts big blind $0.05
*** HOLE CARDS ***
Dealt to Dorex2007 [4h 5h]
greyfox5310: folds 
Gabriel Teofilo: raises $0.07 to $0.12
G-ROC_4-adam: calls $0.12
Almanza63: folds 
gambitl1: folds 
antonello081: folds 
Herbert CNR: folds 
Dorex2007: folds 
carlos25252525: folds 
*** FLOP *** [Ad Qc Td]
Gabriel Teofilo: checks 
G-ROC_4-adam: checks 
*** TURN *** [Ad Qc Td] [Qd]
Gabriel Teofilo: bets $0.12
G-ROC_4-adam: calls $0.12
*** RIVER *** [Ad Qc Td Qd] [8h]
Gabriel Teofilo: checks 
G-ROC_4-adam: bets $0.53
Gabriel Teofilo: calls $0.53
*** SHOW DOWN ***
G-ROC_4-adam: shows [8c 8d] (a full house, Eights full of Queens)
Gabriel Teofilo: mucks hand 
G-ROC_4-adam collected $1.54 from pot
*** SUMMARY ***
Total pot $1.61 | Rake $0.07 
Board [Ad Qc Td Qd 8h]
Seat 1: G-ROC_4-adam showed [8c 8d] and won ($1.54) with a full house, Eights full of Queens
Seat 2: Almanza63 folded before Flop (didn't bet)
Seat 3: gambitl1 folded before Flop (didn't bet)
Seat 4: antonello081 folded before Flop (didn't bet)
Seat 5: Herbert CNR (button) folded before Flop (didn't bet)
Seat 6: Dorex2007 (small blind) folded before Flop
Seat 7: carlos25252525 (big blind) folded before Flop
Seat 8: greyfox5310 folded before Flop (didn't bet)
Seat 9: Gabriel Teofilo mucked [Jh Jd]



PokerStars Hand #237427366292:  Hold'em No Limit ($0.02/$0.05 USD) - 2022/07/17 19:02:20 PT [2022/07/17 22:02:20 ET]
Table 'Walraven IV' 9-max Seat #6 is the button
Seat 1: G-ROC_4-adam ($4.14 in chips) 
Seat 2: Almanza63 ($6.23 in chips) 
Seat 3: gambitl1 ($6.54 in chips) 
Seat 4: antonello081 ($5.39 in chips) 
Seat 5: Herbert CNR ($1.55 in chips) 
Seat 6: Dorex2007 ($5 in chips) 
Seat 7: carlos25252525 ($4.58 in chips) 
Seat 8: greyfox5310 ($3.89 in chips) 
Seat 9: Gabriel Teofilo ($5 in chips) 
carlos25252525: posts small blind $0.02
greyfox5310: posts big blind $0.05
*** HOLE CARDS ***
Dealt to Dorex2007 [2d 9c]
Gabriel Teofilo: raises $0.07 to $0.12
G-ROC_4-adam: folds 
Almanza63: folds 
gambitl1: folds 
gambitl1 leaves the table
antonello081: folds 
Herbert CNR: folds 
Dorex2007: folds 
carlos25252525: folds 
hamera_von1 joins the table at seat #3 
greyfox5310: calls $0.07
*** FLOP *** [4c 8d 5h]
greyfox5310: checks 
Gabriel Teofilo: bets $0.12
greyfox5310: calls $0.12
*** TURN *** [4c 8d 5h] [6h]
greyfox5310: checks 
Gabriel Teofilo: checks 
*** RIVER *** [4c 8d 5h 6h] [4h]
greyfox5310: checks 
Gabriel Teofilo: bets $0.54
greyfox5310: folds 
Uncalled bet ($0.54) returned to Gabriel Teofilo
Gabriel Teofilo collected $0.48 from pot
*** SUMMARY ***
Total pot $0.50 | Rake $0.02 
Board [4c 8d 5h 6h 4h]
Seat 1: G-ROC_4-adam folded before Flop (didn't bet)
Seat 2: Almanza63 folded before Flop (didn't bet)
Seat 3: gambitl1 folded before Flop (didn't bet)
Seat 4: antonello081 folded before Flop (didn't bet)
Seat 5: Herbert CNR folded before Flop (didn't bet)
Seat 6: Dorex2007 (button) folded before Flop (didn't bet)
Seat 7: carlos25252525 (small blind) folded before Flop
Seat 8: greyfox5310 (big blind) folded on the River
Seat 9: Gabriel Teofilo collected ($0.48)



PokerStars Hand #237427377344:  Hold'em No Limit ($0.02/$0.05 USD) - 2022/07/17 19:03:19 PT [2022/07/17 22:03:19 ET]
Table 'Walraven IV' 9-max Seat #7 is the button
Seat 1: G-ROC_4-adam ($4.14 in chips) 
Seat 2: Almanza63 ($6.23 in chips) 
Seat 4: antonello081 ($5.39 in chips) 
Seat 5: Herbert CNR ($1.55 in chips) 
Seat 6: Dorex2007 ($5 in chips) 
Seat 7: carlos25252525 ($4.56 in chips) 
Seat 8: greyfox5310 ($3.65 in chips) 
Seat 9: Gabriel Teofilo ($5.24 in chips) 
greyfox5310: posts small blind $0.02
Gabriel Teofilo: posts big blind $0.05
hamera_von1: sits out 
*** HOLE CARDS ***
Dealt to Dorex2007 [Td As]
G-ROC_4-adam: calls $0.05
Almanza63: folds 
antonello081: folds 
Herbert CNR: calls $0.05
Dorex2007: folds 
carlos25252525: folds 
greyfox5310: folds 
Gabriel Teofilo: checks 
*** FLOP *** [5c Qc Ks]
Gabriel Teofilo: checks 
G-ROC_4-adam: checks 
Herbert CNR: checks 
*** TURN *** [5c Qc Ks] [9h]
Gabriel Teofilo: checks 
G-ROC_4-adam: checks 
Herbert CNR: bets $0.10
Gabriel Teofilo: folds 
G-ROC_4-adam: calls $0.10
*** RIVER *** [5c Qc Ks 9h] [2h]
G-ROC_4-adam: checks 
Herbert CNR: bets $0.30
greyfox5310 leaves the table
G-ROC_4-adam: calls $0.30
*** SHOW DOWN ***
Herbert CNR: shows [Ac Qh] (a pair of Queens)
koringa m33 joins the table at seat #8 
G-ROC_4-adam: mucks hand 
Herbert CNR collected $0.93 from pot
*** SUMMARY ***
Total pot $0.97 | Rake $0.04 
Board [5c Qc Ks 9h 2h]
Seat 1: G-ROC_4-adam mucked [8c 8d]
Seat 2: Almanza63 folded before Flop (didn't bet)
Seat 4: antonello081 folded before Flop (didn't bet)
Seat 5: Herbert CNR showed [Ac Qh] and won ($0.93) with a pair of Queens
Seat 6: Dorex2007 folded before Flop (didn't bet)
Seat 7: carlos25252525 (button) folded before Flop (didn't bet)
Seat 8: greyfox5310 (small blind) folded before Flop
Seat 9: Gabriel Teofilo (big blind) folded on the Turn



PokerStars Hand #237427391286:  Hold'em No Limit ($0.02/$0.05 USD) - 2022/07/17 19:04:34 PT [2022/07/17 22:04:34 ET]
Table 'Walraven IV' 9-max Seat #9 is the button
Seat 1: G-ROC_4-adam ($3.69 in chips) 
Seat 2: Almanza63 ($6.23 in chips) 
Seat 3: hamera_von1 ($2 in chips) 
Seat 4: antonello081 ($5.39 in chips) 
Seat 5: Herbert CNR ($2.03 in chips) 
Seat 6: Dorex2007 ($5 in chips) 
Seat 7: carlos25252525 ($4.56 in chips) 
Seat 9: Gabriel Teofilo ($5.19 in chips) 
G-ROC_4-adam: posts small blind $0.02
Almanza63: posts big blind $0.05
hamera_von1: posts big blind $0.05
koringa m33: sits out 
*** HOLE CARDS ***
Dealt to Dorex2007 [3s 3h]
hamera_von1: checks 
antonello081: folds 
Herbert CNR: folds 
Dorex2007: folds 
carlos25252525: folds 
Gabriel Teofilo: folds 
G-ROC_4-adam: calls $0.03
Almanza63: checks 
*** FLOP *** [Ad Ts 3d]
G-ROC_4-adam: checks 
Almanza63: checks 
hamera_von1: checks 
*** TURN *** [Ad Ts 3d] [Qd]
G-ROC_4-adam: checks 
Almanza63: checks 
hamera_von1: bets $0.05
G-ROC_4-adam: calls $0.05
Almanza63: folds 
*** RIVER *** [Ad Ts 3d Qd] [6h]
G-ROC_4-adam: checks 
hamera_von1: checks 
*** SHOW DOWN ***
G-ROC_4-adam: shows [4c 4s] (a pair of Fours)
hamera_von1: mucks hand 
G-ROC_4-adam collected $0.24 from pot
*** SUMMARY ***
Total pot $0.25 | Rake $0.01 
Board [Ad Ts 3d Qd 6h]
Seat 1: G-ROC_4-adam (small blind) showed [4c 4s] and won ($0.24) with a pair of Fours
Seat 2: Almanza63 (big blind) folded on the Turn
Seat 3: hamera_von1 mucked [Ks 8d]
Seat 4: antonello081 folded before Flop (didn't bet)
Seat 5: Herbert CNR folded before Flop (didn't bet)
Seat 6: Dorex2007 folded before Flop (didn't bet)
Seat 7: carlos25252525 folded before Flop (didn't bet)
Seat 9: Gabriel Teofilo (button) folded before Flop (didn't bet)



PokerStars Hand #237427409986:  Hold'em No Limit ($0.02/$0.05 USD) - 2022/07/17 19:05:30 PT [2022/07/17 22:05:30 ET]
Table 'Walraven IV' 9-max Seat #1 is the button
Seat 1: G-ROC_4-adam ($3.83 in chips) 
Seat 2: Almanza63 ($6.18 in chips) 
Seat 3: hamera_von1 ($1.90 in chips) 
Seat 4: antonello081 ($5.39 in chips) 
Seat 5: Herbert CNR ($2.03 in chips) 
Seat 6: Dorex2007 ($5 in chips) 
Seat 7: carlos25252525 ($4.56 in chips) 
Seat 8: koringa m33 ($3.30 in chips) 
Seat 9: Gabriel Teofilo ($5.19 in chips) 
Almanza63: posts small blind $0.02
hamera_von1: posts big blind $0.05
koringa m33: posts big blind $0.05
*** HOLE CARDS ***
Dealt to Dorex2007 [Jd 8h]
antonello081: raises $0.10 to $0.15
Herbert CNR: folds 
Dorex2007: folds 
carlos25252525: folds 
koringa m33: calls $0.10
Gabriel Teofilo: folds 
G-ROC_4-adam: folds 
Almanza63: folds 
hamera_von1: folds 
*** FLOP *** [Ad 5h 7d]
antonello081: checks 
koringa m33: bets $0.17
antonello081: folds 
Uncalled bet ($0.17) returned to koringa m33
koringa m33 collected $0.35 from pot
*** SUMMARY ***
Total pot $0.37 | Rake $0.02 
Board [Ad 5h 7d]
Seat 1: G-ROC_4-adam (button) folded before Flop (didn't bet)
Seat 2: Almanza63 (small blind) folded before Flop
Seat 3: hamera_von1 (big blind) folded before Flop
Seat 4: antonello081 folded on the Flop
Seat 5: Herbert CNR folded before Flop (didn't bet)
Seat 6: Dorex2007 folded before Flop (didn't bet)
Seat 7: carlos25252525 folded before Flop (didn't bet)
Seat 8: koringa m33 collected ($0.35)
Seat 9: Gabriel Teofilo folded before Flop (didn't bet)



PokerStars Hand #237427414660:  Hold'em No Limit ($0.02/$0.05 USD) - 2022/07/17 19:05:55 PT [2022/07/17 22:05:55 ET]
Table 'Walraven IV' 9-max Seat #2 is the button
Seat 1: G-ROC_4-adam ($3.83 in chips) 
Seat 2: Almanza63 ($6.16 in chips) 
Seat 3: hamera_von1 ($1.85 in chips) 
Seat 4: antonello081 ($5.24 in chips) 
Seat 5: Herbert CNR ($2.03 in chips) 
Seat 6: Dorex2007 ($5 in chips) 
Seat 7: carlos25252525 ($4.56 in chips) 
Seat 8: koringa m33 ($3.50 in chips) 
Seat 9: Gabriel Teofilo ($5.19 in chips) 
hamera_von1: posts small blind $0.02
antonello081: posts big blind $0.05
*** HOLE CARDS ***
Dealt to Dorex2007 [6h Qd]
Herbert CNR has timed out
Herbert CNR: folds 
Dorex2007: folds 
carlos25252525: folds 
koringa m33: folds 
Gabriel Teofilo: folds 
G-ROC_4-adam: calls $0.05
Almanza63: folds 
hamera_von1: calls $0.03
antonello081: raises $0.10 to $0.15
G-ROC_4-adam: folds 
hamera_von1: calls $0.10
*** FLOP *** [4c Ah Qh]
hamera_von1: checks 
antonello081: bets $0.17
hamera_von1: calls $0.17
*** TURN *** [4c Ah Qh] [Jc]
hamera_von1: checks 
antonello081: checks 
*** RIVER *** [4c Ah Qh Jc] [7c]
hamera_von1: bets $0.66
antonello081: calls $0.66
*** SHOW DOWN ***
hamera_von1: shows [5h Ad] (a pair of Aces)
antonello081: mucks hand 
hamera_von1 collected $1.93 from pot
*** SUMMARY ***
Total pot $2.01 | Rake $0.08 
Board [4c Ah Qh Jc 7c]
Seat 1: G-ROC_4-adam folded before Flop
Seat 2: Almanza63 (button) folded before Flop (didn't bet)
Seat 3: hamera_von1 (small blind) showed [5h Ad] and won ($1.93) with a pair of Aces
Seat 4: antonello081 (big blind) mucked [Qc Kh]
Seat 5: Herbert CNR folded before Flop (didn't bet)
Seat 6: Dorex2007 folded before Flop (didn't bet)
Seat 7: carlos25252525 folded before Flop (didn't bet)
Seat 8: koringa m33 folded before Flop (didn't bet)
Seat 9: Gabriel Teofilo folded before Flop (didn't bet)



PokerStars Hand #237427423900:  Hold'em No Limit ($0.02/$0.05 USD) - 2022/07/17 19:06:45 PT [2022/07/17 22:06:45 ET]
Table 'Walraven IV' 9-max Seat #3 is the button
Seat 1: G-ROC_4-adam ($3.78 in chips) 
Seat 2: Almanza63 ($6.16 in chips) 
Seat 3: hamera_von1 ($2.80 in chips) 
Seat 4: antonello081 ($4.26 in chips) 
Seat 5: Herbert CNR ($2.03 in chips) 
Seat 6: Dorex2007 ($5 in chips) 
Seat 7: carlos25252525 ($4.56 in chips) 
Seat 8: koringa m33 ($3.50 in chips) 
Seat 9: Gabriel Teofilo ($5.19 in chips) 
antonello081: posts small blind $0.02
Herbert CNR: posts big blind $0.05
*** HOLE CARDS ***
Dealt to Dorex2007 [8c 7h]
Dorex2007: folds 
carlos25252525: folds 
koringa m33: folds 
Gabriel Teofilo: folds 
G-ROC_4-adam: folds 
Almanza63: folds 
hamera_von1: folds 
antonello081: calls $0.03
Herbert CNR: checks 
*** FLOP *** [Qh Qd Js]
antonello081: checks 
Herbert CNR: checks 
*** TURN *** [Qh Qd Js] [8d]
antonello081: checks 
Herbert CNR: bets $0.10
antonello081: folds 
Uncalled bet ($0.10) returned to Herbert CNR
Herbert CNR collected $0.10 from pot
*** SUMMARY ***
Total pot $0.10 | Rake $0 
Board [Qh Qd Js 8d]
Seat 1: G-ROC_4-adam folded before Flop (didn't bet)
Seat 2: Almanza63 folded before Flop (didn't bet)
Seat 3: hamera_von1 (button) folded before Flop (didn't bet)
Seat 4: antonello081 (small blind) folded on the Turn
Seat 5: Herbert CNR (big blind) collected ($0.10)
Seat 6: Dorex2007 folded before Flop (didn't bet)
Seat 7: carlos25252525 folded before Flop (didn't bet)
Seat 8: koringa m33 folded before Flop (didn't bet)
Seat 9: Gabriel Teofilo folded before Flop (didn't bet)



PokerStars Hand #237427433194:  Hold'em No Limit ($0.02/$0.05 USD) - 2022/07/17 19:07:36 PT [2022/07/17 22:07:36 ET]
Table 'Walraven IV' 9-max Seat #4 is the button
Seat 1: G-ROC_4-adam ($3.78 in chips) 
Seat 2: Almanza63 ($6.16 in chips) 
Seat 3: hamera_von1 ($2.80 in chips) 
Seat 4: antonello081 ($4.21 in chips) 
Seat 5: Herbert CNR ($2.08 in chips) 
Seat 6: Dorex2007 ($5 in chips) 
Seat 7: carlos25252525 ($4.56 in chips) 
Seat 8: koringa m33 ($3.50 in chips) 
Seat 9: Gabriel Teofilo ($5.19 in chips) 
Herbert CNR: posts small blind $0.02
Dorex2007: posts big blind $0.05
*** HOLE CARDS ***
Dealt to Dorex2007 [6s Qc]
carlos25252525: folds 
koringa m33: raises $0.10 to $0.15
Gabriel Teofilo: folds 
G-ROC_4-adam: folds 
Almanza63: folds 
hamera_von1: folds 
antonello081: folds 
Herbert CNR: calls $0.13
Dorex2007: folds 
*** FLOP *** [4d Ah 8d]
Herbert CNR: bets $0.05
koringa m33: raises $0.22 to $0.27
Herbert CNR: calls $0.22
*** TURN *** [4d Ah 8d] [8s]
Herbert CNR: bets $0.20
koringa m33: calls $0.20
*** RIVER *** [4d Ah 8d 8s] [4h]
Herbert CNR: bets $1.46 and is all-in
koringa m33: calls $1.46
*** SHOW DOWN ***
Herbert CNR: shows [Ad 4c] (a full house, Fours full of Aces)
koringa m33: shows [Ac 5h] (two pair, Aces and Eights)
Herbert CNR collected $4.04 from pot
*** SUMMARY ***
Total pot $4.21 | Rake $0.17 
Board [4d Ah 8d 8s 4h]
Seat 1: G-ROC_4-adam folded before Flop (didn't bet)
Seat 2: Almanza63 folded before Flop (didn't bet)
Seat 3: hamera_von1 folded before Flop (didn't bet)
Seat 4: antonello081 (button) folded before Flop (didn't bet)
Seat 5: Herbert CNR (small blind) showed [Ad 4c] and won ($4.04) with a full house, Fours full of Aces
Seat 6: Dorex2007 (big blind) folded before Flop
Seat 7: carlos25252525 folded before Flop (didn't bet)
Seat 8: koringa m33 showed [Ac 5h] and lost with two pair, Aces and Eights
Seat 9: Gabriel Teofilo folded before Flop (didn't bet)



PokerStars Hand #237427447049:  Hold'em No Limit ($0.02/$0.05 USD) - 2022/07/17 19:08:51 PT [2022/07/17 22:08:51 ET]
Table 'Walraven IV' 9-max Seat #5 is the button
Seat 1: G-ROC_4-adam ($3.78 in chips) 
Seat 2: Almanza63 ($6.16 in chips) 
Seat 3: hamera_von1 ($2.80 in chips) 
Seat 4: antonello081 ($4.21 in chips) 
Seat 5: Herbert CNR ($4.04 in chips) 
Seat 6: Dorex2007 ($5 in chips) 
Seat 7: carlos25252525 ($4.56 in chips) 
Seat 8: koringa m33 ($1.42 in chips) 
Seat 9: Gabriel Teofilo ($5.19 in chips) 
Dorex2007: posts small blind $0.02
carlos25252525: posts big blind $0.05
*** HOLE CARDS ***
Dealt to Dorex2007 [4d 8s]
koringa m33: raises $1.37 to $1.42 and is all-in
Gabriel Teofilo: folds 
G-ROC_4-adam: folds 
Almanza63: folds 
hamera_von1: calls $1.42
antonello081: folds 
Herbert CNR: folds 
Dorex2007: folds 
carlos25252525: folds 
*** FLOP *** [6s Ac 6c]
*** TURN *** [6s Ac 6c] [9h]
*** RIVER *** [6s Ac 6c 9h] [7c]
*** SHOW DOWN ***
koringa m33: shows [7s 7h] (a full house, Sevens full of Sixes)
hamera_von1: shows [Kc Ah] (two pair, Aces and Sixes)
koringa m33 collected $2.79 from pot
*** SUMMARY ***
Total pot $2.91 | Rake $0.12 
Board [6s Ac 6c 9h 7c]
Seat 1: G-ROC_4-adam folded before Flop (didn't bet)
Seat 2: Almanza63 folded before Flop (didn't bet)
Seat 3: hamera_von1 showed [Kc Ah] and lost with two pair, Aces and Sixes
Seat 4: antonello081 folded before Flop (didn't bet)
Seat 5: Herbert CNR (button) folded before Flop (didn't bet)
Seat 6: Dorex2007 (small blind) folded before Flop
Seat 7: carlos25252525 (big blind) folded before Flop
Seat 8: koringa m33 showed [7s 7h] and won ($2.79) with a full house, Sevens full of Sixes
Seat 9: Gabriel Teofilo folded before Flop (didn't bet)



PokerStars Hand #237427455289:  Hold'em No Limit ($0.02/$0.05 USD) - 2022/07/17 19:09:36 PT [2022/07/17 22:09:36 ET]
Table 'Walraven IV' 9-max Seat #6 is the button
Seat 1: G-ROC_4-adam ($3.78 in chips) 
Seat 2: Almanza63 ($6.16 in chips) 
Seat 3: hamera_von1 ($1.38 in chips) 
Seat 4: antonello081 ($4.21 in chips) 
Seat 5: Herbert CNR ($4.04 in chips) 
Seat 6: Dorex2007 ($5 in chips) 
Seat 7: carlos25252525 ($4.51 in chips) 
Seat 8: koringa m33 ($2.79 in chips) 
Seat 9: Gabriel Teofilo ($5.19 in chips) 
carlos25252525: posts small blind $0.02
koringa m33: posts big blind $0.05
*** HOLE CARDS ***
Dealt to Dorex2007 [Jh Kh]
Gabriel Teofilo: folds 
G-ROC_4-adam: folds 
Almanza63: folds 
hamera_von1: raises $0.05 to $0.10
antonello081: folds 
Herbert CNR: calls $0.10
Dorex2007: calls $0.10
carlos25252525: folds 
koringa m33: calls $0.05
*** FLOP *** [2d Td Ad]
koringa m33: checks 
hamera_von1: bets $0.15
Herbert CNR: folds 
Dorex2007: folds 
koringa m33: calls $0.15
*** TURN *** [2d Td Ad] [6h]
koringa m33: checks 
hamera_von1: bets $0.69
koringa m33: folds 
Uncalled bet ($0.69) returned to hamera_von1
hamera_von1 collected $0.69 from pot
*** SUMMARY ***
Total pot $0.72 | Rake $0.03 
Board [2d Td Ad 6h]
Seat 1: G-ROC_4-adam folded before Flop (didn't bet)
Seat 2: Almanza63 folded before Flop (didn't bet)
Seat 3: hamera_von1 collected ($0.69)
Seat 4: antonello081 folded before Flop (didn't bet)
Seat 5: Herbert CNR folded on the Flop
Seat 6: Dorex2007 (button) folded on the Flop
Seat 7: carlos25252525 (small blind) folded before Flop
Seat 8: koringa m33 (big blind) folded on the Turn
Seat 9: Gabriel Teofilo folded before Flop (didn't bet)



PokerStars Hand #237427462887:  Hold'em No Limit ($0.02/$0.05 USD) - 2022/07/17 19:10:17 PT [2022/07/17 22:10:17 ET]
Table 'Walraven IV' 9-max Seat #7 is the button
Seat 1: G-ROC_4-adam ($3.78 in chips) 
Seat 2: Almanza63 ($6.16 in chips) 
Seat 3: hamera_von1 ($1.82 in chips) 
Seat 4: antonello081 ($4.21 in chips) 
Seat 5: Herbert CNR ($3.94 in chips) 
Seat 6: Dorex2007 ($5 in chips) 
Seat 7: carlos25252525 ($4.49 in chips) 
Seat 8: koringa m33 ($2.54 in chips) 
Seat 9: Gabriel Teofilo ($5.19 in chips) 
koringa m33: posts small blind $0.02
Gabriel Teofilo: posts big blind $0.05
*** HOLE CARDS ***
Dealt to Dorex2007 [9s Ad]
G-ROC_4-adam: folds 
Almanza63: folds 
hamera_von1: folds 
antonello081: folds 
Herbert CNR: folds 
Dorex2007: folds 
carlos25252525: folds 
koringa m33: raises $2.49 to $2.54 and is all-in
Gabriel Teofilo: folds 
Uncalled bet ($2.49) returned to koringa m33
koringa m33 collected $0.10 from pot
*** SUMMARY ***
Total pot $0.10 | Rake $0 
Seat 1: G-ROC_4-adam folded before Flop (didn't bet)
Seat 2: Almanza63 folded before Flop (didn't bet)
Seat 3: hamera_von1 folded before Flop (didn't bet)
Seat 4: antonello081 folded before Flop (didn't bet)
Seat 5: Herbert CNR folded before Flop (didn't bet)
Seat 6: Dorex2007 folded before Flop (didn't bet)
Seat 7: carlos25252525 (button) folded before Flop (didn't bet)
Seat 8: koringa m33 (small blind) collected ($0.10)
Seat 9: Gabriel Teofilo (big blind) folded before Flop



PokerStars Hand #237427467212:  Hold'em No Limit ($0.02/$0.05 USD) - 2022/07/17 19:10:41 PT [2022/07/17 22:10:41 ET]
Table 'Walraven IV' 9-max Seat #8 is the button
Seat 1: G-ROC_4-adam ($3.78 in chips) 
Seat 2: Almanza63 ($6.16 in chips) 
Seat 3: hamera_von1 ($1.82 in chips) 
Seat 4: antonello081 ($4.21 in chips) 
Seat 5: Herbert CNR ($3.94 in chips) 
Seat 6: Dorex2007 ($5 in chips) 
Seat 7: carlos25252525 ($4.49 in chips) 
Seat 8: koringa m33 ($2.59 in chips) 
Seat 9: Gabriel Teofilo ($5.14 in chips) 
Gabriel Teofilo: posts small blind $0.02
G-ROC_4-adam: posts big blind $0.05
*** HOLE CARDS ***
Dealt to Dorex2007 [9d Qd]
Almanza63: folds 
hamera_von1: folds 
antonello081: raises $0.05 to $0.10
Herbert CNR: folds 
Dorex2007: folds 
carlos25252525: folds 
koringa m33: raises $0.05 to $0.15
Gabriel Teofilo: folds 
G-ROC_4-adam: folds 
antonello081: calls $0.05
*** FLOP *** [Ac 3d 7h]
antonello081: checks 
koringa m33: bets $0.17
antonello081: raises $0.17 to $0.34
koringa m33: folds 
Uncalled bet ($0.17) returned to antonello081
antonello081 collected $0.68 from pot
*** SUMMARY ***
Total pot $0.71 | Rake $0.03 
Board [Ac 3d 7h]
Seat 1: G-ROC_4-adam (big blind) folded before Flop
Seat 2: Almanza63 folded before Flop (didn't bet)
Seat 3: hamera_von1 folded before Flop (didn't bet)
Seat 4: antonello081 collected ($0.68)
Seat 5: Herbert CNR folded before Flop (didn't bet)
Seat 6: Dorex2007 folded before Flop (didn't bet)
Seat 7: carlos25252525 folded before Flop (didn't bet)
Seat 8: koringa m33 (button) folded on the Flop
Seat 9: Gabriel Teofilo (small blind) folded before Flop



PokerStars Hand #237427480926:  Hold'em No Limit ($0.02/$0.05 USD) - 2022/07/17 19:11:36 PT [2022/07/17 22:11:36 ET]
Table 'Walraven IV' 9-max Seat #9 is the button
Seat 1: G-ROC_4-adam ($3.73 in chips) 
Seat 2: Almanza63 ($6.16 in chips) 
Seat 3: hamera_von1 ($1.82 in chips) 
Seat 4: antonello081 ($4.57 in chips) 
Seat 5: Herbert CNR ($3.94 in chips) 
Seat 6: Dorex2007 ($5 in chips) 
Seat 7: carlos25252525 ($4.49 in chips) 
Seat 8: koringa m33 ($2.27 in chips) 
Seat 9: Gabriel Teofilo ($5.12 in chips) 
G-ROC_4-adam: posts small blind $0.02
Almanza63: posts big blind $0.05
*** HOLE CARDS ***
Dealt to Dorex2007 [Jh Ad]
hamera_von1: folds 
antonello081: raises $0.05 to $0.10
Herbert CNR: folds 
Dorex2007: folds 
carlos25252525: folds 
koringa m33: raises $2.17 to $2.27 and is all-in
Gabriel Teofilo: folds 
G-ROC_4-adam: folds 
Almanza63: folds 
antonello081: calls $2.17
*** FLOP *** [5s 4s 4c]
*** TURN *** [5s 4s 4c] [Td]
*** RIVER *** [5s 4s 4c Td] [3h]
*** SHOW DOWN ***
antonello081: shows [Ac Ah] (two pair, Aces and Fours)
koringa m33: shows [9c Qs] (a pair of Fours)
antonello081 cashed out the hand for $3.73 | Cash Out Fee $0.04
*** SUMMARY ***
Total pot $4.61 | Rake $0.19 
Board [5s 4s 4c Td 3h]
Seat 1: G-ROC_4-adam (small blind) folded before Flop
Seat 2: Almanza63 (big blind) folded before Flop
Seat 3: hamera_von1 folded before Flop (didn't bet)
Seat 4: antonello081 showed [Ac Ah] and won ($4.42) with two pair, Aces and Fours (pot not awarded as player cashed out)
Seat 5: Herbert CNR folded before Flop (didn't bet)
Seat 6: Dorex2007 folded before Flop (didn't bet)
Seat 7: carlos25252525 folded before Flop (didn't bet)
Seat 8: koringa m33 showed [9c Qs] and lost with a pair of Fours
Seat 9: Gabriel Teofilo (button) folded before Flop (didn't bet)



PokerStars Hand #237427487396:  Hold'em No Limit ($0.02/$0.05 USD) - 2022/07/17 19:12:11 PT [2022/07/17 22:12:11 ET]
Table 'Walraven IV' 9-max Seat #1 is the button
Seat 1: G-ROC_4-adam ($3.71 in chips) 
Seat 2: Almanza63 ($6.11 in chips) 
Seat 3: hamera_von1 ($1.82 in chips) 
Seat 4: antonello081 ($6.03 in chips) 
Seat 5: Herbert CNR ($3.94 in chips) 
Seat 6: Dorex2007 ($5 in chips) 
Seat 7: carlos25252525 ($4.49 in chips) 
Seat 9: Gabriel Teofilo ($5.12 in chips) 
Almanza63: posts small blind $0.02
hamera_von1: posts big blind $0.05
*** HOLE CARDS ***
Dealt to Dorex2007 [6d 9s]
antonello081: folds 
Herbert CNR: calls $0.05
Dorex2007: folds 
carlos25252525: raises $0.10 to $0.15
Gabriel Teofilo: calls $0.15
G-ROC_4-adam: folds 
Almanza63: folds 
hamera_von1: calls $0.10
Herbert CNR: raises $0.15 to $0.30
carlos25252525: calls $0.15
Gabriel Teofilo: calls $0.15
hamera_von1: raises $1.52 to $1.82 and is all-in
Herbert CNR: raises $2.12 to $3.94 and is all-in
carlos25252525: folds 
Gabriel Teofilo: folds 
Uncalled bet ($2.12) returned to Herbert CNR
*** FLOP *** [5h Ac 4s]
*** TURN *** [5h Ac 4s] [Jh]
*** RIVER *** [5h Ac 4s Jh] [7c]
*** SHOW DOWN ***
hamera_von1: shows [Kc Qs] (high card Ace)
Herbert CNR: shows [Ah Ad] (three of a kind, Aces)
Herbert CNR collected $4.08 from pot
*** SUMMARY ***
Total pot $4.26 | Rake $0.18 
Board [5h Ac 4s Jh 7c]
Seat 1: G-ROC_4-adam (button) folded before Flop (didn't bet)
Seat 2: Almanza63 (small blind) folded before Flop
Seat 3: hamera_von1 (big blind) showed [Kc Qs] and lost with high card Ace
Seat 4: antonello081 folded before Flop (didn't bet)
Seat 5: Herbert CNR showed [Ah Ad] and won ($4.08) with three of a kind, Aces
Seat 6: Dorex2007 folded before Flop (didn't bet)
Seat 7: carlos25252525 folded before Flop
Seat 9: Gabriel Teofilo folded before Flop



PokerStars Hand #237427498980:  Hold'em No Limit ($0.02/$0.05 USD) - 2022/07/17 19:13:14 PT [2022/07/17 22:13:14 ET]
Table 'Walraven IV' 9-max Seat #2 is the button
Seat 1: G-ROC_4-adam ($3.71 in chips) 
Seat 2: Almanza63 ($6.09 in chips) 
Seat 4: antonello081 ($6.03 in chips) 
Seat 5: Herbert CNR ($6.20 in chips) 
Seat 6: Dorex2007 ($5 in chips) 
Seat 7: carlos25252525 ($4.19 in chips) 
Seat 9: Gabriel Teofilo ($5 in chips) 
antonello081: posts small blind $0.02
Herbert CNR: posts big blind $0.05
*** HOLE CARDS ***
Dealt to Dorex2007 [3c 4h]
Dorex2007: folds 
carlos25252525: folds 
Gabriel Teofilo: folds 
G-ROC_4-adam: folds 
koringa m33 leaves the table
Almanza63: raises $0.15 to $0.20
antonello081: calls $0.18
Herbert CNR: folds 
*** FLOP *** [5h Ad As]
antonello081: checks 
Almanza63: bets $0.21
antonello081: folds 
Uncalled bet ($0.21) returned to Almanza63
Almanza63 collected $0.43 from pot
*** SUMMARY ***
Total pot $0.45 | Rake $0.02 
Board [5h Ad As]
Seat 1: G-ROC_4-adam folded before Flop (didn't bet)
Seat 2: Almanza63 (button) collected ($0.43)
Seat 4: antonello081 (small blind) folded on the Flop
Seat 5: Herbert CNR (big blind) folded before Flop
Seat 6: Dorex2007 folded before Flop (didn't bet)
Seat 7: carlos25252525 folded before Flop (didn't bet)
Seat 9: Gabriel Teofilo folded before Flop (didn't bet)



PokerStars Hand #237427508700:  Hold'em No Limit ($0.02/$0.05 USD) - 2022/07/17 19:14:08 PT [2022/07/17 22:14:08 ET]
Table 'Walraven IV' 9-max Seat #4 is the button
Seat 1: G-ROC_4-adam ($3.71 in chips) 
Seat 2: Almanza63 ($6.32 in chips) 
Seat 3: hamera_von1 ($2 in chips) 
Seat 4: antonello081 ($5.83 in chips) 
Seat 5: Herbert CNR ($6.15 in chips) 
Seat 6: Dorex2007 ($5 in chips) 
Seat 7: carlos25252525 ($4.19 in chips) 
Seat 9: Gabriel Teofilo ($5 in chips) 
Herbert CNR: posts small blind $0.02
Dorex2007: posts big blind $0.05
hamera_von1: posts small blind $0.02
*** HOLE CARDS ***
Dealt to Dorex2007 [Kd 6h]
carlos25252525: folds 
Gabriel Teofilo: raises $0.07 to $0.12
G-ROC_4-adam: folds 
Almanza63: calls $0.12
hamera_von1: folds 
antonello081: folds 
Herbert CNR: calls $0.10
Dorex2007: folds 
*** FLOP *** [9d 2h 5s]
Herbert CNR: checks 
Gabriel Teofilo: bets $0.14
Almanza63: calls $0.14
Herbert CNR: folds 
*** TURN *** [9d 2h 5s] [Td]
Gabriel Teofilo: bets $0.24
Almanza63: calls $0.24
*** RIVER *** [9d 2h 5s Td] [2d]
Gabriel Teofilo: bets $0.92
Almanza63: folds 
Uncalled bet ($0.92) returned to Gabriel Teofilo
Gabriel Teofilo collected $1.14 from pot
*** SUMMARY ***
Total pot $1.19 | Rake $0.05 
Board [9d 2h 5s Td 2d]
Seat 1: G-ROC_4-adam folded before Flop (didn't bet)
Seat 2: Almanza63 folded on the River
Seat 3: hamera_von1 folded before Flop (didn't bet)
Seat 4: antonello081 (button) folded before Flop (didn't bet)
Seat 5: Herbert CNR (small blind) folded on the Flop
Seat 6: Dorex2007 (big blind) folded before Flop
Seat 7: carlos25252525 folded before Flop (didn't bet)
Seat 9: Gabriel Teofilo collected ($1.14)



PokerStars Hand #237427519196:  Hold'em No Limit ($0.02/$0.05 USD) - 2022/07/17 19:15:05 PT [2022/07/17 22:15:05 ET]
Table 'Walraven IV' 9-max Seat #5 is the button
Seat 1: G-ROC_4-adam ($3.71 in chips) 
Seat 2: Almanza63 ($5.82 in chips) 
Seat 3: hamera_von1 ($1.98 in chips) 
Seat 4: antonello081 ($5.83 in chips) 
Seat 5: Herbert CNR ($6.03 in chips) 
Seat 6: Dorex2007 ($5 in chips) 
Seat 7: carlos25252525 ($4.19 in chips) 
Seat 9: Gabriel Teofilo ($5.64 in chips) 
Dorex2007: posts small blind $0.02
carlos25252525: posts big blind $0.05
*** HOLE CARDS ***
Dealt to Dorex2007 [4d Ts]
Gabriel Teofilo: folds 
G-ROC_4-adam: folds 
Almanza63: folds 
hamera_von1: raises $0.05 to $0.10
antonello081: folds 
Herbert CNR: folds 
Dorex2007: folds 
carlos25252525: folds 
Uncalled bet ($0.05) returned to hamera_von1
hamera_von1 collected $0.12 from pot
*** SUMMARY ***
Total pot $0.12 | Rake $0 
Seat 1: G-ROC_4-adam folded before Flop (didn't bet)
Seat 2: Almanza63 folded before Flop (didn't bet)
Seat 3: hamera_von1 collected ($0.12)
Seat 4: antonello081 folded before Flop (didn't bet)
Seat 5: Herbert CNR (button) folded before Flop (didn't bet)
Seat 6: Dorex2007 (small blind) folded before Flop
Seat 7: carlos25252525 (big blind) folded before Flop
Seat 9: Gabriel Teofilo folded before Flop (didn't bet)



PokerStars Hand #237427521867:  Hold'em No Limit ($0.02/$0.05 USD) - 2022/07/17 19:15:20 PT [2022/07/17 22:15:20 ET]
Table 'Walraven IV' 9-max Seat #6 is the button
Seat 1: G-ROC_4-adam ($3.71 in chips) 
Seat 2: Almanza63 ($5.82 in chips) 
Seat 3: hamera_von1 ($2.05 in chips) 
Seat 4: antonello081 ($5.83 in chips) 
Seat 5: Herbert CNR ($6.03 in chips) 
Seat 6: Dorex2007 ($5 in chips) 
Seat 7: carlos25252525 ($4.14 in chips) 
Seat 9: Gabriel Teofilo ($5.64 in chips) 
carlos25252525: posts small blind $0.02
Gabriel Teofilo: posts big blind $0.05
*** HOLE CARDS ***
Dealt to Dorex2007 [Tc Jh]
G-ROC_4-adam: calls $0.05
Almanza63: raises $0.15 to $0.20
hamera_von1: folds 
antonello081: folds 
Herbert CNR: folds 
Dorex2007: folds 
carlos25252525: calls $0.18
Gabriel Teofilo: folds 
G-ROC_4-adam: folds 
*** FLOP *** [Kc 3d 3s]
carlos25252525: bets $0.24
Almanza63: calls $0.24
*** TURN *** [Kc 3d 3s] [9d]
carlos25252525: bets $0.47
Almanza63: calls $0.47
*** RIVER *** [Kc 3d 3s 9d] [3h]
carlos25252525: bets $1
Herbert CNR leaves the table
Almanza63: raises $1.92 to $2.92
carlos25252525: calls $1.92
*** SHOW DOWN ***
Almanza63: shows [9h 9c] (a full house, Nines full of Threes)
carlos25252525: mucks hand 
Almanza63 collected $7.44 from pot
*** SUMMARY ***
Total pot $7.76 | Rake $0.32 
Board [Kc 3d 3s 9d 3h]
Seat 1: G-ROC_4-adam folded before Flop
Seat 2: Almanza63 showed [9h 9c] and won ($7.44) with a full house, Nines full of Threes
Seat 3: hamera_von1 folded before Flop (didn't bet)
Seat 4: antonello081 folded before Flop (didn't bet)
Seat 5: Herbert CNR folded before Flop (didn't bet)
Seat 6: Dorex2007 (button) folded before Flop (didn't bet)
Seat 7: carlos25252525 (small blind) mucked [Qs Kh]
Seat 9: Gabriel Teofilo (big blind) folded before Flop



PokerStars Hand #237427533591:  Hold'em No Limit ($0.02/$0.05 USD) - 2022/07/17 19:16:25 PT [2022/07/17 22:16:25 ET]
Table 'Walraven IV' 9-max Seat #7 is the button
Seat 1: G-ROC_4-adam ($3.66 in chips) 
Seat 2: Almanza63 ($9.43 in chips) 
Seat 3: hamera_von1 ($2.05 in chips) 
Seat 6: Dorex2007 ($5 in chips) 
Seat 7: carlos25252525 ($0.31 in chips) 
Seat 9: Gabriel Teofilo ($5.59 in chips) 
Gabriel Teofilo: posts small blind $0.02
G-ROC_4-adam: posts big blind $0.05
*** HOLE CARDS ***
Dealt to Dorex2007 [9c 3c]
Almanza63: folds 
hamera_von1: folds 
Dorex2007: folds 
carlos25252525 has timed out
carlos25252525: folds 
Gabriel Teofilo: raises $0.09 to $0.14
G-ROC_4-adam: folds 
Uncalled bet ($0.09) returned to Gabriel Teofilo
Gabriel Teofilo collected $0.10 from pot
*** SUMMARY ***
Total pot $0.10 | Rake $0 
Seat 1: G-ROC_4-adam (big blind) folded before Flop
Seat 2: Almanza63 folded before Flop (didn't bet)
Seat 3: hamera_von1 folded before Flop (didn't bet)
Seat 6: Dorex2007 folded before Flop (didn't bet)
Seat 7: carlos25252525 (button) folded before Flop (didn't bet)
Seat 9: Gabriel Teofilo (small blind) collected ($0.10)



PokerStars Hand #237427537391:  Hold'em No Limit ($0.02/$0.05 USD) - 2022/07/17 19:16:45 PT [2022/07/17 22:16:45 ET]
Table 'Walraven IV' 9-max Seat #9 is the button
Seat 1: G-ROC_4-adam ($3.61 in chips) 
Seat 2: Almanza63 ($9.43 in chips) 
Seat 3: hamera_von1 ($2.05 in chips) 
Seat 6: Dorex2007 ($5 in chips) 
Seat 9: Gabriel Teofilo ($5.64 in chips) 
G-ROC_4-adam: posts small blind $0.02
Almanza63: posts big blind $0.05
*** HOLE CARDS ***
Dealt to Dorex2007 [6h 5d]
hamera_von1: folds 
Dorex2007: folds 
Gabriel Teofilo: folds 
G-ROC_4-adam: raises $0.10 to $0.15
Almanza63: folds 
Uncalled bet ($0.10) returned to G-ROC_4-adam
G-ROC_4-adam collected $0.10 from pot
*** SUMMARY ***
Total pot $0.10 | Rake $0 
Seat 1: G-ROC_4-adam (small blind) collected ($0.10)
Seat 2: Almanza63 (big blind) folded before Flop
Seat 3: hamera_von1 folded before Flop (didn't bet)
Seat 6: Dorex2007 folded before Flop (didn't bet)
Seat 9: Gabriel Teofilo (button) folded before Flop (didn't bet)



PokerStars Hand #237427540983:  Hold'em No Limit ($0.02/$0.05 USD) - 2022/07/17 19:17:06 PT [2022/07/17 22:17:06 ET]
Table 'Walraven IV' 9-max Seat #1 is the button
Seat 1: G-ROC_4-adam ($3.66 in chips) 
Seat 2: Almanza63 ($9.38 in chips) 
Seat 3: hamera_von1 ($2.05 in chips) 
Seat 6: Dorex2007 ($5 in chips) 
Seat 7: carlos25252525 ($0.31 in chips) 
Seat 9: Gabriel Teofilo ($5.64 in chips) 
Almanza63: posts small blind $0.02
hamera_von1: posts big blind $0.05
*** HOLE CARDS ***
Dealt to Dorex2007 [6h 5c]
Dorex2007: folds 
carlos25252525: raises $0.10 to $0.15
Gabriel Teofilo: raises $0.37 to $0.52
G-ROC_4-adam: folds 
Almanza63: folds 
hamera_von1: calls $0.47
carlos25252525: calls $0.16 and is all-in
*** FLOP *** [Ac 8d Td]
hamera_von1: checks 
Gabriel Teofilo: bets $0.26
hamera_von1: calls $0.26
*** TURN *** [Ac 8d Td] [9s]
antonello081 is disconnected 
hamera_von1: bets $1.27 and is all-in
Gabriel Teofilo: calls $1.27
*** RIVER *** [Ac 8d Td 9s] [4c]
*** SHOW DOWN ***
hamera_von1: shows [Qh Jd] (a straight, Eight to Queen)
Gabriel Teofilo: shows [Ad Kc] (a pair of Aces)
hamera_von1 collected $3.34 from side pot
carlos25252525: shows [Js Ah] (a pair of Aces)
hamera_von1 collected $0.91 from main pot
carlos25252525 cashed out the hand for $0.03
*** SUMMARY ***
Total pot $4.43 Main pot $0.91. Side pot $3.34. | Rake $0.18 
Board [Ac 8d Td 9s 4c]
Seat 1: G-ROC_4-adam (button) folded before Flop (didn't bet)
Seat 2: Almanza63 (small blind) folded before Flop
Seat 3: hamera_von1 (big blind) showed [Qh Jd] and won ($4.25) with a straight, Eight to Queen
Seat 6: Dorex2007 folded before Flop (didn't bet)
Seat 7: carlos25252525 showed [Js Ah] and lost with a pair of Aces (cashed out).
Seat 9: Gabriel Teofilo showed [Ad Kc] and lost with a pair of Aces



PokerStars Hand #237427550727:  Hold'em No Limit ($0.02/$0.05 USD) - 2022/07/17 19:18:00 PT [2022/07/17 22:18:00 ET]
Table 'Walraven IV' 9-max Seat #2 is the button
Seat 1: G-ROC_4-adam ($3.66 in chips) 
Seat 2: Almanza63 ($9.36 in chips) 
Seat 3: hamera_von1 ($4.25 in chips) 
Seat 6: Dorex2007 ($5 in chips) 
Seat 9: Gabriel Teofilo ($5 in chips) 
hamera_von1: posts small blind $0.02
Dorex2007: posts big blind $0.05
*** HOLE CARDS ***
Dealt to Dorex2007 [Jd 3h]
Gabriel Teofilo: folds 
Gabriel Teofilo leaves the table
G-ROC_4-adam has timed out
G-ROC_4-adam: folds 
carlos25252525 leaves the table
Almanza63: raises $0.10 to $0.15
hamera_von1: folds 
Dorex2007: folds 
Uncalled bet ($0.10) returned to Almanza63
hamera_von1 leaves the table
Almanza63 collected $0.12 from pot
*** SUMMARY ***
Total pot $0.12 | Rake $0 
Seat 1: G-ROC_4-adam folded before Flop (didn't bet)
Seat 2: Almanza63 (button) collected ($0.12)
Seat 3: hamera_von1 (small blind) folded before Flop
Seat 6: Dorex2007 (big blind) folded before Flop
Seat 9: Gabriel Teofilo folded before Flop (didn't bet)



PokerStars Hand #237427555161:  Hold'em No Limit ($0.02/$0.05 USD) - 2022/07/17 19:18:25 PT [2022/07/17 22:18:25 ET]
Table 'Walraven IV' 9-max Seat #6 is the button
Seat 2: Almanza63 ($9.43 in chips) 
Seat 6: Dorex2007 ($5 in chips) 
Dorex2007: posts small blind $0.02
Almanza63: posts big blind $0.05
*** HOLE CARDS ***
Dealt to Dorex2007 [5s Tc]
Dorex2007: folds 
Uncalled bet ($0.03) returned to Almanza63
Almanza63 collected $0.04 from pot
*** SUMMARY ***
Total pot $0.04 | Rake $0 
Seat 2: Almanza63 (big blind) collected ($0.04)
Seat 6: Dorex2007 (button) (small blind) folded before Flop



PokerStars Hand #237427560524:  Hold'em No Limit ($0.02/$0.05 USD) - 2022/07/17 19:18:30 PT [2022/07/17 22:18:30 ET]
Table 'Walraven IV' 9-max Seat #6 is the button
Seat 1: G-ROC_4-adam ($3.66 in chips) 
Seat 6: Dorex2007 ($5 in chips) 
Dorex2007: posts small blind $0.02
G-ROC_4-adam: posts big blind $0.05
*** HOLE CARDS ***
Dealt to Dorex2007 [Qs 8d]
Dorex2007: folds 
Uncalled bet ($0.03) returned to G-ROC_4-adam
G-ROC_4-adam collected $0.04 from pot
*** SUMMARY ***
Total pot $0.04 | Rake $0 
Seat 1: G-ROC_4-adam (big blind) collected ($0.04)
Seat 6: Dorex2007 (button) (small blind) folded before Flop



