PokerStars Hand #236067127973:  Hold'em No Limit ($0.01/$0.02 USD) - 2022/05/11 15:28:10 PT [2022/05/11 18:28:10 ET]
Table 'Serpens' 9-max Seat #7 is the button
Seat 1: Koala1975 ($4.76 in chips) 
Seat 2: LEGENDARYSS1987 ($2.70 in chips) 
Seat 4: Dorex2007 ($2 in chips) 
Seat 5: massta13 ($1.84 in chips) 
Seat 6: ad dwan ($1.14 in chips) 
Seat 7: Kaktusbluetchen ($4.37 in chips) 
Seat 8: wizzard67 ($2.42 in chips) 
Seat 9: Red Viper101 ($1.71 in chips) 
wizzard67: posts small blind $0.01
Red Viper101: posts big blind $0.02
Dorex2007: posts big blind $0.02
*** HOLE CARDS ***
Dealt to Dorex2007 [Ac Td]
Koala1975: raises $0.07 to $0.09
LEGENDARYSS1987: calls $0.09
Dorex2007: calls $0.07
massta13: folds 
ad dwan: calls $0.09
Kaktusbluetchen: raises $0.48 to $0.57
wizzard67: folds 
Red Viper101: folds 
Koala1975: folds 
LEGENDARYSS1987: folds 
Dorex2007: folds 
ad dwan: calls $0.48
*** FLOP *** [Ah Jc Ks]
ad dwan: checks 
Kaktusbluetchen: bets $0.58
ad dwan: calls $0.57 and is all-in
Uncalled bet ($0.01) returned to Kaktusbluetchen
*** TURN *** [Ah Jc Ks] [Jh]
*** RIVER *** [Ah Jc Ks Jh] [Js]
*** SHOW DOWN ***
ad dwan: shows [Ad 4d] (a full house, Jacks full of Aces)
Kaktusbluetchen: shows [Kd Kh] (a full house, Kings full of Jacks)
Kaktusbluetchen collected $2.47 from pot
*** SUMMARY ***
Total pot $2.58 | Rake $0.11 
Board [Ah Jc Ks Jh Js]
Seat 1: Koala1975 folded before Flop
Seat 2: LEGENDARYSS1987 folded before Flop
Seat 4: Dorex2007 folded before Flop
Seat 5: massta13 folded before Flop (didn't bet)
Seat 6: ad dwan showed [Ad 4d] and lost with a full house, Jacks full of Aces
Seat 7: Kaktusbluetchen (button) showed [Kd Kh] and won ($2.47) with a full house, Kings full of Jacks
Seat 8: wizzard67 (small blind) folded before Flop
Seat 9: Red Viper101 (big blind) folded before Flop



PokerStars Hand #236067151638:  Hold'em No Limit ($0.01/$0.02 USD) - 2022/05/11 15:29:15 PT [2022/05/11 18:29:15 ET]
Table 'Serpens' 9-max Seat #8 is the button
Seat 1: Koala1975 ($4.67 in chips) 
Seat 2: LEGENDARYSS1987 ($2.61 in chips) 
Seat 4: Dorex2007 ($2 in chips) 
Seat 5: massta13 ($1.84 in chips) 
Seat 7: Kaktusbluetchen ($5.70 in chips) 
Seat 8: wizzard67 ($2.41 in chips) 
Seat 9: Red Viper101 ($1.69 in chips) 
Red Viper101: posts small blind $0.01
Koala1975: posts big blind $0.02
*** HOLE CARDS ***
Dealt to Dorex2007 [5s 4d]
LEGENDARYSS1987: raises $0.04 to $0.06
Dorex2007: folds 
massta13: folds 
Kaktusbluetchen: folds 
wizzard67: folds 
Red Viper101: folds 
Koala1975: folds 
Uncalled bet ($0.04) returned to LEGENDARYSS1987
LEGENDARYSS1987 collected $0.05 from pot
LEGENDARYSS1987: doesn't show hand 
*** SUMMARY ***
Total pot $0.05 | Rake $0 
Seat 1: Koala1975 (big blind) folded before Flop
Seat 2: LEGENDARYSS1987 collected ($0.05)
Seat 4: Dorex2007 folded before Flop (didn't bet)
Seat 5: massta13 folded before Flop (didn't bet)
Seat 7: Kaktusbluetchen folded before Flop (didn't bet)
Seat 8: wizzard67 (button) folded before Flop (didn't bet)
Seat 9: Red Viper101 (small blind) folded before Flop



PokerStars Hand #236067156913:  Hold'em No Limit ($0.01/$0.02 USD) - 2022/05/11 15:29:32 PT [2022/05/11 18:29:32 ET]
Table 'Serpens' 9-max Seat #9 is the button
Seat 1: Koala1975 ($4.65 in chips) 
Seat 2: LEGENDARYSS1987 ($2.64 in chips) 
Seat 4: Dorex2007 ($2 in chips) 
Seat 5: massta13 ($1.84 in chips) 
Seat 6: ad dwan ($1.60 in chips) 
Seat 7: Kaktusbluetchen ($5.70 in chips) 
Seat 8: wizzard67 ($2.41 in chips) 
Seat 9: Red Viper101 ($1.68 in chips) 
Koala1975: posts small blind $0.01
LEGENDARYSS1987: posts big blind $0.02
*** HOLE CARDS ***
Dealt to Dorex2007 [4h Qh]
Dorex2007: folds 
massta13: calls $0.02
ad dwan: folds 
Kaktusbluetchen: folds 
wizzard67: folds 
Red Viper101: folds 
Koala1975: calls $0.01
LEGENDARYSS1987: checks 
*** FLOP *** [Ks 5s Tc]
Koala1975: bets $0.06
LEGENDARYSS1987: folds 
massta13: folds 
Uncalled bet ($0.06) returned to Koala1975
Koala1975 collected $0.06 from pot
Koala1975: doesn't show hand 
*** SUMMARY ***
Total pot $0.06 | Rake $0 
Board [Ks 5s Tc]
Seat 1: Koala1975 (small blind) collected ($0.06)
Seat 2: LEGENDARYSS1987 (big blind) folded on the Flop
Seat 4: Dorex2007 folded before Flop (didn't bet)
Seat 5: massta13 folded on the Flop
Seat 6: ad dwan folded before Flop (didn't bet)
Seat 7: Kaktusbluetchen folded before Flop (didn't bet)
Seat 8: wizzard67 folded before Flop (didn't bet)
Seat 9: Red Viper101 (button) folded before Flop (didn't bet)



PokerStars Hand #236067169874:  Hold'em No Limit ($0.01/$0.02 USD) - 2022/05/11 15:30:10 PT [2022/05/11 18:30:10 ET]
Table 'Serpens' 9-max Seat #1 is the button
Seat 1: Koala1975 ($4.69 in chips) 
Seat 2: LEGENDARYSS1987 ($2.62 in chips) 
Seat 4: Dorex2007 ($2 in chips) 
Seat 5: massta13 ($1.82 in chips) 
Seat 6: ad dwan ($1.60 in chips) 
Seat 7: Kaktusbluetchen ($5.70 in chips) 
Seat 8: wizzard67 ($2.41 in chips) 
Seat 9: Red Viper101 ($1.68 in chips) 
LEGENDARYSS1987: posts small blind $0.01
Dorex2007: posts big blind $0.02
*** HOLE CARDS ***
Dealt to Dorex2007 [9s 8c]
massta13 has timed out
massta13: folds 
ad dwan: raises $0.04 to $0.06
Kaktusbluetchen: folds 
wizzard67: folds 
Red Viper101: folds 
Koala1975: calls $0.06
LEGENDARYSS1987: calls $0.05
Dorex2007: folds 
*** FLOP *** [Jh 2h Ac]
LEGENDARYSS1987: bets $0.10
ad dwan: calls $0.10
Koala1975: folds 
*** TURN *** [Jh 2h Ac] [6s]
LEGENDARYSS1987: checks 
ad dwan: checks 
*** RIVER *** [Jh 2h Ac 6s] [Td]
LEGENDARYSS1987: checks 
ad dwan: bets $0.19
LEGENDARYSS1987: folds 
Uncalled bet ($0.19) returned to ad dwan
ad dwan collected $0.39 from pot
ad dwan: doesn't show hand 
*** SUMMARY ***
Total pot $0.40 | Rake $0.01 
Board [Jh 2h Ac 6s Td]
Seat 1: Koala1975 (button) folded on the Flop
Seat 2: LEGENDARYSS1987 (small blind) folded on the River
Seat 4: Dorex2007 (big blind) folded before Flop
Seat 5: massta13 folded before Flop (didn't bet)
Seat 6: ad dwan collected ($0.39)
Seat 7: Kaktusbluetchen folded before Flop (didn't bet)
Seat 8: wizzard67 folded before Flop (didn't bet)
Seat 9: Red Viper101 folded before Flop (didn't bet)



PokerStars Hand #236067187622:  Hold'em No Limit ($0.01/$0.02 USD) - 2022/05/11 15:31:04 PT [2022/05/11 18:31:04 ET]
Table 'Serpens' 9-max Seat #2 is the button
Seat 1: Koala1975 ($4.63 in chips) 
Seat 2: LEGENDARYSS1987 ($2.46 in chips) 
Seat 4: Dorex2007 ($2 in chips) 
Seat 6: ad dwan ($1.83 in chips) 
Seat 7: Kaktusbluetchen ($5.70 in chips) 
Seat 8: wizzard67 ($2.41 in chips) 
Seat 9: Red Viper101 ($1.68 in chips) 
Dorex2007: posts small blind $0.01
ad dwan: posts big blind $0.02
*** HOLE CARDS ***
Dealt to Dorex2007 [5d 6s]
Kaktusbluetchen: raises $0.04 to $0.06
wizzard67: calls $0.06
Red Viper101: folds 
Koala1975: folds 
LEGENDARYSS1987: calls $0.06
Dorex2007: folds 
ad dwan: calls $0.04
*** FLOP *** [2c 9h 3c]
ad dwan: bets $1.77 and is all-in
Kaktusbluetchen: folds 
wizzard67: calls $1.77
LEGENDARYSS1987: folds 
*** TURN *** [2c 9h 3c] [7c]
*** RIVER *** [2c 9h 3c 7c] [Ac]
*** SHOW DOWN ***
ad dwan: shows [9d 8c] (a flush, Ace high)
wizzard67: shows [9s 9c] (a flush, Ace high - Nine higher)
wizzard67 collected $3.63 from pot
*** SUMMARY ***
Total pot $3.79 | Rake $0.16 
Board [2c 9h 3c 7c Ac]
Seat 1: Koala1975 folded before Flop (didn't bet)
Seat 2: LEGENDARYSS1987 (button) folded on the Flop
Seat 4: Dorex2007 (small blind) folded before Flop
Seat 6: ad dwan (big blind) showed [9d 8c] and lost with a flush, Ace high
Seat 7: Kaktusbluetchen folded on the Flop
Seat 8: wizzard67 showed [9s 9c] and won ($3.63) with a flush, Ace high
Seat 9: Red Viper101 folded before Flop (didn't bet)



PokerStars Hand #236067204820:  Hold'em No Limit ($0.01/$0.02 USD) - 2022/05/11 15:31:55 PT [2022/05/11 18:31:55 ET]
Table 'Serpens' 9-max Seat #4 is the button
Seat 1: Koala1975 ($4.63 in chips) 
Seat 2: LEGENDARYSS1987 ($2.40 in chips) 
Seat 4: Dorex2007 ($2 in chips) 
Seat 7: Kaktusbluetchen ($5.64 in chips) 
Seat 8: wizzard67 ($4.21 in chips) 
Seat 9: Red Viper101 ($1.68 in chips) 
Kaktusbluetchen: posts small blind $0.01
wizzard67: posts big blind $0.02
nicolaes129: sits out 
*** HOLE CARDS ***
Dealt to Dorex2007 [8d Jh]
Red Viper101: raises $0.04 to $0.06
ad dwan leaves the table
Koala1975: folds 
LEGENDARYSS1987: calls $0.06
Dorex2007: folds 
Kaktusbluetchen: folds 
wizzard67: calls $0.04
*** FLOP *** [3d 2s 9s]
chrissmith700 joins the table at seat #6 
wizzard67: bets $0.06
Red Viper101: raises $0.12 to $0.18
LEGENDARYSS1987: calls $0.18
wizzard67: folds 
*** TURN *** [3d 2s 9s] [9c]
Red Viper101: checks 
LEGENDARYSS1987: checks 
*** RIVER *** [3d 2s 9s 9c] [Tc]
Red Viper101: bets $0.25
LEGENDARYSS1987: calls $0.25
*** SHOW DOWN ***
Red Viper101: shows [As Ah] (two pair, Aces and Nines)
LEGENDARYSS1987: mucks hand 
Red Viper101 collected $1.07 from pot
*** SUMMARY ***
Total pot $1.11 | Rake $0.04 
Board [3d 2s 9s 9c Tc]
Seat 1: Koala1975 folded before Flop (didn't bet)
Seat 2: LEGENDARYSS1987 mucked [Td Qd]
Seat 4: Dorex2007 (button) folded before Flop (didn't bet)
Seat 7: Kaktusbluetchen (small blind) folded before Flop
Seat 8: wizzard67 (big blind) folded on the Flop
Seat 9: Red Viper101 showed [As Ah] and won ($1.07) with two pair, Aces and Nines



PokerStars Hand #236067226258:  Hold'em No Limit ($0.01/$0.02 USD) - 2022/05/11 15:32:59 PT [2022/05/11 18:32:59 ET]
Table 'Serpens' 9-max Seat #7 is the button
Seat 1: Koala1975 ($4.63 in chips) 
Seat 2: LEGENDARYSS1987 ($1.91 in chips) 
Seat 4: Dorex2007 ($2 in chips) 
Seat 5: massta13 ($1.82 in chips) 
Seat 6: chrissmith700 ($1.60 in chips) 
Seat 7: Kaktusbluetchen ($5.63 in chips) 
Seat 8: wizzard67 ($4.09 in chips) 
Seat 9: Red Viper101 ($2.26 in chips) 
wizzard67: posts small blind $0.01
Red Viper101: posts big blind $0.02
nicolaes129: sits out 
massta13: posts small & big blinds $0.03
chrissmith700: posts big blind $0.02
*** HOLE CARDS ***
Dealt to Dorex2007 [3s 2d]
Koala1975: folds 
LEGENDARYSS1987: raises $1.89 to $1.91 and is all-in
Dorex2007: folds 
massta13: folds 
chrissmith700: calls $1.58 and is all-in
Kaktusbluetchen: folds 
wizzard67: folds 
Red Viper101: folds 
Uncalled bet ($0.31) returned to LEGENDARYSS1987
*** FLOP *** [5h 8s Ac]
*** TURN *** [5h 8s Ac] [6c]
*** RIVER *** [5h 8s Ac 6c] [9h]
*** SHOW DOWN ***
LEGENDARYSS1987: shows [4d 4s] (a pair of Fours)
chrissmith700: shows [9d Kd] (a pair of Nines)
chrissmith700 cashed out the hand for $1.53 | Cash Out Fee $0.02
*** SUMMARY ***
Total pot $3.26 | Rake $0.11 
Board [5h 8s Ac 6c 9h]
Seat 1: Koala1975 folded before Flop (didn't bet)
Seat 2: LEGENDARYSS1987 showed [4d 4s] and lost with a pair of Fours
Seat 4: Dorex2007 folded before Flop (didn't bet)
Seat 5: massta13 folded before Flop (didn't bet)
Seat 6: chrissmith700 showed [9d Kd] and won ($3.15) with a pair of Nines (pot not awarded as player cashed out)
Seat 7: Kaktusbluetchen (button) folded before Flop (didn't bet)
Seat 8: wizzard67 (small blind) folded before Flop
Seat 9: Red Viper101 (big blind) folded before Flop



PokerStars Hand #236067239311:  Hold'em No Limit ($0.01/$0.02 USD) - 2022/05/11 15:33:38 PT [2022/05/11 18:33:38 ET]
Table 'Serpens' 9-max Seat #8 is the button
Seat 1: Koala1975 ($4.63 in chips) 
Seat 2: LEGENDARYSS1987 ($0.31 in chips) 
Seat 4: Dorex2007 ($2 in chips) 
Seat 5: massta13 ($1.79 in chips) 
Seat 6: chrissmith700 ($1.53 in chips) 
Seat 7: Kaktusbluetchen ($5.63 in chips) 
Seat 8: wizzard67 ($4.08 in chips) 
Seat 9: Red Viper101 ($2.24 in chips) 
Red Viper101: posts small blind $0.01
Koala1975: posts big blind $0.02
nicolaes129: sits out 
*** HOLE CARDS ***
Dealt to Dorex2007 [Qd Jh]
LEGENDARYSS1987: raises $0.29 to $0.31 and is all-in
Dorex2007: folds 
massta13: folds 
chrissmith700: calls $0.31
Kaktusbluetchen: calls $0.31
wizzard67: folds 
Red Viper101: folds 
Koala1975: folds 
*** FLOP *** [Kh Ac 5s]
chrissmith700: checks 
Kaktusbluetchen: bets $0.70
chrissmith700: folds 
Uncalled bet ($0.70) returned to Kaktusbluetchen
*** TURN *** [Kh Ac 5s] [Qc]
*** RIVER *** [Kh Ac 5s Qc] [4c]
*** SHOW DOWN ***
LEGENDARYSS1987: shows [9d 7d] (high card Ace)
Kaktusbluetchen: shows [8h Ah] (a pair of Aces)
Kaktusbluetchen collected $0.92 from pot
*** SUMMARY ***
Total pot $0.96 | Rake $0.04 
Board [Kh Ac 5s Qc 4c]
Seat 1: Koala1975 (big blind) folded before Flop
Seat 2: LEGENDARYSS1987 showed [9d 7d] and lost with high card Ace
Seat 4: Dorex2007 folded before Flop (didn't bet)
Seat 5: massta13 folded before Flop (didn't bet)
Seat 6: chrissmith700 folded on the Flop
Seat 7: Kaktusbluetchen showed [8h Ah] and won ($0.92) with a pair of Aces
Seat 8: wizzard67 (button) folded before Flop (didn't bet)
Seat 9: Red Viper101 (small blind) folded before Flop



PokerStars Hand #236067255867:  Hold'em No Limit ($0.01/$0.02 USD) - 2022/05/11 15:34:28 PT [2022/05/11 18:34:28 ET]
Table 'Serpens' 9-max Seat #9 is the button
Seat 1: Koala1975 ($4.61 in chips) 
Seat 3: nicolaes129 ($1.66 in chips) 
Seat 4: Dorex2007 ($2 in chips) 
Seat 5: massta13 ($1.79 in chips) 
Seat 6: chrissmith700 ($1.22 in chips) 
Seat 7: Kaktusbluetchen ($6.24 in chips) 
Seat 8: wizzard67 ($4.08 in chips) 
Seat 9: Red Viper101 ($2.23 in chips) 
Koala1975: posts small blind $0.01
nicolaes129: posts big blind $0.02
*** HOLE CARDS ***
Dealt to Dorex2007 [9s 4c]
Dorex2007: folds 
massta13: folds 
LEGENDARYSS1987 leaves the table
chrissmith700: raises $0.04 to $0.06
Kaktusbluetchen: folds 
wizzard67: folds 
Red Viper101: folds 
Koala1975: folds 
nicolaes129: folds 
Uncalled bet ($0.04) returned to chrissmith700
chrissmith700 collected $0.05 from pot
chrissmith700: doesn't show hand 
*** SUMMARY ***
Total pot $0.05 | Rake $0 
Seat 1: Koala1975 (small blind) folded before Flop
Seat 3: nicolaes129 (big blind) folded before Flop
Seat 4: Dorex2007 folded before Flop (didn't bet)
Seat 5: massta13 folded before Flop (didn't bet)
Seat 6: chrissmith700 collected ($0.05)
Seat 7: Kaktusbluetchen folded before Flop (didn't bet)
Seat 8: wizzard67 folded before Flop (didn't bet)
Seat 9: Red Viper101 (button) folded before Flop (didn't bet)



PokerStars Hand #236067264727:  Hold'em No Limit ($0.01/$0.02 USD) - 2022/05/11 15:34:55 PT [2022/05/11 18:34:55 ET]
Table 'Serpens' 9-max Seat #1 is the button
Seat 1: Koala1975 ($4.60 in chips) 
Seat 3: nicolaes129 ($1.64 in chips) 
Seat 4: Dorex2007 ($2 in chips) 
Seat 5: massta13 ($1.79 in chips) 
Seat 6: chrissmith700 ($1.25 in chips) 
Seat 7: Kaktusbluetchen ($6.24 in chips) 
Seat 8: wizzard67 ($4.08 in chips) 
Seat 9: Red Viper101 ($2.23 in chips) 
nicolaes129: posts small blind $0.01
Dorex2007: posts big blind $0.02
*** HOLE CARDS ***
Dealt to Dorex2007 [9d 7c]
massta13: folds 
chrissmith700: raises $1.23 to $1.25 and is all-in
Kaktusbluetchen: folds 
wizzard67: folds 
Red Viper101: folds 
nokiaonspeed joins the table at seat #2 
Koala1975: folds 
nicolaes129: folds 
Dorex2007: folds 
Uncalled bet ($1.23) returned to chrissmith700
chrissmith700 collected $0.05 from pot
chrissmith700: doesn't show hand 
*** SUMMARY ***
Total pot $0.05 | Rake $0 
Seat 1: Koala1975 (button) folded before Flop (didn't bet)
Seat 3: nicolaes129 (small blind) folded before Flop
Seat 4: Dorex2007 (big blind) folded before Flop
Seat 5: massta13 folded before Flop (didn't bet)
Seat 6: chrissmith700 collected ($0.05)
Seat 7: Kaktusbluetchen folded before Flop (didn't bet)
Seat 8: wizzard67 folded before Flop (didn't bet)
Seat 9: Red Viper101 folded before Flop (didn't bet)



PokerStars Hand #236067273798:  Hold'em No Limit ($0.01/$0.02 USD) - 2022/05/11 15:35:22 PT [2022/05/11 18:35:22 ET]
Table 'Serpens' 9-max Seat #3 is the button
Seat 1: Koala1975 ($4.60 in chips) 
Seat 2: nokiaonspeed ($1.14 in chips) 
Seat 3: nicolaes129 ($1.63 in chips) 
Seat 4: Dorex2007 ($2 in chips) 
Seat 5: massta13 ($1.79 in chips) 
Seat 6: chrissmith700 ($1.28 in chips) 
Seat 7: Kaktusbluetchen ($6.24 in chips) 
Seat 8: wizzard67 ($4.08 in chips) 
Seat 9: Red Viper101 ($2.23 in chips) 
Dorex2007: posts small blind $0.01
massta13: posts big blind $0.02
nokiaonspeed: posts big blind $0.02
*** HOLE CARDS ***
Dealt to Dorex2007 [2s 7c]
chrissmith700: raises $0.24 to $0.26
Kaktusbluetchen: folds 
wizzard67: folds 
Red Viper101: folds 
Koala1975: folds 
nokiaonspeed: folds 
nicolaes129: folds 
Dorex2007: folds 
massta13: folds 
Uncalled bet ($0.24) returned to chrissmith700
chrissmith700 collected $0.07 from pot
chrissmith700: doesn't show hand 
*** SUMMARY ***
Total pot $0.07 | Rake $0 
Seat 1: Koala1975 folded before Flop (didn't bet)
Seat 2: nokiaonspeed folded before Flop (didn't bet)
Seat 3: nicolaes129 (button) folded before Flop (didn't bet)
Seat 4: Dorex2007 (small blind) folded before Flop
Seat 5: massta13 (big blind) folded before Flop
Seat 6: chrissmith700 collected ($0.07)
Seat 7: Kaktusbluetchen folded before Flop (didn't bet)
Seat 8: wizzard67 folded before Flop (didn't bet)
Seat 9: Red Viper101 folded before Flop (didn't bet)



PokerStars Hand #236067283891:  Hold'em No Limit ($0.01/$0.02 USD) - 2022/05/11 15:35:52 PT [2022/05/11 18:35:52 ET]
Table 'Serpens' 9-max Seat #4 is the button
Seat 1: Koala1975 ($4.60 in chips) 
Seat 2: nokiaonspeed ($1.12 in chips) 
Seat 3: nicolaes129 ($1.63 in chips) 
Seat 4: Dorex2007 ($2 in chips) 
Seat 5: massta13 ($1.77 in chips) 
Seat 6: chrissmith700 ($1.33 in chips) 
Seat 7: Kaktusbluetchen ($6.24 in chips) 
Seat 8: wizzard67 ($4.08 in chips) 
Seat 9: Red Viper101 ($2.23 in chips) 
massta13: posts small blind $0.01
chrissmith700: posts big blind $0.02
*** HOLE CARDS ***
Dealt to Dorex2007 [4c 6s]
Kaktusbluetchen: folds 
wizzard67: folds 
Red Viper101: folds 
Koala1975: folds 
nokiaonspeed: folds 
nicolaes129: folds 
Dorex2007: folds 
massta13: calls $0.01
chrissmith700: checks 
*** FLOP *** [Qd Qc 6h]
massta13: checks 
chrissmith700: checks 
*** TURN *** [Qd Qc 6h] [3c]
massta13: checks 
chrissmith700: checks 
*** RIVER *** [Qd Qc 6h 3c] [Jd]
massta13: bets $0.06
chrissmith700: folds 
Uncalled bet ($0.06) returned to massta13
massta13 collected $0.04 from pot
massta13: doesn't show hand 
*** SUMMARY ***
Total pot $0.04 | Rake $0 
Board [Qd Qc 6h 3c Jd]
Seat 1: Koala1975 folded before Flop (didn't bet)
Seat 2: nokiaonspeed folded before Flop (didn't bet)
Seat 3: nicolaes129 folded before Flop (didn't bet)
Seat 4: Dorex2007 (button) folded before Flop (didn't bet)
Seat 5: massta13 (small blind) collected ($0.04)
Seat 6: chrissmith700 (big blind) folded on the River
Seat 7: Kaktusbluetchen folded before Flop (didn't bet)
Seat 8: wizzard67 folded before Flop (didn't bet)
Seat 9: Red Viper101 folded before Flop (didn't bet)



PokerStars Hand #236067301355:  Hold'em No Limit ($0.01/$0.02 USD) - 2022/05/11 15:36:45 PT [2022/05/11 18:36:45 ET]
Table 'Serpens' 9-max Seat #5 is the button
Seat 1: Koala1975 ($4.60 in chips) 
Seat 2: nokiaonspeed ($1.12 in chips) 
Seat 3: nicolaes129 ($1.63 in chips) 
Seat 4: Dorex2007 ($2 in chips) 
Seat 5: massta13 ($1.79 in chips) 
Seat 6: chrissmith700 ($1.31 in chips) 
Seat 7: Kaktusbluetchen ($6.24 in chips) 
Seat 8: wizzard67 ($4.08 in chips) 
Seat 9: Red Viper101 ($2.23 in chips) 
chrissmith700: posts small blind $0.01
Kaktusbluetchen: posts big blind $0.02
*** HOLE CARDS ***
Dealt to Dorex2007 [Td Qd]
wizzard67: folds 
Red Viper101: folds 
Koala1975: folds 
nokiaonspeed: folds 
nicolaes129: folds 
Dorex2007: raises $0.04 to $0.06
massta13: calls $0.06
chrissmith700: raises $0.24 to $0.30
Kaktusbluetchen: raises $0.70 to $1
Dorex2007: folds 
massta13: folds 
chrissmith700: calls $0.70
*** FLOP *** [8d 5h 6d]
chrissmith700: bets $0.02
Kaktusbluetchen: raises $0.28 to $0.30
chrissmith700: raises $0.01 to $0.31 and is all-in
Kaktusbluetchen: calls $0.01
*** TURN *** [8d 5h 6d] [6c]
*** RIVER *** [8d 5h 6d 6c] [4d]
*** SHOW DOWN ***
chrissmith700: shows [Qc 8c] (two pair, Eights and Sixes)
Kaktusbluetchen: shows [Ad As] (two pair, Aces and Sixes)
Kaktusbluetchen collected $2.62 from pot
*** SUMMARY ***
Total pot $2.74 | Rake $0.12 
Board [8d 5h 6d 6c 4d]
Seat 1: Koala1975 folded before Flop (didn't bet)
Seat 2: nokiaonspeed folded before Flop (didn't bet)
Seat 3: nicolaes129 folded before Flop (didn't bet)
Seat 4: Dorex2007 folded before Flop
Seat 5: massta13 (button) folded before Flop
Seat 6: chrissmith700 (small blind) showed [Qc 8c] and lost with two pair, Eights and Sixes
Seat 7: Kaktusbluetchen (big blind) showed [Ad As] and won ($2.62) with two pair, Aces and Sixes
Seat 8: wizzard67 folded before Flop (didn't bet)
Seat 9: Red Viper101 folded before Flop (didn't bet)



PokerStars Hand #236067324974:  Hold'em No Limit ($0.01/$0.02 USD) - 2022/05/11 15:37:56 PT [2022/05/11 18:37:56 ET]
Table 'Serpens' 9-max Seat #7 is the button
Seat 1: Koala1975 ($4.60 in chips) 
Seat 2: nokiaonspeed ($1.12 in chips) 
Seat 3: nicolaes129 ($1.63 in chips) 
Seat 4: Dorex2007 ($2 in chips) 
Seat 5: massta13 ($1.73 in chips) 
Seat 7: Kaktusbluetchen ($7.55 in chips) 
Seat 8: wizzard67 ($4.08 in chips) 
Seat 9: Red Viper101 ($2.23 in chips) 
wizzard67: posts small blind $0.01
Red Viper101: posts big blind $0.02
*** HOLE CARDS ***
Dealt to Dorex2007 [Ts 3d]
Koala1975: folds 
nokiaonspeed: raises $0.04 to $0.06
nicolaes129: folds 
chrissmith700 leaves the table
Dorex2007: folds 
massta13: calls $0.06
Kaktusbluetchen: calls $0.06
wizzard67: folds 
Red Viper101: folds 
*** FLOP *** [Kd 5d 8c]
nokiaonspeed: bets $0.10
massta13: folds 
Kaktusbluetchen: calls $0.10
*** TURN *** [Kd 5d 8c] [Jd]
nokiaonspeed: bets $0.04
Kaktusbluetchen: raises $0.36 to $0.40
nokiaonspeed: calls $0.36
*** RIVER *** [Kd 5d 8c Jd] [6d]
nokiaonspeed: bets $0.26
Kaktusbluetchen: raises $0.64 to $0.90
nokiaonspeed: calls $0.30 and is all-in
Uncalled bet ($0.34) returned to Kaktusbluetchen
*** SHOW DOWN ***
Kaktusbluetchen: shows [2d Ad] (a flush, Ace high)
nokiaonspeed: shows [Qc Qh] (a pair of Queens)
Kaktusbluetchen collected $2.23 from pot
*** SUMMARY ***
Total pot $2.33 | Rake $0.10 
Board [Kd 5d 8c Jd 6d]
Seat 1: Koala1975 folded before Flop (didn't bet)
Seat 2: nokiaonspeed showed [Qc Qh] and lost with a pair of Queens
Seat 3: nicolaes129 folded before Flop (didn't bet)
Seat 4: Dorex2007 folded before Flop (didn't bet)
Seat 5: massta13 folded on the Flop
Seat 7: Kaktusbluetchen (button) showed [2d Ad] and won ($2.23) with a flush, Ace high
Seat 8: wizzard67 (small blind) folded before Flop
Seat 9: Red Viper101 (big blind) folded before Flop



PokerStars Hand #236067347672:  Hold'em No Limit ($0.01/$0.02 USD) - 2022/05/11 15:39:06 PT [2022/05/11 18:39:06 ET]
Table 'Serpens' 9-max Seat #8 is the button
Seat 1: Koala1975 ($4.60 in chips) 
Seat 3: nicolaes129 ($1.63 in chips) 
Seat 4: Dorex2007 ($2 in chips) 
Seat 5: massta13 ($1.67 in chips) 
Seat 7: Kaktusbluetchen ($8.66 in chips) 
Seat 8: wizzard67 ($4.07 in chips) 
Koala1975: posts small blind $0.01
nicolaes129: posts big blind $0.02
*** HOLE CARDS ***
Dealt to Dorex2007 [Td Qc]
Almanza63 joins the table at seat #6 
Dorex2007: folds 
massta13: raises $0.06 to $0.08
Kaktusbluetchen: folds 
wizzard67: folds 
Koala1975: folds 
nicolaes129: folds 
Uncalled bet ($0.06) returned to massta13
massta13 collected $0.05 from pot
massta13: doesn't show hand 
*** SUMMARY ***
Total pot $0.05 | Rake $0 
Seat 1: Koala1975 (small blind) folded before Flop
Seat 3: nicolaes129 (big blind) folded before Flop
Seat 4: Dorex2007 folded before Flop (didn't bet)
Seat 5: massta13 collected ($0.05)
Seat 7: Kaktusbluetchen folded before Flop (didn't bet)
Seat 8: wizzard67 (button) folded before Flop (didn't bet)



PokerStars Hand #236067352676:  Hold'em No Limit ($0.01/$0.02 USD) - 2022/05/11 15:39:21 PT [2022/05/11 18:39:21 ET]
Table 'Serpens' 9-max Seat #1 is the button
Seat 1: Koala1975 ($4.59 in chips) 
Seat 3: nicolaes129 ($1.61 in chips) 
Seat 4: Dorex2007 ($2 in chips) 
Seat 5: massta13 ($1.70 in chips) 
Seat 7: Kaktusbluetchen ($8.66 in chips) 
Seat 8: wizzard67 ($4.07 in chips) 
nicolaes129: posts small blind $0.01
Dorex2007: posts big blind $0.02
nokiaonspeed leaves the table
Almanza63: sits out 
*** HOLE CARDS ***
Dealt to Dorex2007 [Ts 5c]
massta13: folds 
Kaktusbluetchen: folds 
wizzard67: folds 
Koala1975: folds 
nicolaes129: calls $0.01
Dorex2007: checks 
*** FLOP *** [Ah 3d 2c]
nicolaes129: bets $0.02
Dorex2007: calls $0.02
*** TURN *** [Ah 3d 2c] [2d]
Peter47630 joins the table at seat #2 
nicolaes129: checks 
Dorex2007: checks 
*** RIVER *** [Ah 3d 2c 2d] [Jh]
nicolaes129: checks 
Dorex2007: bets $0.05
nicolaes129: calls $0.05
*** SHOW DOWN ***
Dorex2007: shows [Ts 5c] (a pair of Deuces)
nicolaes129: shows [Td As] (two pair, Aces and Deuces)
nicolaes129 collected $0.17 from pot
*** SUMMARY ***
Total pot $0.18 | Rake $0.01 
Board [Ah 3d 2c 2d Jh]
Seat 1: Koala1975 (button) folded before Flop (didn't bet)
Seat 3: nicolaes129 (small blind) showed [Td As] and won ($0.17) with two pair, Aces and Deuces
Seat 4: Dorex2007 (big blind) showed [Ts 5c] and lost with a pair of Deuces
Seat 5: massta13 folded before Flop (didn't bet)
Seat 7: Kaktusbluetchen folded before Flop (didn't bet)
Seat 8: wizzard67 folded before Flop (didn't bet)



PokerStars Hand #236067365075:  Hold'em No Limit ($0.01/$0.02 USD) - 2022/05/11 15:39:58 PT [2022/05/11 18:39:58 ET]
Table 'Serpens' 9-max Seat #3 is the button
Seat 1: Koala1975 ($4.59 in chips) 
Seat 3: nicolaes129 ($1.69 in chips) 
Seat 4: Dorex2007 ($2 in chips) 
Seat 5: massta13 ($1.70 in chips) 
Seat 7: Kaktusbluetchen ($8.66 in chips) 
Seat 8: wizzard67 ($4.07 in chips) 
Dorex2007: posts small blind $0.01
massta13: posts big blind $0.02
Almanza63: sits out 
Peter47630: sits out 
*** HOLE CARDS ***
Dealt to Dorex2007 [8d Js]
Kaktusbluetchen: folds 
wizzard67: folds 
Koala1975: raises $0.04 to $0.06
nicolaes129: folds 
Dorex2007: folds 
massta13: folds 
Uncalled bet ($0.04) returned to Koala1975
Koala1975 collected $0.05 from pot
Koala1975: doesn't show hand 
*** SUMMARY ***
Total pot $0.05 | Rake $0 
Seat 1: Koala1975 collected ($0.05)
Seat 3: nicolaes129 (button) folded before Flop (didn't bet)
Seat 4: Dorex2007 (small blind) folded before Flop
Seat 5: massta13 (big blind) folded before Flop
Seat 7: Kaktusbluetchen folded before Flop (didn't bet)
Seat 8: wizzard67 folded before Flop (didn't bet)



PokerStars Hand #236067372513:  Hold'em No Limit ($0.01/$0.02 USD) - 2022/05/11 15:40:21 PT [2022/05/11 18:40:21 ET]
Table 'Serpens' 9-max Seat #4 is the button
Seat 1: Koala1975 ($4.62 in chips) 
Seat 3: nicolaes129 ($1.69 in chips) 
Seat 4: Dorex2007 ($2 in chips) 
Seat 5: massta13 ($1.68 in chips) 
Seat 6: Almanza63 ($2 in chips) 
Seat 7: Kaktusbluetchen ($8.66 in chips) 
Seat 8: wizzard67 ($4.07 in chips) 
massta13: posts small blind $0.01
Almanza63: posts big blind $0.02
Peter47630: sits out 
*** HOLE CARDS ***
Dealt to Dorex2007 [7d 3h]
Kaktusbluetchen: folds 
wizzard67: folds 
Koala1975: raises $0.04 to $0.06
nicolaes129: folds 
Dorex2007: folds 
massta13: raises $0.04 to $0.10
Almanza63: folds 
Koala1975: calls $0.04
*** FLOP *** [9d 9c Jd]
massta13: checks 
Koala1975: bets $0.16
massta13: folds 
Uncalled bet ($0.16) returned to Koala1975
Koala1975 collected $0.21 from pot
Koala1975: doesn't show hand 
*** SUMMARY ***
Total pot $0.22 | Rake $0.01 
Board [9d 9c Jd]
Seat 1: Koala1975 collected ($0.21)
Seat 3: nicolaes129 folded before Flop (didn't bet)
Seat 4: Dorex2007 (button) folded before Flop (didn't bet)
Seat 5: massta13 (small blind) folded on the Flop
Seat 6: Almanza63 (big blind) folded before Flop
Seat 7: Kaktusbluetchen folded before Flop (didn't bet)
Seat 8: wizzard67 folded before Flop (didn't bet)



PokerStars Hand #236067387364:  Hold'em No Limit ($0.01/$0.02 USD) - 2022/05/11 15:41:07 PT [2022/05/11 18:41:07 ET]
Table 'Serpens' 9-max Seat #5 is the button
Seat 1: Koala1975 ($4.73 in chips) 
Seat 3: nicolaes129 ($1.69 in chips) 
Seat 4: Dorex2007 ($2 in chips) 
Seat 5: massta13 ($1.58 in chips) 
Seat 6: Almanza63 ($1.98 in chips) 
Seat 7: Kaktusbluetchen ($8.66 in chips) 
Seat 8: wizzard67 ($4.07 in chips) 
Almanza63: posts small blind $0.01
Kaktusbluetchen: posts big blind $0.02
Peter47630: sits out 
*** HOLE CARDS ***
Dealt to Dorex2007 [Qs Qh]
wizzard67: folds 
Koala1975: folds 
nicolaes129: folds 
Dorex2007: raises $0.08 to $0.10
massta13 has timed out
massta13: folds 
Almanza63: folds 
Kaktusbluetchen: folds 
Uncalled bet ($0.08) returned to Dorex2007
Dorex2007 collected $0.05 from pot
Dorex2007: doesn't show hand 
*** SUMMARY ***
Total pot $0.05 | Rake $0 
Seat 1: Koala1975 folded before Flop (didn't bet)
Seat 3: nicolaes129 folded before Flop (didn't bet)
Seat 4: Dorex2007 collected ($0.05)
Seat 5: massta13 (button) folded before Flop (didn't bet)
Seat 6: Almanza63 (small blind) folded before Flop
Seat 7: Kaktusbluetchen (big blind) folded before Flop
Seat 8: wizzard67 folded before Flop (didn't bet)



PokerStars Hand #236067404893:  Hold'em No Limit ($0.01/$0.02 USD) - 2022/05/11 15:41:39 PT [2022/05/11 18:41:39 ET]
Table 'Serpens' 9-max Seat #6 is the button
Seat 1: Koala1975 ($4.73 in chips) 
Seat 2: Peter47630 ($2 in chips) 
Seat 3: nicolaes129 ($1.69 in chips) 
Seat 4: Dorex2007 ($2.03 in chips) 
Seat 6: Almanza63 ($1.97 in chips) 
Seat 7: Kaktusbluetchen ($8.64 in chips) 
Seat 8: wizzard67 ($4.07 in chips) 
Kaktusbluetchen: posts small blind $0.01
wizzard67: posts big blind $0.02
Peter47630: posts big blind $0.02
*** HOLE CARDS ***
Dealt to Dorex2007 [Ad 8d]
Koala1975: folds 
Peter47630: checks 
nicolaes129: folds 
massta13 leaves the table
Dorex2007: calls $0.02
Almanza63: raises $0.05 to $0.07
Kaktusbluetchen: folds 
wizzard67: folds 
Peter47630: calls $0.05
Dorex2007: calls $0.05
*** FLOP *** [Kc Jc 8s]
jginfame joins the table at seat #5 
Peter47630: checks 
Dorex2007: checks 
Almanza63: checks 
*** TURN *** [Kc Jc 8s] [4s]
Peter47630: checks 
Dorex2007: checks 
Almanza63: bets $0.12
Peter47630: calls $0.12
Dorex2007: folds 
*** RIVER *** [Kc Jc 8s 4s] [Td]
Peter47630: checks 
Almanza63: checks 
*** SHOW DOWN ***
Peter47630: shows [Jd Qh] (a pair of Jacks)
Almanza63: mucks hand 
Peter47630 collected $0.46 from pot
*** SUMMARY ***
Total pot $0.48 | Rake $0.02 
Board [Kc Jc 8s 4s Td]
Seat 1: Koala1975 folded before Flop (didn't bet)
Seat 2: Peter47630 showed [Jd Qh] and won ($0.46) with a pair of Jacks
Seat 3: nicolaes129 folded before Flop (didn't bet)
Seat 4: Dorex2007 folded on the Turn
Seat 6: Almanza63 (button) mucked [6h 6c]
Seat 7: Kaktusbluetchen (small blind) folded before Flop
Seat 8: wizzard67 (big blind) folded before Flop



PokerStars Hand #236067430534:  Hold'em No Limit ($0.01/$0.02 USD) - 2022/05/11 15:42:58 PT [2022/05/11 18:42:58 ET]
Table 'Serpens' 9-max Seat #7 is the button
Seat 1: Koala1975 ($4.73 in chips) 
Seat 2: Peter47630 ($2.27 in chips) 
Seat 3: nicolaes129 ($1.69 in chips) 
Seat 4: Dorex2007 ($2 in chips) 
Seat 5: jginfame ($1.77 in chips) 
Seat 6: Almanza63 ($1.78 in chips) 
Seat 7: Kaktusbluetchen ($8.63 in chips) 
Seat 8: wizzard67 ($4.05 in chips) 
wizzard67: posts small blind $0.01
Koala1975: posts big blind $0.02
jginfame: posts big blind $0.02
*** HOLE CARDS ***
Dealt to Dorex2007 [3c 2c]
Peter47630: folds 
nicolaes129: folds 
Dorex2007: folds 
jginfame: raises $0.02 to $0.04
Almanza63: folds 
Kaktusbluetchen: raises $0.11 to $0.15
wizzard67: folds 
Koala1975: folds 
jginfame: raises $1.62 to $1.77 and is all-in
Kaktusbluetchen: calls $1.62
*** FLOP *** [Qs 6d Ad]
*** TURN *** [Qs 6d Ad] [8c]
*** RIVER *** [Qs 6d Ad 8c] [3d]
*** SHOW DOWN ***
jginfame: shows [Kd Kc] (a pair of Kings)
Kaktusbluetchen: shows [Qh As] (two pair, Aces and Queens)
Kaktusbluetchen collected $3.42 from pot
*** SUMMARY ***
Total pot $3.57 | Rake $0.15 
Board [Qs 6d Ad 8c 3d]
Seat 1: Koala1975 (big blind) folded before Flop
Seat 2: Peter47630 folded before Flop (didn't bet)
Seat 3: nicolaes129 folded before Flop (didn't bet)
Seat 4: Dorex2007 folded before Flop (didn't bet)
Seat 5: jginfame showed [Kd Kc] and lost with a pair of Kings
Seat 6: Almanza63 folded before Flop (didn't bet)
Seat 7: Kaktusbluetchen (button) showed [Qh As] and won ($3.42) with two pair, Aces and Queens
Seat 8: wizzard67 (small blind) folded before Flop



PokerStars Hand #236067449882:  Hold'em No Limit ($0.01/$0.02 USD) - 2022/05/11 15:43:57 PT [2022/05/11 18:43:57 ET]
Table 'Serpens' 9-max Seat #8 is the button
Seat 1: Koala1975 ($4.71 in chips) 
Seat 2: Peter47630 ($2.27 in chips) 
Seat 3: nicolaes129 ($1.69 in chips) 
Seat 4: Dorex2007 ($2 in chips) 
Seat 6: Almanza63 ($1.78 in chips) 
Seat 7: Kaktusbluetchen ($10.28 in chips) 
Seat 8: wizzard67 ($4.04 in chips) 
Koala1975: posts small blind $0.01
Peter47630: posts big blind $0.02
*** HOLE CARDS ***
Dealt to Dorex2007 [5c 3h]
nicolaes129: folds 
Dorex2007: folds 
Almanza63: raises $0.03 to $0.05
Kaktusbluetchen: folds 
wizzard67: calls $0.05
Koala1975: folds 
Peter47630: folds 
*** FLOP *** [As 4h 5h]
Almanza63: bets $0.07
wizzard67: folds 
Uncalled bet ($0.07) returned to Almanza63
Almanza63 collected $0.13 from pot
Almanza63: doesn't show hand 
*** SUMMARY ***
Total pot $0.13 | Rake $0 
Board [As 4h 5h]
Seat 1: Koala1975 (small blind) folded before Flop
Seat 2: Peter47630 (big blind) folded before Flop
Seat 3: nicolaes129 folded before Flop (didn't bet)
Seat 4: Dorex2007 folded before Flop (didn't bet)
Seat 6: Almanza63 collected ($0.13)
Seat 7: Kaktusbluetchen folded before Flop (didn't bet)
Seat 8: wizzard67 (button) folded on the Flop



PokerStars Hand #236067457995:  Hold'em No Limit ($0.01/$0.02 USD) - 2022/05/11 15:44:23 PT [2022/05/11 18:44:23 ET]
Table 'Serpens' 9-max Seat #1 is the button
Seat 1: Koala1975 ($4.70 in chips) 
Seat 2: Peter47630 ($2.25 in chips) 
Seat 3: nicolaes129 ($1.69 in chips) 
Seat 4: Dorex2007 ($2 in chips) 
Seat 5: jginfame ($1.60 in chips) 
Seat 6: Almanza63 ($1.86 in chips) 
Seat 7: Kaktusbluetchen ($10.28 in chips) 
Seat 8: wizzard67 ($3.99 in chips) 
Peter47630: posts small blind $0.01
nicolaes129: posts big blind $0.02
*** HOLE CARDS ***
Dealt to Dorex2007 [Tc Jc]
Dorex2007: folds 
jginfame: raises $0.02 to $0.04
Almanza63: folds 
Kaktusbluetchen: folds 
wizzard67: folds 
Koala1975: folds 
Peter47630: folds 
nicolaes129: folds 
Uncalled bet ($0.02) returned to jginfame
jginfame collected $0.05 from pot
jginfame: doesn't show hand 
*** SUMMARY ***
Total pot $0.05 | Rake $0 
Seat 1: Koala1975 (button) folded before Flop (didn't bet)
Seat 2: Peter47630 (small blind) folded before Flop
Seat 3: nicolaes129 (big blind) folded before Flop
Seat 4: Dorex2007 folded before Flop (didn't bet)
Seat 5: jginfame collected ($0.05)
Seat 6: Almanza63 folded before Flop (didn't bet)
Seat 7: Kaktusbluetchen folded before Flop (didn't bet)
Seat 8: wizzard67 folded before Flop (didn't bet)



PokerStars Hand #236067464116:  Hold'em No Limit ($0.01/$0.02 USD) - 2022/05/11 15:44:42 PT [2022/05/11 18:44:42 ET]
Table 'Serpens' 9-max Seat #2 is the button
Seat 1: Koala1975 ($4.70 in chips) 
Seat 2: Peter47630 ($2.24 in chips) 
Seat 3: nicolaes129 ($1.67 in chips) 
Seat 4: Dorex2007 ($2 in chips) 
Seat 5: jginfame ($1.63 in chips) 
Seat 6: Almanza63 ($1.86 in chips) 
Seat 7: Kaktusbluetchen ($10.28 in chips) 
Seat 8: wizzard67 ($3.99 in chips) 
nicolaes129: posts small blind $0.01
Dorex2007: posts big blind $0.02
*** HOLE CARDS ***
Dealt to Dorex2007 [Qc 2h]
jginfame: folds 
Almanza63: folds 
Kaktusbluetchen: folds 
wizzard67: folds 
Koala1975: folds 
Peter47630: calls $0.02
nicolaes129: calls $0.01
Dorex2007: checks 
*** FLOP *** [6d 2d 2s]
nicolaes129: checks 
Dorex2007: bets $0.04
Peter47630: folds 
nicolaes129: folds 
Uncalled bet ($0.04) returned to Dorex2007
Dorex2007 collected $0.06 from pot
Dorex2007: doesn't show hand 
*** SUMMARY ***
Total pot $0.06 | Rake $0 
Board [6d 2d 2s]
Seat 1: Koala1975 folded before Flop (didn't bet)
Seat 2: Peter47630 (button) folded on the Flop
Seat 3: nicolaes129 (small blind) folded on the Flop
Seat 4: Dorex2007 (big blind) collected ($0.06)
Seat 5: jginfame folded before Flop (didn't bet)
Seat 6: Almanza63 folded before Flop (didn't bet)
Seat 7: Kaktusbluetchen folded before Flop (didn't bet)
Seat 8: wizzard67 folded before Flop (didn't bet)



PokerStars Hand #236067482981:  Hold'em No Limit ($0.01/$0.02 USD) - 2022/05/11 15:45:21 PT [2022/05/11 18:45:21 ET]
Table 'Serpens' 9-max Seat #3 is the button
Seat 1: Koala1975 ($4.70 in chips) 
Seat 2: Peter47630 ($2.22 in chips) 
Seat 3: nicolaes129 ($1.65 in chips) 
Seat 4: Dorex2007 ($2.04 in chips) 
Seat 5: jginfame ($1.63 in chips) 
Seat 6: Almanza63 ($1.86 in chips) 
Seat 7: Kaktusbluetchen ($10.28 in chips) 
Seat 8: wizzard67 ($3.99 in chips) 
Dorex2007: posts small blind $0.01
jginfame: posts big blind $0.02
*** HOLE CARDS ***
Dealt to Dorex2007 [Qs 7s]
Almanza63: folds 
Kaktusbluetchen: folds 
wizzard67: folds 
Koala1975: folds 
Peter47630: folds 
nicolaes129: calls $0.02
Dorex2007: calls $0.01
jginfame: checks 
*** FLOP *** [5h 8c Qc]
Dorex2007: bets $0.06
jginfame: calls $0.06
nicolaes129: folds 
*** TURN *** [5h 8c Qc] [8s]
Dorex2007: bets $0.11
jginfame: folds 
Uncalled bet ($0.11) returned to Dorex2007
Dorex2007 collected $0.17 from pot
Dorex2007: doesn't show hand 
*** SUMMARY ***
Total pot $0.18 | Rake $0.01 
Board [5h 8c Qc 8s]
Seat 1: Koala1975 folded before Flop (didn't bet)
Seat 2: Peter47630 folded before Flop (didn't bet)
Seat 3: nicolaes129 (button) folded on the Flop
Seat 4: Dorex2007 (small blind) collected ($0.17)
Seat 5: jginfame (big blind) folded on the Turn
Seat 6: Almanza63 folded before Flop (didn't bet)
Seat 7: Kaktusbluetchen folded before Flop (didn't bet)
Seat 8: wizzard67 folded before Flop (didn't bet)



PokerStars Hand #236067496924:  Hold'em No Limit ($0.01/$0.02 USD) - 2022/05/11 15:46:04 PT [2022/05/11 18:46:04 ET]
Table 'Serpens' 9-max Seat #4 is the button
Seat 1: Koala1975 ($4.70 in chips) 
Seat 2: Peter47630 ($2.22 in chips) 
Seat 3: nicolaes129 ($1.63 in chips) 
Seat 4: Dorex2007 ($2.13 in chips) 
Seat 5: jginfame ($1.55 in chips) 
Seat 6: Almanza63 ($1.86 in chips) 
Seat 7: Kaktusbluetchen ($10.28 in chips) 
Seat 8: wizzard67 ($3.99 in chips) 
jginfame: posts small blind $0.01
Almanza63: posts big blind $0.02
Red Viper101: sits out 
*** HOLE CARDS ***
Dealt to Dorex2007 [Qd 5s]
Kaktusbluetchen: folds 
wizzard67: folds 
Koala1975: folds 
Peter47630: folds 
nicolaes129: folds 
Dorex2007: folds 
jginfame: folds 
Uncalled bet ($0.01) returned to Almanza63
Almanza63 collected $0.02 from pot
Almanza63: doesn't show hand 
*** SUMMARY ***
Total pot $0.02 | Rake $0 
Seat 1: Koala1975 folded before Flop (didn't bet)
Seat 2: Peter47630 folded before Flop (didn't bet)
Seat 3: nicolaes129 folded before Flop (didn't bet)
Seat 4: Dorex2007 (button) folded before Flop (didn't bet)
Seat 5: jginfame (small blind) folded before Flop
Seat 6: Almanza63 (big blind) collected ($0.02)
Seat 7: Kaktusbluetchen folded before Flop (didn't bet)
Seat 8: wizzard67 folded before Flop (didn't bet)



PokerStars Hand #236067508759:  Hold'em No Limit ($0.01/$0.02 USD) - 2022/05/11 15:46:42 PT [2022/05/11 18:46:42 ET]
Table 'Serpens' 9-max Seat #5 is the button
Seat 1: Koala1975 ($4.70 in chips) 
Seat 2: Peter47630 ($2.22 in chips) 
Seat 3: nicolaes129 ($1.63 in chips) 
Seat 4: Dorex2007 ($2.13 in chips) 
Seat 5: jginfame ($1.54 in chips) 
Seat 6: Almanza63 ($1.87 in chips) 
Seat 8: wizzard67 ($3.99 in chips) 
Almanza63: posts small blind $0.01
Kaktusbluetchen: is sitting out 
wizzard67: posts big blind $0.02
Red Viper101: sits out 
*** HOLE CARDS ***
Dealt to Dorex2007 [Jc 3d]
Koala1975: raises $0.05 to $0.07
Kaktusbluetchen leaves the table
Peter47630: calls $0.07
nicolaes129: folds 
Dorex2007: folds 
jginfame: folds 
Almanza63: folds 
wizzard67: folds 
*** FLOP *** [Th 8c Kh]
felipe002323 joins the table at seat #7 
Koala1975: bets $0.12
Peter47630: folds 
Uncalled bet ($0.12) returned to Koala1975
Koala1975 collected $0.16 from pot
Koala1975: doesn't show hand 
*** SUMMARY ***
Total pot $0.17 | Rake $0.01 
Board [Th 8c Kh]
Seat 1: Koala1975 collected ($0.16)
Seat 2: Peter47630 folded on the Flop
Seat 3: nicolaes129 folded before Flop (didn't bet)
Seat 4: Dorex2007 folded before Flop (didn't bet)
Seat 5: jginfame (button) folded before Flop (didn't bet)
Seat 6: Almanza63 (small blind) folded before Flop
Seat 8: wizzard67 (big blind) folded before Flop



PokerStars Hand #236067528030:  Hold'em No Limit ($0.01/$0.02 USD) - 2022/05/11 15:47:42 PT [2022/05/11 18:47:42 ET]
Table 'Serpens' 9-max Seat #6 is the button
Seat 1: Koala1975 ($4.79 in chips) 
Seat 2: Peter47630 ($2.15 in chips) 
Seat 3: nicolaes129 ($1.63 in chips) 
Seat 4: Dorex2007 ($2.13 in chips) 
Seat 5: jginfame ($1.54 in chips) 
Seat 6: Almanza63 ($1.86 in chips) 
Seat 8: wizzard67 ($3.97 in chips) 
Seat 9: Red Viper101 ($2.21 in chips) 
wizzard67: posts small blind $0.01
Red Viper101: posts big blind $0.02
*** HOLE CARDS ***
Dealt to Dorex2007 [Kd 9s]
Koala1975: raises $0.04 to $0.06
Peter47630: calls $0.06
nicolaes129: folds 
Dorex2007: folds 
jginfame: folds 
Almanza63: folds 
wizzard67: folds 
Red Viper101: folds 
*** FLOP *** [3c 2c Kc]
Koala1975: checks 
Peter47630 has timed out
Peter47630: checks 
*** TURN *** [3c 2c Kc] [8d]
Koala1975: bets $0.11
Peter47630 has timed out
Peter47630: folds 
Uncalled bet ($0.11) returned to Koala1975
Koala1975 collected $0.14 from pot
Koala1975: doesn't show hand 
*** SUMMARY ***
Total pot $0.15 | Rake $0.01 
Board [3c 2c Kc 8d]
Seat 1: Koala1975 collected ($0.14)
Seat 2: Peter47630 folded on the Turn
Seat 3: nicolaes129 folded before Flop (didn't bet)
Seat 4: Dorex2007 folded before Flop (didn't bet)
Seat 5: jginfame folded before Flop (didn't bet)
Seat 6: Almanza63 (button) folded before Flop (didn't bet)
Seat 8: wizzard67 (small blind) folded before Flop
Seat 9: Red Viper101 (big blind) folded before Flop



PokerStars Hand #236067553603:  Hold'em No Limit ($0.01/$0.02 USD) - 2022/05/11 15:49:03 PT [2022/05/11 18:49:03 ET]
Table 'Serpens' 9-max Seat #8 is the button
Seat 1: Koala1975 ($4.87 in chips) 
Seat 2: Peter47630 ($2.09 in chips) 
Seat 3: nicolaes129 ($1.63 in chips) 
Seat 4: Dorex2007 ($2.13 in chips) 
Seat 5: jginfame ($1.54 in chips) 
Seat 6: Almanza63 ($1.86 in chips) 
Seat 7: felipe002323 ($0.80 in chips) 
Seat 8: wizzard67 ($3.96 in chips) 
Seat 9: Red Viper101 ($2.19 in chips) 
Red Viper101: posts small blind $0.01
Koala1975: posts big blind $0.02
felipe002323: posts big blind $0.02
*** HOLE CARDS ***
Dealt to Dorex2007 [Jh Tc]
Peter47630: calls $0.02
nicolaes129: folds 
Dorex2007: folds 
jginfame: folds 
Almanza63: folds 
felipe002323: raises $0.78 to $0.80 and is all-in
wizzard67: folds 
Red Viper101: folds 
Koala1975: folds 
Peter47630: folds 
Uncalled bet ($0.78) returned to felipe002323
felipe002323 collected $0.07 from pot
felipe002323: doesn't show hand 
*** SUMMARY ***
Total pot $0.07 | Rake $0 
Seat 1: Koala1975 (big blind) folded before Flop
Seat 2: Peter47630 folded before Flop
Seat 3: nicolaes129 folded before Flop (didn't bet)
Seat 4: Dorex2007 folded before Flop (didn't bet)
Seat 5: jginfame folded before Flop (didn't bet)
Seat 6: Almanza63 folded before Flop (didn't bet)
Seat 7: felipe002323 collected ($0.07)
Seat 8: wizzard67 (button) folded before Flop (didn't bet)
Seat 9: Red Viper101 (small blind) folded before Flop



PokerStars Hand #236067563550:  Hold'em No Limit ($0.01/$0.02 USD) - 2022/05/11 15:49:34 PT [2022/05/11 18:49:34 ET]
Table 'Serpens' 9-max Seat #9 is the button
Seat 1: Koala1975 ($4.85 in chips) 
Seat 2: Peter47630 ($2.07 in chips) 
Seat 3: nicolaes129 ($1.63 in chips) 
Seat 4: Dorex2007 ($2.13 in chips) 
Seat 5: jginfame ($1.54 in chips) 
Seat 6: Almanza63 ($1.86 in chips) 
Seat 7: felipe002323 ($0.85 in chips) 
Seat 8: wizzard67 ($3.96 in chips) 
Seat 9: Red Viper101 ($2.18 in chips) 
Koala1975: posts small blind $0.01
Peter47630: posts big blind $0.02
*** HOLE CARDS ***
Dealt to Dorex2007 [8d Js]
nicolaes129: raises $0.08 to $0.10
Dorex2007: folds 
jginfame: calls $0.10
Almanza63: folds 
felipe002323: folds 
wizzard67: calls $0.10
Red Viper101: folds 
Koala1975: folds 
Peter47630: folds 
*** FLOP *** [6d 2h 2s]
nicolaes129: bets $0.16
jginfame: folds 
wizzard67: folds 
Uncalled bet ($0.16) returned to nicolaes129
nicolaes129 collected $0.32 from pot
nicolaes129: doesn't show hand 
*** SUMMARY ***
Total pot $0.33 | Rake $0.01 
Board [6d 2h 2s]
Seat 1: Koala1975 (small blind) folded before Flop
Seat 2: Peter47630 (big blind) folded before Flop
Seat 3: nicolaes129 collected ($0.32)
Seat 4: Dorex2007 folded before Flop (didn't bet)
Seat 5: jginfame folded on the Flop
Seat 6: Almanza63 folded before Flop (didn't bet)
Seat 7: felipe002323 folded before Flop (didn't bet)
Seat 8: wizzard67 folded on the Flop
Seat 9: Red Viper101 (button) folded before Flop (didn't bet)



PokerStars Hand #236067577406:  Hold'em No Limit ($0.01/$0.02 USD) - 2022/05/11 15:50:19 PT [2022/05/11 18:50:19 ET]
Table 'Serpens' 9-max Seat #1 is the button
Seat 1: Koala1975 ($4.84 in chips) 
Seat 2: Peter47630 ($2.05 in chips) 
Seat 3: nicolaes129 ($1.85 in chips) 
Seat 4: Dorex2007 ($2.13 in chips) 
Seat 5: jginfame ($1.44 in chips) 
Seat 6: Almanza63 ($1.86 in chips) 
Seat 7: felipe002323 ($0.85 in chips) 
Seat 8: wizzard67 ($3.86 in chips) 
Seat 9: Red Viper101 ($2.18 in chips) 
Peter47630: posts small blind $0.01
nicolaes129: posts big blind $0.02
*** HOLE CARDS ***
Dealt to Dorex2007 [Jd 5h]
Dorex2007: folds 
jginfame: folds 
Almanza63: folds 
felipe002323: folds 
wizzard67: folds 
Red Viper101: folds 
Koala1975: raises $0.05 to $0.07
Peter47630: calls $0.06
nicolaes129: folds 
*** FLOP *** [9c 7d Qs]
Peter47630 has timed out
Peter47630: checks 
Koala1975: bets $0.11
Peter47630: folds 
Uncalled bet ($0.11) returned to Koala1975
Koala1975 collected $0.15 from pot
Koala1975: doesn't show hand 
*** SUMMARY ***
Total pot $0.16 | Rake $0.01 
Board [9c 7d Qs]
Seat 1: Koala1975 (button) collected ($0.15)
Seat 2: Peter47630 (small blind) folded on the Flop
Seat 3: nicolaes129 (big blind) folded before Flop
Seat 4: Dorex2007 folded before Flop (didn't bet)
Seat 5: jginfame folded before Flop (didn't bet)
Seat 6: Almanza63 folded before Flop (didn't bet)
Seat 7: felipe002323 folded before Flop (didn't bet)
Seat 8: wizzard67 folded before Flop (didn't bet)
Seat 9: Red Viper101 folded before Flop (didn't bet)



PokerStars Hand #236067595307:  Hold'em No Limit ($0.01/$0.02 USD) - 2022/05/11 15:51:16 PT [2022/05/11 18:51:16 ET]
Table 'Serpens' 9-max Seat #2 is the button
Seat 1: Koala1975 ($4.92 in chips) 
Seat 2: Peter47630 ($1.98 in chips) 
Seat 3: nicolaes129 ($1.83 in chips) 
Seat 4: Dorex2007 ($2.13 in chips) 
Seat 5: jginfame ($1.44 in chips) 
Seat 6: Almanza63 ($1.86 in chips) 
Seat 7: felipe002323 ($0.85 in chips) 
Seat 8: wizzard67 ($3.86 in chips) 
Seat 9: Red Viper101 ($2.18 in chips) 
nicolaes129: posts small blind $0.01
Dorex2007: posts big blind $0.02
*** HOLE CARDS ***
Dealt to Dorex2007 [3h Kd]
jginfame: raises $0.02 to $0.04
Almanza63: folds 
felipe002323 has timed out
felipe002323: folds 
wizzard67: folds 
Red Viper101: folds 
Koala1975: folds 
Peter47630: folds 
nicolaes129: calls $0.03
Dorex2007: calls $0.02
*** FLOP *** [As Qs Ts]
nicolaes129: checks 
Dorex2007: checks 
jginfame: bets $0.06
nicolaes129: folds 
Dorex2007: folds 
Uncalled bet ($0.06) returned to jginfame
jginfame collected $0.12 from pot
jginfame: doesn't show hand 
*** SUMMARY ***
Total pot $0.12 | Rake $0 
Board [As Qs Ts]
Seat 1: Koala1975 folded before Flop (didn't bet)
Seat 2: Peter47630 (button) folded before Flop (didn't bet)
Seat 3: nicolaes129 (small blind) folded on the Flop
Seat 4: Dorex2007 (big blind) folded on the Flop
Seat 5: jginfame collected ($0.12)
Seat 6: Almanza63 folded before Flop (didn't bet)
Seat 7: felipe002323 folded before Flop (didn't bet)
Seat 8: wizzard67 folded before Flop (didn't bet)
Seat 9: Red Viper101 folded before Flop (didn't bet)



PokerStars Hand #236067611813:  Hold'em No Limit ($0.01/$0.02 USD) - 2022/05/11 15:52:09 PT [2022/05/11 18:52:09 ET]
Table 'Serpens' 9-max Seat #3 is the button
Seat 1: Koala1975 ($4.92 in chips) 
Seat 2: Peter47630 ($1.98 in chips) 
Seat 3: nicolaes129 ($1.79 in chips) 
Seat 4: Dorex2007 ($2.09 in chips) 
Seat 5: jginfame ($1.52 in chips) 
Seat 6: Almanza63 ($1.86 in chips) 
Seat 7: felipe002323 ($0.85 in chips) 
Seat 8: wizzard67 ($3.86 in chips) 
Seat 9: Red Viper101 ($2.18 in chips) 
Dorex2007: posts small blind $0.01
jginfame: posts big blind $0.02
*** HOLE CARDS ***
Dealt to Dorex2007 [5s As]
Almanza63 has timed out
Almanza63: folds 
felipe002323: folds 
wizzard67: calls $0.02
Red Viper101: folds 
Koala1975: calls $0.02
Peter47630: calls $0.02
nicolaes129: folds 
Dorex2007: calls $0.01
jginfame: checks 
*** FLOP *** [7s 8d Kd]
Dorex2007: checks 
jginfame: checks 
wizzard67: checks 
Koala1975: checks 
Peter47630: bets $0.10
Dorex2007: folds 
jginfame: folds 
wizzard67: folds 
Koala1975: calls $0.10
*** TURN *** [7s 8d Kd] [Kc]
Koala1975: checks 
Peter47630: bets $0.10
Koala1975: folds 
Uncalled bet ($0.10) returned to Peter47630
Peter47630 collected $0.29 from pot
Peter47630: doesn't show hand 
*** SUMMARY ***
Total pot $0.30 | Rake $0.01 
Board [7s 8d Kd Kc]
Seat 1: Koala1975 folded on the Turn
Seat 2: Peter47630 collected ($0.29)
Seat 3: nicolaes129 (button) folded before Flop (didn't bet)
Seat 4: Dorex2007 (small blind) folded on the Flop
Seat 5: jginfame (big blind) folded on the Flop
Seat 6: Almanza63 folded before Flop (didn't bet)
Seat 7: felipe002323 folded before Flop (didn't bet)
Seat 8: wizzard67 folded on the Flop
Seat 9: Red Viper101 folded before Flop (didn't bet)



PokerStars Hand #236067637244:  Hold'em No Limit ($0.01/$0.02 USD) - 2022/05/11 15:53:31 PT [2022/05/11 18:53:31 ET]
Table 'Serpens' 9-max Seat #4 is the button
Seat 1: Koala1975 ($4.80 in chips) 
Seat 2: Peter47630 ($2.15 in chips) 
Seat 3: nicolaes129 ($1.79 in chips) 
Seat 4: Dorex2007 ($2.07 in chips) 
Seat 5: jginfame ($1.50 in chips) 
Seat 6: Almanza63 ($1.86 in chips) 
Seat 7: felipe002323 ($0.85 in chips) 
Seat 8: wizzard67 ($3.84 in chips) 
Seat 9: Red Viper101 ($2.18 in chips) 
jginfame: posts small blind $0.01
Almanza63: posts big blind $0.02
*** HOLE CARDS ***
Dealt to Dorex2007 [5c Kh]
felipe002323: raises $0.83 to $0.85 and is all-in
wizzard67: folds 
Red Viper101: folds 
Koala1975: folds 
Peter47630: folds 
nicolaes129: folds 
Dorex2007: folds 
jginfame: folds 
Almanza63: folds 
Uncalled bet ($0.83) returned to felipe002323
felipe002323 collected $0.05 from pot
felipe002323: doesn't show hand 
*** SUMMARY ***
Total pot $0.05 | Rake $0 
Seat 1: Koala1975 folded before Flop (didn't bet)
Seat 2: Peter47630 folded before Flop (didn't bet)
Seat 3: nicolaes129 folded before Flop (didn't bet)
Seat 4: Dorex2007 (button) folded before Flop (didn't bet)
Seat 5: jginfame (small blind) folded before Flop
Seat 6: Almanza63 (big blind) folded before Flop
Seat 7: felipe002323 collected ($0.05)
Seat 8: wizzard67 folded before Flop (didn't bet)
Seat 9: Red Viper101 folded before Flop (didn't bet)



PokerStars Hand #236067644808:  Hold'em No Limit ($0.01/$0.02 USD) - 2022/05/11 15:53:56 PT [2022/05/11 18:53:56 ET]
Table 'Serpens' 9-max Seat #5 is the button
Seat 1: Koala1975 ($4.80 in chips) 
Seat 2: Peter47630 ($2.15 in chips) 
Seat 3: nicolaes129 ($1.79 in chips) 
Seat 4: Dorex2007 ($2.07 in chips) 
Seat 5: jginfame ($1.49 in chips) 
Seat 6: Almanza63 ($1.84 in chips) 
Seat 7: felipe002323 ($0.88 in chips) 
Seat 8: wizzard67 ($3.84 in chips) 
Seat 9: Red Viper101 ($2.18 in chips) 
Almanza63: posts small blind $0.01
felipe002323: posts big blind $0.02
*** HOLE CARDS ***
Dealt to Dorex2007 [8h 4c]
wizzard67: folds 
Red Viper101: folds 
Koala1975: folds 
Peter47630: calls $0.02
nicolaes129: folds 
Dorex2007: folds 
jginfame: folds 
Almanza63: raises $0.02 to $0.04
felipe002323: calls $0.02
Peter47630: calls $0.02
*** FLOP *** [6d Qs Qc]
Almanza63: checks 
felipe002323: checks 
Peter47630: checks 
*** TURN *** [6d Qs Qc] [8d]
Almanza63: checks 
felipe002323: checks 
Peter47630: checks 
*** RIVER *** [6d Qs Qc 8d] [6h]
Almanza63: checks 
felipe002323: bets $0.02
Peter47630: calls $0.02
Almanza63: folds 
*** SHOW DOWN ***
felipe002323: shows [Ah 9s] (two pair, Queens and Sixes)
Peter47630: mucks hand 
felipe002323 collected $0.15 from pot
*** SUMMARY ***
Total pot $0.16 | Rake $0.01 
Board [6d Qs Qc 8d 6h]
Seat 1: Koala1975 folded before Flop (didn't bet)
Seat 2: Peter47630 mucked [Kc Js]
Seat 3: nicolaes129 folded before Flop (didn't bet)
Seat 4: Dorex2007 folded before Flop (didn't bet)
Seat 5: jginfame (button) folded before Flop (didn't bet)
Seat 6: Almanza63 (small blind) folded on the River
Seat 7: felipe002323 (big blind) showed [Ah 9s] and won ($0.15) with two pair, Queens and Sixes
Seat 8: wizzard67 folded before Flop (didn't bet)
Seat 9: Red Viper101 folded before Flop (didn't bet)



PokerStars Hand #236067663273:  Hold'em No Limit ($0.01/$0.02 USD) - 2022/05/11 15:54:57 PT [2022/05/11 18:54:57 ET]
Table 'Serpens' 9-max Seat #6 is the button
Seat 1: Koala1975 ($4.80 in chips) 
Seat 2: Peter47630 ($2.09 in chips) 
Seat 3: nicolaes129 ($1.79 in chips) 
Seat 4: Dorex2007 ($2.07 in chips) 
Seat 5: jginfame ($1.49 in chips) 
Seat 6: Almanza63 ($1.80 in chips) 
Seat 7: felipe002323 ($0.97 in chips) 
Seat 8: wizzard67 ($3.84 in chips) 
Seat 9: Red Viper101 ($2.18 in chips) 
felipe002323: posts small blind $0.01
wizzard67: posts big blind $0.02
*** HOLE CARDS ***
Dealt to Dorex2007 [Ad 6d]
Red Viper101: folds 
Koala1975: folds 
Peter47630: folds 
nicolaes129: folds 
Dorex2007: calls $0.02
jginfame has timed out
jginfame: folds 
Almanza63: folds 
felipe002323: folds 
wizzard67: checks 
*** FLOP *** [7d 4s Td]
wizzard67: checks 
Dorex2007: bets $0.05
wizzard67: calls $0.05
*** TURN *** [7d 4s Td] [6h]
wizzard67: checks 
Dorex2007: checks 
*** RIVER *** [7d 4s Td 6h] [4c]
wizzard67: bets $0.10
Dorex2007: calls $0.10
*** SHOW DOWN ***
wizzard67: shows [4d Th] (a full house, Fours full of Tens)
Dorex2007: mucks hand 
wizzard67 collected $0.34 from pot
*** SUMMARY ***
Total pot $0.35 | Rake $0.01 
Board [7d 4s Td 6h 4c]
Seat 1: Koala1975 folded before Flop (didn't bet)
Seat 2: Peter47630 folded before Flop (didn't bet)
Seat 3: nicolaes129 folded before Flop (didn't bet)
Seat 4: Dorex2007 mucked [Ad 6d]
Seat 5: jginfame folded before Flop (didn't bet)
Seat 6: Almanza63 (button) folded before Flop (didn't bet)
Seat 7: felipe002323 (small blind) folded before Flop
Seat 8: wizzard67 (big blind) showed [4d Th] and won ($0.34) with a full house, Fours full of Tens
Seat 9: Red Viper101 folded before Flop (didn't bet)



PokerStars Hand #236067681099:  Hold'em No Limit ($0.01/$0.02 USD) - 2022/05/11 15:56:10 PT [2022/05/11 18:56:10 ET]
Table 'Serpens' 9-max Seat #7 is the button
Seat 1: Koala1975 ($4.80 in chips) 
Seat 2: Peter47630 ($2.09 in chips) 
Seat 3: nicolaes129 ($1.79 in chips) 
Seat 4: Dorex2007 ($2 in chips) 
Seat 5: jginfame ($1.49 in chips) 
Seat 6: Almanza63 ($1.80 in chips) 
Seat 7: felipe002323 ($0.96 in chips) 
Seat 8: wizzard67 ($4.01 in chips) 
Seat 9: Red Viper101 ($2.18 in chips) 
wizzard67: posts small blind $0.01
Red Viper101: posts big blind $0.02
*** HOLE CARDS ***
Dealt to Dorex2007 [4c 2h]
Koala1975: folds 
Peter47630: calls $0.02
nicolaes129: folds 
Dorex2007: folds 
jginfame: calls $0.02
Almanza63: raises $0.04 to $0.06
felipe002323: folds 
wizzard67: folds 
Red Viper101: folds 
Peter47630: calls $0.04
jginfame: calls $0.04
*** FLOP *** [Tc 4d 5s]
Peter47630: checks 
jginfame: checks 
Almanza63: checks 
*** TURN *** [Tc 4d 5s] [Td]
Peter47630: checks 
jginfame: checks 
Almanza63: checks 
*** RIVER *** [Tc 4d 5s Td] [2s]
Peter47630: bets $0.12
jginfame: calls $0.12
Almanza63: folds 
*** SHOW DOWN ***
Peter47630: shows [Ks 9c] (a pair of Tens)
jginfame: shows [6s 5c] (two pair, Tens and Fives)
jginfame collected $0.43 from pot
*** SUMMARY ***
Total pot $0.45 | Rake $0.02 
Board [Tc 4d 5s Td 2s]
Seat 1: Koala1975 folded before Flop (didn't bet)
Seat 2: Peter47630 showed [Ks 9c] and lost with a pair of Tens
Seat 3: nicolaes129 folded before Flop (didn't bet)
Seat 4: Dorex2007 folded before Flop (didn't bet)
Seat 5: jginfame showed [6s 5c] and won ($0.43) with two pair, Tens and Fives
Seat 6: Almanza63 folded on the River
Seat 7: felipe002323 (button) folded before Flop (didn't bet)
Seat 8: wizzard67 (small blind) folded before Flop
Seat 9: Red Viper101 (big blind) folded before Flop



PokerStars Hand #236067698966:  Hold'em No Limit ($0.01/$0.02 USD) - 2022/05/11 15:57:25 PT [2022/05/11 18:57:25 ET]
Table 'Serpens' 9-max Seat #8 is the button
Seat 1: Koala1975 ($4.80 in chips) 
Seat 2: Peter47630 ($1.91 in chips) 
Seat 3: nicolaes129 ($1.79 in chips) 
Seat 4: Dorex2007 ($2 in chips) 
Seat 5: jginfame ($1.74 in chips) 
Seat 6: Almanza63 ($1.74 in chips) 
Seat 7: felipe002323 ($0.96 in chips) 
Seat 8: wizzard67 ($4 in chips) 
Seat 9: Red Viper101 ($2.16 in chips) 
Red Viper101: posts small blind $0.01
Koala1975: posts big blind $0.02
*** HOLE CARDS ***
Dealt to Dorex2007 [2c 2d]
Peter47630: calls $0.02
nicolaes129: folds 
Dorex2007: folds 
jginfame: folds 
Almanza63: raises $0.07 to $0.09
felipe002323: folds 
wizzard67: folds 
Red Viper101: folds 
Koala1975: folds 
Peter47630: folds 
Uncalled bet ($0.07) returned to Almanza63
Almanza63 collected $0.07 from pot
Almanza63: doesn't show hand 
*** SUMMARY ***
Total pot $0.07 | Rake $0 
Seat 1: Koala1975 (big blind) folded before Flop
Seat 2: Peter47630 folded before Flop
Seat 3: nicolaes129 folded before Flop (didn't bet)
Seat 4: Dorex2007 folded before Flop (didn't bet)
Seat 5: jginfame folded before Flop (didn't bet)
Seat 6: Almanza63 collected ($0.07)
Seat 7: felipe002323 folded before Flop (didn't bet)
Seat 8: wizzard67 (button) folded before Flop (didn't bet)
Seat 9: Red Viper101 (small blind) folded before Flop



PokerStars Hand #236067706101:  Hold'em No Limit ($0.01/$0.02 USD) - 2022/05/11 15:57:56 PT [2022/05/11 18:57:56 ET]
Table 'Serpens' 9-max Seat #9 is the button
Seat 1: Koala1975 ($4.78 in chips) 
Seat 2: Peter47630 ($1.89 in chips) 
Seat 3: nicolaes129 ($1.79 in chips) 
Seat 4: Dorex2007 ($2 in chips) 
Seat 5: jginfame ($1.74 in chips) 
Seat 6: Almanza63 ($1.79 in chips) 
Seat 7: felipe002323 ($0.96 in chips) 
Seat 8: wizzard67 ($4 in chips) 
Seat 9: Red Viper101 ($2.15 in chips) 
Koala1975: posts small blind $0.01
Peter47630: posts big blind $0.02
*** HOLE CARDS ***
Dealt to Dorex2007 [8h 6s]
nicolaes129: folds 
Dorex2007: folds 
jginfame: folds 
Almanza63: folds 
felipe002323 has timed out
felipe002323: folds 
wizzard67: folds 
Red Viper101: folds 
Koala1975: raises $0.04 to $0.06
Peter47630: folds 
Uncalled bet ($0.04) returned to Koala1975
Koala1975 collected $0.04 from pot
Koala1975: doesn't show hand 
*** SUMMARY ***
Total pot $0.04 | Rake $0 
Seat 1: Koala1975 (small blind) collected ($0.04)
Seat 2: Peter47630 (big blind) folded before Flop
Seat 3: nicolaes129 folded before Flop (didn't bet)
Seat 4: Dorex2007 folded before Flop (didn't bet)
Seat 5: jginfame folded before Flop (didn't bet)
Seat 6: Almanza63 folded before Flop (didn't bet)
Seat 7: felipe002323 folded before Flop (didn't bet)
Seat 8: wizzard67 folded before Flop (didn't bet)
Seat 9: Red Viper101 (button) folded before Flop (didn't bet)



PokerStars Hand #236067715969:  Hold'em No Limit ($0.01/$0.02 USD) - 2022/05/11 15:58:37 PT [2022/05/11 18:58:37 ET]
Table 'Serpens' 9-max Seat #1 is the button
Seat 1: Koala1975 ($4.80 in chips) 
Seat 2: Peter47630 ($1.87 in chips) 
Seat 4: Dorex2007 ($2 in chips) 
Seat 5: jginfame ($1.74 in chips) 
Seat 6: Almanza63 ($1.79 in chips) 
Seat 7: felipe002323 ($0.96 in chips) 
Seat 8: wizzard67 ($4 in chips) 
Seat 9: Red Viper101 ($2.15 in chips) 
Peter47630: posts small blind $0.01
nicolaes129: is sitting out 
Dorex2007: posts big blind $0.02
*** HOLE CARDS ***
Dealt to Dorex2007 [9c 4s]
jginfame: raises $0.02 to $0.04
Almanza63: folds 
felipe002323: folds 
wizzard67: raises $0.06 to $0.10
Red Viper101: folds 
Koala1975: folds 
Peter47630: calls $0.09
Dorex2007: folds 
jginfame: raises $1.64 to $1.74 and is all-in
wizzard67: folds 
Peter47630: folds 
Uncalled bet ($1.64) returned to jginfame
jginfame collected $0.32 from pot
jginfame: doesn't show hand 
*** SUMMARY ***
Total pot $0.32 | Rake $0 
Seat 1: Koala1975 (button) folded before Flop (didn't bet)
Seat 2: Peter47630 (small blind) folded before Flop
Seat 4: Dorex2007 (big blind) folded before Flop
Seat 5: jginfame collected ($0.32)
Seat 6: Almanza63 folded before Flop (didn't bet)
Seat 7: felipe002323 folded before Flop (didn't bet)
Seat 8: wizzard67 folded before Flop
Seat 9: Red Viper101 folded before Flop (didn't bet)



PokerStars Hand #236067728968:  Hold'em No Limit ($0.01/$0.02 USD) - 2022/05/11 15:59:32 PT [2022/05/11 18:59:32 ET]
Table 'Serpens' 9-max Seat #2 is the button
Seat 1: Koala1975 ($4.80 in chips) 
Seat 2: Peter47630 ($1.77 in chips) 
Seat 4: Dorex2007 ($2 in chips) 
Seat 5: jginfame ($1.96 in chips) 
Seat 6: Almanza63 ($1.79 in chips) 
Seat 7: felipe002323 ($0.96 in chips) 
Seat 8: wizzard67 ($3.90 in chips) 
Seat 9: Red Viper101 ($2.15 in chips) 
Dorex2007: posts small blind $0.01
jginfame: posts big blind $0.02
*** HOLE CARDS ***
Dealt to Dorex2007 [6c 3c]
Almanza63: raises $0.05 to $0.07
felipe002323: calls $0.07
wizzard67: calls $0.07
Red Viper101: folds 
Koala1975: calls $0.07
Peter47630: calls $0.07
Dorex2007: folds 
jginfame: folds 
*** FLOP *** [9h 7c 6s]
Almanza63: checks 
felipe002323: checks 
wizzard67: bets $0.22
Koala1975: folds 
Peter47630: folds 
Almanza63: folds 
felipe002323: folds 
Uncalled bet ($0.22) returned to wizzard67
wizzard67 collected $0.37 from pot
wizzard67: doesn't show hand 
*** SUMMARY ***
Total pot $0.38 | Rake $0.01 
Board [9h 7c 6s]
Seat 1: Koala1975 folded on the Flop
Seat 2: Peter47630 (button) folded on the Flop
Seat 4: Dorex2007 (small blind) folded before Flop
Seat 5: jginfame (big blind) folded before Flop
Seat 6: Almanza63 folded on the Flop
Seat 7: felipe002323 folded on the Flop
Seat 8: wizzard67 collected ($0.37)
Seat 9: Red Viper101 folded before Flop (didn't bet)



PokerStars Hand #236067743302:  Hold'em No Limit ($0.01/$0.02 USD) - 2022/05/11 16:00:32 PT [2022/05/11 19:00:32 ET]
Table 'Serpens' 9-max Seat #4 is the button
Seat 2: Peter47630 ($1.70 in chips) 
Seat 4: Dorex2007 ($2 in chips) 
Seat 5: jginfame ($1.94 in chips) 
Seat 6: Almanza63 ($1.72 in chips) 
Seat 7: felipe002323 ($0.89 in chips) 
Seat 8: wizzard67 ($4.20 in chips) 
jginfame: posts small blind $0.01
Almanza63: posts big blind $0.02
*** HOLE CARDS ***
Dealt to Dorex2007 [Td Qs]
felipe002323: folds 
wizzard67: folds 
Peter47630: folds 
Dorex2007: raises $0.04 to $0.06
jginfame: calls $0.05
Almanza63: folds 
*** FLOP *** [Th 4d 8d]
jginfame: checks 
Dorex2007: bets $0.09
jginfame: calls $0.09
*** TURN *** [Th 4d 8d] [Ks]
jginfame: checks 
Dorex2007: checks 
*** RIVER *** [Th 4d 8d Ks] [7h]
jginfame: bets $0.16
Dorex2007: calls $0.16
*** SHOW DOWN ***
jginfame: shows [As 7s] (a pair of Sevens)
Dorex2007: shows [Td Qs] (a pair of Tens)
Dorex2007 collected $0.62 from pot
*** SUMMARY ***
Total pot $0.64 | Rake $0.02 
Board [Th 4d 8d Ks 7h]
Seat 2: Peter47630 folded before Flop (didn't bet)
Seat 4: Dorex2007 (button) showed [Td Qs] and won ($0.62) with a pair of Tens
Seat 5: jginfame (small blind) showed [As 7s] and lost with a pair of Sevens
Seat 6: Almanza63 (big blind) folded before Flop
Seat 7: felipe002323 folded before Flop (didn't bet)
Seat 8: wizzard67 folded before Flop (didn't bet)



PokerStars Hand #236067761530:  Hold'em No Limit ($0.01/$0.02 USD) - 2022/05/11 16:01:38 PT [2022/05/11 19:01:38 ET]
Table 'Serpens' 9-max Seat #5 is the button
Seat 2: Peter47630 ($1.70 in chips) 
Seat 4: Dorex2007 ($2.31 in chips) 
Seat 5: jginfame ($1.63 in chips) 
Seat 6: Almanza63 ($1.70 in chips) 
Seat 7: felipe002323 ($0.89 in chips) 
Seat 8: wizzard67 ($4.20 in chips) 
Almanza63: posts small blind $0.01
felipe002323: posts big blind $0.02
*** HOLE CARDS ***
Dealt to Dorex2007 [2c 7d]
wizzard67: calls $0.02
Peter47630: folds 
Dorex2007: folds 
jginfame: folds 
Almanza63: calls $0.01
felipe002323: checks 
*** FLOP *** [5h 2s 9d]
Almanza63: checks 
felipe002323: bets $0.03
wizzard67: raises $0.07 to $0.10
Almanza63: folds 
felipe002323: calls $0.07
*** TURN *** [5h 2s 9d] [8h]
felipe002323: checks 
wizzard67: bets $0.16
felipe002323: calls $0.16
*** RIVER *** [5h 2s 9d 8h] [Kc]
felipe002323: checks 
wizzard67: checks 
*** SHOW DOWN ***
felipe002323: shows [7c 9c] (a pair of Nines)
wizzard67: shows [Ts Tc] (a pair of Tens)
wizzard67 collected $0.56 from pot
*** SUMMARY ***
Total pot $0.58 | Rake $0.02 
Board [5h 2s 9d 8h Kc]
Seat 2: Peter47630 folded before Flop (didn't bet)
Seat 4: Dorex2007 folded before Flop (didn't bet)
Seat 5: jginfame (button) folded before Flop (didn't bet)
Seat 6: Almanza63 (small blind) folded on the Flop
Seat 7: felipe002323 (big blind) showed [7c 9c] and lost with a pair of Nines
Seat 8: wizzard67 showed [Ts Tc] and won ($0.56) with a pair of Tens



PokerStars Hand #236067779772:  Hold'em No Limit ($0.01/$0.02 USD) - 2022/05/11 16:02:40 PT [2022/05/11 19:02:40 ET]
Table 'Serpens' 9-max Seat #6 is the button
Seat 2: Peter47630 ($1.70 in chips) 
Seat 4: Dorex2007 ($2.31 in chips) 
Seat 5: jginfame ($1.63 in chips) 
Seat 6: Almanza63 ($1.68 in chips) 
Seat 7: felipe002323 ($0.61 in chips) 
felipe002323: posts small blind $0.01
wizzard67: is sitting out 
Peter47630: posts big blind $0.02
nicolaes129: sits out 
*** HOLE CARDS ***
Dealt to Dorex2007 [4c Jc]
Dorex2007: folds 
jginfame: folds 
Almanza63: folds 
felipe002323: raises $0.59 to $0.61 and is all-in
Peter47630: folds 
Uncalled bet ($0.59) returned to felipe002323
felipe002323 collected $0.04 from pot
felipe002323: doesn't show hand 
*** SUMMARY ***
Total pot $0.04 | Rake $0 
Seat 2: Peter47630 (big blind) folded before Flop
Seat 4: Dorex2007 folded before Flop (didn't bet)
Seat 5: jginfame folded before Flop (didn't bet)
Seat 6: Almanza63 (button) folded before Flop (didn't bet)
Seat 7: felipe002323 (small blind) collected ($0.04)



PokerStars Hand #236067788611:  Hold'em No Limit ($0.01/$0.02 USD) - 2022/05/11 16:03:10 PT [2022/05/11 19:03:10 ET]
Table 'Serpens' 9-max Seat #7 is the button
Seat 2: Peter47630 ($1.68 in chips) 
Seat 3: nicolaes129 ($1.79 in chips) 
Seat 4: Dorex2007 ($2.31 in chips) 
Seat 5: jginfame ($1.63 in chips) 
Seat 6: Almanza63 ($1.68 in chips) 
Seat 7: felipe002323 ($0.63 in chips) 
Peter47630: posts small blind $0.01
nicolaes129: posts big blind $0.02
*** HOLE CARDS ***
Dealt to Dorex2007 [Kh 8s]
Dorex2007: folds 
jginfame: folds 
Almanza63: raises $0.07 to $0.09
felipe002323: folds 
Peter47630: folds 
nicolaes129: calls $0.07
*** FLOP *** [4h 4s 4d]
nicolaes129: checks 
Almanza63: checks 
*** TURN *** [4h 4s 4d] [8d]
nicolaes129: checks 
Almanza63: checks 
*** RIVER *** [4h 4s 4d 8d] [Th]
nicolaes129: checks 
Almanza63: checks 
*** SHOW DOWN ***
nicolaes129: shows [Ts As] (a full house, Fours full of Tens)
Almanza63: mucks hand 
nicolaes129 collected $0.18 from pot
*** SUMMARY ***
Total pot $0.19 | Rake $0.01 
Board [4h 4s 4d 8d Th]
Seat 2: Peter47630 (small blind) folded before Flop
Seat 3: nicolaes129 (big blind) showed [Ts As] and won ($0.18) with a full house, Fours full of Tens
Seat 4: Dorex2007 folded before Flop (didn't bet)
Seat 5: jginfame folded before Flop (didn't bet)
Seat 6: Almanza63 mucked [7h Ah]
Seat 7: felipe002323 (button) folded before Flop (didn't bet)



PokerStars Hand #236067810176:  Hold'em No Limit ($0.01/$0.02 USD) - 2022/05/11 16:04:22 PT [2022/05/11 19:04:22 ET]
Table 'Serpens' 9-max Seat #2 is the button
Seat 1: Koala1975 ($4.73 in chips) 
Seat 2: Peter47630 ($1.67 in chips) 
Seat 3: nicolaes129 ($1.88 in chips) 
Seat 4: Dorex2007 ($2.31 in chips) 
Seat 5: jginfame ($1.63 in chips) 
Seat 6: Almanza63 ($1.59 in chips) 
Seat 7: felipe002323 ($0.63 in chips) 
nicolaes129: posts small blind $0.01
Dorex2007: posts big blind $0.02
Koala1975: posts small & big blinds $0.03
*** HOLE CARDS ***
Dealt to Dorex2007 [4s Kd]
jginfame: folds 
Almanza63: folds 
felipe002323: folds 
Koala1975: raises $0.06 to $0.08
Peter47630: folds 
nicolaes129: calls $0.07
Dorex2007: folds 
*** FLOP *** [4h 4c 7c]
nicolaes129: checks 
Koala1975: bets $0.14
nicolaes129: calls $0.14
*** TURN *** [4h 4c 7c] [8h]
nicolaes129: checks 
Koala1975: checks 
*** RIVER *** [4h 4c 7c 8h] [Jd]
nicolaes129: bets $0.40
Koala1975: folds 
Uncalled bet ($0.40) returned to nicolaes129
nicolaes129 collected $0.45 from pot
nicolaes129: doesn't show hand 
*** SUMMARY ***
Total pot $0.47 | Rake $0.02 
Board [4h 4c 7c 8h Jd]
Seat 1: Koala1975 folded on the River
Seat 2: Peter47630 (button) folded before Flop (didn't bet)
Seat 3: nicolaes129 (small blind) collected ($0.45)
Seat 4: Dorex2007 (big blind) folded before Flop
Seat 5: jginfame folded before Flop (didn't bet)
Seat 6: Almanza63 folded before Flop (didn't bet)
Seat 7: felipe002323 folded before Flop (didn't bet)



PokerStars Hand #236067824573:  Hold'em No Limit ($0.01/$0.02 USD) - 2022/05/11 16:05:11 PT [2022/05/11 19:05:11 ET]
Table 'Serpens' 9-max Seat #3 is the button
Seat 1: Koala1975 ($4.50 in chips) 
Seat 2: Peter47630 ($1.67 in chips) 
Seat 3: nicolaes129 ($2.11 in chips) 
Seat 4: Dorex2007 ($2.29 in chips) 
Seat 5: jginfame ($1.63 in chips) 
Seat 6: Almanza63 ($1.59 in chips) 
Seat 7: felipe002323 ($0.63 in chips) 
Dorex2007: posts small blind $0.01
jginfame: posts big blind $0.02
wizzard67: sits out 
*** HOLE CARDS ***
Dealt to Dorex2007 [Kd Kh]
Almanza63: folds 
felipe002323: folds 
Koala1975: folds 
Peter47630: folds 
nicolaes129: calls $0.02
Dorex2007: raises $0.08 to $0.10
jginfame: calls $0.08
nicolaes129: folds 
*** FLOP *** [3d 9s 2h]
Dorex2007: bets $0.11
jginfame: calls $0.11
*** TURN *** [3d 9s 2h] [4c]
Dorex2007: bets $0.42
jginfame: calls $0.42
*** RIVER *** [3d 9s 2h 4c] [2c]
Dorex2007: bets $1.24
jginfame: folds 
Uncalled bet ($1.24) returned to Dorex2007
Dorex2007 collected $1.24 from pot
Dorex2007: doesn't show hand 
*** SUMMARY ***
Total pot $1.28 | Rake $0.04 
Board [3d 9s 2h 4c 2c]
Seat 1: Koala1975 folded before Flop (didn't bet)
Seat 2: Peter47630 folded before Flop (didn't bet)
Seat 3: nicolaes129 (button) folded before Flop
Seat 4: Dorex2007 (small blind) collected ($1.24)
Seat 5: jginfame (big blind) folded on the River
Seat 6: Almanza63 folded before Flop (didn't bet)
Seat 7: felipe002323 folded before Flop (didn't bet)



PokerStars Hand #236067842841:  Hold'em No Limit ($0.01/$0.02 USD) - 2022/05/11 16:06:08 PT [2022/05/11 19:06:08 ET]
Table 'Serpens' 9-max Seat #4 is the button
Seat 1: Koala1975 ($4.50 in chips) 
Seat 2: Peter47630 ($1.67 in chips) 
Seat 3: nicolaes129 ($2.09 in chips) 
Seat 4: Dorex2007 ($2.90 in chips) 
Seat 5: jginfame ($1 in chips) 
Seat 6: Almanza63 ($1.59 in chips) 
Seat 7: felipe002323 ($0.63 in chips) 
jginfame: posts small blind $0.01
Almanza63: posts big blind $0.02
wizzard67: sits out 
Red Viper101: sits out 
*** HOLE CARDS ***
Dealt to Dorex2007 [As Kd]
felipe002323 has timed out
felipe002323: folds 
Koala1975 has timed out
Koala1975: folds 
Peter47630: folds 
nicolaes129: calls $0.02
Dorex2007: raises $0.04 to $0.06
jginfame: folds 
Almanza63: folds 
nicolaes129: folds 
Uncalled bet ($0.04) returned to Dorex2007
Dorex2007 collected $0.07 from pot
Dorex2007: doesn't show hand 
*** SUMMARY ***
Total pot $0.07 | Rake $0 
Seat 1: Koala1975 folded before Flop (didn't bet)
Seat 2: Peter47630 folded before Flop (didn't bet)
Seat 3: nicolaes129 folded before Flop
Seat 4: Dorex2007 (button) collected ($0.07)
Seat 5: jginfame (small blind) folded before Flop
Seat 6: Almanza63 (big blind) folded before Flop
Seat 7: felipe002323 folded before Flop (didn't bet)



PokerStars Hand #236067854972:  Hold'em No Limit ($0.01/$0.02 USD) - 2022/05/11 16:06:49 PT [2022/05/11 19:06:49 ET]
Table 'Serpens' 9-max Seat #5 is the button
Seat 2: Peter47630 ($1.67 in chips) 
Seat 3: nicolaes129 ($2.07 in chips) 
Seat 4: Dorex2007 ($2.95 in chips) 
Seat 5: jginfame ($0.99 in chips) 
Seat 6: Almanza63 ($1.57 in chips) 
Seat 7: felipe002323 ($0.63 in chips) 
Almanza63: posts small blind $0.01
felipe002323: posts big blind $0.02
wizzard67: sits out 
Red Viper101: sits out 
*** HOLE CARDS ***
Dealt to Dorex2007 [9d 6c]
Peter47630: folds 
nicolaes129: folds 
Dorex2007: folds 
jginfame: raises $0.04 to $0.06
Almanza63: folds 
felipe002323: folds 
Uncalled bet ($0.04) returned to jginfame
jginfame collected $0.05 from pot
jginfame: doesn't show hand 
*** SUMMARY ***
Total pot $0.05 | Rake $0 
Seat 2: Peter47630 folded before Flop (didn't bet)
Seat 3: nicolaes129 folded before Flop (didn't bet)
Seat 4: Dorex2007 folded before Flop (didn't bet)
Seat 5: jginfame (button) collected ($0.05)
Seat 6: Almanza63 (small blind) folded before Flop
Seat 7: felipe002323 (big blind) folded before Flop



PokerStars Hand #236067860819:  Hold'em No Limit ($0.01/$0.02 USD) - 2022/05/11 16:07:08 PT [2022/05/11 19:07:08 ET]
Table 'Serpens' 9-max Seat #6 is the button
Seat 2: Peter47630 ($1.67 in chips) 
Seat 3: nicolaes129 ($2.07 in chips) 
Seat 4: Dorex2007 ($2.95 in chips) 
Seat 5: jginfame ($1.02 in chips) 
Seat 6: Almanza63 ($1.56 in chips) 
Seat 7: felipe002323 ($0.61 in chips) 
Seat 8: wizzard67 ($4.48 in chips) 
felipe002323: posts small blind $0.01
wizzard67: posts big blind $0.02
Red Viper101: sits out 
*** HOLE CARDS ***
Dealt to Dorex2007 [Jh 5d]
Peter47630: folds 
nicolaes129: folds 
Dorex2007: folds 
jginfame: raises $0.04 to $0.06
Almanza63: calls $0.06
felipe002323: raises $0.55 to $0.61 and is all-in
wizzard67: folds 
jginfame: folds 
Almanza63: folds 
Uncalled bet ($0.55) returned to felipe002323
felipe002323 collected $0.20 from pot
felipe002323: doesn't show hand 
*** SUMMARY ***
Total pot $0.20 | Rake $0 
Seat 2: Peter47630 folded before Flop (didn't bet)
Seat 3: nicolaes129 folded before Flop (didn't bet)
Seat 4: Dorex2007 folded before Flop (didn't bet)
Seat 5: jginfame folded before Flop
Seat 6: Almanza63 (button) folded before Flop
Seat 7: felipe002323 (small blind) collected ($0.20)
Seat 8: wizzard67 (big blind) folded before Flop



PokerStars Hand #236067867754:  Hold'em No Limit ($0.01/$0.02 USD) - 2022/05/11 16:07:32 PT [2022/05/11 19:07:32 ET]
Table 'Serpens' 9-max Seat #7 is the button
Seat 2: Peter47630 ($1.67 in chips) 
Seat 3: nicolaes129 ($2.07 in chips) 
Seat 4: Dorex2007 ($2.95 in chips) 
Seat 5: jginfame ($0.96 in chips) 
Seat 6: Almanza63 ($1.50 in chips) 
Seat 7: felipe002323 ($0.75 in chips) 
Seat 8: wizzard67 ($4.46 in chips) 
Seat 9: Red Viper101 ($2.15 in chips) 
wizzard67: posts small blind $0.01
Red Viper101: posts big blind $0.02
*** HOLE CARDS ***
Dealt to Dorex2007 [4s Kh]
Peter47630: folds 
nicolaes129: folds 
Dorex2007: folds 
jginfame: raises $0.02 to $0.04
Almanza63: raises $0.03 to $0.07
felipe002323: folds 
wizzard67: folds 
Red Viper101: folds 
jginfame: calls $0.03
*** FLOP *** [6c Ks 9h]
jginfame: checks 
Almanza63: bets $0.09
jginfame: calls $0.09
*** TURN *** [6c Ks 9h] [2s]
jginfame: checks 
Almanza63: checks 
*** RIVER *** [6c Ks 9h 2s] [6s]
jginfame: bets $0.34
Almanza63: folds 
Uncalled bet ($0.34) returned to jginfame
jginfame collected $0.34 from pot
jginfame: doesn't show hand 
*** SUMMARY ***
Total pot $0.35 | Rake $0.01 
Board [6c Ks 9h 2s 6s]
Seat 2: Peter47630 folded before Flop (didn't bet)
Seat 3: nicolaes129 folded before Flop (didn't bet)
Seat 4: Dorex2007 folded before Flop (didn't bet)
Seat 5: jginfame collected ($0.34)
Seat 6: Almanza63 folded on the River
Seat 7: felipe002323 (button) folded before Flop (didn't bet)
Seat 8: wizzard67 (small blind) folded before Flop
Seat 9: Red Viper101 (big blind) folded before Flop



PokerStars Hand #236067884189:  Hold'em No Limit ($0.01/$0.02 USD) - 2022/05/11 16:08:28 PT [2022/05/11 19:08:28 ET]
Table 'Serpens' 9-max Seat #8 is the button
Seat 1: Koala1975 ($4.50 in chips) 
Seat 2: Peter47630 ($1.67 in chips) 
Seat 3: nicolaes129 ($2.07 in chips) 
Seat 4: Dorex2007 ($2.95 in chips) 
Seat 5: jginfame ($1.14 in chips) 
Seat 6: Almanza63 ($1.84 in chips) 
Seat 7: felipe002323 ($0.75 in chips) 
Seat 8: wizzard67 ($4.45 in chips) 
Seat 9: Red Viper101 ($2.13 in chips) 
Red Viper101: posts small blind $0.01
Koala1975: posts big blind $0.02
*** HOLE CARDS ***
Dealt to Dorex2007 [9d 6h]
Peter47630: calls $0.02
nicolaes129: folds 
Dorex2007: folds 
jginfame: folds 
Almanza63: folds 
felipe002323: raises $0.04 to $0.06
wizzard67: folds 
Red Viper101: folds 
Koala1975: folds 
Peter47630: calls $0.04
*** FLOP *** [6c 2c 3c]
Peter47630: checks 
felipe002323: bets $0.69 and is all-in
Peter47630: folds 
Uncalled bet ($0.69) returned to felipe002323
felipe002323 collected $0.14 from pot
felipe002323: doesn't show hand 
*** SUMMARY ***
Total pot $0.15 | Rake $0.01 
Board [6c 2c 3c]
Seat 1: Koala1975 (big blind) folded before Flop
Seat 2: Peter47630 folded on the Flop
Seat 3: nicolaes129 folded before Flop (didn't bet)
Seat 4: Dorex2007 folded before Flop (didn't bet)
Seat 5: jginfame folded before Flop (didn't bet)
Seat 6: Almanza63 folded before Flop (didn't bet)
Seat 7: felipe002323 collected ($0.14)
Seat 8: wizzard67 (button) folded before Flop (didn't bet)
Seat 9: Red Viper101 (small blind) folded before Flop



PokerStars Hand #236067898124:  Hold'em No Limit ($0.01/$0.02 USD) - 2022/05/11 16:09:16 PT [2022/05/11 19:09:16 ET]
Table 'Serpens' 9-max Seat #9 is the button
Seat 1: Koala1975 ($4.48 in chips) 
Seat 2: Peter47630 ($1.61 in chips) 
Seat 3: nicolaes129 ($2.07 in chips) 
Seat 4: Dorex2007 ($2.95 in chips) 
Seat 6: Almanza63 ($1.84 in chips) 
Seat 7: felipe002323 ($0.83 in chips) 
Seat 8: wizzard67 ($4.45 in chips) 
Seat 9: Red Viper101 ($2.12 in chips) 
Koala1975: posts small blind $0.01
Peter47630: posts big blind $0.02
*** HOLE CARDS ***
Dealt to Dorex2007 [8s 3d]
nicolaes129: folds 
Dorex2007: folds 
Almanza63: raises $0.07 to $0.09
felipe002323: folds 
wizzard67: folds 
Red Viper101: folds 
Koala1975: folds 
Peter47630: folds 
Uncalled bet ($0.07) returned to Almanza63
Almanza63 collected $0.05 from pot
Almanza63: doesn't show hand 
*** SUMMARY ***
Total pot $0.05 | Rake $0 
Seat 1: Koala1975 (small blind) folded before Flop
Seat 2: Peter47630 (big blind) folded before Flop
Seat 3: nicolaes129 folded before Flop (didn't bet)
Seat 4: Dorex2007 folded before Flop (didn't bet)
Seat 6: Almanza63 collected ($0.05)
Seat 7: felipe002323 folded before Flop (didn't bet)
Seat 8: wizzard67 folded before Flop (didn't bet)
Seat 9: Red Viper101 (button) folded before Flop (didn't bet)



PokerStars Hand #236067903353:  Hold'em No Limit ($0.01/$0.02 USD) - 2022/05/11 16:09:34 PT [2022/05/11 19:09:34 ET]
Table 'Serpens' 9-max Seat #1 is the button
Seat 1: Koala1975 ($4.47 in chips) 
Seat 2: Peter47630 ($1.59 in chips) 
Seat 3: nicolaes129 ($2.07 in chips) 
Seat 4: Dorex2007 ($2.95 in chips) 
Seat 6: Almanza63 ($1.87 in chips) 
Seat 7: felipe002323 ($0.83 in chips) 
Seat 8: wizzard67 ($4.45 in chips) 
Seat 9: Red Viper101 ($2.12 in chips) 
Peter47630: posts small blind $0.01
nicolaes129: posts big blind $0.02
*** HOLE CARDS ***
Dealt to Dorex2007 [Ad 9h]
Dorex2007: folds 
Almanza63: raises $0.05 to $0.07
felipe002323: folds 
wizzard67: folds 
Red Viper101: folds 
Koala1975: folds 
Peter47630: calls $0.06
nicolaes129: folds 
*** FLOP *** [5h 3c Qh]
Peter47630: checks 
Almanza63: bets $0.09
Peter47630: folds 
Uncalled bet ($0.09) returned to Almanza63
Almanza63 collected $0.15 from pot
Almanza63: doesn't show hand 
*** SUMMARY ***
Total pot $0.16 | Rake $0.01 
Board [5h 3c Qh]
Seat 1: Koala1975 (button) folded before Flop (didn't bet)
Seat 2: Peter47630 (small blind) folded on the Flop
Seat 3: nicolaes129 (big blind) folded before Flop
Seat 4: Dorex2007 folded before Flop (didn't bet)
Seat 6: Almanza63 collected ($0.15)
Seat 7: felipe002323 folded before Flop (didn't bet)
Seat 8: wizzard67 folded before Flop (didn't bet)
Seat 9: Red Viper101 folded before Flop (didn't bet)



PokerStars Hand #236067920233:  Hold'em No Limit ($0.01/$0.02 USD) - 2022/05/11 16:10:20 PT [2022/05/11 19:10:20 ET]
Table 'Serpens' 9-max Seat #2 is the button
Seat 1: Koala1975 ($4.47 in chips) 
Seat 2: Peter47630 ($1.52 in chips) 
Seat 3: nicolaes129 ($2.05 in chips) 
Seat 4: Dorex2007 ($2.95 in chips) 
Seat 6: Almanza63 ($1.95 in chips) 
Seat 7: felipe002323 ($0.83 in chips) 
Seat 8: wizzard67 ($4.45 in chips) 
Seat 9: Red Viper101 ($2.12 in chips) 
nicolaes129: posts small blind $0.01
Dorex2007: posts big blind $0.02
*** HOLE CARDS ***
Dealt to Dorex2007 [Tc 7d]
Almanza63: folds 
felipe002323: raises $0.02 to $0.04
wizzard67: folds 
Red Viper101: folds 
Koala1975: calls $0.04
Peter47630: folds 
nicolaes129: folds 
Dorex2007: folds 
*** FLOP *** [Js Th 3d]
felipe002323: bets $0.02
Koala1975: raises $0.09 to $0.11
felipe002323: folds 
Uncalled bet ($0.09) returned to Koala1975
Koala1975 collected $0.14 from pot
Koala1975: doesn't show hand 
*** SUMMARY ***
Total pot $0.15 | Rake $0.01 
Board [Js Th 3d]
Seat 1: Koala1975 collected ($0.14)
Seat 2: Peter47630 (button) folded before Flop (didn't bet)
Seat 3: nicolaes129 (small blind) folded before Flop
Seat 4: Dorex2007 (big blind) folded before Flop
Seat 6: Almanza63 folded before Flop (didn't bet)
Seat 7: felipe002323 folded on the Flop
Seat 8: wizzard67 folded before Flop (didn't bet)
Seat 9: Red Viper101 folded before Flop (didn't bet)



PokerStars Hand #236067931715:  Hold'em No Limit ($0.01/$0.02 USD) - 2022/05/11 16:11:00 PT [2022/05/11 19:11:00 ET]
Table 'Serpens' 9-max Seat #3 is the button
Seat 1: Koala1975 ($4.55 in chips) 
Seat 2: Peter47630 ($1.52 in chips) 
Seat 3: nicolaes129 ($2.04 in chips) 
Seat 4: Dorex2007 ($2.93 in chips) 
Seat 6: Almanza63 ($1.95 in chips) 
Seat 7: felipe002323 ($0.77 in chips) 
Seat 8: wizzard67 ($4.45 in chips) 
Seat 9: Red Viper101 ($2.12 in chips) 
Dorex2007: posts small blind $0.01
Almanza63: posts big blind $0.02
*** HOLE CARDS ***
Dealt to Dorex2007 [4c 4h]
felipe002323: folds 
wizzard67: folds 
Red Viper101: folds 
Koala1975: folds 
Peter47630 has timed out
Peter47630: folds 
nicolaes129: folds 
Dorex2007: raises $0.04 to $0.06
Almanza63: folds 
Uncalled bet ($0.04) returned to Dorex2007
Dorex2007 collected $0.04 from pot
Dorex2007: doesn't show hand 
*** SUMMARY ***
Total pot $0.04 | Rake $0 
Seat 1: Koala1975 folded before Flop (didn't bet)
Seat 2: Peter47630 folded before Flop (didn't bet)
Seat 3: nicolaes129 (button) folded before Flop (didn't bet)
Seat 4: Dorex2007 (small blind) collected ($0.04)
Seat 6: Almanza63 (big blind) folded before Flop
Seat 7: felipe002323 folded before Flop (didn't bet)
Seat 8: wizzard67 folded before Flop (didn't bet)
Seat 9: Red Viper101 folded before Flop (didn't bet)



PokerStars Hand #236067944056:  Hold'em No Limit ($0.01/$0.02 USD) - 2022/05/11 16:11:42 PT [2022/05/11 19:11:42 ET]
Table 'Serpens' 9-max Seat #4 is the button
Seat 1: Koala1975 ($4.55 in chips) 
Seat 2: Peter47630 ($1.52 in chips) 
Seat 3: nicolaes129 ($2.04 in chips) 
Seat 4: Dorex2007 ($2.95 in chips) 
Seat 6: Almanza63 ($1.93 in chips) 
Seat 7: felipe002323 ($0.77 in chips) 
Seat 8: wizzard67 ($4.45 in chips) 
Seat 9: Red Viper101 ($2.12 in chips) 
Almanza63: posts small blind $0.01
felipe002323: posts big blind $0.02
*** HOLE CARDS ***
Dealt to Dorex2007 [3h Ks]
wizzard67: raises $0.04 to $0.06
Red Viper101: folds 
Koala1975: folds 
Peter47630: folds 
nicolaes129: folds 
Dorex2007: folds 
Almanza63: folds 
felipe002323: calls $0.04
*** FLOP *** [6h Tc Jc]
felipe002323: bets $0.04
wizzard67: raises $0.06 to $0.10
felipe002323: raises $0.61 to $0.71 and is all-in
wizzard67: calls $0.61
*** TURN *** [6h Tc Jc] [2c]
*** RIVER *** [6h Tc Jc 2c] [2s]
*** SHOW DOWN ***
felipe002323: shows [Qs Jh] (two pair, Jacks and Deuces)
wizzard67: shows [Ts Th] (a full house, Tens full of Deuces)
wizzard67 cashed out the hand for $1.39 | Cash Out Fee $0.01
*** SUMMARY ***
Total pot $1.55 | Rake $0.05 
Board [6h Tc Jc 2c 2s]
Seat 1: Koala1975 folded before Flop (didn't bet)
Seat 2: Peter47630 folded before Flop (didn't bet)
Seat 3: nicolaes129 folded before Flop (didn't bet)
Seat 4: Dorex2007 (button) folded before Flop (didn't bet)
Seat 6: Almanza63 (small blind) folded before Flop
Seat 7: felipe002323 (big blind) showed [Qs Jh] and lost with two pair, Jacks and Deuces
Seat 8: wizzard67 showed [Ts Th] and won ($1.50) with a full house, Tens full of Deuces (pot not awarded as player cashed out)
Seat 9: Red Viper101 folded before Flop (didn't bet)



PokerStars Hand #236067963915:  Hold'em No Limit ($0.01/$0.02 USD) - 2022/05/11 16:12:51 PT [2022/05/11 19:12:51 ET]
Table 'Serpens' 9-max Seat #6 is the button
Seat 1: Koala1975 ($4.55 in chips) 
Seat 2: Peter47630 ($1.52 in chips) 
Seat 3: nicolaes129 ($2.04 in chips) 
Seat 4: Dorex2007 ($2.95 in chips) 
Seat 6: Almanza63 ($1.92 in chips) 
Seat 8: wizzard67 ($5.07 in chips) 
Seat 9: Red Viper101 ($2.12 in chips) 
wizzard67: posts small blind $0.01
Red Viper101: posts big blind $0.02
*** HOLE CARDS ***
Dealt to Dorex2007 [Td Ad]
Koala1975: folds 
Peter47630: calls $0.02
nicolaes129: calls $0.02
Dorex2007: raises $0.04 to $0.06
Almanza63: folds 
wizzard67: folds 
Red Viper101: folds 
Peter47630: calls $0.04
nicolaes129: calls $0.04
*** FLOP *** [Ah Qh 8d]
Peter47630: checks 
nicolaes129: checks 
Dorex2007: bets $0.20
Peter47630: folds 
nicolaes129: folds 
Uncalled bet ($0.20) returned to Dorex2007
Dorex2007 collected $0.20 from pot
Dorex2007: doesn't show hand 
*** SUMMARY ***
Total pot $0.21 | Rake $0.01 
Board [Ah Qh 8d]
Seat 1: Koala1975 folded before Flop (didn't bet)
Seat 2: Peter47630 folded on the Flop
Seat 3: nicolaes129 folded on the Flop
Seat 4: Dorex2007 collected ($0.20)
Seat 6: Almanza63 (button) folded before Flop (didn't bet)
Seat 8: wizzard67 (small blind) folded before Flop
Seat 9: Red Viper101 (big blind) folded before Flop



PokerStars Hand #236067980572:  Hold'em No Limit ($0.01/$0.02 USD) - 2022/05/11 16:13:49 PT [2022/05/11 19:13:49 ET]
Table 'Serpens' 9-max Seat #8 is the button
Seat 1: Koala1975 ($4.55 in chips) 
Seat 2: Peter47630 ($1.46 in chips) 
Seat 3: nicolaes129 ($1.98 in chips) 
Seat 4: Dorex2007 ($3.09 in chips) 
Seat 6: Almanza63 ($1.92 in chips) 
Seat 7: felipe002323 ($0.80 in chips) 
Seat 8: wizzard67 ($5.06 in chips) 
Seat 9: Red Viper101 ($2.10 in chips) 
Red Viper101: posts small blind $0.01
Koala1975: posts big blind $0.02
felipe002323: posts small blind $0.01
*** HOLE CARDS ***
Dealt to Dorex2007 [6c 7s]
Peter47630: folds 
nicolaes129: folds 
Dorex2007: folds 
Almanza63: folds 
felipe002323 has timed out
felipe002323: folds 
wizzard67: calls $0.02
Red Viper101: folds 
Koala1975: checks 
*** FLOP *** [Qh Js 3s]
Koala1975: checks 
wizzard67: checks 
*** TURN *** [Qh Js 3s] [4s]
Koala1975: checks 
wizzard67: bets $0.04
Koala1975: folds 
Uncalled bet ($0.04) returned to wizzard67
wizzard67 collected $0.06 from pot
wizzard67: doesn't show hand 
*** SUMMARY ***
Total pot $0.06 | Rake $0 
Board [Qh Js 3s 4s]
Seat 1: Koala1975 (big blind) folded on the Turn
Seat 2: Peter47630 folded before Flop (didn't bet)
Seat 3: nicolaes129 folded before Flop (didn't bet)
Seat 4: Dorex2007 folded before Flop (didn't bet)
Seat 6: Almanza63 folded before Flop (didn't bet)
Seat 7: felipe002323 folded before Flop (didn't bet)
Seat 8: wizzard67 (button) collected ($0.06)
Seat 9: Red Viper101 (small blind) folded before Flop



PokerStars Hand #236068000594:  Hold'em No Limit ($0.01/$0.02 USD) - 2022/05/11 16:14:59 PT [2022/05/11 19:14:59 ET]
Table 'Serpens' 9-max Seat #9 is the button
Seat 1: Koala1975 ($4.53 in chips) 
Seat 2: Peter47630 ($1.46 in chips) 
Seat 3: nicolaes129 ($1.98 in chips) 
Seat 4: Dorex2007 ($3.09 in chips) 
Seat 6: Almanza63 ($1.92 in chips) 
Seat 7: felipe002323 ($0.79 in chips) 
Seat 8: wizzard67 ($5.10 in chips) 
Seat 9: Red Viper101 ($2.09 in chips) 
Koala1975: posts small blind $0.01
Peter47630: posts big blind $0.02
*** HOLE CARDS ***
Dealt to Dorex2007 [Js Jc]
nicolaes129: folds 
Dorex2007: raises $0.04 to $0.06
Almanza63: folds 
felipe002323: folds 
wizzard67: folds 
Red Viper101: folds 
Koala1975: folds 
Peter47630: folds 
Uncalled bet ($0.04) returned to Dorex2007
Dorex2007 collected $0.05 from pot
Dorex2007: doesn't show hand 
*** SUMMARY ***
Total pot $0.05 | Rake $0 
Seat 1: Koala1975 (small blind) folded before Flop
Seat 2: Peter47630 (big blind) folded before Flop
Seat 3: nicolaes129 folded before Flop (didn't bet)
Seat 4: Dorex2007 collected ($0.05)
Seat 6: Almanza63 folded before Flop (didn't bet)
Seat 7: felipe002323 folded before Flop (didn't bet)
Seat 8: wizzard67 folded before Flop (didn't bet)
Seat 9: Red Viper101 (button) folded before Flop (didn't bet)



PokerStars Hand #236068007191:  Hold'em No Limit ($0.01/$0.02 USD) - 2022/05/11 16:15:21 PT [2022/05/11 19:15:21 ET]
Table 'Serpens' 9-max Seat #1 is the button
Seat 1: Koala1975 ($4.52 in chips) 
Seat 2: Peter47630 ($1.44 in chips) 
Seat 3: nicolaes129 ($1.98 in chips) 
Seat 4: Dorex2007 ($3.12 in chips) 
Seat 6: Almanza63 ($1.92 in chips) 
Seat 7: felipe002323 ($0.79 in chips) 
Seat 8: wizzard67 ($5.10 in chips) 
Seat 9: Red Viper101 ($2.09 in chips) 
Peter47630: posts small blind $0.01
nicolaes129: posts big blind $0.02
*** HOLE CARDS ***
Dealt to Dorex2007 [4c As]
Dorex2007: folds 
Almanza63: folds 
felipe002323 has timed out
felipe002323: folds 
wizzard67: folds 
Red Viper101: folds 
Koala1975: raises $0.04 to $0.06
Peter47630: calls $0.05
nicolaes129: folds 
*** FLOP *** [2s Qs 5s]
Peter47630: checks 
Koala1975: bets $0.14
Peter47630: folds 
Uncalled bet ($0.14) returned to Koala1975
Koala1975 collected $0.14 from pot
Koala1975: doesn't show hand 
*** SUMMARY ***
Total pot $0.14 | Rake $0 
Board [2s Qs 5s]
Seat 1: Koala1975 (button) collected ($0.14)
Seat 2: Peter47630 (small blind) folded on the Flop
Seat 3: nicolaes129 (big blind) folded before Flop
Seat 4: Dorex2007 folded before Flop (didn't bet)
Seat 6: Almanza63 folded before Flop (didn't bet)
Seat 7: felipe002323 folded before Flop (didn't bet)
Seat 8: wizzard67 folded before Flop (didn't bet)
Seat 9: Red Viper101 folded before Flop (didn't bet)



PokerStars Hand #236068018381:  Hold'em No Limit ($0.01/$0.02 USD) - 2022/05/11 16:16:01 PT [2022/05/11 19:16:01 ET]
Table 'Serpens' 9-max Seat #2 is the button
Seat 1: Koala1975 ($4.60 in chips) 
Seat 2: Peter47630 ($1.38 in chips) 
Seat 3: nicolaes129 ($1.96 in chips) 
Seat 4: Dorex2007 ($3.12 in chips) 
Seat 6: Almanza63 ($1.92 in chips) 
Seat 7: felipe002323 ($0.79 in chips) 
Seat 8: wizzard67 ($5.10 in chips) 
Seat 9: Red Viper101 ($2.09 in chips) 
nicolaes129: posts small blind $0.01
Dorex2007: posts big blind $0.02
*** HOLE CARDS ***
Dealt to Dorex2007 [Jh 8s]
Almanza63: folds 
felipe002323: raises $0.77 to $0.79 and is all-in
wizzard67: folds 
Red Viper101: raises $1.30 to $2.09 and is all-in
Koala1975: folds 
Peter47630: folds 
nicolaes129: folds 
Dorex2007: folds 
Uncalled bet ($1.30) returned to Red Viper101
*** FLOP *** [3d Qs 8d]
*** TURN *** [3d Qs 8d] [5h]
*** RIVER *** [3d Qs 8d 5h] [7h]
*** SHOW DOWN ***
felipe002323: shows [As Jd] (high card Ace)
Red Viper101: shows [Kc Kd] (a pair of Kings)
Red Viper101 collected $1.55 from pot
*** SUMMARY ***
Total pot $1.61 | Rake $0.06 
Board [3d Qs 8d 5h 7h]
Seat 1: Koala1975 folded before Flop (didn't bet)
Seat 2: Peter47630 (button) folded before Flop (didn't bet)
Seat 3: nicolaes129 (small blind) folded before Flop
Seat 4: Dorex2007 (big blind) folded before Flop
Seat 6: Almanza63 folded before Flop (didn't bet)
Seat 7: felipe002323 showed [As Jd] and lost with high card Ace
Seat 8: wizzard67 folded before Flop (didn't bet)
Seat 9: Red Viper101 showed [Kc Kd] and won ($1.55) with a pair of Kings



PokerStars Hand #236068028911:  Hold'em No Limit ($0.01/$0.02 USD) - 2022/05/11 16:16:38 PT [2022/05/11 19:16:38 ET]
Table 'Serpens' 9-max Seat #3 is the button
Seat 1: Koala1975 ($4.60 in chips) 
Seat 2: Peter47630 ($1.38 in chips) 
Seat 3: nicolaes129 ($1.95 in chips) 
Seat 4: Dorex2007 ($3.10 in chips) 
Seat 6: Almanza63 ($1.92 in chips) 
Seat 8: wizzard67 ($5.10 in chips) 
Seat 9: Red Viper101 ($2.85 in chips) 
Dorex2007: posts small blind $0.01
Almanza63: posts big blind $0.02
*** HOLE CARDS ***
Dealt to Dorex2007 [8c 7h]
wizzard67: folds 
felipe002323 leaves the table
Red Viper101: folds 
Koala1975: folds 
Peter47630: calls $0.02
nicolaes129: calls $0.02
Dorex2007: calls $0.01
Almanza63: checks 
*** FLOP *** [6s 2h Th]
Dorex2007: checks 
Almanza63: checks 
Peter47630: checks 
nicolaes129: checks 
*** TURN *** [6s 2h Th] [Tc]
Dorex2007: checks 
Almanza63: checks 
Peter47630: checks 
nicolaes129: bets $0.04
Dorex2007: folds 
Almanza63: calls $0.04
Peter47630: calls $0.04
*** RIVER *** [6s 2h Th Tc] [Kc]
Almanza63: checks 
Peter47630: bets $0.06
nicolaes129: folds 
Almanza63: folds 
Uncalled bet ($0.06) returned to Peter47630
Peter47630 collected $0.19 from pot
Peter47630: doesn't show hand 
*** SUMMARY ***
Total pot $0.20 | Rake $0.01 
Board [6s 2h Th Tc Kc]
Seat 1: Koala1975 folded before Flop (didn't bet)
Seat 2: Peter47630 collected ($0.19)
Seat 3: nicolaes129 (button) folded on the River
Seat 4: Dorex2007 (small blind) folded on the Turn
Seat 6: Almanza63 (big blind) folded on the River
Seat 8: wizzard67 folded before Flop (didn't bet)
Seat 9: Red Viper101 folded before Flop (didn't bet)



PokerStars Hand #236068048700:  Hold'em No Limit ($0.01/$0.02 USD) - 2022/05/11 16:17:48 PT [2022/05/11 19:17:48 ET]
Table 'Serpens' 9-max Seat #4 is the button
Seat 1: Koala1975 ($4.60 in chips) 
Seat 2: Peter47630 ($1.51 in chips) 
Seat 3: nicolaes129 ($1.89 in chips) 
Seat 4: Dorex2007 ($3.08 in chips) 
Seat 6: Almanza63 ($1.86 in chips) 
Seat 8: wizzard67 ($5.10 in chips) 
Seat 9: Red Viper101 ($2.85 in chips) 
Almanza63: posts small blind $0.01
wizzard67: posts big blind $0.02
*** HOLE CARDS ***
Dealt to Dorex2007 [Jh 8c]
Red Viper101: raises $0.04 to $0.06
Koala1975: folds 
Peter47630: folds 
nicolaes129: folds 
Dorex2007: folds 
Almanza63: folds 
wizzard67: calls $0.04
*** FLOP *** [7d 5h Jc]
wizzard67: checks 
Red Viper101: bets $0.09
wizzard67: folds 
Uncalled bet ($0.09) returned to Red Viper101
Red Viper101 collected $0.13 from pot
Red Viper101: doesn't show hand 
*** SUMMARY ***
Total pot $0.13 | Rake $0 
Board [7d 5h Jc]
Seat 1: Koala1975 folded before Flop (didn't bet)
Seat 2: Peter47630 folded before Flop (didn't bet)
Seat 3: nicolaes129 folded before Flop (didn't bet)
Seat 4: Dorex2007 (button) folded before Flop (didn't bet)
Seat 6: Almanza63 (small blind) folded before Flop
Seat 8: wizzard67 (big blind) folded on the Flop
Seat 9: Red Viper101 collected ($0.13)



PokerStars Hand #236068058557:  Hold'em No Limit ($0.01/$0.02 USD) - 2022/05/11 16:18:23 PT [2022/05/11 19:18:23 ET]
Table 'Serpens' 9-max Seat #6 is the button
Seat 1: Koala1975 ($4.60 in chips) 
Seat 2: Peter47630 ($1.51 in chips) 
Seat 3: nicolaes129 ($1.89 in chips) 
Seat 4: Dorex2007 ($3.08 in chips) 
Seat 6: Almanza63 ($1.85 in chips) 
Seat 8: wizzard67 ($5.04 in chips) 
Seat 9: Red Viper101 ($2.92 in chips) 
wizzard67: posts small blind $0.01
Red Viper101: posts big blind $0.02
*** HOLE CARDS ***
Dealt to Dorex2007 [2d Ac]
Koala1975: folds 
Peter47630: folds 
nicolaes129: folds 
Dorex2007: folds 
Almanza63: folds 
wizzard67: folds 
Uncalled bet ($0.01) returned to Red Viper101
Red Viper101 collected $0.02 from pot
Red Viper101: doesn't show hand 
*** SUMMARY ***
Total pot $0.02 | Rake $0 
Seat 1: Koala1975 folded before Flop (didn't bet)
Seat 2: Peter47630 folded before Flop (didn't bet)
Seat 3: nicolaes129 folded before Flop (didn't bet)
Seat 4: Dorex2007 folded before Flop (didn't bet)
Seat 6: Almanza63 (button) folded before Flop (didn't bet)
Seat 8: wizzard67 (small blind) folded before Flop
Seat 9: Red Viper101 (big blind) collected ($0.02)



PokerStars Hand #236068060819:  Hold'em No Limit ($0.01/$0.02 USD) - 2022/05/11 16:18:31 PT [2022/05/11 19:18:31 ET]
Table 'Serpens' 9-max Seat #8 is the button
Seat 1: Koala1975 ($4.60 in chips) 
Seat 2: Peter47630 ($1.51 in chips) 
Seat 3: nicolaes129 ($1.89 in chips) 
Seat 4: Dorex2007 ($3.08 in chips) 
Seat 6: Almanza63 ($1.85 in chips) 
Seat 8: wizzard67 ($5.03 in chips) 
Seat 9: Red Viper101 ($2.93 in chips) 
Red Viper101: posts small blind $0.01
Koala1975: posts big blind $0.02
*** HOLE CARDS ***
Dealt to Dorex2007 [3c Jh]
Peter47630: folds 
nicolaes129: calls $0.02
Dorex2007: folds 
Almanza63: folds 
wizzard67: folds 
Red Viper101: folds 
Koala1975: checks 
*** FLOP *** [Kd 5d 7d]
Koala1975: checks 
nicolaes129: bets $0.03
Koala1975: folds 
Uncalled bet ($0.03) returned to nicolaes129
nicolaes129 collected $0.05 from pot
nicolaes129: doesn't show hand 
*** SUMMARY ***
Total pot $0.05 | Rake $0 
Board [Kd 5d 7d]
Seat 1: Koala1975 (big blind) folded on the Flop
Seat 2: Peter47630 folded before Flop (didn't bet)
Seat 3: nicolaes129 collected ($0.05)
Seat 4: Dorex2007 folded before Flop (didn't bet)
Seat 6: Almanza63 folded before Flop (didn't bet)
Seat 8: wizzard67 (button) folded before Flop (didn't bet)
Seat 9: Red Viper101 (small blind) folded before Flop



PokerStars Hand #236068069079:  Hold'em No Limit ($0.01/$0.02 USD) - 2022/05/11 16:19:01 PT [2022/05/11 19:19:01 ET]
Table 'Serpens' 9-max Seat #9 is the button
Seat 1: Koala1975 ($4.58 in chips) 
Seat 2: Peter47630 ($1.51 in chips) 
Seat 3: nicolaes129 ($1.92 in chips) 
Seat 4: Dorex2007 ($3.08 in chips) 
Seat 6: Almanza63 ($1.85 in chips) 
Seat 8: wizzard67 ($5.03 in chips) 
Seat 9: Red Viper101 ($2.92 in chips) 
Koala1975: posts small blind $0.01
Peter47630: posts big blind $0.02
*** HOLE CARDS ***
Dealt to Dorex2007 [As 2c]
nicolaes129: folds 
Dorex2007: folds 
Almanza63: folds 
wizzard67: calls $0.02
Red Viper101: folds 
Koala1975: calls $0.01
Peter47630 has timed out
Peter47630: checks 
*** FLOP *** [3s Ts 5d]
Koala1975: checks 
Peter47630: checks 
Trickuent joins the table at seat #7 
wizzard67: bets $0.04
Koala1975: folds 
Peter47630: folds 
Uncalled bet ($0.04) returned to wizzard67
wizzard67 collected $0.06 from pot
wizzard67: doesn't show hand 
*** SUMMARY ***
Total pot $0.06 | Rake $0 
Board [3s Ts 5d]
Seat 1: Koala1975 (small blind) folded on the Flop
Seat 2: Peter47630 (big blind) folded on the Flop
Seat 3: nicolaes129 folded before Flop (didn't bet)
Seat 4: Dorex2007 folded before Flop (didn't bet)
Seat 6: Almanza63 folded before Flop (didn't bet)
Seat 8: wizzard67 collected ($0.06)
Seat 9: Red Viper101 (button) folded before Flop (didn't bet)



PokerStars Hand #236068101636:  Hold'em No Limit ($0.01/$0.02 USD) - 2022/05/11 16:20:45 PT [2022/05/11 19:20:45 ET]
Table 'Serpens' 9-max Seat #1 is the button
Seat 1: Koala1975 ($4.56 in chips) 
Seat 2: Peter47630 ($1.49 in chips) 
Seat 4: Dorex2007 ($3.08 in chips) 
Seat 6: Almanza63 ($1.85 in chips) 
Seat 8: wizzard67 ($5.07 in chips) 
Seat 9: Red Viper101 ($2.92 in chips) 
Peter47630: posts small blind $0.01
nicolaes129: is sitting out 
nicolaes129 leaves the table
Dorex2007: posts big blind $0.02
Trickuent: sits out 
*** HOLE CARDS ***
Dealt to Dorex2007 [As Qd]
Almanza63: folds 
wizzard67: calls $0.02
Red Viper101: folds 
TIMBERO19988 joins the table at seat #3 
Koala1975: raises $0.07 to $0.09
Peter47630: calls $0.08
Dorex2007: calls $0.07
wizzard67: folds 
*** FLOP *** [4s 9s 3d]
Peter47630: bets $0.08
Dorex2007: folds 
Koala1975: folds 
Uncalled bet ($0.08) returned to Peter47630
Peter47630 collected $0.28 from pot
Peter47630: doesn't show hand 
*** SUMMARY ***
Total pot $0.29 | Rake $0.01 
Board [4s 9s 3d]
Seat 1: Koala1975 (button) folded on the Flop
Seat 2: Peter47630 (small blind) collected ($0.28)
Seat 4: Dorex2007 (big blind) folded on the Flop
Seat 6: Almanza63 folded before Flop (didn't bet)
Seat 8: wizzard67 folded before Flop
Seat 9: Red Viper101 folded before Flop (didn't bet)



PokerStars Hand #236068116028:  Hold'em No Limit ($0.01/$0.02 USD) - 2022/05/11 16:21:36 PT [2022/05/11 19:21:36 ET]
Table 'Serpens' 9-max Seat #2 is the button
Seat 1: Koala1975 ($4.47 in chips) 
Seat 2: Peter47630 ($1.68 in chips) 
Seat 4: Dorex2007 ($2.99 in chips) 
Seat 6: Almanza63 ($1.85 in chips) 
Seat 8: wizzard67 ($5.05 in chips) 
Seat 9: Red Viper101 ($2.92 in chips) 
Dorex2007: posts small blind $0.01
Almanza63: posts big blind $0.02
Trickuent: sits out 
*** HOLE CARDS ***
Dealt to Dorex2007 [Jc Jh]
wizzard67: folds 
Red Viper101: folds 
Koala1975: folds 
Peter47630: folds 
Dorex2007: raises $0.04 to $0.06
Almanza63: folds 
Uncalled bet ($0.04) returned to Dorex2007
Dorex2007 collected $0.04 from pot
Dorex2007: doesn't show hand 
*** SUMMARY ***
Total pot $0.04 | Rake $0 
Seat 1: Koala1975 folded before Flop (didn't bet)
Seat 2: Peter47630 (button) folded before Flop (didn't bet)
Seat 4: Dorex2007 (small blind) collected ($0.04)
Seat 6: Almanza63 (big blind) folded before Flop
Seat 8: wizzard67 folded before Flop (didn't bet)
Seat 9: Red Viper101 folded before Flop (didn't bet)



PokerStars Hand #236068123000:  Hold'em No Limit ($0.01/$0.02 USD) - 2022/05/11 16:22:02 PT [2022/05/11 19:22:02 ET]
Table 'Serpens' 9-max Seat #4 is the button
Seat 1: Koala1975 ($4.47 in chips) 
Seat 2: Peter47630 ($1.68 in chips) 
Seat 4: Dorex2007 ($3.01 in chips) 
Seat 6: Almanza63 ($1.83 in chips) 
Seat 7: Trickuent ($2 in chips) 
Seat 8: wizzard67 ($5.05 in chips) 
Seat 9: Red Viper101 ($2.92 in chips) 
Almanza63: posts small blind $0.01
Trickuent: posts big blind $0.02
TIMBERO19988: sits out 
*** HOLE CARDS ***
Dealt to Dorex2007 [4h 6s]
wizzard67 has timed out
wizzard67: folds 
Red Viper101: folds 
Koala1975: folds 
Peter47630: folds 
Dorex2007: folds 
Almanza63: raises $0.07 to $0.09
Trickuent: folds 
Uncalled bet ($0.07) returned to Almanza63
Almanza63 collected $0.04 from pot
Almanza63: doesn't show hand 
*** SUMMARY ***
Total pot $0.04 | Rake $0 
Seat 1: Koala1975 folded before Flop (didn't bet)
Seat 2: Peter47630 folded before Flop (didn't bet)
Seat 4: Dorex2007 (button) folded before Flop (didn't bet)
Seat 6: Almanza63 (small blind) collected ($0.04)
Seat 7: Trickuent (big blind) folded before Flop
Seat 8: wizzard67 folded before Flop (didn't bet)
Seat 9: Red Viper101 folded before Flop (didn't bet)



PokerStars Hand #236068132045:  Hold'em No Limit ($0.01/$0.02 USD) - 2022/05/11 16:22:34 PT [2022/05/11 19:22:34 ET]
Table 'Serpens' 9-max Seat #6 is the button
Seat 1: Koala1975 ($4.47 in chips) 
Seat 2: Peter47630 ($1.68 in chips) 
Seat 4: Dorex2007 ($3.01 in chips) 
Seat 5: jginfame ($1.14 in chips) 
Seat 6: Almanza63 ($1.85 in chips) 
Seat 7: Trickuent ($1.98 in chips) 
Seat 8: wizzard67 ($5.05 in chips) 
Seat 9: Red Viper101 ($2.92 in chips) 
Trickuent: posts small blind $0.01
wizzard67: posts big blind $0.02
TIMBERO19988: sits out 
jginfame: posts small & big blinds $0.03
*** HOLE CARDS ***
Dealt to Dorex2007 [7c Ah]
Red Viper101: folds 
Koala1975: folds 
Peter47630: folds 
Dorex2007: folds 
jginfame: checks 
Almanza63: raises $0.05 to $0.07
Trickuent: raises $0.05 to $0.12
wizzard67: folds 
jginfame: folds 
Almanza63: calls $0.05
*** FLOP *** [9c 3c Jd]
Trickuent: bets $0.28
Almanza63: folds 
Uncalled bet ($0.28) returned to Trickuent
Trickuent collected $0.28 from pot
Trickuent: doesn't show hand 
*** SUMMARY ***
Total pot $0.29 | Rake $0.01 
Board [9c 3c Jd]
Seat 1: Koala1975 folded before Flop (didn't bet)
Seat 2: Peter47630 folded before Flop (didn't bet)
Seat 4: Dorex2007 folded before Flop (didn't bet)
Seat 5: jginfame folded before Flop (didn't bet)
Seat 6: Almanza63 (button) folded on the Flop
Seat 7: Trickuent (small blind) collected ($0.28)
Seat 8: wizzard67 (big blind) folded before Flop
Seat 9: Red Viper101 folded before Flop (didn't bet)



PokerStars Hand #236068143172:  Hold'em No Limit ($0.01/$0.02 USD) - 2022/05/11 16:23:14 PT [2022/05/11 19:23:14 ET]
Table 'Serpens' 9-max Seat #7 is the button
Seat 1: Koala1975 ($4.47 in chips) 
Seat 2: Peter47630 ($1.68 in chips) 
Seat 4: Dorex2007 ($3.01 in chips) 
Seat 5: jginfame ($1.11 in chips) 
Seat 6: Almanza63 ($1.73 in chips) 
Seat 7: Trickuent ($2.14 in chips) 
Seat 8: wizzard67 ($5.03 in chips) 
Seat 9: Red Viper101 ($2.92 in chips) 
wizzard67: posts small blind $0.01
Red Viper101: posts big blind $0.02
TIMBERO19988: sits out 
*** HOLE CARDS ***
Dealt to Dorex2007 [6s 7c]
Koala1975: raises $0.04 to $0.06
Peter47630: folds 
Dorex2007: folds 
jginfame: folds 
Almanza63: folds 
Trickuent: folds 
wizzard67: folds 
Red Viper101: folds 
Uncalled bet ($0.04) returned to Koala1975
Koala1975 collected $0.05 from pot
Koala1975: doesn't show hand 
*** SUMMARY ***
Total pot $0.05 | Rake $0 
Seat 1: Koala1975 collected ($0.05)
Seat 2: Peter47630 folded before Flop (didn't bet)
Seat 4: Dorex2007 folded before Flop (didn't bet)
Seat 5: jginfame folded before Flop (didn't bet)
Seat 6: Almanza63 folded before Flop (didn't bet)
Seat 7: Trickuent (button) folded before Flop (didn't bet)
Seat 8: wizzard67 (small blind) folded before Flop
Seat 9: Red Viper101 (big blind) folded before Flop



PokerStars Hand #236068150591:  Hold'em No Limit ($0.01/$0.02 USD) - 2022/05/11 16:23:41 PT [2022/05/11 19:23:41 ET]
Table 'Serpens' 9-max Seat #8 is the button
Seat 1: Koala1975 ($4.50 in chips) 
Seat 2: Peter47630 ($1.68 in chips) 
Seat 3: TIMBERO19988 ($1.04 in chips) 
Seat 4: Dorex2007 ($3.01 in chips) 
Seat 5: jginfame ($1.11 in chips) 
Seat 6: Almanza63 ($1.73 in chips) 
Seat 7: Trickuent ($2.14 in chips) 
Seat 8: wizzard67 ($5.02 in chips) 
Seat 9: Red Viper101 ($2.90 in chips) 
Red Viper101: posts small blind $0.01
Koala1975: posts big blind $0.02
TIMBERO19988: posts big blind $0.02
*** HOLE CARDS ***
Dealt to Dorex2007 [5d 5c]
Peter47630: calls $0.02
TIMBERO19988: checks 
Dorex2007: calls $0.02
jginfame: folds 
Almanza63: raises $0.07 to $0.09
Trickuent: folds 
wizzard67: folds 
Red Viper101: folds 
Koala1975: folds 
Peter47630: calls $0.07
TIMBERO19988: calls $0.07
Dorex2007: calls $0.07
*** FLOP *** [6c 7h Js]
Peter47630: checks 
TIMBERO19988: checks 
Dorex2007: checks 
Almanza63: bets $0.19
Peter47630: folds 
TIMBERO19988: calls $0.19
Dorex2007: folds 
*** TURN *** [6c 7h Js] [Jh]
TIMBERO19988: checks 
Almanza63: bets $0.39
TIMBERO19988: folds 
Uncalled bet ($0.39) returned to Almanza63
Almanza63 collected $0.74 from pot
Almanza63: doesn't show hand 
*** SUMMARY ***
Total pot $0.77 | Rake $0.03 
Board [6c 7h Js Jh]
Seat 1: Koala1975 (big blind) folded before Flop
Seat 2: Peter47630 folded on the Flop
Seat 3: TIMBERO19988 folded on the Turn
Seat 4: Dorex2007 folded on the Flop
Seat 5: jginfame folded before Flop (didn't bet)
Seat 6: Almanza63 collected ($0.74)
Seat 7: Trickuent folded before Flop (didn't bet)
Seat 8: wizzard67 (button) folded before Flop (didn't bet)
Seat 9: Red Viper101 (small blind) folded before Flop



PokerStars Hand #236068175668:  Hold'em No Limit ($0.01/$0.02 USD) - 2022/05/11 16:25:12 PT [2022/05/11 19:25:12 ET]
Table 'Serpens' 9-max Seat #9 is the button
Seat 1: Koala1975 ($4.48 in chips) 
Seat 2: Peter47630 ($1.59 in chips) 
Seat 3: TIMBERO19988 ($0.76 in chips) 
Seat 4: Dorex2007 ($2.92 in chips) 
Seat 5: jginfame ($1.11 in chips) 
Seat 6: Almanza63 ($2.19 in chips) 
Seat 7: Trickuent ($2.14 in chips) 
Seat 8: wizzard67 ($5.02 in chips) 
Seat 9: Red Viper101 ($2.89 in chips) 
Koala1975: posts small blind $0.01
Peter47630: posts big blind $0.02
*** HOLE CARDS ***
Dealt to Dorex2007 [Tc 4s]
TIMBERO19988: calls $0.02
Dorex2007: folds 
jginfame has timed out
jginfame: folds 
Almanza63: raises $0.05 to $0.07
Trickuent: folds 
wizzard67: folds 
Red Viper101: calls $0.07
Koala1975: folds 
Peter47630: folds 
TIMBERO19988: raises $0.09 to $0.16
Almanza63: calls $0.09
Red Viper101: folds 
*** FLOP *** [4h Qd Th]
TIMBERO19988: checks 
Almanza63: bets $0.21
TIMBERO19988: calls $0.21
*** TURN *** [4h Qd Th] [6s]
TIMBERO19988: checks 
Almanza63: bets $0.39
TIMBERO19988: calls $0.39 and is all-in
*** RIVER *** [4h Qd Th 6s] [8c]
*** SHOW DOWN ***
TIMBERO19988: shows [Jd Js] (a pair of Jacks)
Almanza63: shows [Jh Jc] (a pair of Jacks)
TIMBERO19988 collected $0.78 from pot
Almanza63 collected $0.78 from pot
*** SUMMARY ***
Total pot $1.62 | Rake $0.06 
Board [4h Qd Th 6s 8c]
Seat 1: Koala1975 (small blind) folded before Flop
Seat 2: Peter47630 (big blind) folded before Flop
Seat 3: TIMBERO19988 showed [Jd Js] and won ($0.78) with a pair of Jacks
Seat 4: Dorex2007 folded before Flop (didn't bet)
Seat 5: jginfame folded before Flop (didn't bet)
Seat 6: Almanza63 showed [Jh Jc] and won ($0.78) with a pair of Jacks
Seat 7: Trickuent folded before Flop (didn't bet)
Seat 8: wizzard67 folded before Flop (didn't bet)
Seat 9: Red Viper101 (button) folded before Flop



PokerStars Hand #236068200929:  Hold'em No Limit ($0.01/$0.02 USD) - 2022/05/11 16:26:44 PT [2022/05/11 19:26:44 ET]
Table 'Serpens' 9-max Seat #1 is the button
Seat 1: Koala1975 ($4.47 in chips) 
Seat 2: Peter47630 ($1.57 in chips) 
Seat 3: TIMBERO19988 ($0.78 in chips) 
Seat 4: Dorex2007 ($2.92 in chips) 
Seat 6: Almanza63 ($2.21 in chips) 
Seat 7: Trickuent ($2.14 in chips) 
Seat 8: wizzard67 ($5.02 in chips) 
Seat 9: Red Viper101 ($2.82 in chips) 
Peter47630: posts small blind $0.01
TIMBERO19988: posts big blind $0.02
*** HOLE CARDS ***
Dealt to Dorex2007 [2c Qh]
Dorex2007: folds 
Almanza63: folds 
Trickuent: folds 
wizzard67: folds 
Red Viper101: folds 
Koala1975: folds 
Peter47630: folds 
Uncalled bet ($0.01) returned to TIMBERO19988
TIMBERO19988 collected $0.02 from pot
wizzard67 leaves the table
*** SUMMARY ***
Total pot $0.02 | Rake $0 
Seat 1: Koala1975 (button) folded before Flop (didn't bet)
Seat 2: Peter47630 (small blind) folded before Flop
Seat 3: TIMBERO19988 (big blind) collected ($0.02)
Seat 4: Dorex2007 folded before Flop (didn't bet)
Seat 6: Almanza63 folded before Flop (didn't bet)
Seat 7: Trickuent folded before Flop (didn't bet)
Seat 8: wizzard67 folded before Flop (didn't bet)
Seat 9: Red Viper101 folded before Flop (didn't bet)



PokerStars Hand #236068208254:  Hold'em No Limit ($0.01/$0.02 USD) - 2022/05/11 16:27:12 PT [2022/05/11 19:27:12 ET]
Table 'Serpens' 9-max Seat #2 is the button
Seat 1: Koala1975 ($4.47 in chips) 
Seat 2: Peter47630 ($1.56 in chips) 
Seat 3: TIMBERO19988 ($0.79 in chips) 
Seat 4: Dorex2007 ($2.92 in chips) 
Seat 6: Almanza63 ($2.21 in chips) 
Seat 7: Trickuent ($2.14 in chips) 
Seat 9: Red Viper101 ($2.82 in chips) 
TIMBERO19988: posts small blind $0.01
Dorex2007: posts big blind $0.02
*** HOLE CARDS ***
Dealt to Dorex2007 [Ad Js]
Almanza63: folds 
Trickuent: folds 
Red Viper101: folds 
Koala1975: raises $0.05 to $0.07
Peter47630: folds 
TIMBERO19988: folds 
Dorex2007: calls $0.05
*** FLOP *** [2c 6c 4s]
Dorex2007: checks 
Koala1975: bets $0.11
Dorex2007: raises $0.11 to $0.22
Koala1975: calls $0.11
*** TURN *** [2c 6c 4s] [8s]
Dorex2007: bets $0.38
Koala1975: folds 
Uncalled bet ($0.38) returned to Dorex2007
Dorex2007 collected $0.57 from pot
Dorex2007: doesn't show hand 
*** SUMMARY ***
Total pot $0.59 | Rake $0.02 
Board [2c 6c 4s 8s]
Seat 1: Koala1975 folded on the Turn
Seat 2: Peter47630 (button) folded before Flop (didn't bet)
Seat 3: TIMBERO19988 (small blind) folded before Flop
Seat 4: Dorex2007 (big blind) collected ($0.57)
Seat 6: Almanza63 folded before Flop (didn't bet)
Seat 7: Trickuent folded before Flop (didn't bet)
Seat 9: Red Viper101 folded before Flop (didn't bet)



PokerStars Hand #236068220242:  Hold'em No Limit ($0.01/$0.02 USD) - 2022/05/11 16:27:56 PT [2022/05/11 19:27:56 ET]
Table 'Serpens' 9-max Seat #3 is the button
Seat 1: Koala1975 ($4.18 in chips) 
Seat 2: Peter47630 ($1.56 in chips) 
Seat 3: TIMBERO19988 ($0.78 in chips) 
Seat 4: Dorex2007 ($3.20 in chips) 
Seat 6: Almanza63 ($2.21 in chips) 
Seat 7: Trickuent ($2.14 in chips) 
Seat 9: Red Viper101 ($2.82 in chips) 
Dorex2007: posts small blind $0.01
Almanza63: posts big blind $0.02
*** HOLE CARDS ***
Dealt to Dorex2007 [2h Qs]
Trickuent: raises $0.02 to $0.04
Red Viper101: folds 
Koala1975: folds 
Peter47630: folds 
TIMBERO19988: folds 
Dorex2007: folds 
Almanza63: calls $0.02
*** FLOP *** [5d 8h 9d]
Almanza63: checks 
Trickuent: bets $0.04
Almanza63: folds 
Uncalled bet ($0.04) returned to Trickuent
Trickuent collected $0.09 from pot
Trickuent: doesn't show hand 
*** SUMMARY ***
Total pot $0.09 | Rake $0 
Board [5d 8h 9d]
Seat 1: Koala1975 folded before Flop (didn't bet)
Seat 2: Peter47630 folded before Flop (didn't bet)
Seat 3: TIMBERO19988 (button) folded before Flop (didn't bet)
Seat 4: Dorex2007 (small blind) folded before Flop
Seat 6: Almanza63 (big blind) folded on the Flop
Seat 7: Trickuent collected ($0.09)
Seat 9: Red Viper101 folded before Flop (didn't bet)



PokerStars Hand #236068242250:  Hold'em No Limit ($0.01/$0.02 USD) - 2022/05/11 16:28:44 PT [2022/05/11 19:28:44 ET]
Table 'Serpens' 9-max Seat #4 is the button
Seat 1: Koala1975 ($4.18 in chips) 
Seat 2: Peter47630 ($1.56 in chips) 
Seat 3: TIMBERO19988 ($0.78 in chips) 
Seat 4: Dorex2007 ($3.19 in chips) 
Seat 6: Almanza63 ($2.17 in chips) 
Seat 7: Trickuent ($2.19 in chips) 
Seat 9: Red Viper101 ($2.82 in chips) 
Almanza63: posts small blind $0.01
Trickuent: posts big blind $0.02
*** HOLE CARDS ***
Dealt to Dorex2007 [Kh 4c]
Red Viper101: folds 
Koala1975: folds 
Peter47630: folds 
TIMBERO19988: calls $0.02
Dorex2007: folds 
Almanza63: calls $0.01
caioba0420 joins the table at seat #8 
Trickuent: checks 
*** FLOP *** [8h 7h Qd]
Almanza63: checks 
caioba0420 leaves the table
Trickuent: checks 
TIMBERO19988: checks 
*** TURN *** [8h 7h Qd] [8s]
Almanza63: checks 
PepperDM joins the table at seat #8 
Trickuent: checks 
TIMBERO19988: checks 
*** RIVER *** [8h 7h Qd 8s] [9c]
Almanza63: checks 
Trickuent: bets $0.06
TIMBERO19988: folds 
Almanza63: folds 
Uncalled bet ($0.06) returned to Trickuent
Trickuent collected $0.06 from pot
Trickuent: doesn't show hand 
*** SUMMARY ***
Total pot $0.06 | Rake $0 
Board [8h 7h Qd 8s 9c]
Seat 1: Koala1975 folded before Flop (didn't bet)
Seat 2: Peter47630 folded before Flop (didn't bet)
Seat 3: TIMBERO19988 folded on the River
Seat 4: Dorex2007 (button) folded before Flop (didn't bet)
Seat 6: Almanza63 (small blind) folded on the River
Seat 7: Trickuent (big blind) collected ($0.06)
Seat 9: Red Viper101 folded before Flop (didn't bet)



PokerStars Hand #236068261281:  Hold'em No Limit ($0.01/$0.02 USD) - 2022/05/11 16:29:54 PT [2022/05/11 19:29:54 ET]
Table 'Serpens' 9-max Seat #6 is the button
Seat 1: Koala1975 ($4.18 in chips) 
Seat 2: Peter47630 ($1.56 in chips) 
Seat 3: TIMBERO19988 ($0.76 in chips) 
Seat 4: Dorex2007 ($3.19 in chips) 
Seat 6: Almanza63 ($2.15 in chips) 
Seat 7: Trickuent ($2.23 in chips) 
Seat 8: PepperDM ($1.60 in chips) 
Seat 9: Red Viper101 ($2.82 in chips) 
Trickuent: posts small blind $0.01
PepperDM: posts big blind $0.02
jginfame: sits out 
*** HOLE CARDS ***
Dealt to Dorex2007 [5s Js]
Red Viper101 has timed out
Red Viper101: folds 
Koala1975: folds 
Peter47630: folds 
TIMBERO19988: calls $0.02
Dorex2007: folds 
Almanza63: folds 
Trickuent: folds 
PepperDM: checks 
*** FLOP *** [Ah 2h Tc]
PepperDM: checks 
TIMBERO19988: checks 
*** TURN *** [Ah 2h Tc] [Qs]
PepperDM: checks 
TIMBERO19988: checks 
*** RIVER *** [Ah 2h Tc Qs] [8s]
PepperDM: checks 
TIMBERO19988: checks 
*** SHOW DOWN ***
PepperDM: shows [8h 6s] (a pair of Eights)
TIMBERO19988: mucks hand 
PepperDM collected $0.05 from pot
*** SUMMARY ***
Total pot $0.05 | Rake $0 
Board [Ah 2h Tc Qs 8s]
Seat 1: Koala1975 folded before Flop (didn't bet)
Seat 2: Peter47630 folded before Flop (didn't bet)
Seat 3: TIMBERO19988 mucked [Kc 5c]
Seat 4: Dorex2007 folded before Flop (didn't bet)
Seat 6: Almanza63 (button) folded before Flop (didn't bet)
Seat 7: Trickuent (small blind) folded before Flop
Seat 8: PepperDM (big blind) showed [8h 6s] and won ($0.05) with a pair of Eights
Seat 9: Red Viper101 folded before Flop (didn't bet)



PokerStars Hand #236068273247:  Hold'em No Limit ($0.01/$0.02 USD) - 2022/05/11 16:30:36 PT [2022/05/11 19:30:36 ET]
Table 'Serpens' 9-max Seat #7 is the button
Seat 1: Koala1975 ($4.18 in chips) 
Seat 2: Peter47630 ($1.56 in chips) 
Seat 3: TIMBERO19988 ($0.74 in chips) 
Seat 4: Dorex2007 ($3.19 in chips) 
Seat 6: Almanza63 ($2.15 in chips) 
Seat 7: Trickuent ($2.22 in chips) 
Seat 8: PepperDM ($1.63 in chips) 
Seat 9: Red Viper101 ($2.82 in chips) 
PepperDM: posts small blind $0.01
Red Viper101: posts big blind $0.02
jginfame: sits out 
*** HOLE CARDS ***
Dealt to Dorex2007 [8s 3d]
Koala1975: raises $0.04 to $0.06
Peter47630 has timed out
Peter47630: folds 
TIMBERO19988: folds 
Dorex2007: folds 
Almanza63: folds 
Trickuent: folds 
PepperDM: folds 
Red Viper101: calls $0.04
*** FLOP *** [9d 4s Jc]
Red Viper101: checks 
Koala1975: bets $0.10
Red Viper101: folds 
Uncalled bet ($0.10) returned to Koala1975
Koala1975 collected $0.13 from pot
Koala1975: doesn't show hand 
*** SUMMARY ***
Total pot $0.13 | Rake $0 
Board [9d 4s Jc]
Seat 1: Koala1975 collected ($0.13)
Seat 2: Peter47630 folded before Flop (didn't bet)
Seat 3: TIMBERO19988 folded before Flop (didn't bet)
Seat 4: Dorex2007 folded before Flop (didn't bet)
Seat 6: Almanza63 folded before Flop (didn't bet)
Seat 7: Trickuent (button) folded before Flop (didn't bet)
Seat 8: PepperDM (small blind) folded before Flop
Seat 9: Red Viper101 (big blind) folded on the Flop



PokerStars Hand #236068287676:  Hold'em No Limit ($0.01/$0.02 USD) - 2022/05/11 16:31:29 PT [2022/05/11 19:31:29 ET]
Table 'Serpens' 9-max Seat #8 is the button
Seat 1: Koala1975 ($4.25 in chips) 
Seat 2: Peter47630 ($1.56 in chips) 
Seat 3: TIMBERO19988 ($0.74 in chips) 
Seat 4: Dorex2007 ($3.19 in chips) 
Seat 5: jginfame ($1.11 in chips) 
Seat 6: Almanza63 ($2.15 in chips) 
Seat 7: Trickuent ($2.22 in chips) 
Seat 8: PepperDM ($1.62 in chips) 
Seat 9: Red Viper101 ($2.76 in chips) 
Red Viper101: posts small blind $0.01
Koala1975: posts big blind $0.02
jginfame: posts small & big blinds $0.03
*** HOLE CARDS ***
Dealt to Dorex2007 [8h 6s]
Peter47630: folds 
TIMBERO19988: calls $0.02
Dorex2007: folds 
jginfame: checks 
Almanza63: raises $0.06 to $0.08
Trickuent: folds 
PepperDM: folds 
Red Viper101: folds 
Koala1975: folds 
TIMBERO19988: calls $0.06
jginfame: folds 
*** FLOP *** [9c As 6d]
TIMBERO19988: checks 
Almanza63: bets $0.12
TIMBERO19988: folds 
Uncalled bet ($0.12) returned to Almanza63
Almanza63 collected $0.21 from pot
Almanza63: doesn't show hand 
*** SUMMARY ***
Total pot $0.22 | Rake $0.01 
Board [9c As 6d]
Seat 1: Koala1975 (big blind) folded before Flop
Seat 2: Peter47630 folded before Flop (didn't bet)
Seat 3: TIMBERO19988 folded on the Flop
Seat 4: Dorex2007 folded before Flop (didn't bet)
Seat 5: jginfame folded before Flop (didn't bet)
Seat 6: Almanza63 collected ($0.21)
Seat 7: Trickuent folded before Flop (didn't bet)
Seat 8: PepperDM (button) folded before Flop (didn't bet)
Seat 9: Red Viper101 (small blind) folded before Flop



PokerStars Hand #236068313953:  Hold'em No Limit ($0.01/$0.02 USD) - 2022/05/11 16:32:33 PT [2022/05/11 19:32:33 ET]
Table 'Serpens' 9-max Seat #1 is the button
Seat 1: Koala1975 ($4.23 in chips) 
Seat 2: Peter47630 ($1.56 in chips) 
Seat 3: TIMBERO19988 ($0.66 in chips) 
Seat 4: Dorex2007 ($3.19 in chips) 
Seat 5: jginfame ($1.08 in chips) 
Seat 6: Almanza63 ($2.28 in chips) 
Seat 7: Trickuent ($2.22 in chips) 
Seat 8: PepperDM ($1.62 in chips) 
Peter47630: posts small blind $0.01
TIMBERO19988: posts big blind $0.02
*** HOLE CARDS ***
Dealt to Dorex2007 [6d Qs]
Dorex2007: folds 
jginfame: folds 
Almanza63: folds 
Trickuent: raises $0.02 to $0.04
PepperDM: folds 
Koala1975: folds 
Peter47630: calls $0.03
TIMBERO19988: calls $0.02
*** FLOP *** [5h Qc 3s]
Peter47630: checks 
TIMBERO19988: checks 
Trickuent: bets $0.06
Peter47630: folds 
TIMBERO19988: calls $0.06
*** TURN *** [5h Qc 3s] [7d]
TIMBERO19988: checks 
Trickuent: bets $0.11
TIMBERO19988: folds 
Uncalled bet ($0.11) returned to Trickuent
Trickuent collected $0.23 from pot
Trickuent: doesn't show hand 
*** SUMMARY ***
Total pot $0.24 | Rake $0.01 
Board [5h Qc 3s 7d]
Seat 1: Koala1975 (button) folded before Flop (didn't bet)
Seat 2: Peter47630 (small blind) folded on the Flop
Seat 3: TIMBERO19988 (big blind) folded on the Turn
Seat 4: Dorex2007 folded before Flop (didn't bet)
Seat 5: jginfame folded before Flop (didn't bet)
Seat 6: Almanza63 folded before Flop (didn't bet)
Seat 7: Trickuent collected ($0.23)
Seat 8: PepperDM folded before Flop (didn't bet)



PokerStars Hand #236068331067:  Hold'em No Limit ($0.01/$0.02 USD) - 2022/05/11 16:33:36 PT [2022/05/11 19:33:36 ET]
Table 'Serpens' 9-max Seat #2 is the button
Seat 1: Koala1975 ($4.23 in chips) 
Seat 2: Peter47630 ($1.52 in chips) 
Seat 3: TIMBERO19988 ($0.56 in chips) 
Seat 4: Dorex2007 ($3.19 in chips) 
Seat 5: jginfame ($1.08 in chips) 
Seat 6: Almanza63 ($2.28 in chips) 
Seat 7: Trickuent ($2.35 in chips) 
Seat 8: PepperDM ($1.62 in chips) 
TIMBERO19988: posts small blind $0.01
Dorex2007: posts big blind $0.02
*** HOLE CARDS ***
Dealt to Dorex2007 [Tc Ad]
jginfame has timed out
jginfame: folds 
Almanza63: folds 
Trickuent: raises $0.02 to $0.04
PepperDM: calls $0.04
Koala1975: folds 
Peter47630: folds 
TIMBERO19988: calls $0.03
Dorex2007: calls $0.02
*** FLOP *** [5h 9h Ac]
TIMBERO19988: checks 
Dorex2007: bets $0.10
Trickuent: folds 
PepperDM: folds 
TIMBERO19988: folds 
Uncalled bet ($0.10) returned to Dorex2007
Dorex2007 collected $0.15 from pot
Dorex2007: doesn't show hand 
*** SUMMARY ***
Total pot $0.16 | Rake $0.01 
Board [5h 9h Ac]
Seat 1: Koala1975 folded before Flop (didn't bet)
Seat 2: Peter47630 (button) folded before Flop (didn't bet)
Seat 3: TIMBERO19988 (small blind) folded on the Flop
Seat 4: Dorex2007 (big blind) collected ($0.15)
Seat 5: jginfame folded before Flop (didn't bet)
Seat 6: Almanza63 folded before Flop (didn't bet)
Seat 7: Trickuent folded on the Flop
Seat 8: PepperDM folded on the Flop



PokerStars Hand #236068343262:  Hold'em No Limit ($0.01/$0.02 USD) - 2022/05/11 16:34:22 PT [2022/05/11 19:34:22 ET]
Table 'Serpens' 9-max Seat #3 is the button
Seat 1: Koala1975 ($4.23 in chips) 
Seat 2: Peter47630 ($1.52 in chips) 
Seat 3: TIMBERO19988 ($0.52 in chips) 
Seat 4: Dorex2007 ($3.30 in chips) 
Seat 5: jginfame ($1.08 in chips) 
Seat 6: Almanza63 ($2.28 in chips) 
Seat 7: Trickuent ($2.31 in chips) 
Seat 8: PepperDM ($1.58 in chips) 
Dorex2007: posts small blind $0.01
jginfame: posts big blind $0.02
*** HOLE CARDS ***
Dealt to Dorex2007 [5c Td]
Almanza63: folds 
Trickuent: calls $0.02
PepperDM: folds 
Koala1975: folds 
Peter47630: calls $0.02
TIMBERO19988: folds 
Dorex2007: folds 
jginfame: checks 
*** FLOP *** [9d 2d 8c]
jginfame: checks 
Trickuent: checks 
Peter47630: checks 
*** TURN *** [9d 2d 8c] [3d]
jginfame: checks 
Trickuent: checks 
Peter47630: checks 
*** RIVER *** [9d 2d 8c 3d] [Qd]
jginfame: checks 
Trickuent: bets $0.07
Peter47630: folds 
jginfame: folds 
Uncalled bet ($0.07) returned to Trickuent
Trickuent collected $0.07 from pot
Trickuent: doesn't show hand 
*** SUMMARY ***
Total pot $0.07 | Rake $0 
Board [9d 2d 8c 3d Qd]
Seat 1: Koala1975 folded before Flop (didn't bet)
Seat 2: Peter47630 folded on the River
Seat 3: TIMBERO19988 (button) folded before Flop (didn't bet)
Seat 4: Dorex2007 (small blind) folded before Flop
Seat 5: jginfame (big blind) folded on the River
Seat 6: Almanza63 folded before Flop (didn't bet)
Seat 7: Trickuent collected ($0.07)
Seat 8: PepperDM folded before Flop (didn't bet)



PokerStars Hand #236068364083:  Hold'em No Limit ($0.01/$0.02 USD) - 2022/05/11 16:35:41 PT [2022/05/11 19:35:41 ET]
Table 'Serpens' 9-max Seat #4 is the button
Seat 1: Koala1975 ($4.23 in chips) 
Seat 2: Peter47630 ($1.50 in chips) 
Seat 3: TIMBERO19988 ($0.52 in chips) 
Seat 4: Dorex2007 ($3.29 in chips) 
Seat 5: jginfame ($1.06 in chips) 
Seat 6: Almanza63 ($2.28 in chips) 
Seat 7: Trickuent ($2.36 in chips) 
Seat 8: PepperDM ($1.58 in chips) 
jginfame: posts small blind $0.01
Almanza63: posts big blind $0.02
*** HOLE CARDS ***
Dealt to Dorex2007 [7s 8c]
Trickuent has timed out
Trickuent: folds 
PepperDM: folds 
Koala1975: folds 
Peter47630: folds 
TIMBERO19988: calls $0.02
Dorex2007: folds 
jginfame: calls $0.01
Almanza63: checks 
*** FLOP *** [9s Ah 2c]
jginfame: checks 
Almanza63: checks 
TIMBERO19988: bets $0.03
jginfame: folds 
Almanza63: calls $0.03
*** TURN *** [9s Ah 2c] [As]
Almanza63: checks 
TIMBERO19988: checks 
*** RIVER *** [9s Ah 2c As] [6s]
Almanza63: checks 
TIMBERO19988: checks 
*** SHOW DOWN ***
Almanza63: shows [7c Ts] (a pair of Aces)
TIMBERO19988: shows [9d 8d] (two pair, Aces and Nines)
TIMBERO19988 collected $0.12 from pot
*** SUMMARY ***
Total pot $0.12 | Rake $0 
Board [9s Ah 2c As 6s]
Seat 1: Koala1975 folded before Flop (didn't bet)
Seat 2: Peter47630 folded before Flop (didn't bet)
Seat 3: TIMBERO19988 showed [9d 8d] and won ($0.12) with two pair, Aces and Nines
Seat 4: Dorex2007 (button) folded before Flop (didn't bet)
Seat 5: jginfame (small blind) folded on the Flop
Seat 6: Almanza63 (big blind) showed [7c Ts] and lost with a pair of Aces
Seat 7: Trickuent folded before Flop (didn't bet)
Seat 8: PepperDM folded before Flop (didn't bet)



PokerStars Hand #236068380081:  Hold'em No Limit ($0.01/$0.02 USD) - 2022/05/11 16:36:42 PT [2022/05/11 19:36:42 ET]
Table 'Serpens' 9-max Seat #5 is the button
Seat 1: Koala1975 ($4.23 in chips) 
Seat 2: Peter47630 ($1.50 in chips) 
Seat 3: TIMBERO19988 ($0.59 in chips) 
Seat 4: Dorex2007 ($3.29 in chips) 
Seat 5: jginfame ($1.04 in chips) 
Seat 6: Almanza63 ($2.23 in chips) 
Seat 7: Trickuent ($2.36 in chips) 
Seat 8: PepperDM ($1.58 in chips) 
Almanza63: posts small blind $0.01
Trickuent: posts big blind $0.02
*** HOLE CARDS ***
Dealt to Dorex2007 [6s Kh]
PepperDM: folds 
Koala1975: raises $0.04 to $0.06
Peter47630 has timed out
Peter47630: folds 
TIMBERO19988: calls $0.06
Dorex2007: folds 
jginfame: calls $0.06
Almanza63: calls $0.05
Trickuent: calls $0.04
*** FLOP *** [5d Ts 6c]
Almanza63: checks 
Trickuent: checks 
Koala1975: bets $0.22
TIMBERO19988: folds 
jginfame: folds 
Almanza63: folds 
Trickuent: folds 
Uncalled bet ($0.22) returned to Koala1975
Koala1975 collected $0.29 from pot
Koala1975: doesn't show hand 
*** SUMMARY ***
Total pot $0.30 | Rake $0.01 
Board [5d Ts 6c]
Seat 1: Koala1975 collected ($0.29)
Seat 2: Peter47630 folded before Flop (didn't bet)
Seat 3: TIMBERO19988 folded on the Flop
Seat 4: Dorex2007 folded before Flop (didn't bet)
Seat 5: jginfame (button) folded on the Flop
Seat 6: Almanza63 (small blind) folded on the Flop
Seat 7: Trickuent (big blind) folded on the Flop
Seat 8: PepperDM folded before Flop (didn't bet)



PokerStars Hand #236068404146:  Hold'em No Limit ($0.01/$0.02 USD) - 2022/05/11 16:38:14 PT [2022/05/11 19:38:14 ET]
Table 'Serpens' 9-max Seat #6 is the button
Seat 1: Koala1975 ($4.46 in chips) 
Seat 2: Peter47630 ($1.50 in chips) 
Seat 3: TIMBERO19988 ($0.53 in chips) 
Seat 4: Dorex2007 ($3.29 in chips) 
Seat 5: jginfame ($0.98 in chips) 
Seat 6: Almanza63 ($2.17 in chips) 
Seat 7: Trickuent ($2.30 in chips) 
Seat 8: PepperDM ($1.58 in chips) 
Trickuent: posts small blind $0.01
PepperDM: posts big blind $0.02
*** HOLE CARDS ***
Dealt to Dorex2007 [Th 5h]
Koala1975: raises $0.04 to $0.06
Peter47630: folds 
TIMBERO19988: folds 
Dorex2007: folds 
jginfame: calls $0.06
Almanza63: folds 
Trickuent: calls $0.05
PepperDM: calls $0.04
*** FLOP *** [Kh 4s 5d]
Trickuent: checks 
PepperDM: checks 
Koala1975: checks 
jginfame: bets $0.12
Trickuent: folds 
PepperDM: folds 
Koala1975: folds 
Uncalled bet ($0.12) returned to jginfame
jginfame collected $0.23 from pot
jginfame: doesn't show hand 
*** SUMMARY ***
Total pot $0.24 | Rake $0.01 
Board [Kh 4s 5d]
Seat 1: Koala1975 folded on the Flop
Seat 2: Peter47630 folded before Flop (didn't bet)
Seat 3: TIMBERO19988 folded before Flop (didn't bet)
Seat 4: Dorex2007 folded before Flop (didn't bet)
Seat 5: jginfame collected ($0.23)
Seat 6: Almanza63 (button) folded before Flop (didn't bet)
Seat 7: Trickuent (small blind) folded on the Flop
Seat 8: PepperDM (big blind) folded on the Flop



PokerStars Hand #236068414432:  Hold'em No Limit ($0.01/$0.02 USD) - 2022/05/11 16:38:54 PT [2022/05/11 19:38:54 ET]
Table 'Serpens' 9-max Seat #7 is the button
Seat 1: Koala1975 ($4.40 in chips) 
Seat 2: Peter47630 ($1.50 in chips) 
Seat 3: TIMBERO19988 ($0.53 in chips) 
Seat 4: Dorex2007 ($3.29 in chips) 
Seat 5: jginfame ($1.15 in chips) 
Seat 6: Almanza63 ($2.17 in chips) 
Seat 7: Trickuent ($2.24 in chips) 
Seat 8: PepperDM ($1.52 in chips) 
PepperDM: posts small blind $0.01
Koala1975: posts big blind $0.02
*** HOLE CARDS ***
Dealt to Dorex2007 [2c 6c]
Peter47630: folds 
TIMBERO19988: calls $0.02
Dorex2007: folds 
jginfame: folds 
Almanza63: folds 
Trickuent: folds 
PepperDM: calls $0.01
Koala1975: checks 
*** FLOP *** [Ks 3h 3s]
PepperDM: checks 
Koala1975: checks 
TIMBERO19988: bets $0.03
PepperDM: folds 
Koala1975: folds 
Uncalled bet ($0.03) returned to TIMBERO19988
TIMBERO19988 collected $0.06 from pot
*** SUMMARY ***
Total pot $0.06 | Rake $0 
Board [Ks 3h 3s]
Seat 1: Koala1975 (big blind) folded on the Flop
Seat 2: Peter47630 folded before Flop (didn't bet)
Seat 3: TIMBERO19988 collected ($0.06)
Seat 4: Dorex2007 folded before Flop (didn't bet)
Seat 5: jginfame folded before Flop (didn't bet)
Seat 6: Almanza63 folded before Flop (didn't bet)
Seat 7: Trickuent (button) folded before Flop (didn't bet)
Seat 8: PepperDM (small blind) folded on the Flop



PokerStars Hand #236068428664:  Hold'em No Limit ($0.01/$0.02 USD) - 2022/05/11 16:39:49 PT [2022/05/11 19:39:49 ET]
Table 'Serpens' 9-max Seat #8 is the button
Seat 1: Koala1975 ($4.38 in chips) 
Seat 2: Peter47630 ($1.50 in chips) 
Seat 3: TIMBERO19988 ($0.57 in chips) 
Seat 4: Dorex2007 ($3.29 in chips) 
Seat 5: jginfame ($1.15 in chips) 
Seat 6: Almanza63 ($2.17 in chips) 
Seat 7: Trickuent ($2.24 in chips) 
Seat 8: PepperDM ($1.50 in chips) 
Koala1975: posts small blind $0.01
Peter47630: posts big blind $0.02
*** HOLE CARDS ***
Dealt to Dorex2007 [Ac Qh]
TIMBERO19988: calls $0.02
Dorex2007: calls $0.02
jginfame: folds 
Almanza63: folds 
Trickuent: raises $0.02 to $0.04
PepperDM: calls $0.04
Koala1975: folds 
Peter47630: folds 
TIMBERO19988: calls $0.02
Dorex2007: calls $0.02
*** FLOP *** [Kd Kh Js]
TIMBERO19988: checks 
Dorex2007: checks 
Trickuent: checks 
PepperDM: checks 
*** TURN *** [Kd Kh Js] [7d]
TIMBERO19988: checks 
Dorex2007: checks 
Trickuent: checks 
PepperDM: checks 
*** RIVER *** [Kd Kh Js 7d] [As]
TIMBERO19988: checks 
Dorex2007: bets $0.12
Trickuent: folds 
PepperDM: folds 
TIMBERO19988: folds 
Uncalled bet ($0.12) returned to Dorex2007
Dorex2007 collected $0.18 from pot
Dorex2007: doesn't show hand 
*** SUMMARY ***
Total pot $0.19 | Rake $0.01 
Board [Kd Kh Js 7d As]
Seat 1: Koala1975 (small blind) folded before Flop
Seat 2: Peter47630 (big blind) folded before Flop
Seat 3: TIMBERO19988 folded on the River
Seat 4: Dorex2007 collected ($0.18)
Seat 5: jginfame folded before Flop (didn't bet)
Seat 6: Almanza63 folded before Flop (didn't bet)
Seat 7: Trickuent folded on the River
Seat 8: PepperDM (button) folded on the River



PokerStars Hand #236068445077:  Hold'em No Limit ($0.01/$0.02 USD) - 2022/05/11 16:40:53 PT [2022/05/11 19:40:53 ET]
Table 'Serpens' 9-max Seat #1 is the button
Seat 1: Koala1975 ($4.37 in chips) 
Seat 2: Peter47630 ($1.48 in chips) 
Seat 3: TIMBERO19988 ($0.53 in chips) 
Seat 4: Dorex2007 ($3.43 in chips) 
Seat 5: jginfame ($1.15 in chips) 
Seat 6: Almanza63 ($2.17 in chips) 
Seat 7: Trickuent ($2.20 in chips) 
Seat 8: PepperDM ($1.46 in chips) 
Peter47630: posts small blind $0.01
TIMBERO19988: posts big blind $0.02
Red Viper101: sits out 
*** HOLE CARDS ***
Dealt to Dorex2007 [9h 8h]
Dorex2007: folds 
jginfame: raises $0.02 to $0.04
Almanza63: folds 
Trickuent: raises $0.02 to $0.06
PepperDM: calls $0.06
Koala1975: folds 
Peter47630: folds 
TIMBERO19988: calls $0.04
jginfame: calls $0.02
*** FLOP *** [4c 8s Kh]
TIMBERO19988: checks 
jginfame: checks 
Trickuent: checks 
PepperDM: bets $0.24
TIMBERO19988: folds 
jginfame: folds 
Trickuent: folds 
Uncalled bet ($0.24) returned to PepperDM
PepperDM collected $0.24 from pot
PepperDM: doesn't show hand 
*** SUMMARY ***
Total pot $0.25 | Rake $0.01 
Board [4c 8s Kh]
Seat 1: Koala1975 (button) folded before Flop (didn't bet)
Seat 2: Peter47630 (small blind) folded before Flop
Seat 3: TIMBERO19988 (big blind) folded on the Flop
Seat 4: Dorex2007 folded before Flop (didn't bet)
Seat 5: jginfame folded on the Flop
Seat 6: Almanza63 folded before Flop (didn't bet)
Seat 7: Trickuent folded on the Flop
Seat 8: PepperDM collected ($0.24)



PokerStars Hand #236068459650:  Hold'em No Limit ($0.01/$0.02 USD) - 2022/05/11 16:41:50 PT [2022/05/11 19:41:50 ET]
Table 'Serpens' 9-max Seat #2 is the button
Seat 1: Koala1975 ($4.37 in chips) 
Seat 2: Peter47630 ($1.47 in chips) 
Seat 3: TIMBERO19988 ($0.47 in chips) 
Seat 4: Dorex2007 ($3.43 in chips) 
Seat 5: jginfame ($1.09 in chips) 
Seat 6: Almanza63 ($2.17 in chips) 
Seat 7: Trickuent ($2.14 in chips) 
Seat 8: PepperDM ($1.64 in chips) 
TIMBERO19988: posts small blind $0.01
Dorex2007: posts big blind $0.02
Red Viper101: sits out 
*** HOLE CARDS ***
Dealt to Dorex2007 [5s As]
jginfame: folds 
Almanza63: folds 
Trickuent: folds 
PepperDM: folds 
Koala1975: folds 
Peter47630: folds 
TIMBERO19988: calls $0.01
Dorex2007: checks 
*** FLOP *** [Jh 2h 3d]
TIMBERO19988: checks 
Dorex2007: checks 
*** TURN *** [Jh 2h 3d] [7s]
TIMBERO19988: bets $0.02
Dorex2007: calls $0.02
*** RIVER *** [Jh 2h 3d 7s] [2d]
TIMBERO19988: bets $0.08
Dorex2007: folds 
Uncalled bet ($0.08) returned to TIMBERO19988
TIMBERO19988 collected $0.08 from pot
*** SUMMARY ***
Total pot $0.08 | Rake $0 
Board [Jh 2h 3d 7s 2d]
Seat 1: Koala1975 folded before Flop (didn't bet)
Seat 2: Peter47630 (button) folded before Flop (didn't bet)
Seat 3: TIMBERO19988 (small blind) collected ($0.08)
Seat 4: Dorex2007 (big blind) folded on the River
Seat 5: jginfame folded before Flop (didn't bet)
Seat 6: Almanza63 folded before Flop (didn't bet)
Seat 7: Trickuent folded before Flop (didn't bet)
Seat 8: PepperDM folded before Flop (didn't bet)



PokerStars Hand #236068473461:  Hold'em No Limit ($0.01/$0.02 USD) - 2022/05/11 16:42:44 PT [2022/05/11 19:42:44 ET]
Table 'Serpens' 9-max Seat #3 is the button
Seat 1: Koala1975 ($4.37 in chips) 
Seat 2: Peter47630 ($1.47 in chips) 
Seat 3: TIMBERO19988 ($0.51 in chips) 
Seat 4: Dorex2007 ($3.39 in chips) 
Seat 5: jginfame ($1.09 in chips) 
Seat 6: Almanza63 ($2.17 in chips) 
Seat 7: Trickuent ($2.14 in chips) 
Seat 8: PepperDM ($1.64 in chips) 
Dorex2007: posts small blind $0.01
jginfame: posts big blind $0.02
Red Viper101: sits out 
*** HOLE CARDS ***
Dealt to Dorex2007 [8h 9c]
Almanza63: folds 
Trickuent: folds 
PepperDM: calls $0.02
Koala1975: folds 
Peter47630: folds 
TIMBERO19988: folds 
Dorex2007: folds 
jginfame: checks 
*** FLOP *** [Tc 5s 2c]
jginfame: checks 
PepperDM: bets $0.05
Peter47630 leaves the table
jginfame: folds 
Uncalled bet ($0.05) returned to PepperDM
PepperDM collected $0.05 from pot
PepperDM: doesn't show hand 
*** SUMMARY ***
Total pot $0.05 | Rake $0 
Board [Tc 5s 2c]
Seat 1: Koala1975 folded before Flop (didn't bet)
Seat 2: Peter47630 folded before Flop (didn't bet)
Seat 3: TIMBERO19988 (button) folded before Flop (didn't bet)
Seat 4: Dorex2007 (small blind) folded before Flop
Seat 5: jginfame (big blind) folded on the Flop
Seat 6: Almanza63 folded before Flop (didn't bet)
Seat 7: Trickuent folded before Flop (didn't bet)
Seat 8: PepperDM collected ($0.05)



PokerStars Hand #236068483829:  Hold'em No Limit ($0.01/$0.02 USD) - 2022/05/11 16:43:25 PT [2022/05/11 19:43:25 ET]
Table 'Serpens' 9-max Seat #4 is the button
Seat 1: Koala1975 ($4.37 in chips) 
Seat 3: TIMBERO19988 ($0.51 in chips) 
Seat 4: Dorex2007 ($3.38 in chips) 
Seat 5: jginfame ($1.07 in chips) 
Seat 6: Almanza63 ($2.17 in chips) 
Seat 7: Trickuent ($2.14 in chips) 
Seat 8: PepperDM ($1.67 in chips) 
jginfame: posts small blind $0.01
Almanza63: posts big blind $0.02
Red Viper101: sits out 
*** HOLE CARDS ***
Dealt to Dorex2007 [Ks 5c]
Trickuent: folds 
PepperDM: folds 
Koala1975: raises $0.05 to $0.07
TIMBERO19988: calls $0.07
Dorex2007: folds 
jginfame: calls $0.06
bmwmann8 joins the table at seat #2 
Almanza63: folds 
*** FLOP *** [6d As Th]
jginfame: checks 
Koala1975: checks 
TIMBERO19988: checks 
*** TURN *** [6d As Th] [Kc]
jginfame: bets $0.11
Koala1975: folds 
TIMBERO19988: calls $0.11
*** RIVER *** [6d As Th Kc] [6c]
jginfame: bets $0.22
TIMBERO19988: folds 
Uncalled bet ($0.22) returned to jginfame
jginfame collected $0.43 from pot
jginfame: doesn't show hand 
*** SUMMARY ***
Total pot $0.45 | Rake $0.02 
Board [6d As Th Kc 6c]
Seat 1: Koala1975 folded on the Turn
Seat 3: TIMBERO19988 folded on the River
Seat 4: Dorex2007 (button) folded before Flop (didn't bet)
Seat 5: jginfame (small blind) collected ($0.43)
Seat 6: Almanza63 (big blind) folded before Flop
Seat 7: Trickuent folded before Flop (didn't bet)
Seat 8: PepperDM folded before Flop (didn't bet)



PokerStars Hand #236068496000:  Hold'em No Limit ($0.01/$0.02 USD) - 2022/05/11 16:44:13 PT [2022/05/11 19:44:13 ET]
Table 'Serpens' 9-max Seat #5 is the button
Seat 1: Koala1975 ($4.30 in chips) 
Seat 3: TIMBERO19988 ($0.33 in chips) 
Seat 4: Dorex2007 ($3.38 in chips) 
Seat 5: jginfame ($1.32 in chips) 
Seat 6: Almanza63 ($2.15 in chips) 
Seat 7: Trickuent ($2.14 in chips) 
Seat 8: PepperDM ($1.67 in chips) 
Almanza63: posts small blind $0.01
Trickuent: posts big blind $0.02
Red Viper101: sits out 
bmwmann8: sits out 
*** HOLE CARDS ***
Dealt to Dorex2007 [Qd 5h]
PepperDM: folds 
PepperDM leaves the table
Koala1975: raises $0.05 to $0.07
TIMBERO19988: calls $0.07
Dorex2007: folds 
jginfame: folds 
Almanza63: folds 
Trickuent: calls $0.05
*** FLOP *** [9s 4c 5c]
AndypQF joins the table at seat #8 
Trickuent: checks 
Koala1975: bets $0.16
TIMBERO19988: folds 
Trickuent: folds 
Uncalled bet ($0.16) returned to Koala1975
Koala1975 collected $0.21 from pot
Koala1975: doesn't show hand 
*** SUMMARY ***
Total pot $0.22 | Rake $0.01 
Board [9s 4c 5c]
Seat 1: Koala1975 collected ($0.21)
Seat 3: TIMBERO19988 folded on the Flop
Seat 4: Dorex2007 folded before Flop (didn't bet)
Seat 5: jginfame (button) folded before Flop (didn't bet)
Seat 6: Almanza63 (small blind) folded before Flop
Seat 7: Trickuent (big blind) folded on the Flop
Seat 8: PepperDM folded before Flop (didn't bet)



PokerStars Hand #236068505826:  Hold'em No Limit ($0.01/$0.02 USD) - 2022/05/11 16:44:51 PT [2022/05/11 19:44:51 ET]
Table 'Serpens' 9-max Seat #6 is the button
Seat 1: Koala1975 ($4.44 in chips) 
Seat 2: bmwmann8 ($2 in chips) 
Seat 3: TIMBERO19988 ($0.26 in chips) 
Seat 4: Dorex2007 ($3.38 in chips) 
Seat 5: jginfame ($1.32 in chips) 
Seat 6: Almanza63 ($2.14 in chips) 
Seat 7: Trickuent ($2.07 in chips) 
Seat 8: AndypQF ($0.80 in chips) 
Trickuent: posts small blind $0.01
AndypQF: posts big blind $0.02
Red Viper101: sits out 
bmwmann8: posts big blind $0.02
*** HOLE CARDS ***
Dealt to Dorex2007 [2h Jh]
Koala1975: folds 
bmwmann8: checks 
TIMBERO19988: calls $0.02
Dorex2007: folds 
jginfame: folds 
Almanza63: raises $0.13 to $0.15
Trickuent: calls $0.14
AndypQF: folds 
bmwmann8: folds 
TIMBERO19988: calls $0.13
*** FLOP *** [6h 4s 6d]
Trickuent: checks 
TIMBERO19988: checks 
Almanza63: bets $0.27
Trickuent: folds 
TIMBERO19988: folds 
Uncalled bet ($0.27) returned to Almanza63
Almanza63 collected $0.47 from pot
Almanza63: doesn't show hand 
*** SUMMARY ***
Total pot $0.49 | Rake $0.02 
Board [6h 4s 6d]
Seat 1: Koala1975 folded before Flop (didn't bet)
Seat 2: bmwmann8 folded before Flop (didn't bet)
Seat 3: TIMBERO19988 folded on the Flop
Seat 4: Dorex2007 folded before Flop (didn't bet)
Seat 5: jginfame folded before Flop (didn't bet)
Seat 6: Almanza63 (button) collected ($0.47)
Seat 7: Trickuent (small blind) folded on the Flop
Seat 8: AndypQF (big blind) folded before Flop



PokerStars Hand #236068521102:  Hold'em No Limit ($0.01/$0.02 USD) - 2022/05/11 16:45:52 PT [2022/05/11 19:45:52 ET]
Table 'Serpens' 9-max Seat #7 is the button
Seat 1: Koala1975 ($4.44 in chips) 
Seat 2: bmwmann8 ($1.98 in chips) 
Seat 3: TIMBERO19988 ($0.11 in chips) 
Seat 4: Dorex2007 ($3.38 in chips) 
Seat 5: jginfame ($1.32 in chips) 
Seat 6: Almanza63 ($2.46 in chips) 
Seat 7: Trickuent ($1.92 in chips) 
Seat 8: AndypQF ($0.78 in chips) 
Seat 9: Red Viper101 ($2.75 in chips) 
AndypQF: posts small blind $0.01
Red Viper101: posts big blind $0.02
*** HOLE CARDS ***
Dealt to Dorex2007 [2h Td]
Koala1975: folds 
bmwmann8: calls $0.02
TIMBERO19988: calls $0.02
Dorex2007: folds 
jginfame: folds 
Almanza63: folds 
Trickuent: folds 
AndypQF: folds 
Red Viper101: checks 
*** FLOP *** [7d 2c 5s]
Red Viper101: checks 
bmwmann8: bets $0.04
TIMBERO19988: raises $0.05 to $0.09 and is all-in
Red Viper101: folds 
bmwmann8: folds 
Uncalled bet ($0.05) returned to TIMBERO19988
TIMBERO19988 collected $0.14 from pot
*** SUMMARY ***
Total pot $0.15 | Rake $0.01 
Board [7d 2c 5s]
Seat 1: Koala1975 folded before Flop (didn't bet)
Seat 2: bmwmann8 folded on the Flop
Seat 3: TIMBERO19988 collected ($0.14)
Seat 4: Dorex2007 folded before Flop (didn't bet)
Seat 5: jginfame folded before Flop (didn't bet)
Seat 6: Almanza63 folded before Flop (didn't bet)
Seat 7: Trickuent (button) folded before Flop (didn't bet)
Seat 8: AndypQF (small blind) folded before Flop
Seat 9: Red Viper101 (big blind) folded on the Flop



PokerStars Hand #236068536573:  Hold'em No Limit ($0.01/$0.02 USD) - 2022/05/11 16:46:55 PT [2022/05/11 19:46:55 ET]
Table 'Serpens' 9-max Seat #8 is the button
Seat 1: Koala1975 ($4.44 in chips) 
Seat 2: bmwmann8 ($1.92 in chips) 
Seat 3: TIMBERO19988 ($0.19 in chips) 
Seat 4: Dorex2007 ($3.38 in chips) 
Seat 5: jginfame ($1.32 in chips) 
Seat 6: Almanza63 ($2.46 in chips) 
Seat 7: Trickuent ($1.92 in chips) 
Seat 8: AndypQF ($0.77 in chips) 
Seat 9: Red Viper101 ($2.73 in chips) 
Red Viper101: posts small blind $0.01
Koala1975: posts big blind $0.02
*** HOLE CARDS ***
Dealt to Dorex2007 [2h Kd]
bmwmann8: folds 
TIMBERO19988: folds 
Dorex2007: folds 
jginfame: folds 
Almanza63: folds 
Trickuent: calls $0.02
AndypQF: raises $0.06 to $0.08
Red Viper101: folds 
Koala1975: folds 
Trickuent: calls $0.06
*** FLOP *** [As Jd 6s]
Trickuent: bets $0.18
AndypQF: calls $0.18
*** TURN *** [As Jd 6s] [3c]
Trickuent: bets $0.53
AndypQF: calls $0.51 and is all-in
Uncalled bet ($0.02) returned to Trickuent
*** RIVER *** [As Jd 6s 3c] [9c]
*** SHOW DOWN ***
Trickuent: shows [Ah 3s] (two pair, Aces and Threes)
AndypQF: shows [Qs Ks] (high card Ace)
Trickuent cashed out the hand for $1.13 | Cash Out Fee $0.01
*** SUMMARY ***
Total pot $1.57 | Rake $0.05 
Board [As Jd 6s 3c 9c]
Seat 1: Koala1975 (big blind) folded before Flop
Seat 2: bmwmann8 folded before Flop (didn't bet)
Seat 3: TIMBERO19988 folded before Flop (didn't bet)
Seat 4: Dorex2007 folded before Flop (didn't bet)
Seat 5: jginfame folded before Flop (didn't bet)
Seat 6: Almanza63 folded before Flop (didn't bet)
Seat 7: Trickuent showed [Ah 3s] and won ($1.52) with two pair, Aces and Threes (pot not awarded as player cashed out)
Seat 8: AndypQF (button) showed [Qs Ks] and lost with high card Ace
Seat 9: Red Viper101 (small blind) folded before Flop



PokerStars Hand #236068550068:  Hold'em No Limit ($0.01/$0.02 USD) - 2022/05/11 16:47:49 PT [2022/05/11 19:47:49 ET]
Table 'Serpens' 9-max Seat #9 is the button
Seat 1: Koala1975 ($4.42 in chips) 
Seat 2: bmwmann8 ($1.92 in chips) 
Seat 3: TIMBERO19988 ($0.19 in chips) 
Seat 4: Dorex2007 ($3.38 in chips) 
Seat 5: jginfame ($1.32 in chips) 
Seat 6: Almanza63 ($2.46 in chips) 
Seat 7: Trickuent ($2.28 in chips) 
Seat 9: Red Viper101 ($2.72 in chips) 
Koala1975: posts small blind $0.01
bmwmann8: posts big blind $0.02
*** HOLE CARDS ***
Dealt to Dorex2007 [7h Kd]
TIMBERO19988: calls $0.02
Dorex2007: folds 
jginfame: calls $0.02
Almanza63: folds 
Trickuent: calls $0.02
Red Viper101: folds 
Koala1975: calls $0.01
bmwmann8: checks 
*** FLOP *** [Qd 8h Jc]
Koala1975: checks 
bmwmann8: checks 
TIMBERO19988: checks 
jginfame: checks 
Trickuent: checks 
*** TURN *** [Qd 8h Jc] [4c]
Koala1975: bets $0.08
bmwmann8: folds 
TIMBERO19988: raises $0.09 to $0.17 and is all-in
jginfame: folds 
Trickuent: folds 
Koala1975: calls $0.09
TIMBERO19988 has timed out
*** RIVER *** [Qd 8h Jc 4c] [6d]
*** SHOW DOWN ***
Koala1975: shows [Th 8s] (a pair of Eights)
TIMBERO19988: shows [9c 5c] (high card Queen)
Koala1975 cashed out the hand for $0.32
*** SUMMARY ***
Total pot $0.44 | Rake $0.02 
Board [Qd 8h Jc 4c 6d]
Seat 1: Koala1975 (small blind) showed [Th 8s] and won ($0.42) with a pair of Eights (pot not awarded as player cashed out)
Seat 2: bmwmann8 (big blind) folded on the Turn
Seat 3: TIMBERO19988 showed [9c 5c] and lost with high card Queen
Seat 4: Dorex2007 folded before Flop (didn't bet)
Seat 5: jginfame folded on the Turn
Seat 6: Almanza63 folded before Flop (didn't bet)
Seat 7: Trickuent folded on the Turn
Seat 9: Red Viper101 (button) folded before Flop (didn't bet)



PokerStars Hand #236068573608:  Hold'em No Limit ($0.01/$0.02 USD) - 2022/05/11 16:49:23 PT [2022/05/11 19:49:23 ET]
Table 'Serpens' 9-max Seat #1 is the button
Seat 1: Koala1975 ($4.55 in chips) 
Seat 2: bmwmann8 ($1.90 in chips) 
Seat 4: Dorex2007 ($3.38 in chips) 
Seat 5: jginfame ($1.30 in chips) 
Seat 6: Almanza63 ($2.46 in chips) 
Seat 7: Trickuent ($2.26 in chips) 
Seat 8: AndypQF ($0.80 in chips) 
Seat 9: Red Viper101 ($2.72 in chips) 
bmwmann8: posts small blind $0.01
Dorex2007: posts big blind $0.02
*** HOLE CARDS ***
Dealt to Dorex2007 [Jc 4s]
jginfame: raises $0.02 to $0.04
Almanza63: folds 
Trickuent: raises $0.04 to $0.08
AndypQF: folds 
Red Viper101: folds 
Koala1975: folds 
bmwmann8: folds 
Dorex2007: folds 
jginfame: raises $1.22 to $1.30 and is all-in
Trickuent: calls $1.22
*** FLOP *** [Js 7h Qd]
*** TURN *** [Js 7h Qd] [9s]
*** RIVER *** [Js 7h Qd 9s] [Ah]
*** SHOW DOWN ***
jginfame: shows [Kc Ac] (a pair of Aces)
Trickuent: shows [Th Td] (a pair of Tens)
jginfame collected $2.54 from pot
*** SUMMARY ***
Total pot $2.63 | Rake $0.09 
Board [Js 7h Qd 9s Ah]
Seat 1: Koala1975 (button) folded before Flop (didn't bet)
Seat 2: bmwmann8 (small blind) folded before Flop
Seat 4: Dorex2007 (big blind) folded before Flop
Seat 5: jginfame showed [Kc Ac] and won ($2.54) with a pair of Aces
Seat 6: Almanza63 folded before Flop (didn't bet)
Seat 7: Trickuent showed [Th Td] and lost with a pair of Tens
Seat 8: AndypQF folded before Flop (didn't bet)
Seat 9: Red Viper101 folded before Flop (didn't bet)



PokerStars Hand #236068582790:  Hold'em No Limit ($0.01/$0.02 USD) - 2022/05/11 16:50:01 PT [2022/05/11 19:50:01 ET]
Table 'Serpens' 9-max Seat #2 is the button
Seat 1: Koala1975 ($4.55 in chips) 
Seat 2: bmwmann8 ($1.89 in chips) 
Seat 4: Dorex2007 ($3.36 in chips) 
Seat 5: jginfame ($2.54 in chips) 
Seat 6: Almanza63 ($2.46 in chips) 
Seat 7: Trickuent ($0.96 in chips) 
Seat 8: AndypQF ($0.80 in chips) 
Seat 9: Red Viper101 ($2.72 in chips) 
Dorex2007: posts small blind $0.01
jginfame: posts big blind $0.02
*** HOLE CARDS ***
Dealt to Dorex2007 [4h Ad]
Almanza63: folds 
Trickuent: folds 
AndypQF: folds 
Red Viper101: folds 
Koala1975: folds 
bmwmann8: calls $0.02
Dorex2007: calls $0.01
jginfame: checks 
*** FLOP *** [7c Td 2d]
Dorex2007: checks 
jginfame: checks 
bmwmann8: checks 
*** TURN *** [7c Td 2d] [Kd]
Dorex2007: checks 
jginfame: checks 
bmwmann8: checks 
*** RIVER *** [7c Td 2d Kd] [2s]
Dorex2007: checks 
jginfame: checks 
bmwmann8: checks 
*** SHOW DOWN ***
Dorex2007: shows [4h Ad] (a pair of Deuces)
jginfame: mucks hand 
bmwmann8: mucks hand 
Dorex2007 collected $0.06 from pot
*** SUMMARY ***
Total pot $0.06 | Rake $0 
Board [7c Td 2d Kd 2s]
Seat 1: Koala1975 folded before Flop (didn't bet)
Seat 2: bmwmann8 (button) mucked [3h 5c]
Seat 4: Dorex2007 (small blind) showed [4h Ad] and won ($0.06) with a pair of Deuces
Seat 5: jginfame (big blind) mucked [6c 5s]
Seat 6: Almanza63 folded before Flop (didn't bet)
Seat 7: Trickuent folded before Flop (didn't bet)
Seat 8: AndypQF folded before Flop (didn't bet)
Seat 9: Red Viper101 folded before Flop (didn't bet)



PokerStars Hand #236068595663:  Hold'em No Limit ($0.01/$0.02 USD) - 2022/05/11 16:50:53 PT [2022/05/11 19:50:53 ET]
Table 'Serpens' 9-max Seat #4 is the button
Seat 1: Koala1975 ($4.55 in chips) 
Seat 2: bmwmann8 ($1.87 in chips) 
Seat 3: TIMBERO19988 ($1.04 in chips) 
Seat 4: Dorex2007 ($3.40 in chips) 
Seat 5: jginfame ($2.52 in chips) 
Seat 6: Almanza63 ($2.46 in chips) 
Seat 7: Trickuent ($0.96 in chips) 
Seat 8: AndypQF ($0.80 in chips) 
Seat 9: Red Viper101 ($2.72 in chips) 
jginfame: posts small blind $0.01
Almanza63: posts big blind $0.02
TIMBERO19988: posts small & big blinds $0.03
*** HOLE CARDS ***
Dealt to Dorex2007 [7s 6d]
Trickuent: folds 
AndypQF: raises $0.08 to $0.10
Red Viper101: folds 
Koala1975: raises $0.26 to $0.36
bmwmann8: folds 
bmwmann8 leaves the table
TIMBERO19988: folds 
Dorex2007: folds 
jginfame: folds 
Almanza63: folds 
AndypQF: calls $0.26
*** FLOP *** [3c Kc 8c]
AndypQF: bets $0.38
Koala1975: folds 
Uncalled bet ($0.38) returned to AndypQF
AndypQF collected $0.75 from pot
*** SUMMARY ***
Total pot $0.78 | Rake $0.03 
Board [3c Kc 8c]
Seat 1: Koala1975 folded on the Flop
Seat 2: bmwmann8 folded before Flop (didn't bet)
Seat 3: TIMBERO19988 folded before Flop (didn't bet)
Seat 4: Dorex2007 (button) folded before Flop (didn't bet)
Seat 5: jginfame (small blind) folded before Flop
Seat 6: Almanza63 (big blind) folded before Flop
Seat 7: Trickuent folded before Flop (didn't bet)
Seat 8: AndypQF collected ($0.75)
Seat 9: Red Viper101 folded before Flop (didn't bet)



PokerStars Hand #236068614768:  Hold'em No Limit ($0.01/$0.02 USD) - 2022/05/11 16:51:45 PT [2022/05/11 19:51:45 ET]
Table 'Serpens' 9-max Seat #5 is the button
Seat 1: Koala1975 ($4.19 in chips) 
Seat 3: TIMBERO19988 ($1.01 in chips) 
Seat 4: Dorex2007 ($3.40 in chips) 
Seat 5: jginfame ($2.51 in chips) 
Seat 6: Almanza63 ($2.44 in chips) 
Seat 7: Trickuent ($0.96 in chips) 
Seat 8: AndypQF ($1.19 in chips) 
Seat 9: Red Viper101 ($2.72 in chips) 
Almanza63: posts small blind $0.01
Trickuent: posts big blind $0.02
*** HOLE CARDS ***
Dealt to Dorex2007 [2d 8d]
AndypQF: folds 
Red Viper101: folds 
Koala1975: folds 
TIMBERO19988: calls $0.02
Dorex2007: folds 
jginfame: folds 
Almanza63: calls $0.01
Trickuent: raises $0.02 to $0.04
TIMBERO19988: calls $0.02
Almanza63: calls $0.02
*** FLOP *** [8s Kh 9c]
yjqian23 joins the table at seat #2 
Almanza63: checks 
Trickuent: bets $0.12
TIMBERO19988: folds 
Almanza63: folds 
Uncalled bet ($0.12) returned to Trickuent
Trickuent collected $0.12 from pot
Trickuent: doesn't show hand 
*** SUMMARY ***
Total pot $0.12 | Rake $0 
Board [8s Kh 9c]
Seat 1: Koala1975 folded before Flop (didn't bet)
Seat 3: TIMBERO19988 folded on the Flop
Seat 4: Dorex2007 folded before Flop (didn't bet)
Seat 5: jginfame (button) folded before Flop (didn't bet)
Seat 6: Almanza63 (small blind) folded on the Flop
Seat 7: Trickuent (big blind) collected ($0.12)
Seat 8: AndypQF folded before Flop (didn't bet)
Seat 9: Red Viper101 folded before Flop (didn't bet)



PokerStars Hand #236068628902:  Hold'em No Limit ($0.01/$0.02 USD) - 2022/05/11 16:52:43 PT [2022/05/11 19:52:43 ET]
Table 'Serpens' 9-max Seat #6 is the button
Seat 1: Koala1975 ($4.19 in chips) 
Seat 2: yjqian23 ($2 in chips) 
Seat 3: TIMBERO19988 ($0.97 in chips) 
Seat 4: Dorex2007 ($3.40 in chips) 
Seat 5: jginfame ($2.51 in chips) 
Seat 6: Almanza63 ($2.40 in chips) 
Seat 7: Trickuent ($1.04 in chips) 
Seat 8: AndypQF ($1.19 in chips) 
Seat 9: Red Viper101 ($2.72 in chips) 
Trickuent: posts small blind $0.01
AndypQF: posts big blind $0.02
yjqian23: posts big blind $0.02
*** HOLE CARDS ***
Dealt to Dorex2007 [4s 9d]
Red Viper101: folds 
Koala1975: folds 
yjqian23: checks 
TIMBERO19988: folds 
Dorex2007: folds 
jginfame: raises $0.02 to $0.04
Almanza63: folds 
Trickuent: folds 
AndypQF: raises $0.02 to $0.06
yjqian23: folds 
jginfame: calls $0.02
*** FLOP *** [Js 8h Kd]
AndypQF: bets $0.10
jginfame: folds 
Uncalled bet ($0.10) returned to AndypQF
AndypQF collected $0.14 from pot
*** SUMMARY ***
Total pot $0.15 | Rake $0.01 
Board [Js 8h Kd]
Seat 1: Koala1975 folded before Flop (didn't bet)
Seat 2: yjqian23 folded before Flop (didn't bet)
Seat 3: TIMBERO19988 folded before Flop (didn't bet)
Seat 4: Dorex2007 folded before Flop (didn't bet)
Seat 5: jginfame folded on the Flop
Seat 6: Almanza63 (button) folded before Flop (didn't bet)
Seat 7: Trickuent (small blind) folded before Flop
Seat 8: AndypQF (big blind) collected ($0.14)
Seat 9: Red Viper101 folded before Flop (didn't bet)



PokerStars Hand #236068640444:  Hold'em No Limit ($0.01/$0.02 USD) - 2022/05/11 16:53:30 PT [2022/05/11 19:53:30 ET]
Table 'Serpens' 9-max Seat #7 is the button
Seat 1: Koala1975 ($4.19 in chips) 
Seat 2: yjqian23 ($1.98 in chips) 
Seat 3: TIMBERO19988 ($0.97 in chips) 
Seat 4: Dorex2007 ($3.40 in chips) 
Seat 5: jginfame ($2.45 in chips) 
Seat 6: Almanza63 ($2.40 in chips) 
Seat 7: Trickuent ($1.03 in chips) 
Seat 8: AndypQF ($1.27 in chips) 
Seat 9: Red Viper101 ($2.72 in chips) 
AndypQF: posts small blind $0.01
Red Viper101: posts big blind $0.02
*** HOLE CARDS ***
Dealt to Dorex2007 [Ad Td]
Koala1975: folds 
yjqian23: folds 
TIMBERO19988: raises $0.02 to $0.04
Dorex2007: raises $0.08 to $0.12
jginfame: folds 
Almanza63: folds 
Trickuent: folds 
AndypQF: folds 
Red Viper101: folds 
TIMBERO19988: calls $0.08
*** FLOP *** [Kc Kd Qd]
TIMBERO19988: checks 
Dorex2007: bets $0.26
TIMBERO19988: raises $0.26 to $0.52
Dorex2007: calls $0.26
*** TURN *** [Kc Kd Qd] [Jd]
TIMBERO19988: bets $0.33 and is all-in
Dorex2007: calls $0.33
*** RIVER *** [Kc Kd Qd Jd] [6s]
*** SHOW DOWN ***
TIMBERO19988: shows [Ks Ts] (three of a kind, Kings)
Dorex2007: shows [Ad Td] (a Royal Flush)
Dorex2007 collected $1.90 from pot
*** SUMMARY ***
Total pot $1.97 | Rake $0.07 
Board [Kc Kd Qd Jd 6s]
Seat 1: Koala1975 folded before Flop (didn't bet)
Seat 2: yjqian23 folded before Flop (didn't bet)
Seat 3: TIMBERO19988 showed [Ks Ts] and lost with three of a kind, Kings
Seat 4: Dorex2007 showed [Ad Td] and won ($1.90) with a Royal Flush
Seat 5: jginfame folded before Flop (didn't bet)
Seat 6: Almanza63 folded before Flop (didn't bet)
Seat 7: Trickuent (button) folded before Flop (didn't bet)
Seat 8: AndypQF (small blind) folded before Flop
Seat 9: Red Viper101 (big blind) folded before Flop



PokerStars Hand #236068655904:  Hold'em No Limit ($0.01/$0.02 USD) - 2022/05/11 16:54:33 PT [2022/05/11 19:54:33 ET]
Table 'Serpens' 9-max Seat #8 is the button
Seat 4: Dorex2007 ($4.33 in chips) 
Seat 5: jginfame ($2.45 in chips) 
Seat 6: Almanza63 ($2.40 in chips) 
Seat 7: Trickuent ($1.03 in chips) 
Seat 8: AndypQF ($1.26 in chips) 
Seat 9: Red Viper101 ($2.70 in chips) 
Red Viper101: posts small blind $0.01
Koala1975: is sitting out 
Koala1975 leaves the table
yjqian23: is sitting out 
Dorex2007: posts big blind $0.02
*** HOLE CARDS ***
Dealt to Dorex2007 [Qd Ad]
jginfame: folds 
jginfame said, "2022"
Almanza63: raises $0.05 to $0.07
Trickuent: calls $0.07
AndypQF: calls $0.07
Red Viper101: folds 
Dorex2007: calls $0.05
*** FLOP *** [8h 8s Th]
leotricarico joins the table at seat #1 
Dorex2007: checks 
Almanza63: checks 
Trickuent: checks 
AndypQF: bets $0.14
Dorex2007: folds 
Almanza63: folds 
Trickuent: folds 
Uncalled bet ($0.14) returned to AndypQF
AndypQF collected $0.28 from pot
*** SUMMARY ***
Total pot $0.29 | Rake $0.01 
Board [8h 8s Th]
Seat 4: Dorex2007 (big blind) folded on the Flop
Seat 5: jginfame folded before Flop (didn't bet)
Seat 6: Almanza63 folded on the Flop
Seat 7: Trickuent folded on the Flop
Seat 8: AndypQF (button) collected ($0.28)
Seat 9: Red Viper101 (small blind) folded before Flop



PokerStars Hand #236068666623:  Hold'em No Limit ($0.01/$0.02 USD) - 2022/05/11 16:55:20 PT [2022/05/11 19:55:20 ET]
Table 'Serpens' 9-max Seat #9 is the button
Seat 4: Dorex2007 ($4.26 in chips) 
Seat 5: jginfame ($2.45 in chips) 
Seat 6: Almanza63 ($2.33 in chips) 
Seat 7: Trickuent ($0.96 in chips) 
Seat 8: AndypQF ($1.47 in chips) 
Seat 9: Red Viper101 ($2.69 in chips) 
Dorex2007: posts small blind $0.01
jginfame: posts big blind $0.02
*** HOLE CARDS ***
Dealt to Dorex2007 [Qc Ts]
Almanza63: folds 
yjqian23 leaves the table
Trickuent: raises $0.02 to $0.04
AndypQF: raises $0.06 to $0.10
Red Viper101: folds 
Dorex2007: folds 
jginfame: calls $0.08
Trickuent: calls $0.06
*** FLOP *** [8h 7h Qh]
jginfame: checks 
Trickuent: bets $0.30
AndypQF: folds 
jginfame: raises $2.05 to $2.35 and is all-in
Trickuent: calls $0.56 and is all-in
Uncalled bet ($1.49) returned to jginfame
*** TURN *** [8h 7h Qh] [4s]
*** RIVER *** [8h 7h Qh 4s] [9c]
*** SHOW DOWN ***
jginfame: shows [7d 7s] (three of a kind, Sevens)
Trickuent: shows [9s 9h] (three of a kind, Nines)
Trickuent collected $1.96 from pot
*** SUMMARY ***
Total pot $2.03 | Rake $0.07 
Board [8h 7h Qh 4s 9c]
Seat 4: Dorex2007 (small blind) folded before Flop
Seat 5: jginfame (big blind) showed [7d 7s] and lost with three of a kind, Sevens
Seat 6: Almanza63 folded before Flop (didn't bet)
Seat 7: Trickuent showed [9s 9h] and won ($1.96) with three of a kind, Nines
Seat 8: AndypQF folded on the Flop
Seat 9: Red Viper101 (button) folded before Flop (didn't bet)



PokerStars Hand #236068678648:  Hold'em No Limit ($0.01/$0.02 USD) - 2022/05/11 16:56:20 PT [2022/05/11 19:56:20 ET]
Table 'Serpens' 9-max Seat #4 is the button
Seat 1: leotricarico ($0.80 in chips) 
Seat 3: TIMBERO19988 ($1.04 in chips) 
Seat 4: Dorex2007 ($4.25 in chips) 
Seat 5: jginfame ($1.49 in chips) 
Seat 6: Almanza63 ($2.33 in chips) 
Seat 7: Trickuent ($1.96 in chips) 
Seat 8: AndypQF ($1.37 in chips) 
Seat 9: Red Viper101 ($2.69 in chips) 
jginfame: posts small blind $0.01
Almanza63: posts big blind $0.02
leotricarico: posts big blind $0.02
TIMBERO19988: posts small & big blinds $0.03
*** HOLE CARDS ***
Dealt to Dorex2007 [Tc 9c]
Trickuent: folds 
AndypQF: folds 
Red Viper101: folds 
leotricarico: checks 
TIMBERO19988: raises $0.14 to $0.16
Dorex2007: folds 
jginfame: folds 
Almanza63: folds 
leotricarico: folds 
Uncalled bet ($0.14) returned to TIMBERO19988
TIMBERO19988 collected $0.08 from pot
*** SUMMARY ***
Total pot $0.08 | Rake $0 
Seat 1: leotricarico folded before Flop (didn't bet)
Seat 3: TIMBERO19988 collected ($0.08)
Seat 4: Dorex2007 (button) folded before Flop (didn't bet)
Seat 5: jginfame (small blind) folded before Flop
Seat 6: Almanza63 (big blind) folded before Flop
Seat 7: Trickuent folded before Flop (didn't bet)
Seat 8: AndypQF folded before Flop (didn't bet)
Seat 9: Red Viper101 folded before Flop (didn't bet)



PokerStars Hand #236068686832:  Hold'em No Limit ($0.01/$0.02 USD) - 2022/05/11 16:57:01 PT [2022/05/11 19:57:01 ET]
Table 'Serpens' 9-max Seat #5 is the button
Seat 1: leotricarico ($0.78 in chips) 
Seat 3: TIMBERO19988 ($1.09 in chips) 
Seat 4: Dorex2007 ($4.25 in chips) 
Seat 5: jginfame ($1.48 in chips) 
Seat 6: Almanza63 ($2.31 in chips) 
Seat 7: Trickuent ($1.96 in chips) 
Seat 8: AndypQF ($1.37 in chips) 
Seat 9: Red Viper101 ($2.69 in chips) 
Almanza63: posts small blind $0.01
Trickuent: posts big blind $0.02
*** HOLE CARDS ***
Dealt to Dorex2007 [Kh 2s]
AndypQF: folds 
Red Viper101: folds 
leotricarico: folds 
TIMBERO19988: calls $0.02
Dorex2007: folds 
jginfame: folds 
Almanza63: calls $0.01
Trickuent: checks 
*** FLOP *** [Tc 3s Kd]
Almanza63: checks 
Trickuent: checks 
TIMBERO19988: bets $0.03
borjota joins the table at seat #2 
Almanza63: folds 
Trickuent: folds 
Uncalled bet ($0.03) returned to TIMBERO19988
TIMBERO19988 collected $0.06 from pot
*** SUMMARY ***
Total pot $0.06 | Rake $0 
Board [Tc 3s Kd]
Seat 1: leotricarico folded before Flop (didn't bet)
Seat 3: TIMBERO19988 collected ($0.06)
Seat 4: Dorex2007 folded before Flop (didn't bet)
Seat 5: jginfame (button) folded before Flop (didn't bet)
Seat 6: Almanza63 (small blind) folded on the Flop
Seat 7: Trickuent (big blind) folded on the Flop
Seat 8: AndypQF folded before Flop (didn't bet)
Seat 9: Red Viper101 folded before Flop (didn't bet)



PokerStars Hand #236068697345:  Hold'em No Limit ($0.01/$0.02 USD) - 2022/05/11 16:57:54 PT [2022/05/11 19:57:54 ET]
Table 'Serpens' 9-max Seat #6 is the button
Seat 1: leotricarico ($0.78 in chips) 
Seat 3: TIMBERO19988 ($1.13 in chips) 
Seat 4: Dorex2007 ($4.25 in chips) 
Seat 5: jginfame ($1.48 in chips) 
Seat 6: Almanza63 ($2.29 in chips) 
Seat 7: Trickuent ($1.94 in chips) 
Seat 8: AndypQF ($1.37 in chips) 
Seat 9: Red Viper101 ($2.69 in chips) 
Trickuent: posts small blind $0.01
AndypQF: posts big blind $0.02
borjota: sits out 
*** HOLE CARDS ***
Dealt to Dorex2007 [Tc 3c]
Red Viper101: folds 
leotricarico: calls $0.02
TIMBERO19988: calls $0.02
Dorex2007: folds 
jginfame: raises $0.02 to $0.04
Almanza63: folds 
Trickuent: folds 
AndypQF: raises $0.08 to $0.12
leotricarico: calls $0.10
TIMBERO19988: raises $1.01 to $1.13 and is all-in
jginfame: folds 
AndypQF: folds 
leotricarico: folds 
Uncalled bet ($1.01) returned to TIMBERO19988
TIMBERO19988 collected $0.41 from pot
*** SUMMARY ***
Total pot $0.41 | Rake $0 
Seat 1: leotricarico folded before Flop
Seat 3: TIMBERO19988 collected ($0.41)
Seat 4: Dorex2007 folded before Flop (didn't bet)
Seat 5: jginfame folded before Flop
Seat 6: Almanza63 (button) folded before Flop (didn't bet)
Seat 7: Trickuent (small blind) folded before Flop
Seat 8: AndypQF (big blind) folded before Flop
Seat 9: Red Viper101 folded before Flop (didn't bet)



PokerStars Hand #236068705281:  Hold'em No Limit ($0.01/$0.02 USD) - 2022/05/11 16:58:34 PT [2022/05/11 19:58:34 ET]
Table 'Serpens' 9-max Seat #7 is the button
Seat 1: leotricarico ($0.66 in chips) 
Seat 3: TIMBERO19988 ($1.42 in chips) 
Seat 4: Dorex2007 ($4.25 in chips) 
Seat 5: jginfame ($1.44 in chips) 
Seat 6: Almanza63 ($2.29 in chips) 
Seat 7: Trickuent ($1.93 in chips) 
Seat 8: AndypQF ($1.25 in chips) 
Seat 9: Red Viper101 ($2.69 in chips) 
AndypQF: posts small blind $0.01
Red Viper101: posts big blind $0.02
borjota: sits out 
*** HOLE CARDS ***
Dealt to Dorex2007 [As Tc]
leotricarico: calls $0.02
TIMBERO19988: folds 
Dorex2007: calls $0.02
jginfame: folds 
Almanza63: folds 
Trickuent: folds 
AndypQF: folds 
Red Viper101: checks 
*** FLOP *** [2h 2s Ah]
Red Viper101: checks 
leotricarico: checks 
Dorex2007: bets $0.10
Red Viper101: folds 
leotricarico: folds 
Uncalled bet ($0.10) returned to Dorex2007
Dorex2007 collected $0.07 from pot
Dorex2007: doesn't show hand 
*** SUMMARY ***
Total pot $0.07 | Rake $0 
Board [2h 2s Ah]
Seat 1: leotricarico folded on the Flop
Seat 3: TIMBERO19988 folded before Flop (didn't bet)
Seat 4: Dorex2007 collected ($0.07)
Seat 5: jginfame folded before Flop (didn't bet)
Seat 6: Almanza63 folded before Flop (didn't bet)
Seat 7: Trickuent (button) folded before Flop (didn't bet)
Seat 8: AndypQF (small blind) folded before Flop
Seat 9: Red Viper101 (big blind) folded on the Flop



PokerStars Hand #236068719800:  Hold'em No Limit ($0.01/$0.02 USD) - 2022/05/11 16:59:45 PT [2022/05/11 19:59:45 ET]
Table 'Serpens' 9-max Seat #8 is the button
Seat 1: leotricarico ($0.64 in chips) 
Seat 3: TIMBERO19988 ($1.42 in chips) 
Seat 4: Dorex2007 ($4.30 in chips) 
Seat 5: jginfame ($1.44 in chips) 
Seat 6: Almanza63 ($2.29 in chips) 
Seat 7: Trickuent ($1.93 in chips) 
Seat 8: AndypQF ($1.24 in chips) 
Seat 9: Red Viper101 ($2.67 in chips) 
Red Viper101: posts small blind $0.01
leotricarico: posts big blind $0.02
borjota: sits out 
*** HOLE CARDS ***
Dealt to Dorex2007 [5s 6d]
TIMBERO19988: folds 
Dorex2007: folds 
jginfame: folds 
Almanza63: raises $0.05 to $0.07
Trickuent: calls $0.07
AndypQF: folds 
Red Viper101: folds 
leotricarico: calls $0.05
*** FLOP *** [Ah 3s 2d]
leotricarico: checks 
Almanza63: checks 
Trickuent: checks 
*** TURN *** [Ah 3s 2d] [4d]
leotricarico: bets $0.02
Almanza63: raises $0.13 to $0.15
Trickuent: folds 
leotricarico: folds 
Uncalled bet ($0.13) returned to Almanza63
Almanza63 collected $0.25 from pot
Almanza63: doesn't show hand 
*** SUMMARY ***
Total pot $0.26 | Rake $0.01 
Board [Ah 3s 2d 4d]
Seat 1: leotricarico (big blind) folded on the Turn
Seat 3: TIMBERO19988 folded before Flop (didn't bet)
Seat 4: Dorex2007 folded before Flop (didn't bet)
Seat 5: jginfame folded before Flop (didn't bet)
Seat 6: Almanza63 collected ($0.25)
Seat 7: Trickuent folded on the Turn
Seat 8: AndypQF (button) folded before Flop (didn't bet)
Seat 9: Red Viper101 (small blind) folded before Flop



PokerStars Hand #236068740806:  Hold'em No Limit ($0.01/$0.02 USD) - 2022/05/11 17:00:44 PT [2022/05/11 20:00:44 ET]
Table 'Serpens' 9-max Seat #9 is the button
Seat 1: leotricarico ($0.55 in chips) 
Seat 2: borjota ($0.80 in chips) 
Seat 3: TIMBERO19988 ($1.42 in chips) 
Seat 4: Dorex2007 ($4.30 in chips) 
Seat 5: jginfame ($1.44 in chips) 
Seat 6: Almanza63 ($2.45 in chips) 
Seat 7: Trickuent ($1.86 in chips) 
Seat 8: AndypQF ($1.24 in chips) 
Seat 9: Red Viper101 ($2.66 in chips) 
leotricarico: posts small blind $0.01
borjota: posts big blind $0.02
*** HOLE CARDS ***
Dealt to Dorex2007 [6d 7s]
TIMBERO19988: calls $0.02
Dorex2007: folds 
jginfame: folds 
Almanza63: raises $0.07 to $0.09
Trickuent: folds 
AndypQF: folds 
Red Viper101: folds 
leotricarico: folds 
borjota: folds 
TIMBERO19988: calls $0.07
*** FLOP *** [6h 2d 4d]
TIMBERO19988: checks 
Almanza63: bets $0.13
TIMBERO19988: folds 
Uncalled bet ($0.13) returned to Almanza63
Almanza63 collected $0.20 from pot
Almanza63: doesn't show hand 
*** SUMMARY ***
Total pot $0.21 | Rake $0.01 
Board [6h 2d 4d]
Seat 1: leotricarico (small blind) folded before Flop
Seat 2: borjota (big blind) folded before Flop
Seat 3: TIMBERO19988 folded on the Flop
Seat 4: Dorex2007 folded before Flop (didn't bet)
Seat 5: jginfame folded before Flop (didn't bet)
Seat 6: Almanza63 collected ($0.20)
Seat 7: Trickuent folded before Flop (didn't bet)
Seat 8: AndypQF folded before Flop (didn't bet)
Seat 9: Red Viper101 (button) folded before Flop (didn't bet)



PokerStars Hand #236068753570:  Hold'em No Limit ($0.01/$0.02 USD) - 2022/05/11 17:01:38 PT [2022/05/11 20:01:38 ET]
Table 'Serpens' 9-max Seat #1 is the button
Seat 1: leotricarico ($0.54 in chips) 
Seat 2: borjota ($0.78 in chips) 
Seat 3: TIMBERO19988 ($1.33 in chips) 
Seat 4: Dorex2007 ($4.30 in chips) 
Seat 5: jginfame ($1.44 in chips) 
Seat 6: Almanza63 ($2.56 in chips) 
Seat 7: Trickuent ($1.86 in chips) 
Seat 8: AndypQF ($1.24 in chips) 
Seat 9: Red Viper101 ($2.66 in chips) 
borjota: posts small blind $0.01
TIMBERO19988: posts big blind $0.02
*** HOLE CARDS ***
Dealt to Dorex2007 [5h Qs]
Dorex2007: folds 
jginfame: folds 
Almanza63: folds 
Trickuent: folds 
AndypQF: raises $0.03 to $0.05
Red Viper101: folds 
leotricarico: calls $0.05
borjota: folds 
TIMBERO19988: folds 
*** FLOP *** [Qh 7c 7d]
AndypQF: checks 
leotricarico: checks 
*** TURN *** [Qh 7c 7d] [Ks]
AndypQF: checks 
leotricarico: checks 
*** RIVER *** [Qh 7c 7d Ks] [Td]
AndypQF: bets $0.07
leotricarico: raises $0.07 to $0.14
AndypQF: calls $0.07
*** SHOW DOWN ***
leotricarico: shows [Kh 7s] (a full house, Sevens full of Kings)
AndypQF: mucks hand 
leotricarico collected $0.40 from pot
*** SUMMARY ***
Total pot $0.41 | Rake $0.01 
Board [Qh 7c 7d Ks Td]
Seat 1: leotricarico (button) showed [Kh 7s] and won ($0.40) with a full house, Sevens full of Kings
Seat 2: borjota (small blind) folded before Flop
Seat 3: TIMBERO19988 (big blind) folded before Flop
Seat 4: Dorex2007 folded before Flop (didn't bet)
Seat 5: jginfame folded before Flop (didn't bet)
Seat 6: Almanza63 folded before Flop (didn't bet)
Seat 7: Trickuent folded before Flop (didn't bet)
Seat 8: AndypQF mucked [Ad Ah]
Seat 9: Red Viper101 folded before Flop (didn't bet)



PokerStars Hand #236068765137:  Hold'em No Limit ($0.01/$0.02 USD) - 2022/05/11 17:02:27 PT [2022/05/11 20:02:27 ET]
Table 'Serpens' 9-max Seat #2 is the button
Seat 1: leotricarico ($0.75 in chips) 
Seat 2: borjota ($0.77 in chips) 
Seat 3: TIMBERO19988 ($1.31 in chips) 
Seat 4: Dorex2007 ($4.30 in chips) 
Seat 5: jginfame ($1.44 in chips) 
Seat 6: Almanza63 ($2.56 in chips) 
Seat 7: Trickuent ($1.86 in chips) 
Seat 8: AndypQF ($1.05 in chips) 
Seat 9: Red Viper101 ($2.66 in chips) 
TIMBERO19988: posts small blind $0.01
Dorex2007: posts big blind $0.02
*** HOLE CARDS ***
Dealt to Dorex2007 [9s 6d]
jginfame: folds 
Almanza63: folds 
Trickuent: raises $0.02 to $0.04
AndypQF: folds 
Red Viper101: folds 
leotricarico: folds 
borjota: folds 
TIMBERO19988: folds 
Dorex2007: folds 
Uncalled bet ($0.02) returned to Trickuent
Trickuent collected $0.05 from pot
Trickuent: doesn't show hand 
*** SUMMARY ***
Total pot $0.05 | Rake $0 
Seat 1: leotricarico folded before Flop (didn't bet)
Seat 2: borjota (button) folded before Flop (didn't bet)
Seat 3: TIMBERO19988 (small blind) folded before Flop
Seat 4: Dorex2007 (big blind) folded before Flop
Seat 5: jginfame folded before Flop (didn't bet)
Seat 6: Almanza63 folded before Flop (didn't bet)
Seat 7: Trickuent collected ($0.05)
Seat 8: AndypQF folded before Flop (didn't bet)
Seat 9: Red Viper101 folded before Flop (didn't bet)



PokerStars Hand #236068770675:  Hold'em No Limit ($0.01/$0.02 USD) - 2022/05/11 17:02:50 PT [2022/05/11 20:02:50 ET]
Table 'Serpens' 9-max Seat #3 is the button
Seat 1: leotricarico ($0.75 in chips) 
Seat 2: borjota ($0.77 in chips) 
Seat 3: TIMBERO19988 ($1.30 in chips) 
Seat 4: Dorex2007 ($4.28 in chips) 
Seat 5: jginfame ($1.44 in chips) 
Seat 6: Almanza63 ($2.56 in chips) 
Seat 7: Trickuent ($1.89 in chips) 
Seat 8: AndypQF ($1.05 in chips) 
Seat 9: Red Viper101 ($2.66 in chips) 
Dorex2007: posts small blind $0.01
jginfame: posts big blind $0.02
*** HOLE CARDS ***
Dealt to Dorex2007 [7d 9h]
Almanza63: raises $0.05 to $0.07
Trickuent: folds 
AndypQF: folds 
Red Viper101: folds 
leotricarico: calls $0.07
borjota: folds 
TIMBERO19988: folds 
Dorex2007: folds 
jginfame: calls $0.05
*** FLOP *** [5s Ts Ad]
jginfame: checks 
Almanza63: checks 
leotricarico: checks 
*** TURN *** [5s Ts Ad] [Kd]
jginfame: bets $0.08
Almanza63: folds 
leotricarico: folds 
Uncalled bet ($0.08) returned to jginfame
jginfame collected $0.21 from pot
jginfame: doesn't show hand 
*** SUMMARY ***
Total pot $0.22 | Rake $0.01 
Board [5s Ts Ad Kd]
Seat 1: leotricarico folded on the Turn
Seat 2: borjota folded before Flop (didn't bet)
Seat 3: TIMBERO19988 (button) folded before Flop (didn't bet)
Seat 4: Dorex2007 (small blind) folded before Flop
Seat 5: jginfame (big blind) collected ($0.21)
Seat 6: Almanza63 folded on the Turn
Seat 7: Trickuent folded before Flop (didn't bet)
Seat 8: AndypQF folded before Flop (didn't bet)
Seat 9: Red Viper101 folded before Flop (didn't bet)



PokerStars Hand #236068786799:  Hold'em No Limit ($0.01/$0.02 USD) - 2022/05/11 17:03:57 PT [2022/05/11 20:03:57 ET]
Table 'Serpens' 9-max Seat #4 is the button
Seat 1: leotricarico ($0.68 in chips) 
Seat 2: borjota ($0.77 in chips) 
Seat 3: TIMBERO19988 ($1.30 in chips) 
Seat 4: Dorex2007 ($4.27 in chips) 
Seat 5: jginfame ($1.58 in chips) 
Seat 6: Almanza63 ($2.49 in chips) 
Seat 7: Trickuent ($1.89 in chips) 
Seat 8: AndypQF ($1.05 in chips) 
Seat 9: Red Viper101 ($2.66 in chips) 
jginfame: posts small blind $0.01
Almanza63: posts big blind $0.02
*** HOLE CARDS ***
Dealt to Dorex2007 [3h 7h]
Trickuent: folds 
AndypQF: folds 
Red Viper101: raises $0.04 to $0.06
leotricarico: calls $0.06
borjota: folds 
TIMBERO19988: calls $0.06
Dorex2007: folds 
jginfame: folds 
Almanza63: calls $0.04
*** FLOP *** [9s Tc Ts]
Almanza63: checks 
Red Viper101: bets $0.13
leotricarico: calls $0.13
TIMBERO19988: folds 
Almanza63: folds 
*** TURN *** [9s Tc Ts] [Kc]
Red Viper101: checks 
leotricarico: bets $0.16
Red Viper101: calls $0.16
*** RIVER *** [9s Tc Ts Kc] [3d]
Red Viper101: checks 
leotricarico: bets $0.10
Red Viper101: folds 
Uncalled bet ($0.10) returned to leotricarico
leotricarico collected $0.80 from pot
leotricarico: doesn't show hand 
*** SUMMARY ***
Total pot $0.83 | Rake $0.03 
Board [9s Tc Ts Kc 3d]
Seat 1: leotricarico collected ($0.80)
Seat 2: borjota folded before Flop (didn't bet)
Seat 3: TIMBERO19988 folded on the Flop
Seat 4: Dorex2007 (button) folded before Flop (didn't bet)
Seat 5: jginfame (small blind) folded before Flop
Seat 6: Almanza63 (big blind) folded on the Flop
Seat 7: Trickuent folded before Flop (didn't bet)
Seat 8: AndypQF folded before Flop (didn't bet)
Seat 9: Red Viper101 folded on the River



PokerStars Hand #236068813244:  Hold'em No Limit ($0.01/$0.02 USD) - 2022/05/11 17:05:47 PT [2022/05/11 20:05:47 ET]
Table 'Serpens' 9-max Seat #5 is the button
Seat 1: leotricarico ($1.13 in chips) 
Seat 2: borjota ($0.77 in chips) 
Seat 3: TIMBERO19988 ($1.24 in chips) 
Seat 4: Dorex2007 ($4.27 in chips) 
Seat 5: jginfame ($1.57 in chips) 
Seat 6: Almanza63 ($2.43 in chips) 
Seat 7: Trickuent ($1.89 in chips) 
Seat 8: AndypQF ($1.05 in chips) 
Seat 9: Red Viper101 ($2.31 in chips) 
Almanza63: posts small blind $0.01
Trickuent: posts big blind $0.02
*** HOLE CARDS ***
Dealt to Dorex2007 [8c Ac]
AndypQF: folds 
Red Viper101: folds 
leotricarico: calls $0.02
borjota: folds 
TIMBERO19988: folds 
Dorex2007: calls $0.02
jginfame: folds 
Almanza63: calls $0.01
Trickuent: checks 
*** FLOP *** [6h 2c Jd]
Almanza63: checks 
Trickuent: checks 
leotricarico: checks 
Dorex2007: checks 
*** TURN *** [6h 2c Jd] [3c]
Almanza63: checks 
Trickuent: checks 
leotricarico: checks 
Dorex2007: bets $0.05
Almanza63: folds 
Trickuent: calls $0.05
leotricarico: folds 
*** RIVER *** [6h 2c Jd 3c] [9h]
leotricarico leaves the table
Trickuent: checks 
Dorex2007: bets $0.09
Trickuent: folds 
Uncalled bet ($0.09) returned to Dorex2007
Dorex2007 collected $0.17 from pot
Dorex2007: doesn't show hand 
*** SUMMARY ***
Total pot $0.18 | Rake $0.01 
Board [6h 2c Jd 3c 9h]
Seat 1: leotricarico folded on the Turn
Seat 2: borjota folded before Flop (didn't bet)
Seat 3: TIMBERO19988 folded before Flop (didn't bet)
Seat 4: Dorex2007 collected ($0.17)
Seat 5: jginfame (button) folded before Flop (didn't bet)
Seat 6: Almanza63 (small blind) folded on the Turn
Seat 7: Trickuent (big blind) folded on the River
Seat 8: AndypQF folded before Flop (didn't bet)
Seat 9: Red Viper101 folded before Flop (didn't bet)



PokerStars Hand #236068830228:  Hold'em No Limit ($0.01/$0.02 USD) - 2022/05/11 17:06:58 PT [2022/05/11 20:06:58 ET]
Table 'Serpens' 9-max Seat #6 is the button
Seat 2: borjota ($0.77 in chips) 
Seat 3: TIMBERO19988 ($1.24 in chips) 
Seat 4: Dorex2007 ($4.37 in chips) 
Seat 5: jginfame ($1.57 in chips) 
Seat 6: Almanza63 ($2.41 in chips) 
Seat 7: Trickuent ($1.82 in chips) 
Seat 8: AndypQF ($1.05 in chips) 
Seat 9: Red Viper101 ($2.31 in chips) 
Trickuent: posts small blind $0.01
AndypQF: posts big blind $0.02
*** HOLE CARDS ***
Dealt to Dorex2007 [Qs 4c]
Red Viper101: folds 
borjota: calls $0.02
TIMBERO19988: folds 
Dorex2007: folds 
jginfame: raises $0.02 to $0.04
Almanza63: calls $0.04
Trickuent: calls $0.03
AndypQF: folds 
borjota: calls $0.02
*** FLOP *** [9c 8d 9s]
Trickuent: bets $0.08
borjota: folds 
jginfame: calls $0.08
Almanza63: calls $0.08
*** TURN *** [9c 8d 9s] [Tc]
Trickuent: checks 
jginfame: checks 
Almanza63: bets $0.21
Trickuent: folds 
jginfame: folds 
Uncalled bet ($0.21) returned to Almanza63
Almanza63 collected $0.41 from pot
Almanza63: doesn't show hand 
*** SUMMARY ***
Total pot $0.42 | Rake $0.01 
Board [9c 8d 9s Tc]
Seat 2: borjota folded on the Flop
Seat 3: TIMBERO19988 folded before Flop (didn't bet)
Seat 4: Dorex2007 folded before Flop (didn't bet)
Seat 5: jginfame folded on the Turn
Seat 6: Almanza63 (button) collected ($0.41)
Seat 7: Trickuent (small blind) folded on the Turn
Seat 8: AndypQF (big blind) folded before Flop
Seat 9: Red Viper101 folded before Flop (didn't bet)



PokerStars Hand #236068847388:  Hold'em No Limit ($0.01/$0.02 USD) - 2022/05/11 17:08:11 PT [2022/05/11 20:08:11 ET]
Table 'Serpens' 9-max Seat #7 is the button
Seat 2: borjota ($0.73 in chips) 
Seat 3: TIMBERO19988 ($1.24 in chips) 
Seat 4: Dorex2007 ($4.37 in chips) 
Seat 5: jginfame ($1.45 in chips) 
Seat 6: Almanza63 ($2.70 in chips) 
Seat 7: Trickuent ($1.70 in chips) 
Seat 8: AndypQF ($1.03 in chips) 
Seat 9: Red Viper101 ($2.31 in chips) 
AndypQF: posts small blind $0.01
vini_wontroba joins the table at seat #1 
Red Viper101: posts big blind $0.02
*** HOLE CARDS ***
Dealt to Dorex2007 [4h 6h]
borjota: calls $0.02
TIMBERO19988: folds 
Dorex2007: folds 
jginfame: folds 
Almanza63: folds 
Trickuent: folds 
AndypQF: folds 
Red Viper101: checks 
*** FLOP *** [Qh 6s 3d]
Red Viper101: checks 
borjota: checks 
*** TURN *** [Qh 6s 3d] [5h]
Red Viper101: checks 
borjota: bets $0.04
Red Viper101: folds 
Uncalled bet ($0.04) returned to borjota
borjota collected $0.05 from pot
borjota: doesn't show hand 
*** SUMMARY ***
Total pot $0.05 | Rake $0 
Board [Qh 6s 3d 5h]
Seat 2: borjota collected ($0.05)
Seat 3: TIMBERO19988 folded before Flop (didn't bet)
Seat 4: Dorex2007 folded before Flop (didn't bet)
Seat 5: jginfame folded before Flop (didn't bet)
Seat 6: Almanza63 folded before Flop (didn't bet)
Seat 7: Trickuent (button) folded before Flop (didn't bet)
Seat 8: AndypQF (small blind) folded before Flop
Seat 9: Red Viper101 (big blind) folded on the Turn



PokerStars Hand #236068857920:  Hold'em No Limit ($0.01/$0.02 USD) - 2022/05/11 17:08:55 PT [2022/05/11 20:08:55 ET]
Table 'Serpens' 9-max Seat #8 is the button
Seat 1: vini_wontroba ($2 in chips) 
Seat 2: borjota ($0.76 in chips) 
Seat 3: TIMBERO19988 ($1.24 in chips) 
Seat 4: Dorex2007 ($4.37 in chips) 
Seat 5: jginfame ($1.45 in chips) 
Seat 6: Almanza63 ($2.70 in chips) 
Seat 7: Trickuent ($1.70 in chips) 
Seat 8: AndypQF ($1.02 in chips) 
Seat 9: Red Viper101 ($2.29 in chips) 
Red Viper101: posts small blind $0.01
vini_wontroba: posts big blind $0.02
*** HOLE CARDS ***
Dealt to Dorex2007 [Kc 3c]
borjota: calls $0.02
TIMBERO19988: folds 
Dorex2007: folds 
jginfame: folds 
Almanza63: folds 
Trickuent: folds 
AndypQF: folds 
Red Viper101: folds 
vini_wontroba: checks 
*** FLOP *** [Ad 4c 5c]
vini_wontroba: bets $0.03
borjota: raises $0.05 to $0.08
vini_wontroba: calls $0.05
*** TURN *** [Ad 4c 5c] [7d]
vini_wontroba: bets $0.13
borjota: raises $0.53 to $0.66 and is all-in
vini_wontroba: calls $0.53
*** RIVER *** [Ad 4c 5c 7d] [7c]
*** SHOW DOWN ***
vini_wontroba: shows [6c As] (two pair, Aces and Sevens)
borjota: shows [Th 7h] (three of a kind, Sevens)
borjota collected $1.48 from pot
*** SUMMARY ***
Total pot $1.53 | Rake $0.05 
Board [Ad 4c 5c 7d 7c]
Seat 1: vini_wontroba (big blind) showed [6c As] and lost with two pair, Aces and Sevens
Seat 2: borjota showed [Th 7h] and won ($1.48) with three of a kind, Sevens
Seat 3: TIMBERO19988 folded before Flop (didn't bet)
Seat 4: Dorex2007 folded before Flop (didn't bet)
Seat 5: jginfame folded before Flop (didn't bet)
Seat 6: Almanza63 folded before Flop (didn't bet)
Seat 7: Trickuent folded before Flop (didn't bet)
Seat 8: AndypQF (button) folded before Flop (didn't bet)
Seat 9: Red Viper101 (small blind) folded before Flop



PokerStars Hand #236068870528:  Hold'em No Limit ($0.01/$0.02 USD) - 2022/05/11 17:09:49 PT [2022/05/11 20:09:49 ET]
Table 'Serpens' 9-max Seat #9 is the button
Seat 1: vini_wontroba ($1.24 in chips) 
Seat 2: borjota ($1.48 in chips) 
Seat 3: TIMBERO19988 ($1.24 in chips) 
Seat 4: Dorex2007 ($4.37 in chips) 
Seat 5: jginfame ($1.45 in chips) 
Seat 6: Almanza63 ($2.70 in chips) 
Seat 7: Trickuent ($1.70 in chips) 
Seat 8: AndypQF ($1.02 in chips) 
Seat 9: Red Viper101 ($2.28 in chips) 
vini_wontroba: posts small blind $0.01
borjota: posts big blind $0.02
*** HOLE CARDS ***
Dealt to Dorex2007 [7s 2c]
TIMBERO19988: folds 
Dorex2007: folds 
jginfame: calls $0.02
Almanza63: folds 
Trickuent: folds 
Trickuent leaves the table
AndypQF: folds 
Red Viper101: folds 
vini_wontroba: calls $0.01
borjota: checks 
*** FLOP *** [Th Tc Qs]
TY3840 joins the table at seat #7 
vini_wontroba: checks 
borjota: checks 
jginfame: bets $0.03
vini_wontroba: folds 
borjota: folds 
Uncalled bet ($0.03) returned to jginfame
jginfame collected $0.06 from pot
jginfame: doesn't show hand 
*** SUMMARY ***
Total pot $0.06 | Rake $0 
Board [Th Tc Qs]
Seat 1: vini_wontroba (small blind) folded on the Flop
Seat 2: borjota (big blind) folded on the Flop
Seat 3: TIMBERO19988 folded before Flop (didn't bet)
Seat 4: Dorex2007 folded before Flop (didn't bet)
Seat 5: jginfame collected ($0.06)
Seat 6: Almanza63 folded before Flop (didn't bet)
Seat 7: Trickuent folded before Flop (didn't bet)
Seat 8: AndypQF folded before Flop (didn't bet)
Seat 9: Red Viper101 (button) folded before Flop (didn't bet)



PokerStars Hand #236068879686:  Hold'em No Limit ($0.01/$0.02 USD) - 2022/05/11 17:10:28 PT [2022/05/11 20:10:28 ET]
Table 'Serpens' 9-max Seat #1 is the button
Seat 1: vini_wontroba ($1.22 in chips) 
Seat 2: borjota ($1.46 in chips) 
Seat 3: TIMBERO19988 ($1.24 in chips) 
Seat 4: Dorex2007 ($4.37 in chips) 
Seat 5: jginfame ($1.49 in chips) 
Seat 6: Almanza63 ($2.70 in chips) 
Seat 8: AndypQF ($1.02 in chips) 
Seat 9: Red Viper101 ($2.28 in chips) 
borjota: posts small blind $0.01
TIMBERO19988: posts big blind $0.02
TY3840: sits out 
*** HOLE CARDS ***
Dealt to Dorex2007 [Qh Jd]
Dorex2007: folds 
jginfame has timed out
jginfame: folds 
Almanza63: folds 
AndypQF: folds 
Red Viper101: raises $0.04 to $0.06
vini_wontroba: calls $0.06
borjota: folds 
TIMBERO19988: folds 
*** FLOP *** [Ts 5c 2s]
Red Viper101: checks 
vini_wontroba: bets $0.07
Red Viper101: calls $0.07
*** TURN *** [Ts 5c 2s] [4h]
Red Viper101: checks 
vini_wontroba: bets $0.12
Red Viper101: folds 
Uncalled bet ($0.12) returned to vini_wontroba
vini_wontroba collected $0.28 from pot
vini_wontroba: doesn't show hand 
*** SUMMARY ***
Total pot $0.29 | Rake $0.01 
Board [Ts 5c 2s 4h]
Seat 1: vini_wontroba (button) collected ($0.28)
Seat 2: borjota (small blind) folded before Flop
Seat 3: TIMBERO19988 (big blind) folded before Flop
Seat 4: Dorex2007 folded before Flop (didn't bet)
Seat 5: jginfame folded before Flop (didn't bet)
Seat 6: Almanza63 folded before Flop (didn't bet)
Seat 8: AndypQF folded before Flop (didn't bet)
Seat 9: Red Viper101 folded on the Turn



