PokerStars Hand #237650262197:  Hold'em No Limit ($0.02/$0.05 USD) - 2022/07/28 16:50:12 PT [2022/07/28 19:50:12 ET]
Table 'Juno II' 9-max Seat #5 is the button
Seat 1: VilpPS ($6.68 in chips) 
Seat 2: Crateus ($5.80 in chips) 
Seat 3: AndrewHeisen ($5.72 in chips) 
Seat 4: kimikiwi87 ($6.31 in chips) 
Seat 5: shakadevirgo90 ($11.64 in chips) 
Seat 6: M1k43l0p ($4.95 in chips) 
Seat 7: Dorex2007 ($5 in chips) 
Seat 9: kooras ($8.20 in chips) 
M1k43l0p: posts small blind $0.02
Dorex2007: posts big blind $0.05
CHSB10: sits out 
*** HOLE CARDS ***
Dealt to Dorex2007 [2d Ah]
kooras: folds 
VilpPS: raises $0.08 to $0.13
Crateus: folds 
AndrewHeisen: folds 
kimikiwi87: folds 
shakadevirgo90: calls $0.13
M1k43l0p: folds 
Dorex2007: folds 
*** FLOP *** [Qs 5h 3c]
VilpPS: checks 
shakadevirgo90: checks 
*** TURN *** [Qs 5h 3c] [Kd]
VilpPS: checks 
shakadevirgo90: bets $0.21
VilpPS: folds 
Uncalled bet ($0.21) returned to shakadevirgo90
shakadevirgo90 collected $0.32 from pot
shakadevirgo90: doesn't show hand 
*** SUMMARY ***
Total pot $0.33 | Rake $0.01 
Board [Qs 5h 3c Kd]
Seat 1: VilpPS folded on the Turn
Seat 2: Crateus folded before Flop (didn't bet)
Seat 3: AndrewHeisen folded before Flop (didn't bet)
Seat 4: kimikiwi87 folded before Flop (didn't bet)
Seat 5: shakadevirgo90 (button) collected ($0.32)
Seat 6: M1k43l0p (small blind) folded before Flop
Seat 7: Dorex2007 (big blind) folded before Flop
Seat 9: kooras folded before Flop (didn't bet)



PokerStars Hand #237650281269:  Hold'em No Limit ($0.02/$0.05 USD) - 2022/07/28 16:51:27 PT [2022/07/28 19:51:27 ET]
Table 'Juno II' 9-max Seat #6 is the button
Seat 1: VilpPS ($6.55 in chips) 
Seat 2: Crateus ($5.80 in chips) 
Seat 3: AndrewHeisen ($5.72 in chips) 
Seat 4: kimikiwi87 ($6.31 in chips) 
Seat 5: shakadevirgo90 ($11.83 in chips) 
Seat 6: M1k43l0p ($4.93 in chips) 
Seat 7: Dorex2007 ($5 in chips) 
Seat 8: CHSB10 ($4 in chips) 
Seat 9: kooras ($8.20 in chips) 
Dorex2007: posts small blind $0.02
CHSB10: posts big blind $0.05
*** HOLE CARDS ***
Dealt to Dorex2007 [Qs 3c]
kooras: folds 
VilpPS: folds 
Crateus: folds 
AndrewHeisen: folds 
kimikiwi87: folds 
shakadevirgo90: folds 
M1k43l0p: folds 
Dorex2007: folds 
Uncalled bet ($0.03) returned to CHSB10
CHSB10 collected $0.04 from pot
CHSB10: doesn't show hand 
*** SUMMARY ***
Total pot $0.04 | Rake $0 
Seat 1: VilpPS folded before Flop (didn't bet)
Seat 2: Crateus folded before Flop (didn't bet)
Seat 3: AndrewHeisen folded before Flop (didn't bet)
Seat 4: kimikiwi87 folded before Flop (didn't bet)
Seat 5: shakadevirgo90 folded before Flop (didn't bet)
Seat 6: M1k43l0p (button) folded before Flop (didn't bet)
Seat 7: Dorex2007 (small blind) folded before Flop
Seat 8: CHSB10 (big blind) collected ($0.04)
Seat 9: kooras folded before Flop (didn't bet)



PokerStars Hand #237650284780:  Hold'em No Limit ($0.02/$0.05 USD) - 2022/07/28 16:51:41 PT [2022/07/28 19:51:41 ET]
Table 'Juno II' 9-max Seat #7 is the button
Seat 1: VilpPS ($6.55 in chips) 
Seat 2: Crateus ($5.80 in chips) 
Seat 3: AndrewHeisen ($5.72 in chips) 
Seat 4: kimikiwi87 ($6.31 in chips) 
Seat 5: shakadevirgo90 ($11.83 in chips) 
Seat 6: M1k43l0p ($4.93 in chips) 
Seat 7: Dorex2007 ($5 in chips) 
Seat 8: CHSB10 ($4.02 in chips) 
Seat 9: kooras ($8.20 in chips) 
CHSB10: posts small blind $0.02
kooras: posts big blind $0.05
*** HOLE CARDS ***
Dealt to Dorex2007 [9s Qs]
VilpPS: folds 
Crateus: raises $0.10 to $0.15
AndrewHeisen: folds 
kimikiwi87: folds 
shakadevirgo90: folds 
M1k43l0p: folds 
Dorex2007: folds 
CHSB10: folds 
kooras: calls $0.10
*** FLOP *** [2h Jc Kc]
kooras: checks 
Crateus: bets $0.20
kooras: folds 
Uncalled bet ($0.20) returned to Crateus
Crateus collected $0.31 from pot
Crateus: doesn't show hand 
*** SUMMARY ***
Total pot $0.32 | Rake $0.01 
Board [2h Jc Kc]
Seat 1: VilpPS folded before Flop (didn't bet)
Seat 2: Crateus collected ($0.31)
Seat 3: AndrewHeisen folded before Flop (didn't bet)
Seat 4: kimikiwi87 folded before Flop (didn't bet)
Seat 5: shakadevirgo90 folded before Flop (didn't bet)
Seat 6: M1k43l0p folded before Flop (didn't bet)
Seat 7: Dorex2007 (button) folded before Flop (didn't bet)
Seat 8: CHSB10 (small blind) folded before Flop
Seat 9: kooras (big blind) folded on the Flop



PokerStars Hand #237650293008:  Hold'em No Limit ($0.02/$0.05 USD) - 2022/07/28 16:52:13 PT [2022/07/28 19:52:13 ET]
Table 'Juno II' 9-max Seat #8 is the button
Seat 1: VilpPS ($6.55 in chips) 
Seat 2: Crateus ($5.96 in chips) 
Seat 3: AndrewHeisen ($5.72 in chips) 
Seat 4: kimikiwi87 ($6.31 in chips) 
Seat 5: shakadevirgo90 ($11.83 in chips) 
Seat 6: M1k43l0p ($4.93 in chips) 
Seat 7: Dorex2007 ($5 in chips) 
Seat 8: CHSB10 ($4 in chips) 
Seat 9: kooras ($8.05 in chips) 
kooras: posts small blind $0.02
VilpPS: posts big blind $0.05
*** HOLE CARDS ***
Dealt to Dorex2007 [2c 4c]
Crateus: folds 
AndrewHeisen: folds 
kimikiwi87: folds 
shakadevirgo90: folds 
M1k43l0p: raises $0.10 to $0.15
Dorex2007: folds 
CHSB10: folds 
kooras: raises $0.20 to $0.35
VilpPS: folds 
M1k43l0p: calls $0.20
*** FLOP *** [8h Qh 4h]
VilpPS leaves the table
kooras: checks 
M1k43l0p: bets $0.50
kooras: calls $0.50
*** TURN *** [8h Qh 4h] [Th]
kooras: checks 
M1k43l0p: checks 
*** RIVER *** [8h Qh 4h Th] [7c]
kooras: bets $0.55
Ginnungagap7 joins the table at seat #1 
M1k43l0p: folds 
Uncalled bet ($0.55) returned to kooras
kooras collected $1.68 from pot
kooras: doesn't show hand 
*** SUMMARY ***
Total pot $1.75 | Rake $0.07 
Board [8h Qh 4h Th 7c]
Seat 1: VilpPS (big blind) folded before Flop
Seat 2: Crateus folded before Flop (didn't bet)
Seat 3: AndrewHeisen folded before Flop (didn't bet)
Seat 4: kimikiwi87 folded before Flop (didn't bet)
Seat 5: shakadevirgo90 folded before Flop (didn't bet)
Seat 6: M1k43l0p folded on the River
Seat 7: Dorex2007 folded before Flop (didn't bet)
Seat 8: CHSB10 (button) folded before Flop (didn't bet)
Seat 9: kooras (small blind) collected ($1.68)



PokerStars Hand #237650310276:  Hold'em No Limit ($0.02/$0.05 USD) - 2022/07/28 16:53:21 PT [2022/07/28 19:53:21 ET]
Table 'Juno II' 9-max Seat #9 is the button
Seat 2: Crateus ($5.96 in chips) 
Seat 3: AndrewHeisen ($5.72 in chips) 
Seat 4: kimikiwi87 ($6.31 in chips) 
Seat 5: shakadevirgo90 ($11.83 in chips) 
Seat 6: M1k43l0p ($4.08 in chips) 
Seat 7: Dorex2007 ($5 in chips) 
Seat 8: CHSB10 ($4 in chips) 
Seat 9: kooras ($8.88 in chips) 
Crateus: posts small blind $0.02
AndrewHeisen: posts big blind $0.05
*** HOLE CARDS ***
Dealt to Dorex2007 [5s 9h]
kimikiwi87: folds 
shakadevirgo90: raises $0.05 to $0.10
M1k43l0p: folds 
Dorex2007: folds 
CHSB10: calls $0.10
kooras: folds 
Crateus: folds 
AndrewHeisen: raises $0.30 to $0.40
shakadevirgo90: calls $0.30
CHSB10: calls $0.30
*** FLOP *** [6h As 9d]
AndrewHeisen: checks 
shakadevirgo90: checks 
CHSB10: bets $1.17
AndrewHeisen: folds 
shakadevirgo90: folds 
Uncalled bet ($1.17) returned to CHSB10
CHSB10 collected $1.17 from pot
CHSB10: doesn't show hand 
*** SUMMARY ***
Total pot $1.22 | Rake $0.05 
Board [6h As 9d]
Seat 2: Crateus (small blind) folded before Flop
Seat 3: AndrewHeisen (big blind) folded on the Flop
Seat 4: kimikiwi87 folded before Flop (didn't bet)
Seat 5: shakadevirgo90 folded on the Flop
Seat 6: M1k43l0p folded before Flop (didn't bet)
Seat 7: Dorex2007 folded before Flop (didn't bet)
Seat 8: CHSB10 collected ($1.17)
Seat 9: kooras (button) folded before Flop (didn't bet)



PokerStars Hand #237650327683:  Hold'em No Limit ($0.02/$0.05 USD) - 2022/07/28 16:54:30 PT [2022/07/28 19:54:30 ET]
Table 'Juno II' 9-max Seat #2 is the button
Seat 2: Crateus ($5.94 in chips) 
Seat 3: AndrewHeisen ($5.32 in chips) 
Seat 5: shakadevirgo90 ($11.43 in chips) 
Seat 6: M1k43l0p ($5 in chips) 
Seat 7: Dorex2007 ($5 in chips) 
Seat 8: CHSB10 ($4.77 in chips) 
Seat 9: kooras ($8.88 in chips) 
AndrewHeisen: posts small blind $0.02
kimikiwi87: is sitting out 
shakadevirgo90: posts big blind $0.05
Ginnungagap7: sits out 
*** HOLE CARDS ***
Dealt to Dorex2007 [As 7d]
M1k43l0p: raises $0.10 to $0.15
Dorex2007: folds 
CHSB10: folds 
kooras: folds 
Crateus: folds 
AndrewHeisen: raises $0.30 to $0.45
shakadevirgo90: calls $0.40
M1k43l0p: calls $0.30
*** FLOP *** [6s 8d 8h]
AndrewHeisen: checks 
shakadevirgo90: checks 
M1k43l0p: bets $0.40
AndrewHeisen: folds 
shakadevirgo90: calls $0.40
*** TURN *** [6s 8d 8h] [3d]
shakadevirgo90: checks 
M1k43l0p: bets $1.03
shakadevirgo90: folds 
Uncalled bet ($1.03) returned to M1k43l0p
M1k43l0p collected $2.06 from pot
M1k43l0p: doesn't show hand 
*** SUMMARY ***
Total pot $2.15 | Rake $0.09 
Board [6s 8d 8h 3d]
Seat 2: Crateus (button) folded before Flop (didn't bet)
Seat 3: AndrewHeisen (small blind) folded on the Flop
Seat 5: shakadevirgo90 (big blind) folded on the Turn
Seat 6: M1k43l0p collected ($2.06)
Seat 7: Dorex2007 folded before Flop (didn't bet)
Seat 8: CHSB10 folded before Flop (didn't bet)
Seat 9: kooras folded before Flop (didn't bet)



PokerStars Hand #237650351283:  Hold'em No Limit ($0.02/$0.05 USD) - 2022/07/28 16:56:13 PT [2022/07/28 19:56:13 ET]
Table 'Juno II' 9-max Seat #3 is the button
Seat 2: Crateus ($5.94 in chips) 
Seat 3: AndrewHeisen ($4.87 in chips) 
Seat 5: shakadevirgo90 ($10.58 in chips) 
Seat 6: M1k43l0p ($6.21 in chips) 
Seat 7: Dorex2007 ($5 in chips) 
Seat 8: CHSB10 ($4.77 in chips) 
Seat 9: kooras ($8.88 in chips) 
shakadevirgo90: posts small blind $0.02
M1k43l0p: posts big blind $0.05
Ginnungagap7: sits out 
*** HOLE CARDS ***
Dealt to Dorex2007 [6c 9s]
Dorex2007: folds 
CHSB10: folds 
kooras: folds 
Crateus: folds 
AndrewHeisen: folds 
shakadevirgo90: folds 
Uncalled bet ($0.03) returned to M1k43l0p
M1k43l0p collected $0.04 from pot
M1k43l0p: doesn't show hand 
*** SUMMARY ***
Total pot $0.04 | Rake $0 
Seat 2: Crateus folded before Flop (didn't bet)
Seat 3: AndrewHeisen (button) folded before Flop (didn't bet)
Seat 5: shakadevirgo90 (small blind) folded before Flop
Seat 6: M1k43l0p (big blind) collected ($0.04)
Seat 7: Dorex2007 folded before Flop (didn't bet)
Seat 8: CHSB10 folded before Flop (didn't bet)
Seat 9: kooras folded before Flop (didn't bet)



PokerStars Hand #237650354095:  Hold'em No Limit ($0.02/$0.05 USD) - 2022/07/28 16:56:26 PT [2022/07/28 19:56:26 ET]
Table 'Juno II' 9-max Seat #5 is the button
Seat 2: Crateus ($5.94 in chips) 
Seat 3: AndrewHeisen ($4.87 in chips) 
Seat 5: shakadevirgo90 ($10.56 in chips) 
Seat 7: Dorex2007 ($5 in chips) 
Seat 8: CHSB10 ($4.77 in chips) 
Seat 9: kooras ($8.88 in chips) 
Dorex2007: posts small blind $0.02
CHSB10: posts big blind $0.05
Ginnungagap7: sits out 
*** HOLE CARDS ***
Dealt to Dorex2007 [Ac Qh]
kooras: folds 
Crateus: folds 
AndrewHeisen: folds 
shakadevirgo90: raises $0.05 to $0.10
Dorex2007: calls $0.08
CHSB10: calls $0.05
*** FLOP *** [Qc 3c 7c]
Boiled790 joins the table at seat #6 
Dorex2007: bets $0.14
CHSB10: calls $0.14
shakadevirgo90: folds 
*** TURN *** [Qc 3c 7c] [7d]
Dorex2007: checks 
CHSB10: checks 
*** RIVER *** [Qc 3c 7c 7d] [Ks]
Dorex2007: bets $0.28
CHSB10: raises $0.28 to $0.56
Dorex2007: calls $0.28
*** SHOW DOWN ***
CHSB10: shows [Tc 6c] (a flush, Queen high)
Dorex2007: mucks hand 
CHSB10 collected $1.63 from pot
*** SUMMARY ***
Total pot $1.70 | Rake $0.07 
Board [Qc 3c 7c 7d Ks]
Seat 2: Crateus folded before Flop (didn't bet)
Seat 3: AndrewHeisen folded before Flop (didn't bet)
Seat 5: shakadevirgo90 (button) folded on the Flop
Seat 7: Dorex2007 (small blind) mucked [Ac Qh]
Seat 8: CHSB10 (big blind) showed [Tc 6c] and won ($1.63) with a flush, Queen high
Seat 9: kooras folded before Flop (didn't bet)



PokerStars Hand #237650366127:  Hold'em No Limit ($0.02/$0.05 USD) - 2022/07/28 16:57:13 PT [2022/07/28 19:57:13 ET]
Table 'Juno II' 9-max Seat #7 is the button
Seat 2: Crateus ($5.94 in chips) 
Seat 3: AndrewHeisen ($4.87 in chips) 
Seat 5: shakadevirgo90 ($10.46 in chips) 
Seat 6: Boiled790 ($5 in chips) 
Seat 7: Dorex2007 ($5 in chips) 
Seat 8: CHSB10 ($5.60 in chips) 
Seat 9: kooras ($8.88 in chips) 
CHSB10: posts small blind $0.02
kooras: posts big blind $0.05
Ginnungagap7: sits out 
Boiled790: posts big blind $0.05
*** HOLE CARDS ***
Dealt to Dorex2007 [Ad 9s]
Crateus: folds 
AndrewHeisen: folds 
shakadevirgo90: folds 
Boiled790: raises $0.10 to $0.15
Dorex2007: folds 
CHSB10: calls $0.13
kooras: calls $0.10
*** FLOP *** [Ah Qc 2s]
CHSB10: checks 
kooras: checks 
Boiled790: bets $0.36
CHSB10: folds 
kooras: folds 
Uncalled bet ($0.36) returned to Boiled790
Boiled790 collected $0.43 from pot
Boiled790: doesn't show hand 
*** SUMMARY ***
Total pot $0.45 | Rake $0.02 
Board [Ah Qc 2s]
Seat 2: Crateus folded before Flop (didn't bet)
Seat 3: AndrewHeisen folded before Flop (didn't bet)
Seat 5: shakadevirgo90 folded before Flop (didn't bet)
Seat 6: Boiled790 collected ($0.43)
Seat 7: Dorex2007 (button) folded before Flop (didn't bet)
Seat 8: CHSB10 (small blind) folded on the Flop
Seat 9: kooras (big blind) folded on the Flop



PokerStars Hand #237650380688:  Hold'em No Limit ($0.02/$0.05 USD) - 2022/07/28 16:58:22 PT [2022/07/28 19:58:22 ET]
Table 'Juno II' 9-max Seat #8 is the button
Seat 1: Ginnungagap7 ($2 in chips) 
Seat 2: Crateus ($5.94 in chips) 
Seat 3: AndrewHeisen ($4.87 in chips) 
Seat 5: shakadevirgo90 ($10.46 in chips) 
Seat 6: Boiled790 ($5.28 in chips) 
Seat 7: Dorex2007 ($5 in chips) 
Seat 8: CHSB10 ($5.45 in chips) 
Seat 9: kooras ($8.73 in chips) 
kooras: posts small blind $0.02
Ginnungagap7: posts big blind $0.05
*** HOLE CARDS ***
Dealt to Dorex2007 [Js Th]
Crateus: folds 
AndrewHeisen: folds 
shakadevirgo90: folds 
Boiled790: folds 
Dorex2007: folds 
CHSB10: raises $0.05 to $0.10
kooras: folds 
Ginnungagap7: calls $0.05
*** FLOP *** [5s 4c Ad]
Ginnungagap7: checks 
CHSB10: bets $0.10
Ginnungagap7: folds 
Uncalled bet ($0.10) returned to CHSB10
CHSB10 collected $0.21 from pot
CHSB10: doesn't show hand 
*** SUMMARY ***
Total pot $0.22 | Rake $0.01 
Board [5s 4c Ad]
Seat 1: Ginnungagap7 (big blind) folded on the Flop
Seat 2: Crateus folded before Flop (didn't bet)
Seat 3: AndrewHeisen folded before Flop (didn't bet)
Seat 5: shakadevirgo90 folded before Flop (didn't bet)
Seat 6: Boiled790 folded before Flop (didn't bet)
Seat 7: Dorex2007 folded before Flop (didn't bet)
Seat 8: CHSB10 (button) collected ($0.21)
Seat 9: kooras (small blind) folded before Flop



PokerStars Hand #237650386841:  Hold'em No Limit ($0.02/$0.05 USD) - 2022/07/28 16:58:50 PT [2022/07/28 19:58:50 ET]
Table 'Juno II' 9-max Seat #9 is the button
Seat 1: Ginnungagap7 ($1.90 in chips) 
Seat 2: Crateus ($5.94 in chips) 
Seat 3: AndrewHeisen ($4.87 in chips) 
Seat 5: shakadevirgo90 ($10.46 in chips) 
Seat 6: Boiled790 ($5.28 in chips) 
Seat 7: Dorex2007 ($5 in chips) 
Seat 8: CHSB10 ($5.56 in chips) 
Seat 9: kooras ($8.71 in chips) 
Ginnungagap7: posts small blind $0.02
Crateus: posts big blind $0.05
*** HOLE CARDS ***
Dealt to Dorex2007 [5s 6s]
AndrewHeisen: folds 
shakadevirgo90: folds 
Boiled790: raises $0.10 to $0.15
Dorex2007: folds 
CHSB10: calls $0.15
kooras: raises $0.30 to $0.45
Ginnungagap7: folds 
Crateus: folds 
Boiled790: calls $0.30
CHSB10: calls $0.30
*** FLOP *** [2h Th Td]
Boiled790: checks 
CHSB10: checks 
kooras: bets $0.75
Boiled790: calls $0.75
CHSB10: raises $3.61 to $4.36
kooras: raises $3.90 to $8.26 and is all-in
Boiled790: folds 
CHSB10: calls $0.75 and is all-in
Uncalled bet ($3.15) returned to kooras
*** TURN *** [2h Th Td] [7c]
*** RIVER *** [2h Th Td 7c] [Kh]
*** SHOW DOWN ***
CHSB10: shows [9h Ts] (three of a kind, Tens)
kooras: shows [Ks Kd] (a full house, Kings full of Tens)
kooras collected $11.88 from pot
*** SUMMARY ***
Total pot $12.39 | Rake $0.51 
Board [2h Th Td 7c Kh]
Seat 1: Ginnungagap7 (small blind) folded before Flop
Seat 2: Crateus (big blind) folded before Flop
Seat 3: AndrewHeisen folded before Flop (didn't bet)
Seat 5: shakadevirgo90 folded before Flop (didn't bet)
Seat 6: Boiled790 folded on the Flop
Seat 7: Dorex2007 folded before Flop (didn't bet)
Seat 8: CHSB10 showed [9h Ts] and lost with three of a kind, Tens
Seat 9: kooras (button) showed [Ks Kd] and won ($11.88) with a full house, Kings full of Tens



PokerStars Hand #237650416364:  Hold'em No Limit ($0.02/$0.05 USD) - 2022/07/28 17:01:04 PT [2022/07/28 20:01:04 ET]
Table 'Juno II' 9-max Seat #1 is the button
Seat 1: Ginnungagap7 ($1.88 in chips) 
Seat 2: Crateus ($5.89 in chips) 
Seat 3: AndrewHeisen ($4.87 in chips) 
Seat 5: shakadevirgo90 ($10.46 in chips) 
Seat 6: Boiled790 ($4.08 in chips) 
Seat 7: Dorex2007 ($5 in chips) 
Seat 9: kooras ($15.03 in chips) 
Crateus: posts small blind $0.02
AndrewHeisen: posts big blind $0.05
*** HOLE CARDS ***
Dealt to Dorex2007 [6d 5h]
shakadevirgo90 has timed out
shakadevirgo90: folds 
Boiled790: raises $0.10 to $0.15
Dorex2007: folds 
kooras: folds 
Ginnungagap7: folds 
Crateus: folds 
AndrewHeisen: calls $0.10
*** FLOP *** [6s 6c 3d]
AndrewHeisen: checks 
Boiled790: bets $0.31
CHSB10 leaves the table
shakadevirgo90 leaves the table
AndrewHeisen: folds 
Uncalled bet ($0.31) returned to Boiled790
Boiled790 collected $0.31 from pot
Boiled790: doesn't show hand 
*** SUMMARY ***
Total pot $0.32 | Rake $0.01 
Board [6s 6c 3d]
Seat 1: Ginnungagap7 (button) folded before Flop (didn't bet)
Seat 2: Crateus (small blind) folded before Flop
Seat 3: AndrewHeisen (big blind) folded on the Flop
Seat 5: shakadevirgo90 folded before Flop (didn't bet)
Seat 6: Boiled790 collected ($0.31)
Seat 7: Dorex2007 folded before Flop (didn't bet)
Seat 9: kooras folded before Flop (didn't bet)



PokerStars Hand #237650425291:  Hold'em No Limit ($0.02/$0.05 USD) - 2022/07/28 17:01:41 PT [2022/07/28 20:01:41 ET]
Table 'Juno II' 9-max Seat #2 is the button
Seat 1: Ginnungagap7 ($1.88 in chips) 
Seat 2: Crateus ($5.87 in chips) 
Seat 3: AndrewHeisen ($4.72 in chips) 
Seat 6: Boiled790 ($4.24 in chips) 
Seat 7: Dorex2007 ($5 in chips) 
Seat 9: kooras ($15.03 in chips) 
AndrewHeisen: posts small blind $0.02
Boiled790: posts big blind $0.05
*** HOLE CARDS ***
Dealt to Dorex2007 [As 9h]
Dorex2007: folds 
kooras: folds 
Ginnungagap7: folds 
Crateus: raises $0.10 to $0.15
AndrewHeisen: folds 
Boiled790: calls $0.10
*** FLOP *** [Jc Kc Ad]
Boiled790: bets $0.20
Crateus: folds 
Uncalled bet ($0.20) returned to Boiled790
Boiled790 collected $0.31 from pot
Boiled790: doesn't show hand 
*** SUMMARY ***
Total pot $0.32 | Rake $0.01 
Board [Jc Kc Ad]
Seat 1: Ginnungagap7 folded before Flop (didn't bet)
Seat 2: Crateus (button) folded on the Flop
Seat 3: AndrewHeisen (small blind) folded before Flop
Seat 6: Boiled790 (big blind) collected ($0.31)
Seat 7: Dorex2007 folded before Flop (didn't bet)
Seat 9: kooras folded before Flop (didn't bet)



PokerStars Hand #237650435306:  Hold'em No Limit ($0.02/$0.05 USD) - 2022/07/28 17:02:17 PT [2022/07/28 20:02:17 ET]
Table 'Juno II' 9-max Seat #3 is the button
Seat 1: Ginnungagap7 ($1.88 in chips) 
Seat 2: Crateus ($5.72 in chips) 
Seat 3: AndrewHeisen ($4.70 in chips) 
Seat 6: Boiled790 ($4.40 in chips) 
Seat 7: Dorex2007 ($5 in chips) 
Seat 9: kooras ($15.03 in chips) 
Boiled790: posts small blind $0.02
Dorex2007: posts big blind $0.05
*** HOLE CARDS ***
Dealt to Dorex2007 [4d 8s]
kooras: folds 
Ginnungagap7: folds 
Crateus: folds 
AndrewHeisen: raises $0.10 to $0.15
Boiled790: folds 
Dorex2007: folds 
Uncalled bet ($0.10) returned to AndrewHeisen
AndrewHeisen collected $0.12 from pot
AndrewHeisen: doesn't show hand 
*** SUMMARY ***
Total pot $0.12 | Rake $0 
Seat 1: Ginnungagap7 folded before Flop (didn't bet)
Seat 2: Crateus folded before Flop (didn't bet)
Seat 3: AndrewHeisen (button) collected ($0.12)
Seat 6: Boiled790 (small blind) folded before Flop
Seat 7: Dorex2007 (big blind) folded before Flop
Seat 9: kooras folded before Flop (didn't bet)



PokerStars Hand #237650438750:  Hold'em No Limit ($0.02/$0.05 USD) - 2022/07/28 17:02:31 PT [2022/07/28 20:02:31 ET]
Table 'Juno II' 9-max Seat #6 is the button
Seat 1: Ginnungagap7 ($1.88 in chips) 
Seat 2: Crateus ($5.72 in chips) 
Seat 3: AndrewHeisen ($4.77 in chips) 
Seat 6: Boiled790 ($4.38 in chips) 
Seat 7: Dorex2007 ($5 in chips) 
Seat 9: kooras ($15.03 in chips) 
Dorex2007: posts small blind $0.02
kooras: posts big blind $0.05
*** HOLE CARDS ***
Dealt to Dorex2007 [Ac Kc]
Ginnungagap7: folds 
Crateus: folds 
AndrewHeisen: folds 
Boiled790: raises $0.10 to $0.15
Dorex2007: raises $0.25 to $0.40
kooras: folds 
Boiled790: raises $0.60 to $1
Dorex2007: calls $0.60
*** FLOP *** [Jd 9c Kd]
Dorex2007: bets $4 and is all-in
Boiled790: folds 
Uncalled bet ($4) returned to Dorex2007
Dorex2007 collected $1.96 from pot
Dorex2007: doesn't show hand 
*** SUMMARY ***
Total pot $2.05 | Rake $0.09 
Board [Jd 9c Kd]
Seat 1: Ginnungagap7 folded before Flop (didn't bet)
Seat 2: Crateus folded before Flop (didn't bet)
Seat 3: AndrewHeisen folded before Flop (didn't bet)
Seat 6: Boiled790 (button) folded on the Flop
Seat 7: Dorex2007 (small blind) collected ($1.96)
Seat 9: kooras (big blind) folded before Flop



PokerStars Hand #237650447985:  Hold'em No Limit ($0.02/$0.05 USD) - 2022/07/28 17:03:08 PT [2022/07/28 20:03:08 ET]
Table 'Juno II' 9-max Seat #7 is the button
Seat 1: Ginnungagap7 ($1.88 in chips) 
Seat 2: Crateus ($5.72 in chips) 
Seat 3: AndrewHeisen ($4.77 in chips) 
Seat 6: Boiled790 ($3.38 in chips) 
Seat 7: Dorex2007 ($5.96 in chips) 
Seat 9: kooras ($14.98 in chips) 
kooras: posts small blind $0.02
Ginnungagap7: posts big blind $0.05
*** HOLE CARDS ***
Dealt to Dorex2007 [3h 7h]
Crateus: folds 
AndrewHeisen: folds 
Boiled790: folds 
Dorex2007: folds 
kooras: raises $0.10 to $0.15
Ginnungagap7: folds 
Uncalled bet ($0.10) returned to kooras
kooras collected $0.10 from pot
kooras: doesn't show hand 
Crateus leaves the table
*** SUMMARY ***
Total pot $0.10 | Rake $0 
Seat 1: Ginnungagap7 (big blind) folded before Flop
Seat 2: Crateus folded before Flop (didn't bet)
Seat 3: AndrewHeisen folded before Flop (didn't bet)
Seat 6: Boiled790 folded before Flop (didn't bet)
Seat 7: Dorex2007 (button) folded before Flop (didn't bet)
Seat 9: kooras (small blind) collected ($0.10)



PokerStars Hand #237650450228:  Hold'em No Limit ($0.02/$0.05 USD) - 2022/07/28 17:03:17 PT [2022/07/28 20:03:17 ET]
Table 'Juno II' 9-max Seat #9 is the button
Seat 1: Ginnungagap7 ($1.83 in chips) 
Seat 3: AndrewHeisen ($4.77 in chips) 
Seat 6: Boiled790 ($3.38 in chips) 
Seat 7: Dorex2007 ($5.96 in chips) 
Seat 9: kooras ($15.03 in chips) 
Ginnungagap7: posts small blind $0.02
AndrewHeisen: posts big blind $0.05
*** HOLE CARDS ***
Dealt to Dorex2007 [5s Qh]
Boiled790: folds 
Dorex2007: folds 
kooras: folds 
jlg.romero joins the table at seat #2 
Ginnungagap7: folds 
Uncalled bet ($0.03) returned to AndrewHeisen
AndrewHeisen collected $0.04 from pot
AndrewHeisen: doesn't show hand 
*** SUMMARY ***
Total pot $0.04 | Rake $0 
Seat 1: Ginnungagap7 (small blind) folded before Flop
Seat 3: AndrewHeisen (big blind) collected ($0.04)
Seat 6: Boiled790 folded before Flop (didn't bet)
Seat 7: Dorex2007 folded before Flop (didn't bet)
Seat 9: kooras (button) folded before Flop (didn't bet)



PokerStars Hand #237650452392:  Hold'em No Limit ($0.02/$0.05 USD) - 2022/07/28 17:03:26 PT [2022/07/28 20:03:26 ET]
Table 'Juno II' 9-max Seat #1 is the button
Seat 1: Ginnungagap7 ($1.81 in chips) 
Seat 3: AndrewHeisen ($4.79 in chips) 
Seat 6: Boiled790 ($3.38 in chips) 
Seat 7: Dorex2007 ($5.96 in chips) 
Seat 9: kooras ($15.03 in chips) 
AndrewHeisen: posts small blind $0.02
Boiled790: posts big blind $0.05
*** HOLE CARDS ***
Dealt to Dorex2007 [8s 6d]
Dorex2007: folds 
kooras: folds 
Ginnungagap7: raises $0.10 to $0.15
AndrewHeisen: folds 
Boiled790: raises $0.22 to $0.37
Ginnungagap7: folds 
Uncalled bet ($0.22) returned to Boiled790
Boiled790 collected $0.32 from pot
Boiled790: doesn't show hand 
*** SUMMARY ***
Total pot $0.32 | Rake $0 
Seat 1: Ginnungagap7 (button) folded before Flop
Seat 3: AndrewHeisen (small blind) folded before Flop
Seat 6: Boiled790 (big blind) collected ($0.32)
Seat 7: Dorex2007 folded before Flop (didn't bet)
Seat 9: kooras folded before Flop (didn't bet)



PokerStars Hand #237650457715:  Hold'em No Limit ($0.02/$0.05 USD) - 2022/07/28 17:03:47 PT [2022/07/28 20:03:47 ET]
Table 'Juno II' 9-max Seat #3 is the button
Seat 1: Ginnungagap7 ($1.66 in chips) 
Seat 2: jlg.romero ($5 in chips) 
Seat 3: AndrewHeisen ($4.77 in chips) 
Seat 6: Boiled790 ($3.55 in chips) 
Seat 7: Dorex2007 ($5.96 in chips) 
Seat 9: kooras ($15.03 in chips) 
Boiled790: posts small blind $0.02
Dorex2007: posts big blind $0.05
jlg.romero: posts big blind $0.05
*** HOLE CARDS ***
Dealt to Dorex2007 [9d 5c]
kooras: folds 
Ginnungagap7: folds 
jlg.romero: checks 
AndrewHeisen: folds 
Boiled790: raises $0.15 to $0.20
Dorex2007: folds 
jlg.romero: folds 
Uncalled bet ($0.15) returned to Boiled790
Boiled790 collected $0.15 from pot
Boiled790: doesn't show hand 
*** SUMMARY ***
Total pot $0.15 | Rake $0 
Seat 1: Ginnungagap7 folded before Flop (didn't bet)
Seat 2: jlg.romero folded before Flop (didn't bet)
Seat 3: AndrewHeisen (button) folded before Flop (didn't bet)
Seat 6: Boiled790 (small blind) collected ($0.15)
Seat 7: Dorex2007 (big blind) folded before Flop
Seat 9: kooras folded before Flop (didn't bet)



PokerStars Hand #237650471344:  Hold'em No Limit ($0.02/$0.05 USD) - 2022/07/28 17:04:02 PT [2022/07/28 20:04:02 ET]
Table 'Juno II' 9-max Seat #6 is the button
Seat 1: Ginnungagap7 ($1.66 in chips) 
Seat 2: jlg.romero ($4.95 in chips) 
Seat 3: AndrewHeisen ($4.77 in chips) 
Seat 6: Boiled790 ($3.65 in chips) 
Seat 7: Dorex2007 ($5.91 in chips) 
Seat 9: kooras ($15.03 in chips) 
Dorex2007: posts small blind $0.02
kooras: posts big blind $0.05
*** HOLE CARDS ***
Dealt to Dorex2007 [9h 9c]
Ginnungagap7: folds 
jlg.romero: folds 
AndrewHeisen: folds 
Boiled790: raises $0.10 to $0.15
Dorex2007: calls $0.13
kooras: folds 
*** FLOP *** [6h 4c Td]
Dorex2007: bets $0.17
Boiled790: raises $0.37 to $0.54
Dorex2007: folds 
Uncalled bet ($0.37) returned to Boiled790
Boiled790 collected $0.66 from pot
Boiled790: doesn't show hand 
*** SUMMARY ***
Total pot $0.69 | Rake $0.03 
Board [6h 4c Td]
Seat 1: Ginnungagap7 folded before Flop (didn't bet)
Seat 2: jlg.romero folded before Flop (didn't bet)
Seat 3: AndrewHeisen folded before Flop (didn't bet)
Seat 6: Boiled790 (button) collected ($0.66)
Seat 7: Dorex2007 (small blind) folded on the Flop
Seat 9: kooras (big blind) folded before Flop



PokerStars Hand #237650476980:  Hold'em No Limit ($0.02/$0.05 USD) - 2022/07/28 17:04:25 PT [2022/07/28 20:04:25 ET]
Table 'Juno II' 9-max Seat #7 is the button
Seat 1: Ginnungagap7 ($1.66 in chips) 
Seat 2: jlg.romero ($4.95 in chips) 
Seat 3: AndrewHeisen ($4.77 in chips) 
Seat 6: Boiled790 ($3.99 in chips) 
Seat 7: Dorex2007 ($5.59 in chips) 
Seat 9: kooras ($14.98 in chips) 
kooras: posts small blind $0.02
Ginnungagap7: posts big blind $0.05
*** HOLE CARDS ***
Dealt to Dorex2007 [6h Th]
jlg.romero: folds 
AndrewHeisen: folds 
Boiled790: folds 
Dorex2007: folds 
kooras: folds 
Uncalled bet ($0.03) returned to Ginnungagap7
Ginnungagap7 collected $0.04 from pot
Ginnungagap7: doesn't show hand 
*** SUMMARY ***
Total pot $0.04 | Rake $0 
Seat 1: Ginnungagap7 (big blind) collected ($0.04)
Seat 2: jlg.romero folded before Flop (didn't bet)
Seat 3: AndrewHeisen folded before Flop (didn't bet)
Seat 6: Boiled790 folded before Flop (didn't bet)
Seat 7: Dorex2007 (button) folded before Flop (didn't bet)
Seat 9: kooras (small blind) folded before Flop



PokerStars Hand #237650482267:  Hold'em No Limit ($0.02/$0.05 USD) - 2022/07/28 17:04:39 PT [2022/07/28 20:04:39 ET]
Table 'Juno II' 9-max Seat #9 is the button
Seat 1: Ginnungagap7 ($1.68 in chips) 
Seat 2: jlg.romero ($4.95 in chips) 
Seat 3: AndrewHeisen ($4.77 in chips) 
Seat 6: Boiled790 ($3.99 in chips) 
Seat 7: Dorex2007 ($5.59 in chips) 
Seat 9: kooras ($14.96 in chips) 
Ginnungagap7: posts small blind $0.02
jlg.romero: posts big blind $0.05
*** HOLE CARDS ***
Dealt to Dorex2007 [Ad 3h]
AndrewHeisen: folds 
Boiled790: raises $0.10 to $0.15
Dorex2007: folds 
kooras: folds 
Ginnungagap7: folds 
jlg.romero: calls $0.10
*** FLOP *** [9c 8d 5s]
jlg.romero: checks 
Boiled790: bets $0.25
jlg.romero: calls $0.25
*** TURN *** [9c 8d 5s] [Js]
jlg.romero: checks 
Boiled790: checks 
*** RIVER *** [9c 8d 5s Js] [Ac]
jlg.romero: bets $0.45
Boiled790: folds 
Uncalled bet ($0.45) returned to jlg.romero
jlg.romero collected $0.79 from pot
jlg.romero: doesn't show hand 
*** SUMMARY ***
Total pot $0.82 | Rake $0.03 
Board [9c 8d 5s Js Ac]
Seat 1: Ginnungagap7 (small blind) folded before Flop
Seat 2: jlg.romero (big blind) collected ($0.79)
Seat 3: AndrewHeisen folded before Flop (didn't bet)
Seat 6: Boiled790 folded on the River
Seat 7: Dorex2007 folded before Flop (didn't bet)
Seat 9: kooras (button) folded before Flop (didn't bet)



PokerStars Hand #237650496990:  Hold'em No Limit ($0.02/$0.05 USD) - 2022/07/28 17:05:38 PT [2022/07/28 20:05:38 ET]
Table 'Juno II' 9-max Seat #1 is the button
Seat 1: Ginnungagap7 ($1.66 in chips) 
Seat 2: jlg.romero ($5.34 in chips) 
Seat 3: AndrewHeisen ($4.77 in chips) 
Seat 6: Boiled790 ($3.59 in chips) 
Seat 7: Dorex2007 ($5.59 in chips) 
Seat 9: kooras ($14.96 in chips) 
jlg.romero: posts small blind $0.02
AndrewHeisen: posts big blind $0.05
*** HOLE CARDS ***
Dealt to Dorex2007 [Jd 3h]
Boiled790: calls $0.05
Dorex2007: folds 
kooras: calls $0.05
Ginnungagap7: calls $0.05
jlg.romero: folds 
AndrewHeisen: checks 
*** FLOP *** [Jh Qc 6s]
AndrewHeisen: bets $0.15
Boiled790: folds 
kooras: folds 
Ginnungagap7: folds 
Uncalled bet ($0.15) returned to AndrewHeisen
AndrewHeisen collected $0.21 from pot
AndrewHeisen: doesn't show hand 
*** SUMMARY ***
Total pot $0.22 | Rake $0.01 
Board [Jh Qc 6s]
Seat 1: Ginnungagap7 (button) folded on the Flop
Seat 2: jlg.romero (small blind) folded before Flop
Seat 3: AndrewHeisen (big blind) collected ($0.21)
Seat 6: Boiled790 folded on the Flop
Seat 7: Dorex2007 folded before Flop (didn't bet)
Seat 9: kooras folded on the Flop



PokerStars Hand #237650504587:  Hold'em No Limit ($0.02/$0.05 USD) - 2022/07/28 17:06:09 PT [2022/07/28 20:06:09 ET]
Table 'Juno II' 9-max Seat #2 is the button
Seat 1: Ginnungagap7 ($1.61 in chips) 
Seat 2: jlg.romero ($5.32 in chips) 
Seat 3: AndrewHeisen ($4.93 in chips) 
Seat 4: kimikiwi87 ($6.31 in chips) 
Seat 6: Boiled790 ($3.54 in chips) 
Seat 7: Dorex2007 ($5.59 in chips) 
Seat 9: kooras ($14.91 in chips) 
AndrewHeisen: posts small blind $0.02
kimikiwi87: posts big blind $0.05
*** HOLE CARDS ***
Dealt to Dorex2007 [5s Tc]
Boiled790: calls $0.05
Dorex2007: folds 
kooras: calls $0.05
Ginnungagap7: raises $0.22 to $0.27
jlg.romero: folds 
AndrewHeisen: calls $0.25
kimikiwi87: folds 
Boiled790: calls $0.22
kooras: folds 
*** FLOP *** [Ts 2d 9d]
AndrewHeisen: checks 
Boiled790: bets $0.65
Ginnungagap7: folds 
AndrewHeisen: calls $0.65
*** TURN *** [Ts 2d 9d] [6h]
AndrewHeisen: checks 
Boiled790: bets $2.12
AndrewHeisen: raises $1.89 to $4.01 and is all-in
Boiled790: folds 
Uncalled bet ($1.89) returned to AndrewHeisen
potcommitted69 joins the table at seat #5 
AndrewHeisen collected $6.18 from pot
AndrewHeisen: doesn't show hand 
*** SUMMARY ***
Total pot $6.45 | Rake $0.27 
Board [Ts 2d 9d 6h]
Seat 1: Ginnungagap7 folded on the Flop
Seat 2: jlg.romero (button) folded before Flop (didn't bet)
Seat 3: AndrewHeisen (small blind) collected ($6.18)
Seat 4: kimikiwi87 (big blind) folded before Flop
Seat 6: Boiled790 folded on the Turn
Seat 7: Dorex2007 folded before Flop (didn't bet)
Seat 9: kooras folded before Flop



PokerStars Hand #237650518693:  Hold'em No Limit ($0.02/$0.05 USD) - 2022/07/28 17:07:05 PT [2022/07/28 20:07:05 ET]
Table 'Juno II' 9-max Seat #3 is the button
Seat 1: Ginnungagap7 ($1.34 in chips) 
Seat 2: jlg.romero ($5.32 in chips) 
Seat 3: AndrewHeisen ($8.07 in chips) 
Seat 4: kimikiwi87 ($6.26 in chips) 
Seat 5: potcommitted69 ($5 in chips) 
Seat 6: Boiled790 ($0.50 in chips) 
Seat 7: Dorex2007 ($5.59 in chips) 
Seat 9: kooras ($14.86 in chips) 
kimikiwi87: posts small blind $0.02
potcommitted69: posts big blind $0.05
*** HOLE CARDS ***
Dealt to Dorex2007 [9s Qh]
Boiled790: folds 
Dorex2007: folds 
kooras: folds 
Ginnungagap7: folds 
jlg.romero: folds 
AndrewHeisen: folds 
kimikiwi87: calls $0.03
potcommitted69: checks 
*** FLOP *** [5s 3h Ah]
kimikiwi87: bets $0.05
potcommitted69: calls $0.05
*** TURN *** [5s 3h Ah] [Qc]
kimikiwi87: checks 
potcommitted69: bets $0.13
palsporo joins the table at seat #8 
kimikiwi87: calls $0.13
*** RIVER *** [5s 3h Ah Qc] [Ks]
kimikiwi87: checks 
potcommitted69: bets $0.35
kimikiwi87: calls $0.35
*** SHOW DOWN ***
potcommitted69: shows [7h 3s] (a pair of Threes)
kimikiwi87: shows [3c Ac] (two pair, Aces and Threes)
kimikiwi87 collected $1.11 from pot
*** SUMMARY ***
Total pot $1.16 | Rake $0.05 
Board [5s 3h Ah Qc Ks]
Seat 1: Ginnungagap7 folded before Flop (didn't bet)
Seat 2: jlg.romero folded before Flop (didn't bet)
Seat 3: AndrewHeisen (button) folded before Flop (didn't bet)
Seat 4: kimikiwi87 (small blind) showed [3c Ac] and won ($1.11) with two pair, Aces and Threes
Seat 5: potcommitted69 (big blind) showed [7h 3s] and lost with a pair of Threes
Seat 6: Boiled790 folded before Flop (didn't bet)
Seat 7: Dorex2007 folded before Flop (didn't bet)
Seat 9: kooras folded before Flop (didn't bet)



PokerStars Hand #237650530722:  Hold'em No Limit ($0.02/$0.05 USD) - 2022/07/28 17:07:53 PT [2022/07/28 20:07:53 ET]
Table 'Juno II' 9-max Seat #4 is the button
Seat 1: Ginnungagap7 ($1.34 in chips) 
Seat 2: jlg.romero ($5.32 in chips) 
Seat 3: AndrewHeisen ($8.07 in chips) 
Seat 4: kimikiwi87 ($6.79 in chips) 
Seat 5: potcommitted69 ($4.42 in chips) 
Seat 6: Boiled790 ($5 in chips) 
Seat 7: Dorex2007 ($5.59 in chips) 
Seat 9: kooras ($14.86 in chips) 
potcommitted69: posts small blind $0.02
Boiled790: posts big blind $0.05
palsporo: sits out 
*** HOLE CARDS ***
Dealt to Dorex2007 [2h Ks]
Dorex2007: folds 
kooras: folds 
Ginnungagap7: folds 
jlg.romero: folds 
AndrewHeisen: folds 
kimikiwi87: folds 
potcommitted69: raises $0.12 to $0.17
Boiled790: raises $0.34 to $0.51
potcommitted69: calls $0.34
*** FLOP *** [2d 3d Kd]
potcommitted69: checks 
Boiled790 is connected 
Boiled790: bets $0.05
potcommitted69: folds 
Uncalled bet ($0.05) returned to Boiled790
Boiled790 collected $0.98 from pot
Boiled790: doesn't show hand 
*** SUMMARY ***
Total pot $1.02 | Rake $0.04 
Board [2d 3d Kd]
Seat 1: Ginnungagap7 folded before Flop (didn't bet)
Seat 2: jlg.romero folded before Flop (didn't bet)
Seat 3: AndrewHeisen folded before Flop (didn't bet)
Seat 4: kimikiwi87 (button) folded before Flop (didn't bet)
Seat 5: potcommitted69 (small blind) folded on the Flop
Seat 6: Boiled790 (big blind) collected ($0.98)
Seat 7: Dorex2007 folded before Flop (didn't bet)
Seat 9: kooras folded before Flop (didn't bet)



PokerStars Hand #237650540315:  Hold'em No Limit ($0.02/$0.05 USD) - 2022/07/28 17:08:31 PT [2022/07/28 20:08:31 ET]
Table 'Juno II' 9-max Seat #5 is the button
Seat 1: Ginnungagap7 ($1.34 in chips) 
Seat 2: jlg.romero ($5.32 in chips) 
Seat 3: AndrewHeisen ($8.07 in chips) 
Seat 4: kimikiwi87 ($6.79 in chips) 
Seat 5: potcommitted69 ($3.91 in chips) 
Seat 6: Boiled790 ($5.47 in chips) 
Seat 7: Dorex2007 ($5.59 in chips) 
Seat 9: kooras ($14.86 in chips) 
Boiled790: posts small blind $0.02
Dorex2007: posts big blind $0.05
palsporo: sits out 
*** HOLE CARDS ***
Dealt to Dorex2007 [9h 6c]
kooras: calls $0.05
Ginnungagap7: folds 
jlg.romero: folds 
AndrewHeisen: folds 
kimikiwi87: folds 
potcommitted69: folds 
Boiled790: raises $0.25 to $0.30
Dorex2007: folds 
kooras: folds 
Uncalled bet ($0.25) returned to Boiled790
Boiled790 collected $0.15 from pot
Boiled790: doesn't show hand 
*** SUMMARY ***
Total pot $0.15 | Rake $0 
Seat 1: Ginnungagap7 folded before Flop (didn't bet)
Seat 2: jlg.romero folded before Flop (didn't bet)
Seat 3: AndrewHeisen folded before Flop (didn't bet)
Seat 4: kimikiwi87 folded before Flop (didn't bet)
Seat 5: potcommitted69 (button) folded before Flop (didn't bet)
Seat 6: Boiled790 (small blind) collected ($0.15)
Seat 7: Dorex2007 (big blind) folded before Flop
Seat 9: kooras folded before Flop



PokerStars Hand #237650546747:  Hold'em No Limit ($0.02/$0.05 USD) - 2022/07/28 17:08:57 PT [2022/07/28 20:08:57 ET]
Table 'Juno II' 9-max Seat #6 is the button
Seat 1: Ginnungagap7 ($1.34 in chips) 
Seat 2: jlg.romero ($5.32 in chips) 
Seat 3: AndrewHeisen ($8.07 in chips) 
Seat 4: kimikiwi87 ($6.79 in chips) 
Seat 5: potcommitted69 ($3.91 in chips) 
Seat 6: Boiled790 ($5.57 in chips) 
Seat 7: Dorex2007 ($5.54 in chips) 
Seat 8: palsporo ($4.69 in chips) 
Seat 9: kooras ($14.81 in chips) 
Dorex2007: posts small blind $0.02
palsporo: posts big blind $0.05
*** HOLE CARDS ***
Dealt to Dorex2007 [Qc 3d]
kooras: folds 
kooras leaves the table
Ginnungagap7: folds 
jlg.romero: folds 
AndrewHeisen: folds 
kimikiwi87: folds 
potcommitted69: folds 
Boiled790: folds 
Dorex2007: folds 
Uncalled bet ($0.03) returned to palsporo
palsporo collected $0.04 from pot
*** SUMMARY ***
Total pot $0.04 | Rake $0 
Seat 1: Ginnungagap7 folded before Flop (didn't bet)
Seat 2: jlg.romero folded before Flop (didn't bet)
Seat 3: AndrewHeisen folded before Flop (didn't bet)
Seat 4: kimikiwi87 folded before Flop (didn't bet)
Seat 5: potcommitted69 folded before Flop (didn't bet)
Seat 6: Boiled790 (button) folded before Flop (didn't bet)
Seat 7: Dorex2007 (small blind) folded before Flop
Seat 8: palsporo (big blind) collected ($0.04)
Seat 9: kooras folded before Flop (didn't bet)



PokerStars Hand #237650550112:  Hold'em No Limit ($0.02/$0.05 USD) - 2022/07/28 17:09:11 PT [2022/07/28 20:09:11 ET]
Table 'Juno II' 9-max Seat #7 is the button
Seat 1: Ginnungagap7 ($1.34 in chips) 
Seat 2: jlg.romero ($5.32 in chips) 
Seat 3: AndrewHeisen ($8.07 in chips) 
Seat 4: kimikiwi87 ($6.79 in chips) 
Seat 5: potcommitted69 ($3.91 in chips) 
Seat 7: Dorex2007 ($5.52 in chips) 
Seat 8: palsporo ($4.71 in chips) 
palsporo: posts small blind $0.02
Ginnungagap7: posts big blind $0.05
*** HOLE CARDS ***
Dealt to Dorex2007 [5s Td]
guiaoms joins the table at seat #9 
jlg.romero: folds 
AndrewHeisen: folds 
kimikiwi87: folds 
potcommitted69: folds 
Boiled790 leaves the table
Dorex2007: folds 
palsporo: folds 
Uncalled bet ($0.03) returned to Ginnungagap7
Ginnungagap7 collected $0.04 from pot
Ginnungagap7: doesn't show hand 
*** SUMMARY ***
Total pot $0.04 | Rake $0 
Seat 1: Ginnungagap7 (big blind) collected ($0.04)
Seat 2: jlg.romero folded before Flop (didn't bet)
Seat 3: AndrewHeisen folded before Flop (didn't bet)
Seat 4: kimikiwi87 folded before Flop (didn't bet)
Seat 5: potcommitted69 folded before Flop (didn't bet)
Seat 7: Dorex2007 (button) folded before Flop (didn't bet)
Seat 8: palsporo (small blind) folded before Flop



PokerStars Hand #237650555912:  Hold'em No Limit ($0.02/$0.05 USD) - 2022/07/28 17:09:34 PT [2022/07/28 20:09:34 ET]
Table 'Juno II' 9-max Seat #8 is the button
Seat 1: Ginnungagap7 ($1.36 in chips) 
Seat 2: jlg.romero ($5.32 in chips) 
Seat 3: AndrewHeisen ($8.07 in chips) 
Seat 4: kimikiwi87 ($6.79 in chips) 
Seat 5: potcommitted69 ($3.91 in chips) 
Seat 7: Dorex2007 ($5.52 in chips) 
Seat 8: palsporo ($4.69 in chips) 
Ginnungagap7: posts small blind $0.02
jlg.romero: posts big blind $0.05
*** HOLE CARDS ***
Dealt to Dorex2007 [Qd 8c]
AndrewHeisen: folds 
kimikiwi87: calls $0.05
potcommitted69: folds 
Dorex2007: folds 
palsporo: folds 
Ginnungagap7: folds 
jlg.romero: checks 
*** FLOP *** [Kh As Th]
jlg.romero: checks 
AndrewHeisen leaves the table
kimikiwi87: bets $0.05
jlg.romero: folds 
Uncalled bet ($0.05) returned to kimikiwi87
kimikiwi87 collected $0.12 from pot
kimikiwi87: doesn't show hand 
*** SUMMARY ***
Total pot $0.12 | Rake $0 
Board [Kh As Th]
Seat 1: Ginnungagap7 (small blind) folded before Flop
Seat 2: jlg.romero (big blind) folded on the Flop
Seat 3: AndrewHeisen folded before Flop (didn't bet)
Seat 4: kimikiwi87 collected ($0.12)
Seat 5: potcommitted69 folded before Flop (didn't bet)
Seat 7: Dorex2007 folded before Flop (didn't bet)
Seat 8: palsporo (button) folded before Flop (didn't bet)



PokerStars Hand #237650561871:  Hold'em No Limit ($0.02/$0.05 USD) - 2022/07/28 17:09:58 PT [2022/07/28 20:09:58 ET]
Table 'Juno II' 9-max Seat #1 is the button
Seat 1: Ginnungagap7 ($1.34 in chips) 
Seat 2: jlg.romero ($5.27 in chips) 
Seat 4: kimikiwi87 ($6.86 in chips) 
Seat 5: potcommitted69 ($3.91 in chips) 
Seat 7: Dorex2007 ($5.52 in chips) 
Seat 8: palsporo ($4.69 in chips) 
Seat 9: guiaoms ($5 in chips) 
jlg.romero: posts small blind $0.02
kimikiwi87: posts big blind $0.05
guiaoms: posts big blind $0.05
*** HOLE CARDS ***
Dealt to Dorex2007 [Ad 4c]
potcommitted69: folds 
Dorex2007: folds 
palsporo: folds 
guiaoms: checks 
Ginnungagap7: folds 
jlg.romero: calls $0.03
kimikiwi87: checks 
*** FLOP *** [7c 7s 3d]
jlg.romero: checks 
kimikiwi87: checks 
guiaoms: bets $0.15
jlg.romero: folds 
kimikiwi87: calls $0.15
*** TURN *** [7c 7s 3d] [Ah]
kimikiwi87: checks 
guiaoms: checks 
*** RIVER *** [7c 7s 3d Ah] [Jd]
kimikiwi87: bets $0.20
guiaoms: folds 
Uncalled bet ($0.20) returned to kimikiwi87
kimikiwi87 collected $0.43 from pot
kimikiwi87: doesn't show hand 
*** SUMMARY ***
Total pot $0.45 | Rake $0.02 
Board [7c 7s 3d Ah Jd]
Seat 1: Ginnungagap7 (button) folded before Flop (didn't bet)
Seat 2: jlg.romero (small blind) folded on the Flop
Seat 4: kimikiwi87 (big blind) collected ($0.43)
Seat 5: potcommitted69 folded before Flop (didn't bet)
Seat 7: Dorex2007 folded before Flop (didn't bet)
Seat 8: palsporo folded before Flop (didn't bet)
Seat 9: guiaoms folded on the River



PokerStars Hand #237650586657:  Hold'em No Limit ($0.02/$0.05 USD) - 2022/07/28 17:11:00 PT [2022/07/28 20:11:00 ET]
Table 'Juno II' 9-max Seat #2 is the button
Seat 1: Ginnungagap7 ($1.34 in chips) 
Seat 2: jlg.romero ($5.22 in chips) 
Seat 4: kimikiwi87 ($7.09 in chips) 
Seat 5: potcommitted69 ($3.91 in chips) 
Seat 7: Dorex2007 ($5.52 in chips) 
Seat 8: palsporo ($4.69 in chips) 
Seat 9: guiaoms ($4.80 in chips) 
kimikiwi87: posts small blind $0.02
potcommitted69: posts big blind $0.05
*** HOLE CARDS ***
Dealt to Dorex2007 [4c 5h]
Dorex2007: folds 
palsporo: folds 
guiaoms: folds 
Ginnungagap7: folds 
jlg.romero: folds 
kimikiwi87: folds 
Uncalled bet ($0.03) returned to potcommitted69
potcommitted69 collected $0.04 from pot
*** SUMMARY ***
Total pot $0.04 | Rake $0 
Seat 1: Ginnungagap7 folded before Flop (didn't bet)
Seat 2: jlg.romero (button) folded before Flop (didn't bet)
Seat 4: kimikiwi87 (small blind) folded before Flop
Seat 5: potcommitted69 (big blind) collected ($0.04)
Seat 7: Dorex2007 folded before Flop (didn't bet)
Seat 8: palsporo folded before Flop (didn't bet)
Seat 9: guiaoms folded before Flop (didn't bet)



PokerStars Hand #237650589701:  Hold'em No Limit ($0.02/$0.05 USD) - 2022/07/28 17:11:12 PT [2022/07/28 20:11:12 ET]
Table 'Juno II' 9-max Seat #4 is the button
Seat 1: Ginnungagap7 ($1.34 in chips) 
Seat 2: jlg.romero ($5.22 in chips) 
Seat 4: kimikiwi87 ($7.07 in chips) 
Seat 5: potcommitted69 ($3.93 in chips) 
Seat 7: Dorex2007 ($5.52 in chips) 
Seat 8: palsporo ($4.69 in chips) 
Seat 9: guiaoms ($4.80 in chips) 
potcommitted69: posts small blind $0.02
Dorex2007: posts big blind $0.05
*** HOLE CARDS ***
Dealt to Dorex2007 [5s 9s]
palsporo: folds 
guiaoms: folds 
Ginnungagap7: folds 
jlg.romero: folds 
kimikiwi87: folds 
potcommitted69: folds 
Uncalled bet ($0.03) returned to Dorex2007
Dorex2007 collected $0.04 from pot
Dorex2007: doesn't show hand 
*** SUMMARY ***
Total pot $0.04 | Rake $0 
Seat 1: Ginnungagap7 folded before Flop (didn't bet)
Seat 2: jlg.romero folded before Flop (didn't bet)
Seat 4: kimikiwi87 (button) folded before Flop (didn't bet)
Seat 5: potcommitted69 (small blind) folded before Flop
Seat 7: Dorex2007 (big blind) collected ($0.04)
Seat 8: palsporo folded before Flop (didn't bet)
Seat 9: guiaoms folded before Flop (didn't bet)



PokerStars Hand #237650593546:  Hold'em No Limit ($0.02/$0.05 USD) - 2022/07/28 17:11:28 PT [2022/07/28 20:11:28 ET]
Table 'Juno II' 9-max Seat #5 is the button
Seat 1: Ginnungagap7 ($1.34 in chips) 
Seat 2: jlg.romero ($5.22 in chips) 
Seat 4: kimikiwi87 ($7.07 in chips) 
Seat 5: potcommitted69 ($3.91 in chips) 
Seat 7: Dorex2007 ($5.54 in chips) 
Seat 8: palsporo ($4.69 in chips) 
Seat 9: guiaoms ($4.80 in chips) 
Dorex2007: posts small blind $0.02
palsporo: posts big blind $0.05
*** HOLE CARDS ***
Dealt to Dorex2007 [9d 7s]
guiaoms: folds 
Ginnungagap7: folds 
jlg.romero: folds 
ZDBigTurtle joins the table at seat #3 
kimikiwi87: folds 
potcommitted69: folds 
Dorex2007: folds 
Uncalled bet ($0.03) returned to palsporo
palsporo collected $0.04 from pot
*** SUMMARY ***
Total pot $0.04 | Rake $0 
Seat 1: Ginnungagap7 folded before Flop (didn't bet)
Seat 2: jlg.romero folded before Flop (didn't bet)
Seat 4: kimikiwi87 folded before Flop (didn't bet)
Seat 5: potcommitted69 (button) folded before Flop (didn't bet)
Seat 7: Dorex2007 (small blind) folded before Flop
Seat 8: palsporo (big blind) collected ($0.04)
Seat 9: guiaoms folded before Flop (didn't bet)



PokerStars Hand #237650596661:  Hold'em No Limit ($0.02/$0.05 USD) - 2022/07/28 17:11:41 PT [2022/07/28 20:11:41 ET]
Table 'Juno II' 9-max Seat #7 is the button
Seat 1: Ginnungagap7 ($1.34 in chips) 
Seat 2: jlg.romero ($5.22 in chips) 
Seat 3: ZDBigTurtle ($5 in chips) 
Seat 4: kimikiwi87 ($7.07 in chips) 
Seat 5: potcommitted69 ($3.91 in chips) 
Seat 7: Dorex2007 ($5.52 in chips) 
Seat 8: palsporo ($4.71 in chips) 
Seat 9: guiaoms ($4.80 in chips) 
palsporo: posts small blind $0.02
guiaoms: posts big blind $0.05
ZDBigTurtle: posts big blind $0.05
*** HOLE CARDS ***
Dealt to Dorex2007 [3c Th]
Ginnungagap7: folds 
jlg.romero: folds 
ZDBigTurtle: raises $0.10 to $0.15
kimikiwi87: folds 
potcommitted69: folds 
Dorex2007: folds 
palsporo: folds 
guiaoms: folds 
Uncalled bet ($0.10) returned to ZDBigTurtle
ZDBigTurtle collected $0.12 from pot
ZDBigTurtle: doesn't show hand 
*** SUMMARY ***
Total pot $0.12 | Rake $0 
Seat 1: Ginnungagap7 folded before Flop (didn't bet)
Seat 2: jlg.romero folded before Flop (didn't bet)
Seat 3: ZDBigTurtle collected ($0.12)
Seat 4: kimikiwi87 folded before Flop (didn't bet)
Seat 5: potcommitted69 folded before Flop (didn't bet)
Seat 7: Dorex2007 (button) folded before Flop (didn't bet)
Seat 8: palsporo (small blind) folded before Flop
Seat 9: guiaoms (big blind) folded before Flop



PokerStars Hand #237650602869:  Hold'em No Limit ($0.02/$0.05 USD) - 2022/07/28 17:12:06 PT [2022/07/28 20:12:06 ET]
Table 'Juno II' 9-max Seat #8 is the button
Seat 1: Ginnungagap7 ($1.34 in chips) 
Seat 2: jlg.romero ($5.22 in chips) 
Seat 3: ZDBigTurtle ($5.07 in chips) 
Seat 4: kimikiwi87 ($7.07 in chips) 
Seat 5: potcommitted69 ($3.91 in chips) 
Seat 7: Dorex2007 ($5.52 in chips) 
Seat 8: palsporo ($4.69 in chips) 
Seat 9: guiaoms ($4.75 in chips) 
guiaoms: posts small blind $0.02
Ginnungagap7: posts big blind $0.05
*** HOLE CARDS ***
Dealt to Dorex2007 [5d 8s]
jlg.romero: folds 
ZDBigTurtle: folds 
kimikiwi87: folds 
potcommitted69: folds 
Dorex2007: folds 
reddevils888 joins the table at seat #6 
palsporo: raises $0.07 to $0.12
guiaoms: folds 
Ginnungagap7: calls $0.07
*** FLOP *** [Qd Qh 5c]
Ginnungagap7: checks 
palsporo: checks 
*** TURN *** [Qd Qh 5c] [6h]
Ginnungagap7: bets $0.19
palsporo: calls $0.19
*** RIVER *** [Qd Qh 5c 6h] [7h]
Ginnungagap7: checks 
palsporo: bets $0.34
Ginnungagap7: folds 
Uncalled bet ($0.34) returned to palsporo
palsporo collected $0.61 from pot
*** SUMMARY ***
Total pot $0.64 | Rake $0.03 
Board [Qd Qh 5c 6h 7h]
Seat 1: Ginnungagap7 (big blind) folded on the River
Seat 2: jlg.romero folded before Flop (didn't bet)
Seat 3: ZDBigTurtle folded before Flop (didn't bet)
Seat 4: kimikiwi87 folded before Flop (didn't bet)
Seat 5: potcommitted69 folded before Flop (didn't bet)
Seat 7: Dorex2007 folded before Flop (didn't bet)
Seat 8: palsporo (button) collected ($0.61)
Seat 9: guiaoms (small blind) folded before Flop



