PokerStars Hand #227168123587:  Hold'em No Limit ($0.01/$0.02 USD) - 2021/05/29 12:35:36 PT [2021/05/29 15:35:36 ET]
Table 'Marceline III' 9-max Seat #9 is the button
Seat 3: ST3RK ($1.60 in chips) 
Seat 4: Vidi_x ($2.24 in chips) 
Seat 5: joekor00 ($1.69 in chips) 
Seat 6: Dorex2007 ($2 in chips) 
Seat 8: Fabbe4 ($1.31 in chips) 
Seat 9: Adam_W888 ($1.65 in chips) 
POLLO ISRA75 has timed out
POLLO ISRA75: is sitting out 
ST3RK: posts small blind $0.01
Vidi_x: posts big blind $0.02
Dorex2007: posts big blind $0.02
*** HOLE CARDS ***
Dealt to Dorex2007 [Ac 6s]
joekor00: folds 
Dorex2007: checks 
Fabbe4: calls $0.02
Adam_W888: raises $0.06 to $0.08
ST3RK: folds 
Vidi_x: folds 
Dorex2007: folds 
Fabbe4: folds 
Uncalled bet ($0.06) returned to Adam_W888
POLLO ISRA75 is disconnected 
Adam_W888 collected $0.09 from pot
Adam_W888: doesn't show hand 
*** SUMMARY ***
Total pot $0.09 | Rake $0 
Seat 3: ST3RK (small blind) folded before Flop
Seat 4: Vidi_x (big blind) folded before Flop
Seat 5: joekor00 folded before Flop (didn't bet)
Seat 6: Dorex2007 folded before Flop (didn't bet)
Seat 8: Fabbe4 folded before Flop
Seat 9: Adam_W888 (button) collected ($0.09)



PokerStars Hand #227168143683:  Hold'em No Limit ($0.01/$0.02 USD) - 2021/05/29 12:36:18 PT [2021/05/29 15:36:18 ET]
Table 'Marceline III' 9-max Seat #3 is the button
Seat 3: ST3RK ($1.59 in chips) 
Seat 4: Vidi_x ($2.22 in chips) 
Seat 5: joekor00 ($1.69 in chips) 
Seat 6: Dorex2007 ($1.98 in chips) 
Seat 8: Fabbe4 ($1.29 in chips) 
Seat 9: Adam_W888 ($1.72 in chips) 
Vidi_x: posts small blind $0.01
joekor00: posts big blind $0.02
Matmes100: sits out 
*** HOLE CARDS ***
Dealt to Dorex2007 [9d 5c]
Dorex2007: folds 
Fabbe4: folds 
Adam_W888: raises $0.04 to $0.06
ST3RK: calls $0.06
Vidi_x: folds 
joekor00: calls $0.04
*** FLOP *** [4d 2s 8d]
joekor00: checks 
Adam_W888: checks 
ST3RK: checks 
*** TURN *** [4d 2s 8d] [Jd]
joekor00: bets $0.15
Adam_W888: folds 
ST3RK: folds 
Uncalled bet ($0.15) returned to joekor00
joekor00 collected $0.18 from pot
joekor00: doesn't show hand 
*** SUMMARY ***
Total pot $0.19 | Rake $0.01 
Board [4d 2s 8d Jd]
Seat 3: ST3RK (button) folded on the Turn
Seat 4: Vidi_x (small blind) folded before Flop
Seat 5: joekor00 (big blind) collected ($0.18)
Seat 6: Dorex2007 folded before Flop (didn't bet)
Seat 8: Fabbe4 folded before Flop (didn't bet)
Seat 9: Adam_W888 folded on the Turn



PokerStars Hand #227168163353:  Hold'em No Limit ($0.01/$0.02 USD) - 2021/05/29 12:36:59 PT [2021/05/29 15:36:59 ET]
Table 'Marceline III' 9-max Seat #4 is the button
Seat 3: ST3RK ($1.53 in chips) 
Seat 4: Vidi_x ($2.21 in chips) 
Seat 5: joekor00 ($1.81 in chips) 
Seat 6: Dorex2007 ($1.98 in chips) 
Seat 9: Adam_W888 ($1.66 in chips) 
joekor00: posts small blind $0.01
Dorex2007: posts big blind $0.02
Matmes100: sits out 
*** HOLE CARDS ***
Dealt to Dorex2007 [Jc 5s]
Adam_W888: folds 
ST3RK: folds 
Vidi_x: folds 
joekor00: raises $0.04 to $0.06
Dorex2007: folds 
Uncalled bet ($0.04) returned to joekor00
joekor00 collected $0.04 from pot
joekor00: doesn't show hand 
*** SUMMARY ***
Total pot $0.04 | Rake $0 
Seat 3: ST3RK folded before Flop (didn't bet)
Seat 4: Vidi_x (button) folded before Flop (didn't bet)
Seat 5: joekor00 (small blind) collected ($0.04)
Seat 6: Dorex2007 (big blind) folded before Flop
Seat 9: Adam_W888 folded before Flop (didn't bet)



PokerStars Hand #227168170463:  Hold'em No Limit ($0.01/$0.02 USD) - 2021/05/29 12:37:14 PT [2021/05/29 15:37:14 ET]
Table 'Marceline III' 9-max Seat #5 is the button
Seat 3: ST3RK ($1.53 in chips) 
Seat 4: Vidi_x ($2.21 in chips) 
Seat 5: joekor00 ($1.83 in chips) 
Seat 6: Dorex2007 ($1.96 in chips) 
Seat 9: Adam_W888 ($1.66 in chips) 
Dorex2007: posts small blind $0.01
Adam_W888: posts big blind $0.02
POLLO ISRA75: sits out 
Matmes100: sits out 
*** HOLE CARDS ***
Dealt to Dorex2007 [Ts Tc]
ST3RK: folds 
Vidi_x has timed out
Vidi_x: folds 
joekor00: folds 
Dorex2007: raises $0.04 to $0.06
Adam_W888: calls $0.04
*** FLOP *** [8d Th 7d]
Dorex2007: bets $0.08
Adam_W888: calls $0.08
*** TURN *** [8d Th 7d] [Ah]
Dorex2007: bets $0.27
Adam_W888: calls $0.27
*** RIVER *** [8d Th 7d Ah] [8s]
Dorex2007: checks 
Adam_W888: bets $0.40
Dorex2007: raises $1.15 to $1.55 and is all-in
Adam_W888: calls $0.85 and is all-in
Uncalled bet ($0.30) returned to Dorex2007
*** SHOW DOWN ***
Dorex2007: shows [Ts Tc] (a full house, Tens full of Eights)
Adam_W888: shows [As Qd] (two pair, Aces and Eights)
Dorex2007 collected $3.20 from pot
*** SUMMARY ***
Total pot $3.32 | Rake $0.12 
Board [8d Th 7d Ah 8s]
Seat 3: ST3RK folded before Flop (didn't bet)
Seat 4: Vidi_x folded before Flop (didn't bet)
Seat 5: joekor00 (button) folded before Flop (didn't bet)
Seat 6: Dorex2007 (small blind) showed [Ts Tc] and won ($3.20) with a full house, Tens full of Eights
Seat 9: Adam_W888 (big blind) showed [As Qd] and lost with two pair, Aces and Eights



PokerStars Hand #227168212057:  Hold'em No Limit ($0.01/$0.02 USD) - 2021/05/29 12:38:32 PT [2021/05/29 15:38:32 ET]
Table 'Marceline III' 9-max Seat #6 is the button
Seat 3: ST3RK ($1.53 in chips) 
Seat 4: Vidi_x ($2.21 in chips) 
Seat 5: joekor00 ($1.83 in chips) 
Seat 6: Dorex2007 ($3.50 in chips) 
ST3RK: posts small blind $0.01
Vidi_x: posts big blind $0.02
*** HOLE CARDS ***
Dealt to Dorex2007 [Kd 2c]
joekor00 has timed out
joekor00: folds 
Dorex2007: folds 
ST3RK: calls $0.01
Vidi_x: checks 
*** FLOP *** [Ah 4s 2d]
ST3RK: bets $0.04
Vidi_x: folds 
Uncalled bet ($0.04) returned to ST3RK
ST3RK collected $0.04 from pot
ST3RK: doesn't show hand 
*** SUMMARY ***
Total pot $0.04 | Rake $0 
Board [Ah 4s 2d]
Seat 3: ST3RK (small blind) collected ($0.04)
Seat 4: Vidi_x (big blind) folded on the Flop
Seat 5: joekor00 folded before Flop (didn't bet)
Seat 6: Dorex2007 (button) folded before Flop (didn't bet)



PokerStars Hand #227168233761:  Hold'em No Limit ($0.01/$0.02 USD) - 2021/05/29 12:39:17 PT [2021/05/29 15:39:17 ET]
Table 'Marceline III' 9-max Seat #3 is the button
Seat 1: POLLO ISRA75 ($1.75 in chips) 
Seat 3: ST3RK ($1.55 in chips) 
Seat 4: Vidi_x ($2.19 in chips) 
Seat 5: joekor00 ($1.83 in chips) 
Seat 6: Dorex2007 ($3.50 in chips) 
Seat 9: Adam_W888 ($2 in chips) 
Vidi_x: posts small blind $0.01
joekor00: posts big blind $0.02
Adam_W888: posts small blind $0.01
POLLO ISRA75: posts small blind $0.01
Matmes100: sits out 
*** HOLE CARDS ***
Dealt to Dorex2007 [6d 4d]
Dorex2007: folds 
Adam_W888: folds 
POLLO ISRA75: calls $0.02
ST3RK: calls $0.02
Vidi_x: folds 
joekor00: checks 
*** FLOP *** [Jh 5d Qh]
joekor00: bets $0.06
POLLO ISRA75: calls $0.06
ST3RK: raises $0.27 to $0.33
joekor00: raises $0.41 to $0.74
POLLO ISRA75: folds 
ST3RK: raises $0.79 to $1.53 and is all-in
joekor00: calls $0.79
*** TURN *** [Jh 5d Qh] [As]
*** RIVER *** [Jh 5d Qh As] [Jd]
*** SHOW DOWN ***
joekor00: shows [Qd Jc] (a full house, Jacks full of Queens)
ST3RK: shows [Kd Qc] (two pair, Queens and Jacks)
joekor00 collected $3.10 from pot
*** SUMMARY ***
Total pot $3.21 | Rake $0.11 
Board [Jh 5d Qh As Jd]
Seat 1: POLLO ISRA75 folded on the Flop
Seat 3: ST3RK (button) showed [Kd Qc] and lost with two pair, Queens and Jacks
Seat 4: Vidi_x (small blind) folded before Flop
Seat 5: joekor00 (big blind) showed [Qd Jc] and won ($3.10) with a full house, Jacks full of Queens
Seat 6: Dorex2007 folded before Flop (didn't bet)
Seat 9: Adam_W888 folded before Flop (didn't bet)



PokerStars Hand #227168268547:  Hold'em No Limit ($0.01/$0.02 USD) - 2021/05/29 12:40:30 PT [2021/05/29 15:40:30 ET]
Table 'Marceline III' 9-max Seat #4 is the button
Seat 1: POLLO ISRA75 ($1.66 in chips) 
Seat 3: ST3RK ($0.80 in chips) 
Seat 4: Vidi_x ($2.18 in chips) 
Seat 5: joekor00 ($3.38 in chips) 
Seat 6: Dorex2007 ($3.50 in chips) 
Seat 9: Adam_W888 ($1.99 in chips) 
joekor00: posts small blind $0.01
Dorex2007: posts big blind $0.02
Matmes100: sits out 
*** HOLE CARDS ***
Dealt to Dorex2007 [3c 4s]
Adam_W888: calls $0.02
POLLO ISRA75 has timed out
POLLO ISRA75: folds 
ST3RK: calls $0.02
Vidi_x: folds 
joekor00: calls $0.01
Dorex2007: checks 
*** FLOP *** [Jc Ts 2s]
joekor00: bets $0.06
Dorex2007: folds 
Adam_W888: folds 
ST3RK: folds 
Uncalled bet ($0.06) returned to joekor00
joekor00 collected $0.08 from pot
joekor00: doesn't show hand 
*** SUMMARY ***
Total pot $0.08 | Rake $0 
Board [Jc Ts 2s]
Seat 1: POLLO ISRA75 folded before Flop (didn't bet)
Seat 3: ST3RK folded on the Flop
Seat 4: Vidi_x (button) folded before Flop (didn't bet)
Seat 5: joekor00 (small blind) collected ($0.08)
Seat 6: Dorex2007 (big blind) folded on the Flop
Seat 9: Adam_W888 folded on the Flop



PokerStars Hand #227168292394:  Hold'em No Limit ($0.01/$0.02 USD) - 2021/05/29 12:41:20 PT [2021/05/29 15:41:20 ET]
Table 'Marceline III' 9-max Seat #5 is the button
Seat 1: POLLO ISRA75 ($1.66 in chips) 
Seat 3: ST3RK ($0.80 in chips) 
Seat 4: Vidi_x ($2.18 in chips) 
Seat 5: joekor00 ($3.44 in chips) 
Seat 6: Dorex2007 ($3.48 in chips) 
Seat 9: Adam_W888 ($1.97 in chips) 
Dorex2007: posts small blind $0.01
Adam_W888: posts big blind $0.02
Matmes100: sits out 
*** HOLE CARDS ***
Dealt to Dorex2007 [Kh Jc]
POLLO ISRA75: folds 
ST3RK: raises $0.05 to $0.07
Vidi_x: folds 
joekor00: calls $0.07
Dorex2007: folds 
Adam_W888: calls $0.05
*** FLOP *** [9h Td 8s]
Adam_W888: checks 
ST3RK: bets $0.21
joekor00: folds 
Adam_W888: calls $0.21
*** TURN *** [9h Td 8s] [5c]
Adam_W888: checks 
ST3RK: checks 
*** RIVER *** [9h Td 8s 5c] [8h]
Adam_W888: bets $0.31
ST3RK: folds 
Uncalled bet ($0.31) returned to Adam_W888
Adam_W888 collected $0.62 from pot
Adam_W888: doesn't show hand 
*** SUMMARY ***
Total pot $0.64 | Rake $0.02 
Board [9h Td 8s 5c 8h]
Seat 1: POLLO ISRA75 folded before Flop (didn't bet)
Seat 3: ST3RK folded on the River
Seat 4: Vidi_x folded before Flop (didn't bet)
Seat 5: joekor00 (button) folded on the Flop
Seat 6: Dorex2007 (small blind) folded before Flop
Seat 9: Adam_W888 (big blind) collected ($0.62)



PokerStars Hand #227168318414:  Hold'em No Limit ($0.01/$0.02 USD) - 2021/05/29 12:42:15 PT [2021/05/29 15:42:15 ET]
Table 'Marceline III' 9-max Seat #6 is the button
Seat 2: Matmes100 ($2 in chips) 
Seat 3: ST3RK ($0.80 in chips) 
Seat 4: Vidi_x ($2.18 in chips) 
Seat 5: joekor00 ($3.37 in chips) 
Seat 6: Dorex2007 ($3.47 in chips) 
Seat 9: Adam_W888 ($2.31 in chips) 
Adam_W888: posts small blind $0.01
POLLO ISRA75 has timed out
POLLO ISRA75: is sitting out 
Matmes100: posts big blind $0.02
*** HOLE CARDS ***
Dealt to Dorex2007 [2h Ks]
ST3RK: raises $0.05 to $0.07
Vidi_x: folds 
joekor00: folds 
Dorex2007: folds 
Adam_W888: raises $0.05 to $0.12
Matmes100: folds 
ST3RK: calls $0.05
*** FLOP *** [3c 8d Kd]
Adam_W888: checks 
ST3RK: checks 
*** TURN *** [3c 8d Kd] [4d]
Adam_W888: checks 
ST3RK: bets $0.13
Adam_W888: calls $0.13
*** RIVER *** [3c 8d Kd 4d] [3s]
Adam_W888: checks 
ST3RK: checks 
*** SHOW DOWN ***
Adam_W888: shows [Qc Qs] (two pair, Queens and Threes)
ST3RK: mucks hand 
Adam_W888 collected $0.50 from pot
*** SUMMARY ***
Total pot $0.52 | Rake $0.02 
Board [3c 8d Kd 4d 3s]
Seat 2: Matmes100 (big blind) folded before Flop
Seat 3: ST3RK mucked [Td As]
Seat 4: Vidi_x folded before Flop (didn't bet)
Seat 5: joekor00 folded before Flop (didn't bet)
Seat 6: Dorex2007 (button) folded before Flop (didn't bet)
Seat 9: Adam_W888 (small blind) showed [Qc Qs] and won ($0.50) with two pair, Queens and Threes



PokerStars Hand #227168347599:  Hold'em No Limit ($0.01/$0.02 USD) - 2021/05/29 12:43:17 PT [2021/05/29 15:43:17 ET]
Table 'Marceline III' 9-max Seat #9 is the button
Seat 2: Matmes100 ($2 in chips) 
Seat 4: Vidi_x ($2.18 in chips) 
Seat 5: joekor00 ($3.37 in chips) 
Seat 6: Dorex2007 ($3.47 in chips) 
Seat 9: Adam_W888 ($2.56 in chips) 
Matmes100: posts small blind $0.01
ST3RK: is sitting out 
Vidi_x: posts big blind $0.02
Nico55KQ: sits out 
*** HOLE CARDS ***
Dealt to Dorex2007 [Qs 6s]
ST3RK leaves the table
joekor00: folds 
Dorex2007: folds 
Tutanhamon15 joins the table at seat #3 
Adam_W888: raises $0.04 to $0.06
Matmes100: calls $0.05
Vidi_x: folds 
*** FLOP *** [As 6c 4d]
Matmes100: checks 
Adam_W888: bets $0.07
Matmes100: calls $0.07
*** TURN *** [As 6c 4d] [7d]
Matmes100: checks 
Adam_W888: bets $0.14
Matmes100: calls $0.14
*** RIVER *** [As 6c 4d 7d] [4h]
Matmes100: checks 
Adam_W888: checks 
*** SHOW DOWN ***
Matmes100: shows [Qh Ah] (two pair, Aces and Fours)
Adam_W888: mucks hand 
Matmes100 collected $0.54 from pot
*** SUMMARY ***
Total pot $0.56 | Rake $0.02 
Board [As 6c 4d 7d 4h]
Seat 2: Matmes100 (small blind) showed [Qh Ah] and won ($0.54) with two pair, Aces and Fours
Seat 4: Vidi_x (big blind) folded before Flop
Seat 5: joekor00 folded before Flop (didn't bet)
Seat 6: Dorex2007 folded before Flop (didn't bet)
Seat 9: Adam_W888 (button) mucked [Jc Tc]



PokerStars Hand #227168367137:  Hold'em No Limit ($0.01/$0.02 USD) - 2021/05/29 12:43:59 PT [2021/05/29 15:43:59 ET]
Table 'Marceline III' 9-max Seat #2 is the button
Seat 1: POLLO ISRA75 ($1.66 in chips) 
Seat 2: Matmes100 ($2.27 in chips) 
Seat 4: Vidi_x ($2.16 in chips) 
Seat 5: joekor00 ($3.37 in chips) 
Seat 6: Dorex2007 ($3.47 in chips) 
Seat 9: Adam_W888 ($2.29 in chips) 
Vidi_x: posts small blind $0.01
joekor00: posts big blind $0.02
Nico55KQ: sits out 
POLLO ISRA75: posts small & big blinds $0.03
*** HOLE CARDS ***
Dealt to Dorex2007 [9h 9c]
Dorex2007: raises $0.04 to $0.06
Adam_W888: calls $0.06
POLLO ISRA75: calls $0.04
Matmes100: folds 
Vidi_x: folds 
joekor00: calls $0.04
*** FLOP *** [3d 6s 7s]
joekor00: checks 
Dorex2007: bets $0.13
Adam_W888: folds 
POLLO ISRA75: calls $0.13
joekor00: calls $0.13
*** TURN *** [3d 6s 7s] [Jh]
joekor00: checks 
Dorex2007: bets $0.32
POLLO ISRA75: calls $0.32
joekor00: folds 
*** RIVER *** [3d 6s 7s Jh] [7d]
Dorex2007: bets $1.24
POLLO ISRA75: folds 
Uncalled bet ($1.24) returned to Dorex2007
Dorex2007 collected $1.24 from pot
Dorex2007: doesn't show hand 
*** SUMMARY ***
Total pot $1.29 | Rake $0.05 
Board [3d 6s 7s Jh 7d]
Seat 1: POLLO ISRA75 folded on the River
Seat 2: Matmes100 (button) folded before Flop (didn't bet)
Seat 4: Vidi_x (small blind) folded before Flop
Seat 5: joekor00 (big blind) folded on the Turn
Seat 6: Dorex2007 collected ($1.24)
Seat 9: Adam_W888 folded on the Flop



PokerStars Hand #227168435695:  Hold'em No Limit ($0.01/$0.02 USD) - 2021/05/29 12:46:21 PT [2021/05/29 15:46:21 ET]
Table 'Marceline III' 9-max Seat #4 is the button
Seat 1: POLLO ISRA75 ($1.14 in chips) 
Seat 2: Matmes100 ($2.27 in chips) 
Seat 4: Vidi_x ($2.15 in chips) 
Seat 5: joekor00 ($3.18 in chips) 
Seat 6: Dorex2007 ($4.20 in chips) 
Seat 9: Adam_W888 ($2.23 in chips) 
joekor00: posts small blind $0.01
Dorex2007: posts big blind $0.02
Nico55KQ: sits out 
Tutanhamon15: sits out 
*** HOLE CARDS ***
Dealt to Dorex2007 [7h 6s]
Adam_W888: folds 
Fabbe4 is disconnected 
POLLO ISRA75: raises $0.04 to $0.06
Matmes100: folds 
Vidi_x: folds 
joekor00: calls $0.05
Dorex2007: folds 
*** FLOP *** [9d Th 4c]
joekor00: bets $0.08
POLLO ISRA75: calls $0.08
*** TURN *** [9d Th 4c] [3d]
joekor00: bets $0.21
POLLO ISRA75: folds 
Uncalled bet ($0.21) returned to joekor00
joekor00 collected $0.29 from pot
joekor00: doesn't show hand 
*** SUMMARY ***
Total pot $0.30 | Rake $0.01 
Board [9d Th 4c 3d]
Seat 1: POLLO ISRA75 folded on the Turn
Seat 2: Matmes100 folded before Flop (didn't bet)
Seat 4: Vidi_x (button) folded before Flop (didn't bet)
Seat 5: joekor00 (small blind) collected ($0.29)
Seat 6: Dorex2007 (big blind) folded before Flop
Seat 9: Adam_W888 folded before Flop (didn't bet)



PokerStars Hand #227168474634:  Hold'em No Limit ($0.01/$0.02 USD) - 2021/05/29 12:47:44 PT [2021/05/29 15:47:44 ET]
Table 'Marceline III' 9-max Seat #5 is the button
Seat 1: POLLO ISRA75 ($1 in chips) 
Seat 2: Matmes100 ($2.27 in chips) 
Seat 4: Vidi_x ($2.15 in chips) 
Seat 5: joekor00 ($3.33 in chips) 
Seat 6: Dorex2007 ($4.18 in chips) 
Seat 7: Nico55KQ ($4.73 in chips) 
Seat 9: Adam_W888 ($2.23 in chips) 
Dorex2007: posts small blind $0.01
Nico55KQ: posts big blind $0.02
Tutanhamon15: sits out 
*** HOLE CARDS ***
Dealt to Dorex2007 [Qs Kd]
Adam_W888: folds 
POLLO ISRA75 has timed out
POLLO ISRA75: folds 
Matmes100: folds 
Vidi_x: folds 
joekor00: folds 
Dorex2007: raises $0.04 to $0.06
Nico55KQ: calls $0.04
*** FLOP *** [7c Jd 3c]
Dorex2007: bets $0.06
Nico55KQ: raises $0.10 to $0.16
Dorex2007: calls $0.10
*** TURN *** [7c Jd 3c] [9s]
Dorex2007: checks 
Nico55KQ: bets $0.42
Dorex2007: folds 
Uncalled bet ($0.42) returned to Nico55KQ
Nico55KQ collected $0.42 from pot
Nico55KQ: doesn't show hand 
*** SUMMARY ***
Total pot $0.44 | Rake $0.02 
Board [7c Jd 3c 9s]
Seat 1: POLLO ISRA75 folded before Flop (didn't bet)
Seat 2: Matmes100 folded before Flop (didn't bet)
Seat 4: Vidi_x folded before Flop (didn't bet)
Seat 5: joekor00 (button) folded before Flop (didn't bet)
Seat 6: Dorex2007 (small blind) folded on the Turn
Seat 7: Nico55KQ (big blind) collected ($0.42)
Seat 9: Adam_W888 folded before Flop (didn't bet)



PokerStars Hand #227168507182:  Hold'em No Limit ($0.01/$0.02 USD) - 2021/05/29 12:48:34 PT [2021/05/29 15:48:34 ET]
Table 'Marceline III' 9-max Seat #6 is the button
Seat 2: Matmes100 ($2.27 in chips) 
Seat 4: Vidi_x ($2.15 in chips) 
Seat 5: joekor00 ($3.33 in chips) 
Seat 6: Dorex2007 ($3.96 in chips) 
Seat 7: Nico55KQ ($4.93 in chips) 
Seat 9: Adam_W888 ($2.23 in chips) 
Nico55KQ: posts small blind $0.01
Adam_W888: posts big blind $0.02
Tutanhamon15: sits out 
*** HOLE CARDS ***
Dealt to Dorex2007 [3d 9h]
POLLO ISRA75 is disconnected 
Matmes100: folds 
Vidi_x: raises $0.04 to $0.06
joekor00: folds 
Dorex2007: folds 
Nico55KQ: calls $0.05
Adam_W888: folds 
*** FLOP *** [5h Jd 3c]
Nico55KQ: bets $0.07
Vidi_x: calls $0.07
*** TURN *** [5h Jd 3c] [Qc]
Nico55KQ: checks 
Vidi_x: bets $0.14
Nico55KQ: calls $0.14
*** RIVER *** [5h Jd 3c Qc] [4h]
Nico55KQ: checks 
Vidi_x: bets $0.16
Nico55KQ: folds 
Uncalled bet ($0.16) returned to Vidi_x
Vidi_x collected $0.54 from pot
Vidi_x: doesn't show hand 
*** SUMMARY ***
Total pot $0.56 | Rake $0.02 
Board [5h Jd 3c Qc 4h]
Seat 2: Matmes100 folded before Flop (didn't bet)
Seat 4: Vidi_x collected ($0.54)
Seat 5: joekor00 folded before Flop (didn't bet)
Seat 6: Dorex2007 (button) folded before Flop (didn't bet)
Seat 7: Nico55KQ (small blind) folded on the River
Seat 9: Adam_W888 (big blind) folded before Flop



PokerStars Hand #227168528611:  Hold'em No Limit ($0.01/$0.02 USD) - 2021/05/29 12:49:19 PT [2021/05/29 15:49:19 ET]
Table 'Marceline III' 9-max Seat #7 is the button
Seat 2: Matmes100 ($2.27 in chips) 
Seat 4: Vidi_x ($2.42 in chips) 
Seat 5: joekor00 ($3.33 in chips) 
Seat 6: Dorex2007 ($3.96 in chips) 
Seat 7: Nico55KQ ($4.66 in chips) 
Seat 9: Adam_W888 ($2.21 in chips) 
Adam_W888: posts small blind $0.01
Matmes100: posts big blind $0.02
Tutanhamon15: sits out 
*** HOLE CARDS ***
Dealt to Dorex2007 [6s Ad]
Vidi_x: folds 
joekor00: raises $0.04 to $0.06
Dorex2007: folds 
Nico55KQ: calls $0.06
Adam_W888: folds 
Matmes100: folds 
*** FLOP *** [7s 5d 7h]
joekor00: bets $0.09
Nico55KQ: calls $0.09
*** TURN *** [7s 5d 7h] [Qc]
joekor00: bets $0.16
Nico55KQ: calls $0.16
*** RIVER *** [7s 5d 7h Qc] [2h]
joekor00: bets $0.44
Nico55KQ: folds 
Uncalled bet ($0.44) returned to joekor00
joekor00 collected $0.63 from pot
joekor00: doesn't show hand 
*** SUMMARY ***
Total pot $0.65 | Rake $0.02 
Board [7s 5d 7h Qc 2h]
Seat 2: Matmes100 (big blind) folded before Flop
Seat 4: Vidi_x folded before Flop (didn't bet)
Seat 5: joekor00 collected ($0.63)
Seat 6: Dorex2007 folded before Flop (didn't bet)
Seat 7: Nico55KQ (button) folded on the River
Seat 9: Adam_W888 (small blind) folded before Flop



PokerStars Hand #227168552608:  Hold'em No Limit ($0.01/$0.02 USD) - 2021/05/29 12:50:11 PT [2021/05/29 15:50:11 ET]
Table 'Marceline III' 9-max Seat #9 is the button
Seat 2: Matmes100 ($2.25 in chips) 
Seat 3: Tutanhamon15 ($2 in chips) 
Seat 4: Vidi_x ($2.42 in chips) 
Seat 5: joekor00 ($3.65 in chips) 
Seat 6: Dorex2007 ($3.96 in chips) 
Seat 7: Nico55KQ ($4.35 in chips) 
Seat 9: Adam_W888 ($2.20 in chips) 
Matmes100: posts small blind $0.01
Tutanhamon15: posts big blind $0.02
*** HOLE CARDS ***
Dealt to Dorex2007 [5h Ks]
Vidi_x has timed out
Vidi_x: folds 
joekor00: folds 
Dorex2007: folds 
Nico55KQ: folds 
Adam_W888: folds 
Matmes100: folds 
Uncalled bet ($0.01) returned to Tutanhamon15
Tutanhamon15 collected $0.02 from pot
Tutanhamon15: doesn't show hand 
*** SUMMARY ***
Total pot $0.02 | Rake $0 
Seat 2: Matmes100 (small blind) folded before Flop
Seat 3: Tutanhamon15 (big blind) collected ($0.02)
Seat 4: Vidi_x folded before Flop (didn't bet)
Seat 5: joekor00 folded before Flop (didn't bet)
Seat 6: Dorex2007 folded before Flop (didn't bet)
Seat 7: Nico55KQ folded before Flop (didn't bet)
Seat 9: Adam_W888 (button) folded before Flop (didn't bet)



PokerStars Hand #227168563964:  Hold'em No Limit ($0.01/$0.02 USD) - 2021/05/29 12:50:34 PT [2021/05/29 15:50:34 ET]
Table 'Marceline III' 9-max Seat #2 is the button
Seat 2: Matmes100 ($2.24 in chips) 
Seat 3: Tutanhamon15 ($2.01 in chips) 
Seat 5: joekor00 ($3.65 in chips) 
Seat 6: Dorex2007 ($3.96 in chips) 
Seat 7: Nico55KQ ($4.35 in chips) 
Seat 9: Adam_W888 ($2.20 in chips) 
Tutanhamon15: posts small blind $0.01
joekor00: posts big blind $0.02
*** HOLE CARDS ***
Dealt to Dorex2007 [3s Ks]
Dorex2007: folds 
Nico55KQ: calls $0.02
Adam_W888: folds 
Matmes100: folds 
Tutanhamon15: calls $0.01
joekor00: raises $0.08 to $0.10
Nico55KQ: calls $0.08
Tutanhamon15: calls $0.08
*** FLOP *** [Js Jd Jh]
Tutanhamon15: checks 
joekor00: bets $0.15
Nico55KQ: folds 
Tutanhamon15: folds 
Uncalled bet ($0.15) returned to joekor00
joekor00 collected $0.29 from pot
joekor00: doesn't show hand 
*** SUMMARY ***
Total pot $0.30 | Rake $0.01 
Board [Js Jd Jh]
Seat 2: Matmes100 (button) folded before Flop (didn't bet)
Seat 3: Tutanhamon15 (small blind) folded on the Flop
Seat 5: joekor00 (big blind) collected ($0.29)
Seat 6: Dorex2007 folded before Flop (didn't bet)
Seat 7: Nico55KQ folded on the Flop
Seat 9: Adam_W888 folded before Flop (didn't bet)



PokerStars Hand #227168585504:  Hold'em No Limit ($0.01/$0.02 USD) - 2021/05/29 12:51:21 PT [2021/05/29 15:51:21 ET]
Table 'Marceline III' 9-max Seat #3 is the button
Seat 2: Matmes100 ($2.24 in chips) 
Seat 3: Tutanhamon15 ($2 in chips) 
Seat 5: joekor00 ($3.84 in chips) 
Seat 6: Dorex2007 ($3.96 in chips) 
Seat 7: Nico55KQ ($4.25 in chips) 
joekor00: posts small blind $0.01
Dorex2007: posts big blind $0.02
*** HOLE CARDS ***
Dealt to Dorex2007 [Th 5d]
Nico55KQ: folds 
Matmes100: folds 
Tutanhamon15: folds 
joekor00: folds 
Uncalled bet ($0.01) returned to Dorex2007
Dorex2007 collected $0.02 from pot
Dorex2007: doesn't show hand 
*** SUMMARY ***
Total pot $0.02 | Rake $0 
Seat 2: Matmes100 folded before Flop (didn't bet)
Seat 3: Tutanhamon15 (button) folded before Flop (didn't bet)
Seat 5: joekor00 (small blind) folded before Flop
Seat 6: Dorex2007 (big blind) collected ($0.02)
Seat 7: Nico55KQ folded before Flop (didn't bet)



PokerStars Hand #227168591309:  Hold'em No Limit ($0.01/$0.02 USD) - 2021/05/29 12:51:31 PT [2021/05/29 15:51:31 ET]
Table 'Marceline III' 9-max Seat #5 is the button
Seat 2: Matmes100 ($2.24 in chips) 
Seat 3: Tutanhamon15 ($2 in chips) 
Seat 4: Vidi_x ($2.42 in chips) 
Seat 5: joekor00 ($3.83 in chips) 
Seat 6: Dorex2007 ($3.97 in chips) 
Seat 7: Nico55KQ ($4.25 in chips) 
Dorex2007: posts small blind $0.01
Nico55KQ: posts big blind $0.02
Vidi_x: posts small & big blinds $0.03
*** HOLE CARDS ***
Dealt to Dorex2007 [5h Kc]
Matmes100: folds 
Tutanhamon15: calls $0.02
Vidi_x: checks 
joekor00: raises $0.10 to $0.12
Dorex2007: folds 
Nico55KQ: folds 
Tutanhamon15: folds 
Vidi_x: folds 
Uncalled bet ($0.10) returned to joekor00
joekor00 collected $0.10 from pot
joekor00: doesn't show hand 
*** SUMMARY ***
Total pot $0.10 | Rake $0 
Seat 2: Matmes100 folded before Flop (didn't bet)
Seat 3: Tutanhamon15 folded before Flop
Seat 4: Vidi_x folded before Flop (didn't bet)
Seat 5: joekor00 (button) collected ($0.10)
Seat 6: Dorex2007 (small blind) folded before Flop
Seat 7: Nico55KQ (big blind) folded before Flop



PokerStars Hand #227168604809:  Hold'em No Limit ($0.01/$0.02 USD) - 2021/05/29 12:51:59 PT [2021/05/29 15:51:59 ET]
Table 'Marceline III' 9-max Seat #6 is the button
Seat 2: Matmes100 ($2.24 in chips) 
Seat 3: Tutanhamon15 ($2 in chips) 
Seat 4: Vidi_x ($2.39 in chips) 
Seat 5: joekor00 ($3.91 in chips) 
Seat 6: Dorex2007 ($3.96 in chips) 
Seat 7: Nico55KQ ($4.23 in chips) 
Nico55KQ: posts small blind $0.01
Matmes100: posts big blind $0.02
*** HOLE CARDS ***
Dealt to Dorex2007 [6c 5d]
Tutanhamon15: folds 
Vidi_x: folds 
joekor00: raises $0.04 to $0.06
Dorex2007: folds 
Nico55KQ: calls $0.05
Matmes100: folds 
*** FLOP *** [Kh 9s 8s]
Nico55KQ: checks 
Vidi_x leaves the table
joekor00: bets $0.10
Nico55KQ: calls $0.10
*** TURN *** [Kh 9s 8s] [7h]
Nico55KQ: bets $0.17
Gd-cribeiro joins the table at seat #4 
joekor00: calls $0.17
*** RIVER *** [Kh 9s 8s 7h] [2s]
Nico55KQ: checks 
joekor00: checks 
*** SHOW DOWN ***
Nico55KQ: shows [9c 6s] (a pair of Nines)
joekor00: mucks hand 
Nico55KQ collected $0.66 from pot
Fabbe4 leaves the table
*** SUMMARY ***
Total pot $0.68 | Rake $0.02 
Board [Kh 9s 8s 7h 2s]
Seat 2: Matmes100 (big blind) folded before Flop
Seat 3: Tutanhamon15 folded before Flop (didn't bet)
Seat 4: Vidi_x folded before Flop (didn't bet)
Seat 5: joekor00 mucked [Ah Qd]
Seat 6: Dorex2007 (button) folded before Flop (didn't bet)
Seat 7: Nico55KQ (small blind) showed [9c 6s] and won ($0.66) with a pair of Nines



PokerStars Hand #227168631380:  Hold'em No Limit ($0.01/$0.02 USD) - 2021/05/29 12:52:56 PT [2021/05/29 15:52:56 ET]
Table 'Marceline III' 9-max Seat #7 is the button
Seat 2: Matmes100 ($2.22 in chips) 
Seat 3: Tutanhamon15 ($2 in chips) 
Seat 5: joekor00 ($3.58 in chips) 
Seat 6: Dorex2007 ($3.96 in chips) 
Seat 7: Nico55KQ ($4.56 in chips) 
Matmes100: posts small blind $0.01
Tutanhamon15: posts big blind $0.02
Gd-cribeiro: sits out 
*** HOLE CARDS ***
Dealt to Dorex2007 [7c 2d]
joekor00: raises $0.04 to $0.06
Dorex2007: folds 
Nico55KQ: folds 
Matmes100: folds 
Tutanhamon15: folds 
Uncalled bet ($0.04) returned to joekor00
joekor00 collected $0.05 from pot
joekor00: doesn't show hand 
*** SUMMARY ***
Total pot $0.05 | Rake $0 
Seat 2: Matmes100 (small blind) folded before Flop
Seat 3: Tutanhamon15 (big blind) folded before Flop
Seat 5: joekor00 collected ($0.05)
Seat 6: Dorex2007 folded before Flop (didn't bet)
Seat 7: Nico55KQ (button) folded before Flop (didn't bet)



PokerStars Hand #227168637024:  Hold'em No Limit ($0.01/$0.02 USD) - 2021/05/29 12:53:07 PT [2021/05/29 15:53:07 ET]
Table 'Marceline III' 9-max Seat #2 is the button
Seat 2: Matmes100 ($2.21 in chips) 
Seat 3: Tutanhamon15 ($2 in chips) 
Seat 4: Gd-cribeiro ($2 in chips) 
Seat 5: joekor00 ($3.61 in chips) 
Seat 6: Dorex2007 ($3.96 in chips) 
Seat 7: Nico55KQ ($4.56 in chips) 
Tutanhamon15: posts small blind $0.01
Gd-cribeiro: posts big blind $0.02
*** HOLE CARDS ***
Dealt to Dorex2007 [Ac 6c]
joekor00: folds 
Dorex2007: raises $0.02 to $0.04
Nico55KQ: calls $0.04
Matmes100: calls $0.04
Tutanhamon15: calls $0.03
Gd-cribeiro: folds 
*** FLOP *** [Kh Qc Jc]
WG8978 joins the table at seat #8 
Tutanhamon15: checks 
Dorex2007: bets $0.17
Nico55KQ: folds 
Matmes100: folds 
Tutanhamon15: raises $0.26 to $0.43
Dorex2007: calls $0.26
*** TURN *** [Kh Qc Jc] [Ad]
Tutanhamon15: checks 
Dorex2007: checks 
*** RIVER *** [Kh Qc Jc Ad] [8d]
Tutanhamon15: bets $0.50
Dorex2007: calls $0.50
*** SHOW DOWN ***
Tutanhamon15: shows [Ks Qs] (two pair, Kings and Queens)
Dorex2007: mucks hand 
Tutanhamon15 collected $1.97 from pot
*** SUMMARY ***
Total pot $2.04 | Rake $0.07 
Board [Kh Qc Jc Ad 8d]
Seat 2: Matmes100 (button) folded on the Flop
Seat 3: Tutanhamon15 (small blind) showed [Ks Qs] and won ($1.97) with two pair, Kings and Queens
Seat 4: Gd-cribeiro (big blind) folded before Flop
Seat 5: joekor00 folded before Flop (didn't bet)
Seat 6: Dorex2007 mucked [Ac 6c]
Seat 7: Nico55KQ folded on the Flop



PokerStars Hand #227168679467:  Hold'em No Limit ($0.01/$0.02 USD) - 2021/05/29 12:54:37 PT [2021/05/29 15:54:37 ET]
Table 'Marceline III' 9-max Seat #3 is the button
Seat 2: Matmes100 ($2.17 in chips) 
Seat 3: Tutanhamon15 ($3 in chips) 
Seat 4: Gd-cribeiro ($2 in chips) 
Seat 5: joekor00 ($3.61 in chips) 
Seat 6: Dorex2007 ($2.99 in chips) 
Seat 7: Nico55KQ ($4.52 in chips) 
Gd-cribeiro: posts small blind $0.01
joekor00: posts big blind $0.02
WG8978: sits out 
*** HOLE CARDS ***
Dealt to Dorex2007 [3d Ac]
Dorex2007: folds 
Nico55KQ: raises $0.04 to $0.06
Matmes100: folds 
Tutanhamon15: folds 
Gd-cribeiro: folds 
joekor00: calls $0.04
*** FLOP *** [Ad 3c Js]
joekor00: checks 
Nico55KQ: bets $0.06
joekor00: calls $0.06
*** TURN *** [Ad 3c Js] [9s]
joekor00: checks 
Nico55KQ: checks 
*** RIVER *** [Ad 3c Js 9s] [Qc]
joekor00: checks 
Nico55KQ: checks 
*** SHOW DOWN ***
joekor00: shows [6d 6h] (a pair of Sixes)
Nico55KQ: shows [Jc Kd] (a pair of Jacks)
Nico55KQ collected $0.24 from pot
*** SUMMARY ***
Total pot $0.25 | Rake $0.01 
Board [Ad 3c Js 9s Qc]
Seat 2: Matmes100 folded before Flop (didn't bet)
Seat 3: Tutanhamon15 (button) folded before Flop (didn't bet)
Seat 4: Gd-cribeiro (small blind) folded before Flop
Seat 5: joekor00 (big blind) showed [6d 6h] and lost with a pair of Sixes
Seat 6: Dorex2007 folded before Flop (didn't bet)
Seat 7: Nico55KQ showed [Jc Kd] and won ($0.24) with a pair of Jacks



PokerStars Hand #227168709640:  Hold'em No Limit ($0.01/$0.02 USD) - 2021/05/29 12:55:23 PT [2021/05/29 15:55:23 ET]
Table 'Marceline III' 9-max Seat #4 is the button
Seat 2: Matmes100 ($2.17 in chips) 
Seat 3: Tutanhamon15 ($3 in chips) 
Seat 4: Gd-cribeiro ($2 in chips) 
Seat 5: joekor00 ($3.49 in chips) 
Seat 6: Dorex2007 ($2.99 in chips) 
Seat 7: Nico55KQ ($4.64 in chips) 
joekor00: posts small blind $0.01
Dorex2007: posts big blind $0.02
WG8978: sits out 
*** HOLE CARDS ***
Dealt to Dorex2007 [2s 5h]
Nico55KQ: folds 
Matmes100: raises $0.04 to $0.06
Tutanhamon15: folds 
Gd-cribeiro: folds 
joekor00: calls $0.05
Dorex2007: folds 
*** FLOP *** [Tc Ac 9h]
joekor00: checks 
Matmes100: bets $0.08
joekor00: calls $0.08
*** TURN *** [Tc Ac 9h] [Qc]
joekor00: checks 
Matmes100: bets $0.16
joekor00: raises $0.43 to $0.59
Matmes100: folds 
Uncalled bet ($0.43) returned to joekor00
joekor00 collected $0.60 from pot
joekor00: doesn't show hand 
*** SUMMARY ***
Total pot $0.62 | Rake $0.02 
Board [Tc Ac 9h Qc]
Seat 2: Matmes100 folded on the Turn
Seat 3: Tutanhamon15 folded before Flop (didn't bet)
Seat 4: Gd-cribeiro (button) folded before Flop (didn't bet)
Seat 5: joekor00 (small blind) collected ($0.60)
Seat 6: Dorex2007 (big blind) folded before Flop
Seat 7: Nico55KQ folded before Flop (didn't bet)



PokerStars Hand #227168730577:  Hold'em No Limit ($0.01/$0.02 USD) - 2021/05/29 12:56:28 PT [2021/05/29 15:56:28 ET]
Table 'Marceline III' 9-max Seat #5 is the button
Seat 1: POLLO ISRA75 ($1 in chips) 
Seat 2: Matmes100 ($2 in chips) 
Seat 3: Tutanhamon15 ($3 in chips) 
Seat 4: Gd-cribeiro ($2 in chips) 
Seat 5: joekor00 ($3.79 in chips) 
Seat 6: Dorex2007 ($2.97 in chips) 
Seat 7: Nico55KQ ($4.64 in chips) 
Dorex2007: posts small blind $0.01
Nico55KQ: posts big blind $0.02
WG8978: sits out 
POLLO ISRA75: posts small & big blinds $0.03
*** HOLE CARDS ***
Dealt to Dorex2007 [8h 8d]
POLLO ISRA75: checks 
Matmes100: folds 
Tutanhamon15: folds 
Gd-cribeiro: folds 
joekor00: raises $0.08 to $0.10
Dorex2007: calls $0.09
Nico55KQ: folds 
POLLO ISRA75: folds 
*** FLOP *** [2h Jh 3h]
Dorex2007: bets $0.24
joekor00: folds 
Uncalled bet ($0.24) returned to Dorex2007
Dorex2007 collected $0.24 from pot
Dorex2007: doesn't show hand 
*** SUMMARY ***
Total pot $0.25 | Rake $0.01 
Board [2h Jh 3h]
Seat 1: POLLO ISRA75 folded before Flop (didn't bet)
Seat 2: Matmes100 folded before Flop (didn't bet)
Seat 3: Tutanhamon15 folded before Flop (didn't bet)
Seat 4: Gd-cribeiro folded before Flop (didn't bet)
Seat 5: joekor00 (button) folded on the Flop
Seat 6: Dorex2007 (small blind) collected ($0.24)
Seat 7: Nico55KQ (big blind) folded before Flop



PokerStars Hand #227168744619:  Hold'em No Limit ($0.01/$0.02 USD) - 2021/05/29 12:57:10 PT [2021/05/29 15:57:10 ET]
Table 'Marceline III' 9-max Seat #6 is the button
Seat 1: POLLO ISRA75 ($0.97 in chips) 
Seat 2: Matmes100 ($2 in chips) 
Seat 3: Tutanhamon15 ($3 in chips) 
Seat 4: Gd-cribeiro ($2 in chips) 
Seat 5: joekor00 ($3.69 in chips) 
Seat 6: Dorex2007 ($3.11 in chips) 
Seat 7: Nico55KQ ($4.62 in chips) 
Seat 8: WG8978 ($2 in chips) 
Nico55KQ: posts small blind $0.01
WG8978: posts big blind $0.02
*** HOLE CARDS ***
Dealt to Dorex2007 [Kd 2c]
POLLO ISRA75 has timed out
POLLO ISRA75: folds 
Matmes100: folds 
Tutanhamon15: folds 
Gd-cribeiro: folds 
joekor00: raises $0.04 to $0.06
Dorex2007: folds 
Nico55KQ: folds 
WG8978: folds 
Uncalled bet ($0.04) returned to joekor00
joekor00 collected $0.05 from pot
joekor00: doesn't show hand 
*** SUMMARY ***
Total pot $0.05 | Rake $0 
Seat 1: POLLO ISRA75 folded before Flop (didn't bet)
Seat 2: Matmes100 folded before Flop (didn't bet)
Seat 3: Tutanhamon15 folded before Flop (didn't bet)
Seat 4: Gd-cribeiro folded before Flop (didn't bet)
Seat 5: joekor00 collected ($0.05)
Seat 6: Dorex2007 (button) folded before Flop (didn't bet)
Seat 7: Nico55KQ (small blind) folded before Flop
Seat 8: WG8978 (big blind) folded before Flop



PokerStars Hand #227168755544:  Hold'em No Limit ($0.01/$0.02 USD) - 2021/05/29 12:57:43 PT [2021/05/29 15:57:43 ET]
Table 'Marceline III' 9-max Seat #7 is the button
Seat 1: POLLO ISRA75 ($0.97 in chips) 
Seat 2: Matmes100 ($2 in chips) 
Seat 3: Tutanhamon15 ($3 in chips) 
Seat 4: Gd-cribeiro ($2 in chips) 
Seat 5: joekor00 ($3.72 in chips) 
Seat 6: Dorex2007 ($3.11 in chips) 
Seat 7: Nico55KQ ($4.61 in chips) 
Seat 8: WG8978 ($2 in chips) 
WG8978: posts small blind $0.01
POLLO ISRA75: posts big blind $0.02
*** HOLE CARDS ***
Dealt to Dorex2007 [Ac 2s]
Matmes100: raises $0.04 to $0.06
Tutanhamon15: folds 
Gd-cribeiro: folds 
joekor00: folds 
Dorex2007: folds 
Nico55KQ: folds 
WG8978: folds 
POLLO ISRA75: folds 
Uncalled bet ($0.04) returned to Matmes100
Matmes100 collected $0.05 from pot
Matmes100: doesn't show hand 
*** SUMMARY ***
Total pot $0.05 | Rake $0 
Seat 1: POLLO ISRA75 (big blind) folded before Flop
Seat 2: Matmes100 collected ($0.05)
Seat 3: Tutanhamon15 folded before Flop (didn't bet)
Seat 4: Gd-cribeiro folded before Flop (didn't bet)
Seat 5: joekor00 folded before Flop (didn't bet)
Seat 6: Dorex2007 folded before Flop (didn't bet)
Seat 7: Nico55KQ (button) folded before Flop (didn't bet)
Seat 8: WG8978 (small blind) folded before Flop



PokerStars Hand #227168766950:  Hold'em No Limit ($0.01/$0.02 USD) - 2021/05/29 12:58:17 PT [2021/05/29 15:58:17 ET]
Table 'Marceline III' 9-max Seat #8 is the button
Seat 1: POLLO ISRA75 ($0.95 in chips) 
Seat 2: Matmes100 ($2.03 in chips) 
Seat 3: Tutanhamon15 ($3 in chips) 
Seat 4: Gd-cribeiro ($2 in chips) 
Seat 5: joekor00 ($3.72 in chips) 
Seat 6: Dorex2007 ($3.11 in chips) 
Seat 7: Nico55KQ ($4.61 in chips) 
Seat 8: WG8978 ($2 in chips) 
POLLO ISRA75: posts small blind $0.01
Matmes100: posts big blind $0.02
*** HOLE CARDS ***
Dealt to Dorex2007 [Jc 2d]
Tutanhamon15: folds 
Gd-cribeiro: folds 
joekor00: folds 
Dorex2007: folds 
Nico55KQ: folds 
WG8978: folds 
POLLO ISRA75: folds 
Uncalled bet ($0.01) returned to Matmes100
Matmes100 collected $0.02 from pot
Matmes100: doesn't show hand 
*** SUMMARY ***
Total pot $0.02 | Rake $0 
Seat 1: POLLO ISRA75 (small blind) folded before Flop
Seat 2: Matmes100 (big blind) collected ($0.02)
Seat 3: Tutanhamon15 folded before Flop (didn't bet)
Seat 4: Gd-cribeiro folded before Flop (didn't bet)
Seat 5: joekor00 folded before Flop (didn't bet)
Seat 6: Dorex2007 folded before Flop (didn't bet)
Seat 7: Nico55KQ folded before Flop (didn't bet)
Seat 8: WG8978 (button) folded before Flop (didn't bet)



PokerStars Hand #227168773557:  Hold'em No Limit ($0.01/$0.02 USD) - 2021/05/29 12:58:37 PT [2021/05/29 15:58:37 ET]
Table 'Marceline III' 9-max Seat #1 is the button
Seat 1: POLLO ISRA75 ($0.94 in chips) 
Seat 2: Matmes100 ($2.04 in chips) 
Seat 3: Tutanhamon15 ($3 in chips) 
Seat 4: Gd-cribeiro ($2 in chips) 
Seat 5: joekor00 ($3.72 in chips) 
Seat 6: Dorex2007 ($3.11 in chips) 
Seat 7: Nico55KQ ($4.61 in chips) 
Seat 8: WG8978 ($2 in chips) 
Matmes100: posts small blind $0.01
Tutanhamon15: posts big blind $0.02
*** HOLE CARDS ***
Dealt to Dorex2007 [Td 2s]
Gd-cribeiro: folds 
joekor00: folds 
Dorex2007: folds 
Nico55KQ: raises $0.06 to $0.08
WG8978: folds 
POLLO ISRA75: folds 
Matmes100: folds 
Tutanhamon15: folds 
Uncalled bet ($0.06) returned to Nico55KQ
Nico55KQ collected $0.05 from pot
Nico55KQ: doesn't show hand 
*** SUMMARY ***
Total pot $0.05 | Rake $0 
Seat 1: POLLO ISRA75 (button) folded before Flop (didn't bet)
Seat 2: Matmes100 (small blind) folded before Flop
Seat 3: Tutanhamon15 (big blind) folded before Flop
Seat 4: Gd-cribeiro folded before Flop (didn't bet)
Seat 5: joekor00 folded before Flop (didn't bet)
Seat 6: Dorex2007 folded before Flop (didn't bet)
Seat 7: Nico55KQ collected ($0.05)
Seat 8: WG8978 folded before Flop (didn't bet)



PokerStars Hand #227168781295:  Hold'em No Limit ($0.01/$0.02 USD) - 2021/05/29 12:59:00 PT [2021/05/29 15:59:00 ET]
Table 'Marceline III' 9-max Seat #2 is the button
Seat 1: POLLO ISRA75 ($0.94 in chips) 
Seat 2: Matmes100 ($2.03 in chips) 
Seat 3: Tutanhamon15 ($2.98 in chips) 
Seat 4: Gd-cribeiro ($2 in chips) 
Seat 5: joekor00 ($3.72 in chips) 
Seat 6: Dorex2007 ($3.11 in chips) 
Seat 7: Nico55KQ ($4.64 in chips) 
Seat 8: WG8978 ($2 in chips) 
Tutanhamon15: posts small blind $0.01
Gd-cribeiro: posts big blind $0.02
*** HOLE CARDS ***
Dealt to Dorex2007 [2s Ks]
joekor00: raises $0.04 to $0.06
Dorex2007: folds 
Nico55KQ: calls $0.06
WG8978: folds 
POLLO ISRA75: folds 
Matmes100: folds 
Tutanhamon15: folds 
Gd-cribeiro: folds 
*** FLOP *** [9h Ah 8s]
joekor00: bets $0.10
Nico55KQ: calls $0.10
*** TURN *** [9h Ah 8s] [3d]
joekor00: bets $0.24
Nico55KQ: folds 
Uncalled bet ($0.24) returned to joekor00
joekor00 collected $0.34 from pot
joekor00: doesn't show hand 
*** SUMMARY ***
Total pot $0.35 | Rake $0.01 
Board [9h Ah 8s 3d]
Seat 1: POLLO ISRA75 folded before Flop (didn't bet)
Seat 2: Matmes100 (button) folded before Flop (didn't bet)
Seat 3: Tutanhamon15 (small blind) folded before Flop
Seat 4: Gd-cribeiro (big blind) folded before Flop
Seat 5: joekor00 collected ($0.34)
Seat 6: Dorex2007 folded before Flop (didn't bet)
Seat 7: Nico55KQ folded on the Turn
Seat 8: WG8978 folded before Flop (didn't bet)



PokerStars Hand #227168796505:  Hold'em No Limit ($0.01/$0.02 USD) - 2021/05/29 12:59:45 PT [2021/05/29 15:59:45 ET]
Table 'Marceline III' 9-max Seat #3 is the button
Seat 1: POLLO ISRA75 ($0.94 in chips) 
Seat 2: Matmes100 ($2.03 in chips) 
Seat 3: Tutanhamon15 ($2.97 in chips) 
Seat 4: Gd-cribeiro ($2 in chips) 
Seat 5: joekor00 ($3.90 in chips) 
Seat 6: Dorex2007 ($3.11 in chips) 
Seat 7: Nico55KQ ($4.48 in chips) 
Seat 8: WG8978 ($2 in chips) 
Gd-cribeiro: posts small blind $0.01
joekor00: posts big blind $0.02
*** HOLE CARDS ***
Dealt to Dorex2007 [2c 9h]
Dorex2007: folds 
Nico55KQ: folds 
WG8978: folds 
POLLO ISRA75: folds 
Matmes100: folds 
Tutanhamon15: raises $0.06 to $0.08
Gd-cribeiro: folds 
joekor00: calls $0.06
*** FLOP *** [Qd Th Kd]
joekor00: checks 
Tutanhamon15: bets $0.08
joekor00: raises $0.17 to $0.25
Tutanhamon15: calls $0.17
*** TURN *** [Qd Th Kd] [8h]
joekor00: bets $0.46
Tutanhamon15: calls $0.46
*** RIVER *** [Qd Th Kd 8h] [Td]
joekor00: bets $0.77
Tutanhamon15: folds 
Uncalled bet ($0.77) returned to joekor00
joekor00 collected $1.53 from pot
joekor00: doesn't show hand 
*** SUMMARY ***
Total pot $1.59 | Rake $0.06 
Board [Qd Th Kd 8h Td]
Seat 1: POLLO ISRA75 folded before Flop (didn't bet)
Seat 2: Matmes100 folded before Flop (didn't bet)
Seat 3: Tutanhamon15 (button) folded on the River
Seat 4: Gd-cribeiro (small blind) folded before Flop
Seat 5: joekor00 (big blind) collected ($1.53)
Seat 6: Dorex2007 folded before Flop (didn't bet)
Seat 7: Nico55KQ folded before Flop (didn't bet)
Seat 8: WG8978 folded before Flop (didn't bet)



PokerStars Hand #227168824974:  Hold'em No Limit ($0.01/$0.02 USD) - 2021/05/29 13:01:03 PT [2021/05/29 16:01:03 ET]
Table 'Marceline III' 9-max Seat #4 is the button
Seat 1: POLLO ISRA75 ($0.94 in chips) 
Seat 2: Matmes100 ($2.03 in chips) 
Seat 3: Tutanhamon15 ($2.18 in chips) 
Seat 4: Gd-cribeiro ($2 in chips) 
Seat 5: joekor00 ($4.64 in chips) 
Seat 6: Dorex2007 ($3.11 in chips) 
Seat 7: Nico55KQ ($4.48 in chips) 
Seat 8: WG8978 ($2 in chips) 
joekor00: posts small blind $0.01
Dorex2007: posts big blind $0.02
Adam_W888: sits out 
*** HOLE CARDS ***
Dealt to Dorex2007 [8s 7h]
Nico55KQ: folds 
WG8978: folds 
POLLO ISRA75: folds 
Matmes100: folds 
Tutanhamon15: folds 
Gd-cribeiro: raises $0.04 to $0.06
joekor00: raises $0.18 to $0.24
Dorex2007: folds 
Gd-cribeiro: folds 
Uncalled bet ($0.18) returned to joekor00
joekor00 collected $0.14 from pot
joekor00: doesn't show hand 
*** SUMMARY ***
Total pot $0.14 | Rake $0 
Seat 1: POLLO ISRA75 folded before Flop (didn't bet)
Seat 2: Matmes100 folded before Flop (didn't bet)
Seat 3: Tutanhamon15 folded before Flop (didn't bet)
Seat 4: Gd-cribeiro (button) folded before Flop
Seat 5: joekor00 (small blind) collected ($0.14)
Seat 6: Dorex2007 (big blind) folded before Flop
Seat 7: Nico55KQ folded before Flop (didn't bet)
Seat 8: WG8978 folded before Flop (didn't bet)



PokerStars Hand #227168840321:  Hold'em No Limit ($0.01/$0.02 USD) - 2021/05/29 13:01:39 PT [2021/05/29 16:01:39 ET]
Table 'Marceline III' 9-max Seat #5 is the button
Seat 1: POLLO ISRA75 ($0.94 in chips) 
Seat 2: Matmes100 ($2.03 in chips) 
Seat 3: Tutanhamon15 ($2.18 in chips) 
Seat 4: Gd-cribeiro ($2 in chips) 
Seat 5: joekor00 ($4.72 in chips) 
Seat 6: Dorex2007 ($3.09 in chips) 
Seat 7: Nico55KQ ($4.48 in chips) 
Seat 8: WG8978 ($2 in chips) 
Dorex2007: posts small blind $0.01
Nico55KQ: posts big blind $0.02
Adam_W888: sits out 
*** HOLE CARDS ***
Dealt to Dorex2007 [2h 2d]
WG8978: folds 
POLLO ISRA75: folds 
Matmes100: folds 
Tutanhamon15: folds 
Gd-cribeiro: folds 
joekor00: folds 
Dorex2007: raises $0.04 to $0.06
Nico55KQ: calls $0.04
*** FLOP *** [3d As Kh]
Dorex2007: bets $0.12
Nico55KQ: calls $0.12
*** TURN *** [3d As Kh] [7d]
Dorex2007: checks 
Nico55KQ: bets $0.18
Dorex2007: folds 
Uncalled bet ($0.18) returned to Nico55KQ
Nico55KQ collected $0.35 from pot
Nico55KQ: doesn't show hand 
*** SUMMARY ***
Total pot $0.36 | Rake $0.01 
Board [3d As Kh 7d]
Seat 1: POLLO ISRA75 folded before Flop (didn't bet)
Seat 2: Matmes100 folded before Flop (didn't bet)
Seat 3: Tutanhamon15 folded before Flop (didn't bet)
Seat 4: Gd-cribeiro folded before Flop (didn't bet)
Seat 5: joekor00 (button) folded before Flop (didn't bet)
Seat 6: Dorex2007 (small blind) folded on the Turn
Seat 7: Nico55KQ (big blind) collected ($0.35)
Seat 8: WG8978 folded before Flop (didn't bet)



PokerStars Hand #227168857520:  Hold'em No Limit ($0.01/$0.02 USD) - 2021/05/29 13:02:16 PT [2021/05/29 16:02:16 ET]
Table 'Marceline III' 9-max Seat #6 is the button
Seat 1: POLLO ISRA75 ($0.94 in chips) 
Seat 2: Matmes100 ($2.03 in chips) 
Seat 3: Tutanhamon15 ($2.18 in chips) 
Seat 4: Gd-cribeiro ($2 in chips) 
Seat 5: joekor00 ($4.72 in chips) 
Seat 6: Dorex2007 ($2.91 in chips) 
Seat 7: Nico55KQ ($4.65 in chips) 
Seat 8: WG8978 ($2 in chips) 
Seat 9: Adam_W888 ($2.20 in chips) 
Nico55KQ: posts small blind $0.01
WG8978: posts big blind $0.02
Adam_W888: posts small & big blinds $0.03
*** HOLE CARDS ***
Dealt to Dorex2007 [Jd 5d]
Adam_W888: checks 
POLLO ISRA75: folds 
Matmes100: raises $0.06 to $0.08
Tutanhamon15: folds 
Gd-cribeiro: folds 
joekor00: calls $0.08
Dorex2007: folds 
Nico55KQ: folds 
WG8978: folds 
Adam_W888: folds 
*** FLOP *** [Js 6h 3d]
Matmes100: bets $0.09
joekor00: calls $0.09
*** TURN *** [Js 6h 3d] [Tc]
Matmes100: bets $0.18
joekor00: calls $0.18
*** RIVER *** [Js 6h 3d Tc] [Kc]
Matmes100: checks 
joekor00: checks 
*** SHOW DOWN ***
Matmes100: shows [Ac Jc] (a pair of Jacks)
joekor00: mucks hand 
Matmes100 collected $0.73 from pot
*** SUMMARY ***
Total pot $0.76 | Rake $0.03 
Board [Js 6h 3d Tc Kc]
Seat 1: POLLO ISRA75 folded before Flop (didn't bet)
Seat 2: Matmes100 showed [Ac Jc] and won ($0.73) with a pair of Jacks
Seat 3: Tutanhamon15 folded before Flop (didn't bet)
Seat 4: Gd-cribeiro folded before Flop (didn't bet)
Seat 5: joekor00 mucked [7c 9c]
Seat 6: Dorex2007 (button) folded before Flop (didn't bet)
Seat 7: Nico55KQ (small blind) folded before Flop
Seat 8: WG8978 (big blind) folded before Flop
Seat 9: Adam_W888 folded before Flop (didn't bet)



PokerStars Hand #227168893986:  Hold'em No Limit ($0.01/$0.02 USD) - 2021/05/29 13:03:30 PT [2021/05/29 16:03:30 ET]
Table 'Marceline III' 9-max Seat #7 is the button
Seat 1: POLLO ISRA75 ($0.94 in chips) 
Seat 2: Matmes100 ($2.41 in chips) 
Seat 3: Tutanhamon15 ($2.18 in chips) 
Seat 4: Gd-cribeiro ($2 in chips) 
Seat 5: joekor00 ($4.37 in chips) 
Seat 6: Dorex2007 ($2.91 in chips) 
Seat 7: Nico55KQ ($4.64 in chips) 
Seat 8: WG8978 ($2 in chips) 
Seat 9: Adam_W888 ($2.17 in chips) 
WG8978: posts small blind $0.01
Adam_W888: posts big blind $0.02
*** HOLE CARDS ***
Dealt to Dorex2007 [5h 7c]
POLLO ISRA75: folds 
Matmes100: folds 
Tutanhamon15: folds 
Gd-cribeiro: raises $0.04 to $0.06
joekor00: raises $0.15 to $0.21
Dorex2007: folds 
Nico55KQ: folds 
WG8978: folds 
Adam_W888: folds 
Gd-cribeiro: calls $0.15
*** FLOP *** [As Td 7s]
Gd-cribeiro: checks 
joekor00: bets $0.28
Gd-cribeiro: raises $0.42 to $0.70
joekor00: calls $0.42
*** TURN *** [As Td 7s] [9h]
Gd-cribeiro: bets $1.09 and is all-in
joekor00: calls $1.09
*** RIVER *** [As Td 7s 9h] [2d]
*** SHOW DOWN ***
Gd-cribeiro: shows [Qc Kd] (high card Ace)
joekor00: shows [Ah 8s] (a pair of Aces)
joekor00 collected $3.89 from pot
*** SUMMARY ***
Total pot $4.03 | Rake $0.14 
Board [As Td 7s 9h 2d]
Seat 1: POLLO ISRA75 folded before Flop (didn't bet)
Seat 2: Matmes100 folded before Flop (didn't bet)
Seat 3: Tutanhamon15 folded before Flop (didn't bet)
Seat 4: Gd-cribeiro showed [Qc Kd] and lost with high card Ace
Seat 5: joekor00 showed [Ah 8s] and won ($3.89) with a pair of Aces
Seat 6: Dorex2007 folded before Flop (didn't bet)
Seat 7: Nico55KQ (button) folded before Flop (didn't bet)
Seat 8: WG8978 (small blind) folded before Flop
Seat 9: Adam_W888 (big blind) folded before Flop



PokerStars Hand #227168937107:  Hold'em No Limit ($0.01/$0.02 USD) - 2021/05/29 13:04:59 PT [2021/05/29 16:04:59 ET]
Table 'Marceline III' 9-max Seat #8 is the button
Seat 1: POLLO ISRA75 ($0.94 in chips) 
Seat 2: Matmes100 ($2.41 in chips) 
Seat 3: Tutanhamon15 ($2.18 in chips) 
Seat 4: Gd-cribeiro ($2 in chips) 
Seat 5: joekor00 ($6.26 in chips) 
Seat 6: Dorex2007 ($2.91 in chips) 
Seat 7: Nico55KQ ($4.64 in chips) 
Seat 8: WG8978 ($2 in chips) 
Seat 9: Adam_W888 ($2.15 in chips) 
Adam_W888: posts small blind $0.01
POLLO ISRA75: posts big blind $0.02
*** HOLE CARDS ***
Dealt to Dorex2007 [9s 2d]
Matmes100: folds 
Tutanhamon15: folds 
Gd-cribeiro: raises $0.04 to $0.06
joekor00: calls $0.06
Dorex2007: folds 
Nico55KQ: folds 
WG8978: calls $0.06
Adam_W888: folds 
POLLO ISRA75: calls $0.04
*** FLOP *** [Js 4s 8d]
POLLO ISRA75: checks 
Gd-cribeiro: bets $0.12
joekor00: folds 
WG8978: folds 
POLLO ISRA75: folds 
Uncalled bet ($0.12) returned to Gd-cribeiro
Gd-cribeiro collected $0.24 from pot
Gd-cribeiro: doesn't show hand 
*** SUMMARY ***
Total pot $0.25 | Rake $0.01 
Board [Js 4s 8d]
Seat 1: POLLO ISRA75 (big blind) folded on the Flop
Seat 2: Matmes100 folded before Flop (didn't bet)
Seat 3: Tutanhamon15 folded before Flop (didn't bet)
Seat 4: Gd-cribeiro collected ($0.24)
Seat 5: joekor00 folded on the Flop
Seat 6: Dorex2007 folded before Flop (didn't bet)
Seat 7: Nico55KQ folded before Flop (didn't bet)
Seat 8: WG8978 (button) folded on the Flop
Seat 9: Adam_W888 (small blind) folded before Flop



PokerStars Hand #227168978832:  Hold'em No Limit ($0.01/$0.02 USD) - 2021/05/29 13:06:24 PT [2021/05/29 16:06:24 ET]
Table 'Marceline III' 9-max Seat #9 is the button
Seat 1: POLLO ISRA75 ($0.88 in chips) 
Seat 2: Matmes100 ($2.41 in chips) 
Seat 3: Tutanhamon15 ($2.18 in chips) 
Seat 4: Gd-cribeiro ($2.18 in chips) 
Seat 5: joekor00 ($6.20 in chips) 
Seat 6: Dorex2007 ($2.91 in chips) 
Seat 7: Nico55KQ ($4.64 in chips) 
Seat 8: WG8978 ($2 in chips) 
Seat 9: Adam_W888 ($2.14 in chips) 
POLLO ISRA75: posts small blind $0.01
Matmes100: posts big blind $0.02
*** HOLE CARDS ***
Dealt to Dorex2007 [Ts Ac]
Tutanhamon15: folds 
Gd-cribeiro: folds 
Gd-cribeiro leaves the table
joekor00: folds 
Dorex2007: raises $0.02 to $0.04
Nico55KQ: raises $0.06 to $0.10
WG8978: folds 
Adam_W888: calls $0.10
POLLO ISRA75: folds 
Matmes100: folds 
Dorex2007: folds 
*** FLOP *** [Td 4c 5h]
Nico55KQ: checks 
Adam_W888: checks 
*** TURN *** [Td 4c 5h] [9d]
lotojas joins the table at seat #4 
Nico55KQ: bets $0.06
Adam_W888: folds 
Uncalled bet ($0.06) returned to Nico55KQ
Nico55KQ collected $0.26 from pot
Nico55KQ: doesn't show hand 
*** SUMMARY ***
Total pot $0.27 | Rake $0.01 
Board [Td 4c 5h 9d]
Seat 1: POLLO ISRA75 (small blind) folded before Flop
Seat 2: Matmes100 (big blind) folded before Flop
Seat 3: Tutanhamon15 folded before Flop (didn't bet)
Seat 4: Gd-cribeiro folded before Flop (didn't bet)
Seat 5: joekor00 folded before Flop (didn't bet)
Seat 6: Dorex2007 folded before Flop
Seat 7: Nico55KQ collected ($0.26)
Seat 8: WG8978 folded before Flop (didn't bet)
Seat 9: Adam_W888 (button) folded on the Turn



PokerStars Hand #227169005799:  Hold'em No Limit ($0.01/$0.02 USD) - 2021/05/29 13:07:19 PT [2021/05/29 16:07:19 ET]
Table 'Marceline III' 9-max Seat #1 is the button
Seat 1: POLLO ISRA75 ($0.87 in chips) 
Seat 2: Matmes100 ($2.39 in chips) 
Seat 3: Tutanhamon15 ($2.18 in chips) 
Seat 5: joekor00 ($6.20 in chips) 
Seat 6: Dorex2007 ($2.87 in chips) 
Seat 7: Nico55KQ ($4.80 in chips) 
Seat 8: WG8978 ($2 in chips) 
Seat 9: Adam_W888 ($2.04 in chips) 
Matmes100: posts small blind $0.01
Tutanhamon15: posts big blind $0.02
lotojas: sits out 
*** HOLE CARDS ***
Dealt to Dorex2007 [5d 5c]
joekor00: raises $0.04 to $0.06
Dorex2007: folds 
Nico55KQ: calls $0.06
WG8978: folds 
Adam_W888: folds 
POLLO ISRA75: calls $0.06
Matmes100: folds 
Tutanhamon15: folds 
*** FLOP *** [7d 7h 8h]
joekor00: bets $0.12
Nico55KQ: folds 
POLLO ISRA75: folds 
Uncalled bet ($0.12) returned to joekor00
joekor00 collected $0.20 from pot
joekor00: doesn't show hand 
*** SUMMARY ***
Total pot $0.21 | Rake $0.01 
Board [7d 7h 8h]
Seat 1: POLLO ISRA75 (button) folded on the Flop
Seat 2: Matmes100 (small blind) folded before Flop
Seat 3: Tutanhamon15 (big blind) folded before Flop
Seat 5: joekor00 collected ($0.20)
Seat 6: Dorex2007 folded before Flop (didn't bet)
Seat 7: Nico55KQ folded on the Flop
Seat 8: WG8978 folded before Flop (didn't bet)
Seat 9: Adam_W888 folded before Flop (didn't bet)



PokerStars Hand #227169025079:  Hold'em No Limit ($0.01/$0.02 USD) - 2021/05/29 13:07:59 PT [2021/05/29 16:07:59 ET]
Table 'Marceline III' 9-max Seat #2 is the button
Seat 1: POLLO ISRA75 ($0.81 in chips) 
Seat 2: Matmes100 ($2.38 in chips) 
Seat 3: Tutanhamon15 ($2.16 in chips) 
Seat 4: lotojas ($2 in chips) 
Seat 5: joekor00 ($6.34 in chips) 
Seat 6: Dorex2007 ($2.87 in chips) 
Seat 7: Nico55KQ ($4.74 in chips) 
Seat 8: WG8978 ($2 in chips) 
Seat 9: Adam_W888 ($2.04 in chips) 
Tutanhamon15: posts small blind $0.01
lotojas: posts big blind $0.02
*** HOLE CARDS ***
Dealt to Dorex2007 [7d 8h]
joekor00: raises $0.04 to $0.06
Dorex2007: folds 
Nico55KQ: calls $0.06
WG8978: folds 
Adam_W888: folds 
POLLO ISRA75: folds 
Matmes100: folds 
Tutanhamon15: folds 
lotojas: folds 
*** FLOP *** [Kd Ts 2d]
joekor00: bets $0.10
Nico55KQ: calls $0.10
*** TURN *** [Kd Ts 2d] [7h]
joekor00: bets $0.24
Nico55KQ: folds 
Uncalled bet ($0.24) returned to joekor00
joekor00 collected $0.34 from pot
joekor00: doesn't show hand 
*** SUMMARY ***
Total pot $0.35 | Rake $0.01 
Board [Kd Ts 2d 7h]
Seat 1: POLLO ISRA75 folded before Flop (didn't bet)
Seat 2: Matmes100 (button) folded before Flop (didn't bet)
Seat 3: Tutanhamon15 (small blind) folded before Flop
Seat 4: lotojas (big blind) folded before Flop
Seat 5: joekor00 collected ($0.34)
Seat 6: Dorex2007 folded before Flop (didn't bet)
Seat 7: Nico55KQ folded on the Turn
Seat 8: WG8978 folded before Flop (didn't bet)
Seat 9: Adam_W888 folded before Flop (didn't bet)



PokerStars Hand #227169052704:  Hold'em No Limit ($0.01/$0.02 USD) - 2021/05/29 13:08:55 PT [2021/05/29 16:08:55 ET]
Table 'Marceline III' 9-max Seat #3 is the button
Seat 1: POLLO ISRA75 ($0.81 in chips) 
Seat 2: Matmes100 ($2.38 in chips) 
Seat 3: Tutanhamon15 ($2.15 in chips) 
Seat 4: lotojas ($2 in chips) 
Seat 5: joekor00 ($6.52 in chips) 
Seat 6: Dorex2007 ($2.87 in chips) 
Seat 7: Nico55KQ ($4.58 in chips) 
Seat 8: WG8978 ($2 in chips) 
Seat 9: Adam_W888 ($2.04 in chips) 
lotojas: posts small blind $0.01
joekor00: posts big blind $0.02
*** HOLE CARDS ***
Dealt to Dorex2007 [8s 5h]
Dorex2007: folds 
Nico55KQ: raises $0.04 to $0.06
WG8978: folds 
Adam_W888: folds 
POLLO ISRA75: folds 
Matmes100: folds 
Tutanhamon15: folds 
lotojas: folds 
joekor00: calls $0.04
*** FLOP *** [3h 2c 5s]
joekor00: checks 
Nico55KQ: bets $0.07
joekor00: calls $0.07
*** TURN *** [3h 2c 5s] [9s]
joekor00: bets $0.20
Nico55KQ: calls $0.20
*** RIVER *** [3h 2c 5s 9s] [As]
joekor00: checks 
Nico55KQ: bets $0.33
joekor00: calls $0.33
*** SHOW DOWN ***
Nico55KQ: shows [Kh 6h] (high card Ace)
joekor00: shows [Jd Jh] (a pair of Jacks)
joekor00 collected $1.28 from pot
*** SUMMARY ***
Total pot $1.33 | Rake $0.05 
Board [3h 2c 5s 9s As]
Seat 1: POLLO ISRA75 folded before Flop (didn't bet)
Seat 2: Matmes100 folded before Flop (didn't bet)
Seat 3: Tutanhamon15 (button) folded before Flop (didn't bet)
Seat 4: lotojas (small blind) folded before Flop
Seat 5: joekor00 (big blind) showed [Jd Jh] and won ($1.28) with a pair of Jacks
Seat 6: Dorex2007 folded before Flop (didn't bet)
Seat 7: Nico55KQ showed [Kh 6h] and lost with high card Ace
Seat 8: WG8978 folded before Flop (didn't bet)
Seat 9: Adam_W888 folded before Flop (didn't bet)



PokerStars Hand #227169087871:  Hold'em No Limit ($0.01/$0.02 USD) - 2021/05/29 13:10:08 PT [2021/05/29 16:10:08 ET]
Table 'Marceline III' 9-max Seat #4 is the button
Seat 1: POLLO ISRA75 ($0.81 in chips) 
Seat 2: Matmes100 ($2.38 in chips) 
Seat 3: Tutanhamon15 ($2.15 in chips) 
Seat 4: lotojas ($2 in chips) 
Seat 5: joekor00 ($7.14 in chips) 
Seat 6: Dorex2007 ($2.87 in chips) 
Seat 7: Nico55KQ ($3.92 in chips) 
Seat 8: WG8978 ($2 in chips) 
Seat 9: Adam_W888 ($2.04 in chips) 
joekor00: posts small blind $0.01
Dorex2007: posts big blind $0.02
*** HOLE CARDS ***
Dealt to Dorex2007 [6d Ks]
Nico55KQ: raises $0.04 to $0.06
WG8978: folds 
Adam_W888: folds 
POLLO ISRA75: calls $0.06
Matmes100: folds 
Tutanhamon15: folds 
lotojas: calls $0.06
joekor00: calls $0.05
Dorex2007: folds 
*** FLOP *** [4s 6s 8s]
joekor00: checks 
Nico55KQ: bets $0.08
POLLO ISRA75: folds 
lotojas: calls $0.08
joekor00: calls $0.08
*** TURN *** [4s 6s 8s] [5h]
joekor00: checks 
Nico55KQ: bets $0.10
lotojas: calls $0.10
joekor00: calls $0.10
*** RIVER *** [4s 6s 8s 5h] [6h]
joekor00: checks 
Nico55KQ: checks 
lotojas: bets $0.39
joekor00: calls $0.39
Nico55KQ: folds [8d]
*** SHOW DOWN ***
lotojas: shows [5s As] (a flush, Ace high)
joekor00: mucks hand 
lotojas collected $1.52 from pot
*** SUMMARY ***
Total pot $1.58 | Rake $0.06 
Board [4s 6s 8s 5h 6h]
Seat 1: POLLO ISRA75 folded on the Flop
Seat 2: Matmes100 folded before Flop (didn't bet)
Seat 3: Tutanhamon15 folded before Flop (didn't bet)
Seat 4: lotojas (button) showed [5s As] and won ($1.52) with a flush, Ace high
Seat 5: joekor00 (small blind) mucked [4c 7d]
Seat 6: Dorex2007 (big blind) folded before Flop
Seat 7: Nico55KQ folded on the River
Seat 8: WG8978 folded before Flop (didn't bet)
Seat 9: Adam_W888 folded before Flop (didn't bet)



PokerStars Hand #227169152235:  Hold'em No Limit ($0.01/$0.02 USD) - 2021/05/29 13:12:08 PT [2021/05/29 16:12:08 ET]
Table 'Marceline III' 9-max Seat #5 is the button
Seat 1: POLLO ISRA75 ($0.75 in chips) 
Seat 2: Matmes100 ($2.38 in chips) 
Seat 3: Tutanhamon15 ($2.15 in chips) 
Seat 4: lotojas ($2.89 in chips) 
Seat 5: joekor00 ($6.51 in chips) 
Seat 6: Dorex2007 ($2.85 in chips) 
Seat 7: Nico55KQ ($3.68 in chips) 
Seat 8: WG8978 ($2 in chips) 
Seat 9: Adam_W888 ($2.04 in chips) 
Dorex2007: posts small blind $0.01
Nico55KQ: posts big blind $0.02
*** HOLE CARDS ***
Dealt to Dorex2007 [Kd 5c]
WG8978: folds 
Adam_W888: folds 
POLLO ISRA75 has timed out
POLLO ISRA75: folds 
Matmes100: folds 
Tutanhamon15: folds 
lotojas: folds 
joekor00: folds 
Dorex2007: folds 
Uncalled bet ($0.01) returned to Nico55KQ
Nico55KQ collected $0.02 from pot
Nico55KQ: doesn't show hand 
*** SUMMARY ***
Total pot $0.02 | Rake $0 
Seat 1: POLLO ISRA75 folded before Flop (didn't bet)
Seat 2: Matmes100 folded before Flop (didn't bet)
Seat 3: Tutanhamon15 folded before Flop (didn't bet)
Seat 4: lotojas folded before Flop (didn't bet)
Seat 5: joekor00 (button) folded before Flop (didn't bet)
Seat 6: Dorex2007 (small blind) folded before Flop
Seat 7: Nico55KQ (big blind) collected ($0.02)
Seat 8: WG8978 folded before Flop (didn't bet)
Seat 9: Adam_W888 folded before Flop (didn't bet)



PokerStars Hand #227169167277:  Hold'em No Limit ($0.01/$0.02 USD) - 2021/05/29 13:12:40 PT [2021/05/29 16:12:40 ET]
Table 'Marceline III' 9-max Seat #6 is the button
Seat 1: POLLO ISRA75 ($0.75 in chips) 
Seat 2: Matmes100 ($2.38 in chips) 
Seat 3: Tutanhamon15 ($2.15 in chips) 
Seat 4: lotojas ($2.89 in chips) 
Seat 5: joekor00 ($6.51 in chips) 
Seat 6: Dorex2007 ($2.84 in chips) 
Seat 7: Nico55KQ ($3.69 in chips) 
Seat 8: WG8978 ($2 in chips) 
Seat 9: Adam_W888 ($2.04 in chips) 
Nico55KQ: posts small blind $0.01
WG8978: posts big blind $0.02
*** HOLE CARDS ***
Dealt to Dorex2007 [Jd Ks]
Adam_W888: raises $0.04 to $0.06
POLLO ISRA75: folds 
POLLO ISRA75 leaves the table
Matmes100: folds 
Tutanhamon15: folds 
lotojas: folds 
joekor00: calls $0.06
Dorex2007: calls $0.06
Nico55KQ: folds 
WG8978: folds 
*** FLOP *** [5h 7c 2h]
Adam_W888: checks 
joekor00: checks 
Dorex2007: checks 
*** TURN *** [5h 7c 2h] [7d]
Adam_W888: checks 
joekor00: checks 
Dorex2007: bets $0.20
Adam_W888: folds 
SawaBeton joins the table at seat #1 
joekor00: folds 
Uncalled bet ($0.20) returned to Dorex2007
Dorex2007 collected $0.20 from pot
Dorex2007: doesn't show hand 
*** SUMMARY ***
Total pot $0.21 | Rake $0.01 
Board [5h 7c 2h 7d]
Seat 1: POLLO ISRA75 folded before Flop (didn't bet)
Seat 2: Matmes100 folded before Flop (didn't bet)
Seat 3: Tutanhamon15 folded before Flop (didn't bet)
Seat 4: lotojas folded before Flop (didn't bet)
Seat 5: joekor00 folded on the Turn
Seat 6: Dorex2007 (button) collected ($0.20)
Seat 7: Nico55KQ (small blind) folded before Flop
Seat 8: WG8978 (big blind) folded before Flop
Seat 9: Adam_W888 folded on the Turn



PokerStars Hand #227169214036:  Hold'em No Limit ($0.01/$0.02 USD) - 2021/05/29 13:14:18 PT [2021/05/29 16:14:18 ET]
Table 'Marceline III' 9-max Seat #7 is the button
Seat 2: Matmes100 ($2.38 in chips) 
Seat 3: Tutanhamon15 ($2.15 in chips) 
Seat 4: lotojas ($2.89 in chips) 
Seat 5: joekor00 ($6.45 in chips) 
Seat 6: Dorex2007 ($2.98 in chips) 
Seat 7: Nico55KQ ($3.68 in chips) 
Seat 8: WG8978 ($2 in chips) 
Seat 9: Adam_W888 ($1.98 in chips) 
WG8978: posts small blind $0.01
Adam_W888: posts big blind $0.02
SawaBeton: sits out 
*** HOLE CARDS ***
Dealt to Dorex2007 [9s Jc]
Matmes100: folds 
Tutanhamon15: raises $0.06 to $0.08
lotojas: folds 
joekor00: calls $0.08
Dorex2007: folds 
Nico55KQ: calls $0.08
WG8978: folds 
Adam_W888: folds 
*** FLOP *** [2h Jd 7s]
Tutanhamon15: checks 
joekor00: checks 
Nico55KQ: bets $0.10
Tutanhamon15: calls $0.10
joekor00: folds 
*** TURN *** [2h Jd 7s] [4d]
Tutanhamon15: checks 
Nico55KQ: checks 
*** RIVER *** [2h Jd 7s 4d] [3d]
Tutanhamon15: bets $0.23
Nico55KQ: calls $0.23
*** SHOW DOWN ***
Tutanhamon15: shows [Js Ah] (a pair of Jacks)
Nico55KQ: mucks hand 
Tutanhamon15 collected $0.90 from pot
*** SUMMARY ***
Total pot $0.93 | Rake $0.03 
Board [2h Jd 7s 4d 3d]
Seat 2: Matmes100 folded before Flop (didn't bet)
Seat 3: Tutanhamon15 showed [Js Ah] and won ($0.90) with a pair of Jacks
Seat 4: lotojas folded before Flop (didn't bet)
Seat 5: joekor00 folded on the Flop
Seat 6: Dorex2007 folded before Flop (didn't bet)
Seat 7: Nico55KQ (button) mucked [Kh 7h]
Seat 8: WG8978 (small blind) folded before Flop
Seat 9: Adam_W888 (big blind) folded before Flop



PokerStars Hand #227169242614:  Hold'em No Limit ($0.01/$0.02 USD) - 2021/05/29 13:15:17 PT [2021/05/29 16:15:17 ET]
Table 'Marceline III' 9-max Seat #8 is the button
Seat 1: SawaBeton ($2 in chips) 
Seat 2: Matmes100 ($2.38 in chips) 
Seat 3: Tutanhamon15 ($2.64 in chips) 
Seat 4: lotojas ($2.89 in chips) 
Seat 5: joekor00 ($6.37 in chips) 
Seat 6: Dorex2007 ($2.98 in chips) 
Seat 7: Nico55KQ ($3.27 in chips) 
Seat 8: WG8978 ($2 in chips) 
Seat 9: Adam_W888 ($1.96 in chips) 
Adam_W888: posts small blind $0.01
SawaBeton: posts big blind $0.02
*** HOLE CARDS ***
Dealt to Dorex2007 [Th Ah]
Matmes100: folds 
Tutanhamon15: raises $0.06 to $0.08
lotojas: folds 
joekor00: folds 
Dorex2007: folds 
Nico55KQ: folds 
WG8978: folds 
Adam_W888: folds 
SawaBeton: folds 
Uncalled bet ($0.06) returned to Tutanhamon15
Tutanhamon15 collected $0.05 from pot
Tutanhamon15: doesn't show hand 
*** SUMMARY ***
Total pot $0.05 | Rake $0 
Seat 1: SawaBeton (big blind) folded before Flop
Seat 2: Matmes100 folded before Flop (didn't bet)
Seat 3: Tutanhamon15 collected ($0.05)
Seat 4: lotojas folded before Flop (didn't bet)
Seat 5: joekor00 folded before Flop (didn't bet)
Seat 6: Dorex2007 folded before Flop (didn't bet)
Seat 7: Nico55KQ folded before Flop (didn't bet)
Seat 8: WG8978 (button) folded before Flop (didn't bet)
Seat 9: Adam_W888 (small blind) folded before Flop



PokerStars Hand #227169255906:  Hold'em No Limit ($0.01/$0.02 USD) - 2021/05/29 13:15:44 PT [2021/05/29 16:15:44 ET]
Table 'Marceline III' 9-max Seat #9 is the button
Seat 1: SawaBeton ($1.98 in chips) 
Seat 2: Matmes100 ($2.38 in chips) 
Seat 3: Tutanhamon15 ($2.67 in chips) 
Seat 4: lotojas ($2.89 in chips) 
Seat 5: joekor00 ($6.37 in chips) 
Seat 6: Dorex2007 ($2.98 in chips) 
Seat 7: Nico55KQ ($3.27 in chips) 
Seat 8: WG8978 ($2 in chips) 
Seat 9: Adam_W888 ($1.95 in chips) 
SawaBeton: posts small blind $0.01
Matmes100: posts big blind $0.02
*** HOLE CARDS ***
Dealt to Dorex2007 [Jd Th]
Tutanhamon15: folds 
lotojas: folds 
joekor00: folds 
Dorex2007: folds 
Nico55KQ: folds 
WG8978: folds 
Adam_W888: folds 
SawaBeton: folds 
Uncalled bet ($0.01) returned to Matmes100
Matmes100 collected $0.02 from pot
Matmes100: doesn't show hand 
*** SUMMARY ***
Total pot $0.02 | Rake $0 
Seat 1: SawaBeton (small blind) folded before Flop
Seat 2: Matmes100 (big blind) collected ($0.02)
Seat 3: Tutanhamon15 folded before Flop (didn't bet)
Seat 4: lotojas folded before Flop (didn't bet)
Seat 5: joekor00 folded before Flop (didn't bet)
Seat 6: Dorex2007 folded before Flop (didn't bet)
Seat 7: Nico55KQ folded before Flop (didn't bet)
Seat 8: WG8978 folded before Flop (didn't bet)
Seat 9: Adam_W888 (button) folded before Flop (didn't bet)



PokerStars Hand #227169267091:  Hold'em No Limit ($0.01/$0.02 USD) - 2021/05/29 13:16:08 PT [2021/05/29 16:16:08 ET]
Table 'Marceline III' 9-max Seat #1 is the button
Seat 1: SawaBeton ($1.97 in chips) 
Seat 2: Matmes100 ($2.39 in chips) 
Seat 3: Tutanhamon15 ($2.67 in chips) 
Seat 4: lotojas ($2.89 in chips) 
Seat 5: joekor00 ($6.37 in chips) 
Seat 6: Dorex2007 ($2.98 in chips) 
Seat 7: Nico55KQ ($3.27 in chips) 
Seat 8: WG8978 ($2 in chips) 
Seat 9: Adam_W888 ($1.95 in chips) 
Matmes100: posts small blind $0.01
Tutanhamon15: posts big blind $0.02
*** HOLE CARDS ***
Dealt to Dorex2007 [Jd 6d]
lotojas: folds 
joekor00: raises $0.04 to $0.06
Dorex2007: folds 
Nico55KQ: folds 
WG8978: folds 
Adam_W888: calls $0.06
SawaBeton: folds 
Matmes100: folds 
Tutanhamon15: calls $0.04
*** FLOP *** [Kh 3d 7s]
Tutanhamon15: checks 
joekor00: bets $0.09
Adam_W888: folds 
Tutanhamon15: folds 
Uncalled bet ($0.09) returned to joekor00
joekor00 collected $0.18 from pot
joekor00: doesn't show hand 
*** SUMMARY ***
Total pot $0.19 | Rake $0.01 
Board [Kh 3d 7s]
Seat 1: SawaBeton (button) folded before Flop (didn't bet)
Seat 2: Matmes100 (small blind) folded before Flop
Seat 3: Tutanhamon15 (big blind) folded on the Flop
Seat 4: lotojas folded before Flop (didn't bet)
Seat 5: joekor00 collected ($0.18)
Seat 6: Dorex2007 folded before Flop (didn't bet)
Seat 7: Nico55KQ folded before Flop (didn't bet)
Seat 8: WG8978 folded before Flop (didn't bet)
Seat 9: Adam_W888 folded on the Flop



PokerStars Hand #227169287757:  Hold'em No Limit ($0.01/$0.02 USD) - 2021/05/29 13:16:50 PT [2021/05/29 16:16:50 ET]
Table 'Marceline III' 9-max Seat #2 is the button
Seat 1: SawaBeton ($1.97 in chips) 
Seat 2: Matmes100 ($2.38 in chips) 
Seat 3: Tutanhamon15 ($2.61 in chips) 
Seat 4: lotojas ($2.89 in chips) 
Seat 5: joekor00 ($6.49 in chips) 
Seat 6: Dorex2007 ($2.98 in chips) 
Seat 7: Nico55KQ ($3.27 in chips) 
Seat 8: WG8978 ($2 in chips) 
Seat 9: Adam_W888 ($1.89 in chips) 
Tutanhamon15: posts small blind $0.01
lotojas: posts big blind $0.02
*** HOLE CARDS ***
Dealt to Dorex2007 [5d 8h]
joekor00: folds 
Dorex2007: folds 
Nico55KQ: folds 
WG8978: folds 
Adam_W888: folds 
SawaBeton: folds 
Matmes100: folds 
Tutanhamon15: folds 
Uncalled bet ($0.01) returned to lotojas
lotojas collected $0.02 from pot
lotojas: doesn't show hand 
*** SUMMARY ***
Total pot $0.02 | Rake $0 
Seat 1: SawaBeton folded before Flop (didn't bet)
Seat 2: Matmes100 (button) folded before Flop (didn't bet)
Seat 3: Tutanhamon15 (small blind) folded before Flop
Seat 4: lotojas (big blind) collected ($0.02)
Seat 5: joekor00 folded before Flop (didn't bet)
Seat 6: Dorex2007 folded before Flop (didn't bet)
Seat 7: Nico55KQ folded before Flop (didn't bet)
Seat 8: WG8978 folded before Flop (didn't bet)
Seat 9: Adam_W888 folded before Flop (didn't bet)



PokerStars Hand #227169296388:  Hold'em No Limit ($0.01/$0.02 USD) - 2021/05/29 13:17:08 PT [2021/05/29 16:17:08 ET]
Table 'Marceline III' 9-max Seat #3 is the button
Seat 1: SawaBeton ($1.97 in chips) 
Seat 2: Matmes100 ($2.38 in chips) 
Seat 3: Tutanhamon15 ($2.60 in chips) 
Seat 4: lotojas ($2.90 in chips) 
Seat 5: joekor00 ($6.49 in chips) 
Seat 6: Dorex2007 ($2.98 in chips) 
Seat 7: Nico55KQ ($3.27 in chips) 
Seat 8: WG8978 ($2 in chips) 
Seat 9: Adam_W888 ($1.89 in chips) 
lotojas: posts small blind $0.01
joekor00: posts big blind $0.02
*** HOLE CARDS ***
Dealt to Dorex2007 [9h Tc]
Dorex2007: folds 
Nico55KQ: calls $0.02
WG8978 has timed out
WG8978: folds 
Adam_W888: raises $0.04 to $0.06
SawaBeton: folds 
Matmes100: folds 
Tutanhamon15: folds 
lotojas: folds 
joekor00: calls $0.04
Nico55KQ: calls $0.04
*** FLOP *** [7h 5h Js]
joekor00: checks 
Nico55KQ: bets $0.06
Adam_W888: folds 
joekor00: calls $0.06
*** TURN *** [7h 5h Js] [6d]
joekor00: checks 
Nico55KQ: bets $0.12
joekor00: calls $0.12
*** RIVER *** [7h 5h Js 6d] [Qd]
joekor00: checks 
Nico55KQ: bets $0.27
joekor00: calls $0.27
*** SHOW DOWN ***
Nico55KQ: shows [8h 9s] (a straight, Five to Nine)
joekor00: mucks hand 
Nico55KQ collected $1.05 from pot
*** SUMMARY ***
Total pot $1.09 | Rake $0.04 
Board [7h 5h Js 6d Qd]
Seat 1: SawaBeton folded before Flop (didn't bet)
Seat 2: Matmes100 folded before Flop (didn't bet)
Seat 3: Tutanhamon15 (button) folded before Flop (didn't bet)
Seat 4: lotojas (small blind) folded before Flop
Seat 5: joekor00 (big blind) mucked [2c 2d]
Seat 6: Dorex2007 folded before Flop (didn't bet)
Seat 7: Nico55KQ showed [8h 9s] and won ($1.05) with a straight, Five to Nine
Seat 8: WG8978 folded before Flop (didn't bet)
Seat 9: Adam_W888 folded on the Flop



PokerStars Hand #227169347508:  Hold'em No Limit ($0.01/$0.02 USD) - 2021/05/29 13:18:46 PT [2021/05/29 16:18:46 ET]
Table 'Marceline III' 9-max Seat #4 is the button
Seat 1: SawaBeton ($1.97 in chips) 
Seat 2: Matmes100 ($2.38 in chips) 
Seat 3: Tutanhamon15 ($2.60 in chips) 
Seat 4: lotojas ($2.89 in chips) 
Seat 5: joekor00 ($5.98 in chips) 
Seat 6: Dorex2007 ($2.98 in chips) 
Seat 7: Nico55KQ ($3.81 in chips) 
Seat 8: WG8978 ($2 in chips) 
Seat 9: Adam_W888 ($1.83 in chips) 
joekor00: posts small blind $0.01
Dorex2007: posts big blind $0.02
*** HOLE CARDS ***
Dealt to Dorex2007 [5s 3d]
Nico55KQ: calls $0.02
WG8978: folds 
Adam_W888: folds 
SawaBeton: folds 
Matmes100: folds 
Tutanhamon15: folds 
lotojas: folds 
joekor00: folds 
Dorex2007: checks 
*** FLOP *** [8d 2h Ks]
Dorex2007: checks 
Nico55KQ: bets $0.02
Dorex2007: folds 
Uncalled bet ($0.02) returned to Nico55KQ
Nico55KQ collected $0.05 from pot
Nico55KQ: doesn't show hand 
*** SUMMARY ***
Total pot $0.05 | Rake $0 
Board [8d 2h Ks]
Seat 1: SawaBeton folded before Flop (didn't bet)
Seat 2: Matmes100 folded before Flop (didn't bet)
Seat 3: Tutanhamon15 folded before Flop (didn't bet)
Seat 4: lotojas (button) folded before Flop (didn't bet)
Seat 5: joekor00 (small blind) folded before Flop
Seat 6: Dorex2007 (big blind) folded on the Flop
Seat 7: Nico55KQ collected ($0.05)
Seat 8: WG8978 folded before Flop (didn't bet)
Seat 9: Adam_W888 folded before Flop (didn't bet)



PokerStars Hand #227169361381:  Hold'em No Limit ($0.01/$0.02 USD) - 2021/05/29 13:19:14 PT [2021/05/29 16:19:14 ET]
Table 'Marceline III' 9-max Seat #5 is the button
Seat 1: SawaBeton ($1.97 in chips) 
Seat 2: Matmes100 ($2.38 in chips) 
Seat 3: Tutanhamon15 ($2.60 in chips) 
Seat 4: lotojas ($2.89 in chips) 
Seat 5: joekor00 ($5.97 in chips) 
Seat 6: Dorex2007 ($2.96 in chips) 
Seat 7: Nico55KQ ($3.84 in chips) 
Seat 8: WG8978 ($2 in chips) 
Seat 9: Adam_W888 ($1.83 in chips) 
Dorex2007: posts small blind $0.01
Nico55KQ: posts big blind $0.02
*** HOLE CARDS ***
Dealt to Dorex2007 [Ad Jd]
WG8978: folds 
Adam_W888: folds 
SawaBeton: raises $0.04 to $0.06
Matmes100: folds 
Tutanhamon15: calls $0.06
lotojas: folds 
joekor00: calls $0.06
Dorex2007: calls $0.05
Nico55KQ: calls $0.04
*** FLOP *** [3h 6c 6d]
Dorex2007: checks 
Nico55KQ: checks 
SawaBeton: checks 
Tutanhamon15: checks 
joekor00: bets $0.15
Dorex2007: folds 
Nico55KQ: folds 
SawaBeton: folds 
Tutanhamon15: calls $0.15
*** TURN *** [3h 6c 6d] [Td]
Tutanhamon15: checks 
joekor00: checks 
*** RIVER *** [3h 6c 6d Td] [As]
Tutanhamon15: checks 
joekor00: checks 
*** SHOW DOWN ***
Tutanhamon15: shows [7d 7c] (two pair, Sevens and Sixes)
joekor00: mucks hand 
Tutanhamon15 collected $0.58 from pot
*** SUMMARY ***
Total pot $0.60 | Rake $0.02 
Board [3h 6c 6d Td As]
Seat 1: SawaBeton folded on the Flop
Seat 2: Matmes100 folded before Flop (didn't bet)
Seat 3: Tutanhamon15 showed [7d 7c] and won ($0.58) with two pair, Sevens and Sixes
Seat 4: lotojas folded before Flop (didn't bet)
Seat 5: joekor00 (button) mucked [4s 7s]
Seat 6: Dorex2007 (small blind) folded on the Flop
Seat 7: Nico55KQ (big blind) folded on the Flop
Seat 8: WG8978 folded before Flop (didn't bet)
Seat 9: Adam_W888 folded before Flop (didn't bet)



PokerStars Hand #227169398220:  Hold'em No Limit ($0.01/$0.02 USD) - 2021/05/29 13:20:31 PT [2021/05/29 16:20:31 ET]
Table 'Marceline III' 9-max Seat #6 is the button
Seat 1: SawaBeton ($1.91 in chips) 
Seat 2: Matmes100 ($2.38 in chips) 
Seat 3: Tutanhamon15 ($2.97 in chips) 
Seat 4: lotojas ($2.89 in chips) 
Seat 5: joekor00 ($5.76 in chips) 
Seat 6: Dorex2007 ($2.90 in chips) 
Seat 7: Nico55KQ ($3.78 in chips) 
Seat 8: WG8978 ($2 in chips) 
Seat 9: Adam_W888 ($1.83 in chips) 
Nico55KQ: posts small blind $0.01
WG8978: posts big blind $0.02
*** HOLE CARDS ***
Dealt to Dorex2007 [9s 4h]
Adam_W888: folds 
SawaBeton: folds 
Matmes100: folds 
Tutanhamon15: raises $0.06 to $0.08
lotojas: folds 
joekor00: calls $0.08
Dorex2007: folds 
Nico55KQ: calls $0.07
WG8978: folds 
*** FLOP *** [5s 5c 9d]
Nico55KQ: checks 
Tutanhamon15: bets $0.25
joekor00: folds 
Nico55KQ: folds 
Uncalled bet ($0.25) returned to Tutanhamon15
Tutanhamon15 collected $0.25 from pot
Tutanhamon15: doesn't show hand 
*** SUMMARY ***
Total pot $0.26 | Rake $0.01 
Board [5s 5c 9d]
Seat 1: SawaBeton folded before Flop (didn't bet)
Seat 2: Matmes100 folded before Flop (didn't bet)
Seat 3: Tutanhamon15 collected ($0.25)
Seat 4: lotojas folded before Flop (didn't bet)
Seat 5: joekor00 folded on the Flop
Seat 6: Dorex2007 (button) folded before Flop (didn't bet)
Seat 7: Nico55KQ (small blind) folded on the Flop
Seat 8: WG8978 (big blind) folded before Flop
Seat 9: Adam_W888 folded before Flop (didn't bet)



PokerStars Hand #227169416758:  Hold'em No Limit ($0.01/$0.02 USD) - 2021/05/29 13:21:09 PT [2021/05/29 16:21:09 ET]
Table 'Marceline III' 9-max Seat #7 is the button
Seat 1: SawaBeton ($2 in chips) 
Seat 2: Matmes100 ($2.38 in chips) 
Seat 3: Tutanhamon15 ($3.14 in chips) 
Seat 4: lotojas ($2.89 in chips) 
Seat 5: joekor00 ($5.68 in chips) 
Seat 6: Dorex2007 ($2.90 in chips) 
Seat 7: Nico55KQ ($3.70 in chips) 
Seat 8: WG8978 ($2 in chips) 
Seat 9: Adam_W888 ($1.83 in chips) 
WG8978: posts small blind $0.01
Adam_W888: posts big blind $0.02
*** HOLE CARDS ***
Dealt to Dorex2007 [Js 6c]
SawaBeton: raises $0.04 to $0.06
Matmes100: calls $0.06
Tutanhamon15: folds 
lotojas: folds 
joekor00: folds 
Dorex2007: folds 
Nico55KQ: calls $0.06
WG8978: folds 
Adam_W888: folds 
*** FLOP *** [3s 7s Th]
SawaBeton: checks 
Matmes100: checks 
Nico55KQ: bets $0.10
SawaBeton: folds 
Matmes100: folds 
Uncalled bet ($0.10) returned to Nico55KQ
Nico55KQ collected $0.20 from pot
Nico55KQ: doesn't show hand 
*** SUMMARY ***
Total pot $0.21 | Rake $0.01 
Board [3s 7s Th]
Seat 1: SawaBeton folded on the Flop
Seat 2: Matmes100 folded on the Flop
Seat 3: Tutanhamon15 folded before Flop (didn't bet)
Seat 4: lotojas folded before Flop (didn't bet)
Seat 5: joekor00 folded before Flop (didn't bet)
Seat 6: Dorex2007 folded before Flop (didn't bet)
Seat 7: Nico55KQ (button) collected ($0.20)
Seat 8: WG8978 (small blind) folded before Flop
Seat 9: Adam_W888 (big blind) folded before Flop



PokerStars Hand #227169436357:  Hold'em No Limit ($0.01/$0.02 USD) - 2021/05/29 13:21:49 PT [2021/05/29 16:21:49 ET]
Table 'Marceline III' 9-max Seat #8 is the button
Seat 1: SawaBeton ($1.94 in chips) 
Seat 2: Matmes100 ($2.32 in chips) 
Seat 3: Tutanhamon15 ($3.14 in chips) 
Seat 4: lotojas ($2.89 in chips) 
Seat 5: joekor00 ($5.68 in chips) 
Seat 6: Dorex2007 ($2.90 in chips) 
Seat 7: Nico55KQ ($3.84 in chips) 
Seat 8: WG8978 ($2 in chips) 
Seat 9: Adam_W888 ($1.81 in chips) 
Adam_W888: posts small blind $0.01
SawaBeton: posts big blind $0.02
*** HOLE CARDS ***
Dealt to Dorex2007 [7c Qc]
Matmes100: folds 
Tutanhamon15: folds 
lotojas: folds 
joekor00: raises $0.04 to $0.06
Dorex2007: folds 
Nico55KQ: calls $0.06
WG8978: folds 
Adam_W888: calls $0.05
SawaBeton: folds 
*** FLOP *** [Td 2h 6c]
Adam_W888: checks 
joekor00: bets $0.11
Nico55KQ: calls $0.11
Adam_W888: folds 
*** TURN *** [Td 2h 6c] [Kd]
Matmes100 is disconnected 
joekor00: bets $0.28
Nico55KQ: calls $0.28
*** RIVER *** [Td 2h 6c Kd] [5s]
joekor00: bets $0.48
Nico55KQ: folds 
Uncalled bet ($0.48) returned to joekor00
joekor00 collected $0.95 from pot
joekor00: doesn't show hand 
*** SUMMARY ***
Total pot $0.98 | Rake $0.03 
Board [Td 2h 6c Kd 5s]
Seat 1: SawaBeton (big blind) folded before Flop
Seat 2: Matmes100 folded before Flop (didn't bet)
Seat 3: Tutanhamon15 folded before Flop (didn't bet)
Seat 4: lotojas folded before Flop (didn't bet)
Seat 5: joekor00 collected ($0.95)
Seat 6: Dorex2007 folded before Flop (didn't bet)
Seat 7: Nico55KQ folded on the River
Seat 8: WG8978 (button) folded before Flop (didn't bet)
Seat 9: Adam_W888 (small blind) folded on the Flop



PokerStars Hand #227169468346:  Hold'em No Limit ($0.01/$0.02 USD) - 2021/05/29 13:22:54 PT [2021/05/29 16:22:54 ET]
Table 'Marceline III' 9-max Seat #9 is the button
Seat 1: SawaBeton ($1.92 in chips) 
Seat 2: Matmes100 ($2.32 in chips) 
Seat 3: Tutanhamon15 ($3.14 in chips) 
Seat 4: lotojas ($2.89 in chips) 
Seat 5: joekor00 ($6.18 in chips) 
Seat 6: Dorex2007 ($2.90 in chips) 
Seat 7: Nico55KQ ($3.39 in chips) 
Seat 8: WG8978 ($2 in chips) 
Seat 9: Adam_W888 ($1.75 in chips) 
SawaBeton: posts small blind $0.01
Matmes100 is connected 
Matmes100: posts big blind $0.02
*** HOLE CARDS ***
Dealt to Dorex2007 [Td 3d]
Tutanhamon15: folds 
lotojas: folds 
joekor00: raises $0.04 to $0.06
Dorex2007: folds 
Nico55KQ: folds 
WG8978: calls $0.06
Adam_W888: folds 
SawaBeton: folds 
Matmes100: folds 
*** FLOP *** [Kc 3c 7d]
joekor00: bets $0.09
WG8978: folds 
Uncalled bet ($0.09) returned to joekor00
joekor00 collected $0.14 from pot
joekor00: doesn't show hand 
*** SUMMARY ***
Total pot $0.15 | Rake $0.01 
Board [Kc 3c 7d]
Seat 1: SawaBeton (small blind) folded before Flop
Seat 2: Matmes100 (big blind) folded before Flop
Seat 3: Tutanhamon15 folded before Flop (didn't bet)
Seat 4: lotojas folded before Flop (didn't bet)
Seat 5: joekor00 collected ($0.14)
Seat 6: Dorex2007 folded before Flop (didn't bet)
Seat 7: Nico55KQ folded before Flop (didn't bet)
Seat 8: WG8978 folded on the Flop
Seat 9: Adam_W888 (button) folded before Flop (didn't bet)



PokerStars Hand #227169499680:  Hold'em No Limit ($0.01/$0.02 USD) - 2021/05/29 13:23:58 PT [2021/05/29 16:23:58 ET]
Table 'Marceline III' 9-max Seat #1 is the button
Seat 1: SawaBeton ($1.91 in chips) 
Seat 2: Matmes100 ($2.30 in chips) 
Seat 3: Tutanhamon15 ($3.14 in chips) 
Seat 4: lotojas ($2.89 in chips) 
Seat 5: joekor00 ($6.26 in chips) 
Seat 6: Dorex2007 ($2.90 in chips) 
Seat 7: Nico55KQ ($3.39 in chips) 
Seat 8: WG8978 ($2 in chips) 
Seat 9: Adam_W888 ($1.75 in chips) 
Matmes100: posts small blind $0.01
Tutanhamon15: posts big blind $0.02
*** HOLE CARDS ***
Dealt to Dorex2007 [Kd Kh]
lotojas: folds 
joekor00: folds 
Dorex2007: raises $0.04 to $0.06
Nico55KQ: calls $0.06
WG8978: folds 
Adam_W888: folds 
SawaBeton: raises $0.14 to $0.20
Matmes100: folds 
Tutanhamon15: folds 
Dorex2007: raises $2.70 to $2.90 and is all-in
Nico55KQ: folds 
SawaBeton: calls $1.71 and is all-in
Uncalled bet ($0.99) returned to Dorex2007
*** FLOP *** [7s Qh 3d]
*** TURN *** [7s Qh 3d] [Ts]
*** RIVER *** [7s Qh 3d Ts] [Td]
*** SHOW DOWN ***
Dorex2007: shows [Kd Kh] (two pair, Kings and Tens)
SawaBeton: shows [Qs Qd] (a full house, Queens full of Tens)
SawaBeton collected $3.77 from pot
Dorex2007 cashed out the hand for $3.06 | Cash Out Fee $0.03
*** SUMMARY ***
Total pot $3.91 | Rake $0.14 
Board [7s Qh 3d Ts Td]
Seat 1: SawaBeton (button) showed [Qs Qd] and won ($3.77) with a full house, Queens full of Tens
Seat 2: Matmes100 (small blind) folded before Flop
Seat 3: Tutanhamon15 (big blind) folded before Flop
Seat 4: lotojas folded before Flop (didn't bet)
Seat 5: joekor00 folded before Flop (didn't bet)
Seat 6: Dorex2007 showed [Kd Kh] and lost with two pair, Kings and Tens (cashed out).
Seat 7: Nico55KQ folded before Flop
Seat 8: WG8978 folded before Flop (didn't bet)
Seat 9: Adam_W888 folded before Flop (didn't bet)



PokerStars Hand #227169550155:  Hold'em No Limit ($0.01/$0.02 USD) - 2021/05/29 13:25:41 PT [2021/05/29 16:25:41 ET]
Table 'Marceline III' 9-max Seat #2 is the button
Seat 1: SawaBeton ($3.77 in chips) 
Seat 2: Matmes100 ($2.29 in chips) 
Seat 3: Tutanhamon15 ($3.12 in chips) 
Seat 4: lotojas ($2.89 in chips) 
Seat 5: joekor00 ($6.26 in chips) 
Seat 6: Dorex2007 ($4.05 in chips) 
Seat 7: Nico55KQ ($3.33 in chips) 
Seat 8: WG8978 ($2 in chips) 
Seat 9: Adam_W888 ($1.75 in chips) 
Tutanhamon15: posts small blind $0.01
lotojas: posts big blind $0.02
*** HOLE CARDS ***
Dealt to Dorex2007 [9c 4h]
joekor00: folds 
Dorex2007: folds 
Nico55KQ: folds 
WG8978: folds 
Adam_W888: folds 
SawaBeton: folds 
Matmes100: folds 
Tutanhamon15: folds 
Uncalled bet ($0.01) returned to lotojas
lotojas collected $0.02 from pot
lotojas: doesn't show hand 
*** SUMMARY ***
Total pot $0.02 | Rake $0 
Seat 1: SawaBeton folded before Flop (didn't bet)
Seat 2: Matmes100 (button) folded before Flop (didn't bet)
Seat 3: Tutanhamon15 (small blind) folded before Flop
Seat 4: lotojas (big blind) collected ($0.02)
Seat 5: joekor00 folded before Flop (didn't bet)
Seat 6: Dorex2007 folded before Flop (didn't bet)
Seat 7: Nico55KQ folded before Flop (didn't bet)
Seat 8: WG8978 folded before Flop (didn't bet)
Seat 9: Adam_W888 folded before Flop (didn't bet)



PokerStars Hand #227169559777:  Hold'em No Limit ($0.01/$0.02 USD) - 2021/05/29 13:26:01 PT [2021/05/29 16:26:01 ET]
Table 'Marceline III' 9-max Seat #3 is the button
Seat 1: SawaBeton ($3.77 in chips) 
Seat 2: Matmes100 ($2.29 in chips) 
Seat 3: Tutanhamon15 ($3.11 in chips) 
Seat 4: lotojas ($2.90 in chips) 
Seat 5: joekor00 ($6.26 in chips) 
Seat 6: Dorex2007 ($4.05 in chips) 
Seat 7: Nico55KQ ($3.33 in chips) 
Seat 8: WG8978 ($2 in chips) 
Seat 9: Adam_W888 ($1.75 in chips) 
lotojas: posts small blind $0.01
joekor00: posts big blind $0.02
*** HOLE CARDS ***
Dealt to Dorex2007 [5c Tc]
Dorex2007: folds 
Nico55KQ: folds 
WG8978: raises $0.04 to $0.06
Adam_W888: folds 
SawaBeton: folds 
Matmes100: folds 
Tutanhamon15: folds 
lotojas: folds 
joekor00: calls $0.04
*** FLOP *** [2h 3s 2d]
joekor00: checks 
WG8978: bets $0.07
joekor00: calls $0.07
*** TURN *** [2h 3s 2d] [Ad]
joekor00: checks 
WG8978: bets $0.13
joekor00: folds 
Uncalled bet ($0.13) returned to WG8978
WG8978 collected $0.26 from pot
WG8978: doesn't show hand 
*** SUMMARY ***
Total pot $0.27 | Rake $0.01 
Board [2h 3s 2d Ad]
Seat 1: SawaBeton folded before Flop (didn't bet)
Seat 2: Matmes100 folded before Flop (didn't bet)
Seat 3: Tutanhamon15 (button) folded before Flop (didn't bet)
Seat 4: lotojas (small blind) folded before Flop
Seat 5: joekor00 (big blind) folded on the Turn
Seat 6: Dorex2007 folded before Flop (didn't bet)
Seat 7: Nico55KQ folded before Flop (didn't bet)
Seat 8: WG8978 collected ($0.26)
Seat 9: Adam_W888 folded before Flop (didn't bet)



PokerStars Hand #227169598413:  Hold'em No Limit ($0.01/$0.02 USD) - 2021/05/29 13:27:08 PT [2021/05/29 16:27:08 ET]
Table 'Marceline III' 9-max Seat #4 is the button
Seat 1: SawaBeton ($3.77 in chips) 
Seat 2: Matmes100 ($2.29 in chips) 
Seat 3: Tutanhamon15 ($3.11 in chips) 
Seat 4: lotojas ($2.89 in chips) 
Seat 5: joekor00 ($6.13 in chips) 
Seat 6: Dorex2007 ($4.05 in chips) 
Seat 7: Nico55KQ ($3.33 in chips) 
Seat 8: WG8978 ($2.13 in chips) 
Seat 9: Adam_W888 ($1.75 in chips) 
joekor00: posts small blind $0.01
Dorex2007: posts big blind $0.02
*** HOLE CARDS ***
Dealt to Dorex2007 [9c 5d]
Nico55KQ: calls $0.02
WG8978: folds 
Adam_W888: raises $0.04 to $0.06
SawaBeton: folds 
Matmes100: folds 
Tutanhamon15: folds 
lotojas: folds 
joekor00: folds 
Dorex2007: folds 
Nico55KQ: calls $0.04
*** FLOP *** [7d Ks 8c]
Nico55KQ: checks 
Adam_W888: checks 
*** TURN *** [7d Ks 8c] [6d]
Nico55KQ: bets $0.06
Adam_W888: calls $0.06
*** RIVER *** [7d Ks 8c 6d] [Jc]
Nico55KQ: checks 
Adam_W888: bets $0.13
Nico55KQ: folds 
Uncalled bet ($0.13) returned to Adam_W888
Adam_W888 collected $0.26 from pot
Adam_W888: doesn't show hand 
*** SUMMARY ***
Total pot $0.27 | Rake $0.01 
Board [7d Ks 8c 6d Jc]
Seat 1: SawaBeton folded before Flop (didn't bet)
Seat 2: Matmes100 folded before Flop (didn't bet)
Seat 3: Tutanhamon15 folded before Flop (didn't bet)
Seat 4: lotojas (button) folded before Flop (didn't bet)
Seat 5: joekor00 (small blind) folded before Flop
Seat 6: Dorex2007 (big blind) folded before Flop
Seat 7: Nico55KQ folded on the River
Seat 8: WG8978 folded before Flop (didn't bet)
Seat 9: Adam_W888 collected ($0.26)



PokerStars Hand #227169632263:  Hold'em No Limit ($0.01/$0.02 USD) - 2021/05/29 13:28:14 PT [2021/05/29 16:28:14 ET]
Table 'Marceline III' 9-max Seat #5 is the button
Seat 1: SawaBeton ($3.77 in chips) 
Seat 2: Matmes100 ($2.29 in chips) 
Seat 3: Tutanhamon15 ($3.11 in chips) 
Seat 4: lotojas ($2.89 in chips) 
Seat 5: joekor00 ($6.12 in chips) 
Seat 6: Dorex2007 ($4.03 in chips) 
Seat 7: Nico55KQ ($3.21 in chips) 
Seat 8: WG8978 ($2.13 in chips) 
Seat 9: Adam_W888 ($1.89 in chips) 
Dorex2007: posts small blind $0.01
Nico55KQ: posts big blind $0.02
*** HOLE CARDS ***
Dealt to Dorex2007 [4h 5d]
WG8978 has timed out
WG8978: folds 
Adam_W888: folds 
SawaBeton: folds 
Matmes100: folds 
Tutanhamon15: folds 
lotojas: calls $0.02
joekor00: folds 
Dorex2007: folds 
Nico55KQ: checks 
*** FLOP *** [7d 3s 5c]
Nico55KQ: bets $0.02
lotojas: folds 
Uncalled bet ($0.02) returned to Nico55KQ
Nico55KQ collected $0.05 from pot
Nico55KQ: doesn't show hand 
*** SUMMARY ***
Total pot $0.05 | Rake $0 
Board [7d 3s 5c]
Seat 1: SawaBeton folded before Flop (didn't bet)
Seat 2: Matmes100 folded before Flop (didn't bet)
Seat 3: Tutanhamon15 folded before Flop (didn't bet)
Seat 4: lotojas folded on the Flop
Seat 5: joekor00 (button) folded before Flop (didn't bet)
Seat 6: Dorex2007 (small blind) folded before Flop
Seat 7: Nico55KQ (big blind) collected ($0.05)
Seat 8: WG8978 folded before Flop (didn't bet)
Seat 9: Adam_W888 folded before Flop (didn't bet)



PokerStars Hand #227169650800:  Hold'em No Limit ($0.01/$0.02 USD) - 2021/05/29 13:28:54 PT [2021/05/29 16:28:54 ET]
Table 'Marceline III' 9-max Seat #6 is the button
Seat 1: SawaBeton ($3.77 in chips) 
Seat 2: Matmes100 ($2.29 in chips) 
Seat 3: Tutanhamon15 ($3.11 in chips) 
Seat 4: lotojas ($2.87 in chips) 
Seat 5: joekor00 ($6.12 in chips) 
Seat 6: Dorex2007 ($4.02 in chips) 
Seat 7: Nico55KQ ($3.24 in chips) 
Seat 9: Adam_W888 ($1.89 in chips) 
Nico55KQ: posts small blind $0.01
Adam_W888: posts big blind $0.02
*** HOLE CARDS ***
Dealt to Dorex2007 [8h 9s]
SawaBeton: folds 
Matmes100: folds 
Tutanhamon15: folds 
lotojas: raises $0.06 to $0.08
joekor00: calls $0.08
Dorex2007: folds 
Nico55KQ: calls $0.07
Adam_W888: folds 
*** FLOP *** [5c 7d Ts]
Nico55KQ: bets $0.08
lotojas: calls $0.08
joekor00: calls $0.08
*** TURN *** [5c 7d Ts] [8s]
Nico55KQ: bets $0.24
lotojas: folds 
joekor00: folds 
Uncalled bet ($0.24) returned to Nico55KQ
Nico55KQ collected $0.48 from pot
Nico55KQ: doesn't show hand 
*** SUMMARY ***
Total pot $0.50 | Rake $0.02 
Board [5c 7d Ts 8s]
Seat 1: SawaBeton folded before Flop (didn't bet)
Seat 2: Matmes100 folded before Flop (didn't bet)
Seat 3: Tutanhamon15 folded before Flop (didn't bet)
Seat 4: lotojas folded on the Turn
Seat 5: joekor00 folded on the Turn
Seat 6: Dorex2007 (button) folded before Flop (didn't bet)
Seat 7: Nico55KQ (small blind) collected ($0.48)
Seat 9: Adam_W888 (big blind) folded before Flop



PokerStars Hand #227169677535:  Hold'em No Limit ($0.01/$0.02 USD) - 2021/05/29 13:29:50 PT [2021/05/29 16:29:50 ET]
Table 'Marceline III' 9-max Seat #7 is the button
Seat 1: SawaBeton ($3.77 in chips) 
Seat 2: Matmes100 ($2.29 in chips) 
Seat 3: Tutanhamon15 ($3.11 in chips) 
Seat 4: lotojas ($2.71 in chips) 
Seat 5: joekor00 ($5.96 in chips) 
Seat 6: Dorex2007 ($4.02 in chips) 
Seat 7: Nico55KQ ($3.56 in chips) 
Seat 9: Adam_W888 ($1.87 in chips) 
Adam_W888: posts small blind $0.01
SawaBeton: posts big blind $0.02
*** HOLE CARDS ***
Dealt to Dorex2007 [3d 5h]
Matmes100: folds 
Tutanhamon15: calls $0.02
lotojas: folds 
joekor00: raises $0.07 to $0.09
Dorex2007: folds 
Nico55KQ: folds 
Adam_W888: folds 
SawaBeton: folds 
Tutanhamon15: calls $0.07
*** FLOP *** [5c Ks 6s]
Tutanhamon15: checks 
joekor00: bets $0.13
Tutanhamon15: calls $0.13
*** TURN *** [5c Ks 6s] [Js]
Tutanhamon15: checks 
joekor00: checks 
*** RIVER *** [5c Ks 6s Js] [2c]
Tutanhamon15: bets $2.89 and is all-in
joekor00: folds 
Uncalled bet ($2.89) returned to Tutanhamon15
Tutanhamon15 collected $0.45 from pot
Tutanhamon15: doesn't show hand 
*** SUMMARY ***
Total pot $0.47 | Rake $0.02 
Board [5c Ks 6s Js 2c]
Seat 1: SawaBeton (big blind) folded before Flop
Seat 2: Matmes100 folded before Flop (didn't bet)
Seat 3: Tutanhamon15 collected ($0.45)
Seat 4: lotojas folded before Flop (didn't bet)
Seat 5: joekor00 folded on the River
Seat 6: Dorex2007 folded before Flop (didn't bet)
Seat 7: Nico55KQ (button) folded before Flop (didn't bet)
Seat 9: Adam_W888 (small blind) folded before Flop



PokerStars Hand #227169706223:  Hold'em No Limit ($0.01/$0.02 USD) - 2021/05/29 13:30:50 PT [2021/05/29 16:30:50 ET]
Table 'Marceline III' 9-max Seat #9 is the button
Seat 1: SawaBeton ($3.75 in chips) 
Seat 3: Tutanhamon15 ($3.34 in chips) 
Seat 4: lotojas ($2.71 in chips) 
Seat 5: joekor00 ($5.74 in chips) 
Seat 6: Dorex2007 ($4.02 in chips) 
Seat 7: Nico55KQ ($3.56 in chips) 
Seat 9: Adam_W888 ($1.86 in chips) 
SawaBeton: posts small blind $0.01
Matmes100: is sitting out 
Tutanhamon15: posts big blind $0.02
Matmes100 leaves the table
WG8978: sits out 
*** HOLE CARDS ***
Dealt to Dorex2007 [9h Jh]
lotojas: calls $0.02
joekor00: calls $0.02
Dorex2007: calls $0.02
Nico55KQ: folds 
Adam_W888: folds 
SawaBeton: calls $0.01
Tutanhamon15: checks 
*** FLOP *** [3h 6c Jd]
SawaBeton: checks 
Tutanhamon15: checks 
Johnson141 joins the table at seat #2 
lotojas: checks 
joekor00: checks 
Dorex2007: bets $0.10
SawaBeton: folds 
Tutanhamon15: folds 
lotojas: folds 
joekor00: calls $0.10
*** TURN *** [3h 6c Jd] [4s]
joekor00: bets $0.20
Dorex2007: folds 
Uncalled bet ($0.20) returned to joekor00
joekor00 collected $0.29 from pot
joekor00: doesn't show hand 
*** SUMMARY ***
Total pot $0.30 | Rake $0.01 
Board [3h 6c Jd 4s]
Seat 1: SawaBeton (small blind) folded on the Flop
Seat 3: Tutanhamon15 (big blind) folded on the Flop
Seat 4: lotojas folded on the Flop
Seat 5: joekor00 collected ($0.29)
Seat 6: Dorex2007 folded on the Turn
Seat 7: Nico55KQ folded before Flop (didn't bet)
Seat 9: Adam_W888 (button) folded before Flop (didn't bet)



PokerStars Hand #227169754723:  Hold'em No Limit ($0.01/$0.02 USD) - 2021/05/29 13:32:32 PT [2021/05/29 16:32:32 ET]
Table 'Marceline III' 9-max Seat #1 is the button
Seat 1: SawaBeton ($3.73 in chips) 
Seat 3: Tutanhamon15 ($3.32 in chips) 
Seat 4: lotojas ($2.69 in chips) 
Seat 5: joekor00 ($5.91 in chips) 
Seat 6: Dorex2007 ($3.90 in chips) 
Seat 7: Nico55KQ ($3.56 in chips) 
Seat 9: Adam_W888 ($1.86 in chips) 
Tutanhamon15: posts small blind $0.01
lotojas: posts big blind $0.02
WG8978: sits out 
*** HOLE CARDS ***
Dealt to Dorex2007 [2s Qd]
joekor00: folds 
Dorex2007: folds 
Nico55KQ: calls $0.02
Adam_W888: folds 
SawaBeton: folds 
Tutanhamon15: calls $0.01
lotojas: checks 
*** FLOP *** [2d 7d Ks]
Tutanhamon15: checks 
lotojas: checks 
Nico55KQ: checks 
*** TURN *** [2d 7d Ks] [2h]
Tutanhamon15: checks 
lotojas: checks 
Nico55KQ: checks 
*** RIVER *** [2d 7d Ks 2h] [2c]
Tutanhamon15: checks 
lotojas: checks 
Nico55KQ: checks 
*** SHOW DOWN ***
Tutanhamon15: shows [Td Qs] (three of a kind, Deuces)
lotojas: mucks hand 
Nico55KQ: shows [Qc 3c] (three of a kind, Deuces)
Tutanhamon15 collected $0.03 from pot
Nico55KQ collected $0.03 from pot
*** SUMMARY ***
Total pot $0.06 | Rake $0 
Board [2d 7d Ks 2h 2c]
Seat 1: SawaBeton (button) folded before Flop (didn't bet)
Seat 3: Tutanhamon15 (small blind) showed [Td Qs] and won ($0.03) with three of a kind, Deuces
Seat 4: lotojas (big blind) mucked [8h Th]
Seat 5: joekor00 folded before Flop (didn't bet)
Seat 6: Dorex2007 folded before Flop (didn't bet)
Seat 7: Nico55KQ showed [Qc 3c] and won ($0.03) with three of a kind, Deuces
Seat 9: Adam_W888 folded before Flop (didn't bet)



PokerStars Hand #227169776445:  Hold'em No Limit ($0.01/$0.02 USD) - 2021/05/29 13:33:19 PT [2021/05/29 16:33:19 ET]
Table 'Marceline III' 9-max Seat #3 is the button
Seat 1: SawaBeton ($3.73 in chips) 
Seat 3: Tutanhamon15 ($3.33 in chips) 
Seat 4: lotojas ($2.67 in chips) 
Seat 5: joekor00 ($5.91 in chips) 
Seat 6: Dorex2007 ($3.90 in chips) 
Seat 7: Nico55KQ ($3.57 in chips) 
Seat 9: Adam_W888 ($1.86 in chips) 
lotojas: posts small blind $0.01
joekor00: posts big blind $0.02
WG8978: sits out 
Johnson141: sits out 
*** HOLE CARDS ***
Dealt to Dorex2007 [2c 8c]
Dorex2007: folds 
Nico55KQ: folds 
Adam_W888: folds 
SawaBeton: folds 
Tutanhamon15: folds 
lotojas: raises $0.02 to $0.04
joekor00: calls $0.02
*** FLOP *** [3d 9c 3c]
lotojas: bets $0.04
joekor00: calls $0.04
*** TURN *** [3d 9c 3c] [Qh]
lotojas: checks 
joekor00: bets $0.10
lotojas: folds 
Uncalled bet ($0.10) returned to joekor00
joekor00 collected $0.15 from pot
joekor00: doesn't show hand 
*** SUMMARY ***
Total pot $0.16 | Rake $0.01 
Board [3d 9c 3c Qh]
Seat 1: SawaBeton folded before Flop (didn't bet)
Seat 3: Tutanhamon15 (button) folded before Flop (didn't bet)
Seat 4: lotojas (small blind) folded on the Turn
Seat 5: joekor00 (big blind) collected ($0.15)
Seat 6: Dorex2007 folded before Flop (didn't bet)
Seat 7: Nico55KQ folded before Flop (didn't bet)
Seat 9: Adam_W888 folded before Flop (didn't bet)



PokerStars Hand #227169797808:  Hold'em No Limit ($0.01/$0.02 USD) - 2021/05/29 13:34:04 PT [2021/05/29 16:34:04 ET]
Table 'Marceline III' 9-max Seat #4 is the button
Seat 1: SawaBeton ($3.73 in chips) 
Seat 3: Tutanhamon15 ($3.33 in chips) 
Seat 4: lotojas ($2.59 in chips) 
Seat 5: joekor00 ($5.98 in chips) 
Seat 6: Dorex2007 ($3.90 in chips) 
Seat 7: Nico55KQ ($3.57 in chips) 
Seat 9: Adam_W888 ($1.86 in chips) 
joekor00: posts small blind $0.01
Dorex2007: posts big blind $0.02
WG8978: sits out 
Johnson141: sits out 
*** HOLE CARDS ***
Dealt to Dorex2007 [Kh As]
Nico55KQ: folds 
Adam_W888: folds 
SawaBeton: folds 
Tutanhamon15: raises $0.06 to $0.08
lotojas: folds 
joekor00: folds 
Dorex2007: calls $0.06
*** FLOP *** [6c 7h 8s]
Dorex2007: checks 
Tutanhamon15: bets $0.08
Dorex2007: calls $0.08
*** TURN *** [6c 7h 8s] [4h]
Dorex2007: bets $0.21
Tutanhamon15: folds 
Uncalled bet ($0.21) returned to Dorex2007
Dorex2007 collected $0.32 from pot
Dorex2007: doesn't show hand 
*** SUMMARY ***
Total pot $0.33 | Rake $0.01 
Board [6c 7h 8s 4h]
Seat 1: SawaBeton folded before Flop (didn't bet)
Seat 3: Tutanhamon15 folded on the Turn
Seat 4: lotojas (button) folded before Flop (didn't bet)
Seat 5: joekor00 (small blind) folded before Flop
Seat 6: Dorex2007 (big blind) collected ($0.32)
Seat 7: Nico55KQ folded before Flop (didn't bet)
Seat 9: Adam_W888 folded before Flop (didn't bet)



PokerStars Hand #227169825106:  Hold'em No Limit ($0.01/$0.02 USD) - 2021/05/29 13:34:45 PT [2021/05/29 16:34:45 ET]
Table 'Marceline III' 9-max Seat #5 is the button
Seat 1: SawaBeton ($3.73 in chips) 
Seat 3: Tutanhamon15 ($3.17 in chips) 
Seat 4: lotojas ($2.59 in chips) 
Seat 5: joekor00 ($5.97 in chips) 
Seat 6: Dorex2007 ($4.06 in chips) 
Seat 7: Nico55KQ ($3.57 in chips) 
Seat 9: Adam_W888 ($1.86 in chips) 
Dorex2007: posts small blind $0.01
Nico55KQ: posts big blind $0.02
WG8978: sits out 
Johnson141: sits out 
*** HOLE CARDS ***
Dealt to Dorex2007 [Ac 8d]
Adam_W888: folds 
SawaBeton: folds 
Tutanhamon15: folds 
lotojas: folds 
joekor00: folds 
Dorex2007: calls $0.01
Nico55KQ: raises $0.06 to $0.08
Dorex2007: calls $0.06
*** FLOP *** [Qd 2c 9s]
Dorex2007: bets $0.08
Nico55KQ: calls $0.08
*** TURN *** [Qd 2c 9s] [5h]
Dorex2007: bets $0.16
Nico55KQ: calls $0.16
*** RIVER *** [Qd 2c 9s 5h] [7h]
Dorex2007: bets $0.62
Nico55KQ: folds 
Uncalled bet ($0.62) returned to Dorex2007
Dorex2007 collected $0.62 from pot
Dorex2007: doesn't show hand 
*** SUMMARY ***
Total pot $0.64 | Rake $0.02 
Board [Qd 2c 9s 5h 7h]
Seat 1: SawaBeton folded before Flop (didn't bet)
Seat 3: Tutanhamon15 folded before Flop (didn't bet)
Seat 4: lotojas folded before Flop (didn't bet)
Seat 5: joekor00 (button) folded before Flop (didn't bet)
Seat 6: Dorex2007 (small blind) collected ($0.62)
Seat 7: Nico55KQ (big blind) folded on the River
Seat 9: Adam_W888 folded before Flop (didn't bet)



PokerStars Hand #227169839634:  Hold'em No Limit ($0.01/$0.02 USD) - 2021/05/29 13:35:16 PT [2021/05/29 16:35:16 ET]
Table 'Marceline III' 9-max Seat #6 is the button
Seat 1: SawaBeton ($3.73 in chips) 
Seat 3: Tutanhamon15 ($3.17 in chips) 
Seat 4: lotojas ($2.59 in chips) 
Seat 5: joekor00 ($5.97 in chips) 
Seat 6: Dorex2007 ($4.36 in chips) 
Seat 7: Nico55KQ ($3.25 in chips) 
Seat 8: WG8978 ($2.13 in chips) 
Seat 9: Adam_W888 ($1.86 in chips) 
Nico55KQ: posts small blind $0.01
WG8978: posts big blind $0.02
Johnson141: sits out 
*** HOLE CARDS ***
Dealt to Dorex2007 [Td 9d]
Adam_W888: folds 
SawaBeton: folds 
Tutanhamon15: folds 
lotojas: folds 
joekor00: raises $0.04 to $0.06
Dorex2007: folds 
Nico55KQ: calls $0.05
WG8978: folds 
*** FLOP *** [7c 3h Ac]
Nico55KQ: checks 
joekor00: bets $0.10
Nico55KQ: raises $0.10 to $0.20
joekor00: raises $0.27 to $0.47
Nico55KQ: folds 
Uncalled bet ($0.27) returned to joekor00
joekor00 collected $0.52 from pot
joekor00: doesn't show hand 
*** SUMMARY ***
Total pot $0.54 | Rake $0.02 
Board [7c 3h Ac]
Seat 1: SawaBeton folded before Flop (didn't bet)
Seat 3: Tutanhamon15 folded before Flop (didn't bet)
Seat 4: lotojas folded before Flop (didn't bet)
Seat 5: joekor00 collected ($0.52)
Seat 6: Dorex2007 (button) folded before Flop (didn't bet)
Seat 7: Nico55KQ (small blind) folded on the Flop
Seat 8: WG8978 (big blind) folded before Flop
Seat 9: Adam_W888 folded before Flop (didn't bet)



PokerStars Hand #227169868806:  Hold'em No Limit ($0.01/$0.02 USD) - 2021/05/29 13:36:18 PT [2021/05/29 16:36:18 ET]
Table 'Marceline III' 9-max Seat #7 is the button
Seat 1: SawaBeton ($3.73 in chips) 
Seat 3: Tutanhamon15 ($3.17 in chips) 
Seat 4: lotojas ($2.59 in chips) 
Seat 5: joekor00 ($6.23 in chips) 
Seat 6: Dorex2007 ($4.36 in chips) 
Seat 7: Nico55KQ ($2.99 in chips) 
Seat 9: Adam_W888 ($1.86 in chips) 
Adam_W888: posts small blind $0.01
SawaBeton: posts big blind $0.02
Johnson141: sits out 
*** HOLE CARDS ***
Dealt to Dorex2007 [9d Jh]
Tutanhamon15: folds 
lotojas: folds 
joekor00: raises $0.04 to $0.06
Dorex2007: folds 
Nico55KQ: calls $0.06
Adam_W888: calls $0.05
SawaBeton: folds 
*** FLOP *** [7d 2s Jd]
Adam_W888: checks 
joekor00: bets $0.14
Nico55KQ: calls $0.14
Adam_W888: folds 
*** TURN *** [7d 2s Jd] [8h]
joekor00: bets $0.32
Nico55KQ: calls $0.32
*** RIVER *** [7d 2s Jd 8h] [6s]
joekor00: bets $0.79
Nico55KQ: calls $0.79
*** SHOW DOWN ***
joekor00: shows [Kd Jc] (a pair of Jacks)
Nico55KQ: mucks hand 
joekor00 collected $2.61 from pot
*** SUMMARY ***
Total pot $2.70 | Rake $0.09 
Board [7d 2s Jd 8h 6s]
Seat 1: SawaBeton (big blind) folded before Flop
Seat 3: Tutanhamon15 folded before Flop (didn't bet)
Seat 4: lotojas folded before Flop (didn't bet)
Seat 5: joekor00 showed [Kd Jc] and won ($2.61) with a pair of Jacks
Seat 6: Dorex2007 folded before Flop (didn't bet)
Seat 7: Nico55KQ (button) mucked [7c Kc]
Seat 9: Adam_W888 (small blind) folded on the Flop



PokerStars Hand #227169894786:  Hold'em No Limit ($0.01/$0.02 USD) - 2021/05/29 13:37:15 PT [2021/05/29 16:37:15 ET]
Table 'Marceline III' 9-max Seat #9 is the button
Seat 1: SawaBeton ($3.71 in chips) 
Seat 2: Johnson141 ($0.80 in chips) 
Seat 3: Tutanhamon15 ($3.17 in chips) 
Seat 4: lotojas ($2.59 in chips) 
Seat 5: joekor00 ($7.53 in chips) 
Seat 6: Dorex2007 ($4.36 in chips) 
Seat 7: Nico55KQ ($1.68 in chips) 
Seat 9: Adam_W888 ($1.80 in chips) 
SawaBeton: posts small blind $0.01
Johnson141: posts big blind $0.02
*** HOLE CARDS ***
Dealt to Dorex2007 [Jh As]
Tutanhamon15: folds 
lotojas: folds 
joekor00: raises $0.04 to $0.06
Dorex2007: folds 
Nico55KQ: folds 
Adam_W888: folds 
SawaBeton: folds 
Johnson141: folds 
Uncalled bet ($0.04) returned to joekor00
joekor00 collected $0.05 from pot
joekor00: doesn't show hand 
*** SUMMARY ***
Total pot $0.05 | Rake $0 
Seat 1: SawaBeton (small blind) folded before Flop
Seat 2: Johnson141 (big blind) folded before Flop
Seat 3: Tutanhamon15 folded before Flop (didn't bet)
Seat 4: lotojas folded before Flop (didn't bet)
Seat 5: joekor00 collected ($0.05)
Seat 6: Dorex2007 folded before Flop (didn't bet)
Seat 7: Nico55KQ folded before Flop (didn't bet)
Seat 9: Adam_W888 (button) folded before Flop (didn't bet)



PokerStars Hand #227169904122:  Hold'em No Limit ($0.01/$0.02 USD) - 2021/05/29 13:37:35 PT [2021/05/29 16:37:35 ET]
Table 'Marceline III' 9-max Seat #1 is the button
Seat 1: SawaBeton ($3.70 in chips) 
Seat 2: Johnson141 ($0.78 in chips) 
Seat 3: Tutanhamon15 ($3.17 in chips) 
Seat 4: lotojas ($2.59 in chips) 
Seat 5: joekor00 ($7.56 in chips) 
Seat 6: Dorex2007 ($4.36 in chips) 
Seat 7: Nico55KQ ($1.68 in chips) 
Seat 9: Adam_W888 ($1.80 in chips) 
Johnson141: posts small blind $0.01
Tutanhamon15: posts big blind $0.02
*** HOLE CARDS ***
Dealt to Dorex2007 [6h 6d]
lotojas: raises $0.02 to $0.04
joekor00: calls $0.04
Dorex2007: calls $0.04
Nico55KQ: folds 
WG8978 leaves the table
Adam_W888: folds 
SawaBeton: folds 
Com. Suarez joins the table at seat #8 
Johnson141: calls $0.03
Tutanhamon15: calls $0.02
*** FLOP *** [4d Jd 4h]
Johnson141: checks 
Tutanhamon15: checks 
lotojas: checks 
joekor00: bets $0.12
Dorex2007: folds 
Johnson141: folds 
Tutanhamon15: folds 
lotojas: folds 
Uncalled bet ($0.12) returned to joekor00
joekor00 collected $0.19 from pot
joekor00: doesn't show hand 
*** SUMMARY ***
Total pot $0.20 | Rake $0.01 
Board [4d Jd 4h]
Seat 1: SawaBeton (button) folded before Flop (didn't bet)
Seat 2: Johnson141 (small blind) folded on the Flop
Seat 3: Tutanhamon15 (big blind) folded on the Flop
Seat 4: lotojas folded on the Flop
Seat 5: joekor00 collected ($0.19)
Seat 6: Dorex2007 folded on the Flop
Seat 7: Nico55KQ folded before Flop (didn't bet)
Seat 9: Adam_W888 folded before Flop (didn't bet)



PokerStars Hand #227169937583:  Hold'em No Limit ($0.01/$0.02 USD) - 2021/05/29 13:38:48 PT [2021/05/29 16:38:48 ET]
Table 'Marceline III' 9-max Seat #2 is the button
Seat 1: SawaBeton ($3.70 in chips) 
Seat 2: Johnson141 ($0.74 in chips) 
Seat 3: Tutanhamon15 ($3.13 in chips) 
Seat 4: lotojas ($2.55 in chips) 
Seat 5: joekor00 ($7.71 in chips) 
Seat 6: Dorex2007 ($4.32 in chips) 
Seat 7: Nico55KQ ($1.68 in chips) 
Seat 9: Adam_W888 ($1.80 in chips) 
Tutanhamon15: posts small blind $0.01
lotojas: posts big blind $0.02
Com. Suarez: sits out 
*** HOLE CARDS ***
Dealt to Dorex2007 [3h Js]
joekor00: folds 
Dorex2007: folds 
Nico55KQ: folds 
Adam_W888: raises $0.04 to $0.06
SawaBeton: folds 
Johnson141: folds 
Tutanhamon15: calls $0.05
lotojas: folds 
*** FLOP *** [Jh Jd Ks]
Tutanhamon15: checks 
Adam_W888: bets $0.07
Tutanhamon15: folds 
Uncalled bet ($0.07) returned to Adam_W888
Adam_W888 collected $0.14 from pot
Adam_W888: doesn't show hand 
*** SUMMARY ***
Total pot $0.14 | Rake $0 
Board [Jh Jd Ks]
Seat 1: SawaBeton folded before Flop (didn't bet)
Seat 2: Johnson141 (button) folded before Flop (didn't bet)
Seat 3: Tutanhamon15 (small blind) folded on the Flop
Seat 4: lotojas (big blind) folded before Flop
Seat 5: joekor00 folded before Flop (didn't bet)
Seat 6: Dorex2007 folded before Flop (didn't bet)
Seat 7: Nico55KQ folded before Flop (didn't bet)
Seat 9: Adam_W888 collected ($0.14)



PokerStars Hand #227169949745:  Hold'em No Limit ($0.01/$0.02 USD) - 2021/05/29 13:39:14 PT [2021/05/29 16:39:14 ET]
Table 'Marceline III' 9-max Seat #3 is the button
Seat 1: SawaBeton ($3.70 in chips) 
Seat 2: Johnson141 ($0.74 in chips) 
Seat 3: Tutanhamon15 ($3.07 in chips) 
Seat 4: lotojas ($2.53 in chips) 
Seat 5: joekor00 ($7.71 in chips) 
Seat 6: Dorex2007 ($4.32 in chips) 
Seat 7: Nico55KQ ($1.68 in chips) 
Seat 9: Adam_W888 ($1.88 in chips) 
lotojas: posts small blind $0.01
joekor00: posts big blind $0.02
Com. Suarez: sits out 
*** HOLE CARDS ***
Dealt to Dorex2007 [6h As]
Dorex2007: folds 
Nico55KQ: calls $0.02
Adam_W888: folds 
SawaBeton: folds 
Johnson141: folds 
Tutanhamon15: calls $0.02
lotojas: calls $0.01
joekor00: checks 
*** FLOP *** [Ts Ah Td]
lotojas: checks 
joekor00: checks 
Nico55KQ: checks 
Tutanhamon15: checks 
*** TURN *** [Ts Ah Td] [3h]
lotojas: checks 
joekor00: bets $0.05
Nico55KQ: folds 
Tutanhamon15: folds 
lotojas: raises $0.11 to $0.16
joekor00: folds 
Uncalled bet ($0.11) returned to lotojas
lotojas collected $0.17 from pot
lotojas: doesn't show hand 
*** SUMMARY ***
Total pot $0.18 | Rake $0.01 
Board [Ts Ah Td 3h]
Seat 1: SawaBeton folded before Flop (didn't bet)
Seat 2: Johnson141 folded before Flop (didn't bet)
Seat 3: Tutanhamon15 (button) folded on the Turn
Seat 4: lotojas (small blind) collected ($0.17)
Seat 5: joekor00 (big blind) folded on the Turn
Seat 6: Dorex2007 folded before Flop (didn't bet)
Seat 7: Nico55KQ folded on the Turn
Seat 9: Adam_W888 folded before Flop (didn't bet)



PokerStars Hand #227169989906:  Hold'em No Limit ($0.01/$0.02 USD) - 2021/05/29 13:40:41 PT [2021/05/29 16:40:41 ET]
Table 'Marceline III' 9-max Seat #4 is the button
Seat 1: SawaBeton ($3.70 in chips) 
Seat 2: Johnson141 ($0.74 in chips) 
Seat 3: Tutanhamon15 ($3.05 in chips) 
Seat 4: lotojas ($2.63 in chips) 
Seat 5: joekor00 ($7.64 in chips) 
Seat 6: Dorex2007 ($4.32 in chips) 
Seat 7: Nico55KQ ($1.66 in chips) 
Seat 9: Adam_W888 ($1.88 in chips) 
joekor00: posts small blind $0.01
Dorex2007: posts big blind $0.02
Com. Suarez: sits out 
*** HOLE CARDS ***
Dealt to Dorex2007 [3c Kd]
Nico55KQ: folds 
Adam_W888: folds 
SawaBeton: folds 
Johnson141: folds 
Tutanhamon15: folds 
lotojas: folds 
joekor00: raises $0.04 to $0.06
Dorex2007: folds 
Uncalled bet ($0.04) returned to joekor00
joekor00 collected $0.04 from pot
joekor00: doesn't show hand 
*** SUMMARY ***
Total pot $0.04 | Rake $0 
Seat 1: SawaBeton folded before Flop (didn't bet)
Seat 2: Johnson141 folded before Flop (didn't bet)
Seat 3: Tutanhamon15 folded before Flop (didn't bet)
Seat 4: lotojas (button) folded before Flop (didn't bet)
Seat 5: joekor00 (small blind) collected ($0.04)
Seat 6: Dorex2007 (big blind) folded before Flop
Seat 7: Nico55KQ folded before Flop (didn't bet)
Seat 9: Adam_W888 folded before Flop (didn't bet)



PokerStars Hand #227169998746:  Hold'em No Limit ($0.01/$0.02 USD) - 2021/05/29 13:41:00 PT [2021/05/29 16:41:00 ET]
Table 'Marceline III' 9-max Seat #5 is the button
Seat 1: SawaBeton ($3.70 in chips) 
Seat 2: Johnson141 ($0.74 in chips) 
Seat 3: Tutanhamon15 ($3.05 in chips) 
Seat 4: lotojas ($2.63 in chips) 
Seat 5: joekor00 ($7.66 in chips) 
Seat 6: Dorex2007 ($4.30 in chips) 
Seat 7: Nico55KQ ($1.66 in chips) 
Seat 9: Adam_W888 ($1.88 in chips) 
Dorex2007: posts small blind $0.01
Nico55KQ: posts big blind $0.02
Com. Suarez: sits out 
*** HOLE CARDS ***
Dealt to Dorex2007 [4d 9d]
Adam_W888: folds 
SawaBeton: folds 
Johnson141: folds 
Tutanhamon15: folds 
lotojas: folds 
joekor00: folds 
Dorex2007: calls $0.01
Nico55KQ: checks 
*** FLOP *** [4h 9s 3h]
Dorex2007: bets $0.04
Nico55KQ: folds 
Uncalled bet ($0.04) returned to Dorex2007
Dorex2007 collected $0.04 from pot
Dorex2007: doesn't show hand 
*** SUMMARY ***
Total pot $0.04 | Rake $0 
Board [4h 9s 3h]
Seat 1: SawaBeton folded before Flop (didn't bet)
Seat 2: Johnson141 folded before Flop (didn't bet)
Seat 3: Tutanhamon15 folded before Flop (didn't bet)
Seat 4: lotojas folded before Flop (didn't bet)
Seat 5: joekor00 (button) folded before Flop (didn't bet)
Seat 6: Dorex2007 (small blind) collected ($0.04)
Seat 7: Nico55KQ (big blind) folded on the Flop
Seat 9: Adam_W888 folded before Flop (didn't bet)



PokerStars Hand #227170020390:  Hold'em No Limit ($0.01/$0.02 USD) - 2021/05/29 13:41:31 PT [2021/05/29 16:41:31 ET]
Table 'Marceline III' 9-max Seat #6 is the button
Seat 1: SawaBeton ($3.70 in chips) 
Seat 2: Johnson141 ($0.74 in chips) 
Seat 3: Tutanhamon15 ($3.05 in chips) 
Seat 4: lotojas ($2.63 in chips) 
Seat 5: joekor00 ($7.66 in chips) 
Seat 6: Dorex2007 ($4.32 in chips) 
Seat 7: Nico55KQ ($1.64 in chips) 
Seat 8: Com. Suarez ($2 in chips) 
Seat 9: Adam_W888 ($1.88 in chips) 
Nico55KQ: posts small blind $0.01
Com. Suarez: posts big blind $0.02
*** HOLE CARDS ***
Dealt to Dorex2007 [Th 2d]
Adam_W888: folds 
SawaBeton: folds 
Johnson141: folds 
Tutanhamon15: folds 
lotojas: folds 
joekor00: folds 
Dorex2007: folds 
Nico55KQ: calls $0.01
Com. Suarez: checks 
*** FLOP *** [8c Qc Ts]
Nico55KQ: bets $0.02
Com. Suarez: calls $0.02
*** TURN *** [8c Qc Ts] [Ks]
Nico55KQ: bets $0.04
Com. Suarez: raises $0.08 to $0.12
Nico55KQ: folds 
Uncalled bet ($0.08) returned to Com. Suarez
Com. Suarez collected $0.15 from pot
Com. Suarez: doesn't show hand 
*** SUMMARY ***
Total pot $0.16 | Rake $0.01 
Board [8c Qc Ts Ks]
Seat 1: SawaBeton folded before Flop (didn't bet)
Seat 2: Johnson141 folded before Flop (didn't bet)
Seat 3: Tutanhamon15 folded before Flop (didn't bet)
Seat 4: lotojas folded before Flop (didn't bet)
Seat 5: joekor00 folded before Flop (didn't bet)
Seat 6: Dorex2007 (button) folded before Flop (didn't bet)
Seat 7: Nico55KQ (small blind) folded on the Turn
Seat 8: Com. Suarez (big blind) collected ($0.15)
Seat 9: Adam_W888 folded before Flop (didn't bet)



PokerStars Hand #227170046507:  Hold'em No Limit ($0.01/$0.02 USD) - 2021/05/29 13:42:28 PT [2021/05/29 16:42:28 ET]
Table 'Marceline III' 9-max Seat #7 is the button
Seat 1: SawaBeton ($3.70 in chips) 
Seat 2: Johnson141 ($0.74 in chips) 
Seat 3: Tutanhamon15 ($3.05 in chips) 
Seat 4: lotojas ($2.63 in chips) 
Seat 5: joekor00 ($7.66 in chips) 
Seat 6: Dorex2007 ($4.32 in chips) 
Seat 7: Nico55KQ ($1.56 in chips) 
Seat 8: Com. Suarez ($2.07 in chips) 
Seat 9: Adam_W888 ($1.88 in chips) 
Com. Suarez: posts small blind $0.01
Adam_W888: posts big blind $0.02
*** HOLE CARDS ***
Dealt to Dorex2007 [7s 7c]
SawaBeton: raises $0.02 to $0.04
Johnson141: folds 
Tutanhamon15: folds 
lotojas: folds 
joekor00: folds 
Dorex2007: calls $0.04
Nico55KQ: folds 
Com. Suarez: folds 
Adam_W888: folds 
*** FLOP *** [Kh Kd Tc]
SawaBeton: checks 
Dorex2007: bets $0.07
SawaBeton: folds 
Uncalled bet ($0.07) returned to Dorex2007
Dorex2007 collected $0.11 from pot
Dorex2007: doesn't show hand 
*** SUMMARY ***
Total pot $0.11 | Rake $0 
Board [Kh Kd Tc]
Seat 1: SawaBeton folded on the Flop
Seat 2: Johnson141 folded before Flop (didn't bet)
Seat 3: Tutanhamon15 folded before Flop (didn't bet)
Seat 4: lotojas folded before Flop (didn't bet)
Seat 5: joekor00 folded before Flop (didn't bet)
Seat 6: Dorex2007 collected ($0.11)
Seat 7: Nico55KQ (button) folded before Flop (didn't bet)
Seat 8: Com. Suarez (small blind) folded before Flop
Seat 9: Adam_W888 (big blind) folded before Flop



PokerStars Hand #227170063042:  Hold'em No Limit ($0.01/$0.02 USD) - 2021/05/29 13:43:04 PT [2021/05/29 16:43:04 ET]
Table 'Marceline III' 9-max Seat #8 is the button
Seat 2: Johnson141 ($0.74 in chips) 
Seat 3: Tutanhamon15 ($3.05 in chips) 
Seat 4: lotojas ($2.63 in chips) 
Seat 5: joekor00 ($7.66 in chips) 
Seat 6: Dorex2007 ($4.39 in chips) 
Seat 7: Nico55KQ ($1.56 in chips) 
Seat 8: Com. Suarez ($2.06 in chips) 
Seat 9: Adam_W888 ($1.86 in chips) 
Adam_W888: posts small blind $0.01
SawaBeton: is sitting out 
Johnson141: posts big blind $0.02
*** HOLE CARDS ***
Dealt to Dorex2007 [4c Qs]
SawaBeton leaves the table
Tutanhamon15: folds 
lotojas: folds 
joekor00: folds 
Dorex2007: folds 
Nico55KQ: folds 
Com. Suarez: raises $0.04 to $0.06
Adam_W888: folds 
Johnson141: folds 
Uncalled bet ($0.04) returned to Com. Suarez
Com. Suarez collected $0.05 from pot
Com. Suarez: doesn't show hand 
*** SUMMARY ***
Total pot $0.05 | Rake $0 
Seat 2: Johnson141 (big blind) folded before Flop
Seat 3: Tutanhamon15 folded before Flop (didn't bet)
Seat 4: lotojas folded before Flop (didn't bet)
Seat 5: joekor00 folded before Flop (didn't bet)
Seat 6: Dorex2007 folded before Flop (didn't bet)
Seat 7: Nico55KQ folded before Flop (didn't bet)
Seat 8: Com. Suarez (button) collected ($0.05)
Seat 9: Adam_W888 (small blind) folded before Flop



PokerStars Hand #227170076470:  Hold'em No Limit ($0.01/$0.02 USD) - 2021/05/29 13:43:34 PT [2021/05/29 16:43:34 ET]
Table 'Marceline III' 9-max Seat #9 is the button
Seat 2: Johnson141 ($0.72 in chips) 
Seat 3: Tutanhamon15 ($3.05 in chips) 
Seat 4: lotojas ($2.63 in chips) 
Seat 5: joekor00 ($7.66 in chips) 
Seat 6: Dorex2007 ($4.39 in chips) 
Seat 7: Nico55KQ ($1.56 in chips) 
Seat 8: Com. Suarez ($2.09 in chips) 
Seat 9: Adam_W888 ($1.85 in chips) 
Johnson141: posts small blind $0.01
Tutanhamon15: posts big blind $0.02
*** HOLE CARDS ***
Dealt to Dorex2007 [7d Td]
lotojas: folds 
Ptogreenb joins the table at seat #1 
joekor00: raises $0.04 to $0.06
Dorex2007: folds 
Nico55KQ: folds 
Com. Suarez: folds 
Adam_W888: folds 
Johnson141: folds 
Tutanhamon15: folds 
Uncalled bet ($0.04) returned to joekor00
joekor00 collected $0.05 from pot
joekor00: doesn't show hand 
*** SUMMARY ***
Total pot $0.05 | Rake $0 
Seat 2: Johnson141 (small blind) folded before Flop
Seat 3: Tutanhamon15 (big blind) folded before Flop
Seat 4: lotojas folded before Flop (didn't bet)
Seat 5: joekor00 collected ($0.05)
Seat 6: Dorex2007 folded before Flop (didn't bet)
Seat 7: Nico55KQ folded before Flop (didn't bet)
Seat 8: Com. Suarez folded before Flop (didn't bet)
Seat 9: Adam_W888 (button) folded before Flop (didn't bet)



PokerStars Hand #227170084504:  Hold'em No Limit ($0.01/$0.02 USD) - 2021/05/29 13:43:51 PT [2021/05/29 16:43:51 ET]
Table 'Marceline III' 9-max Seat #2 is the button
Seat 2: Johnson141 ($0.71 in chips) 
Seat 3: Tutanhamon15 ($3.03 in chips) 
Seat 4: lotojas ($2.63 in chips) 
Seat 5: joekor00 ($7.69 in chips) 
Seat 6: Dorex2007 ($4.39 in chips) 
Seat 7: Nico55KQ ($1.56 in chips) 
Seat 8: Com. Suarez ($2.09 in chips) 
Seat 9: Adam_W888 ($1.85 in chips) 
Tutanhamon15: posts small blind $0.01
lotojas: posts big blind $0.02
Ptogreenb: sits out 
*** HOLE CARDS ***
Dealt to Dorex2007 [3c Ks]
joekor00: folds 
Dorex2007: folds 
Nico55KQ: calls $0.02
Com. Suarez: folds 
Adam_W888: folds 
Johnson141: folds 
Tutanhamon15: folds 
lotojas: checks 
*** FLOP *** [Ah 6c 4c]
lotojas: checks 
Nico55KQ: bets $0.05
lotojas: folds 
Uncalled bet ($0.05) returned to Nico55KQ
Nico55KQ collected $0.05 from pot
Nico55KQ: doesn't show hand 
*** SUMMARY ***
Total pot $0.05 | Rake $0 
Board [Ah 6c 4c]
Seat 2: Johnson141 (button) folded before Flop (didn't bet)
Seat 3: Tutanhamon15 (small blind) folded before Flop
Seat 4: lotojas (big blind) folded on the Flop
Seat 5: joekor00 folded before Flop (didn't bet)
Seat 6: Dorex2007 folded before Flop (didn't bet)
Seat 7: Nico55KQ collected ($0.05)
Seat 8: Com. Suarez folded before Flop (didn't bet)
Seat 9: Adam_W888 folded before Flop (didn't bet)



PokerStars Hand #227170096940:  Hold'em No Limit ($0.01/$0.02 USD) - 2021/05/29 13:44:18 PT [2021/05/29 16:44:18 ET]
Table 'Marceline III' 9-max Seat #3 is the button
Seat 2: Johnson141 ($0.71 in chips) 
Seat 3: Tutanhamon15 ($3.02 in chips) 
Seat 4: lotojas ($2.61 in chips) 
Seat 5: joekor00 ($7.69 in chips) 
Seat 6: Dorex2007 ($4.39 in chips) 
Seat 7: Nico55KQ ($1.59 in chips) 
Seat 8: Com. Suarez ($2.09 in chips) 
Seat 9: Adam_W888 ($1.85 in chips) 
lotojas: posts small blind $0.01
joekor00: posts big blind $0.02
Ptogreenb: sits out 
*** HOLE CARDS ***
Dealt to Dorex2007 [Qd As]
Dorex2007: raises $0.02 to $0.04
Nico55KQ: folds 
Com. Suarez: folds 
Adam_W888: folds 
Johnson141: folds 
Tutanhamon15: folds 
lotojas: folds 
joekor00: calls $0.02
*** FLOP *** [Jd 5c 9h]
joekor00: checks 
Dorex2007: bets $0.06
joekor00: calls $0.06
*** TURN *** [Jd 5c 9h] [8d]
joekor00: bets $0.14
Dorex2007: calls $0.14
*** RIVER *** [Jd 5c 9h 8d] [5h]
joekor00: bets $0.42
Dorex2007: folds 
Uncalled bet ($0.42) returned to joekor00
joekor00 collected $0.47 from pot
joekor00: doesn't show hand 
*** SUMMARY ***
Total pot $0.49 | Rake $0.02 
Board [Jd 5c 9h 8d 5h]
Seat 2: Johnson141 folded before Flop (didn't bet)
Seat 3: Tutanhamon15 (button) folded before Flop (didn't bet)
Seat 4: lotojas (small blind) folded before Flop
Seat 5: joekor00 (big blind) collected ($0.47)
Seat 6: Dorex2007 folded on the River
Seat 7: Nico55KQ folded before Flop (didn't bet)
Seat 8: Com. Suarez folded before Flop (didn't bet)
Seat 9: Adam_W888 folded before Flop (didn't bet)



PokerStars Hand #227170140373:  Hold'em No Limit ($0.01/$0.02 USD) - 2021/05/29 13:45:54 PT [2021/05/29 16:45:54 ET]
Table 'Marceline III' 9-max Seat #4 is the button
Seat 2: Johnson141 ($0.71 in chips) 
Seat 3: Tutanhamon15 ($3.02 in chips) 
Seat 4: lotojas ($2.60 in chips) 
Seat 5: joekor00 ($7.92 in chips) 
Seat 6: Dorex2007 ($4.15 in chips) 
Seat 7: Nico55KQ ($1.59 in chips) 
Seat 8: Com. Suarez ($2.09 in chips) 
Seat 9: Adam_W888 ($1.85 in chips) 
joekor00: posts small blind $0.01
Dorex2007: posts big blind $0.02
Ptogreenb: sits out 
*** HOLE CARDS ***
Dealt to Dorex2007 [Qc 9d]
Nico55KQ: calls $0.02
Com. Suarez: folds 
Adam_W888: folds 
Johnson141: folds 
Tutanhamon15: folds 
lotojas: raises $0.04 to $0.06
joekor00: folds 
Dorex2007: folds 
Nico55KQ: calls $0.04
*** FLOP *** [4c 8d 5h]
Nico55KQ: bets $0.06
lotojas: calls $0.06
*** TURN *** [4c 8d 5h] [Jh]
Nico55KQ: checks 
lotojas: bets $0.08
Nico55KQ: calls $0.08
*** RIVER *** [4c 8d 5h Jh] [2s]
Nico55KQ: checks 
lotojas: checks 
*** SHOW DOWN ***
Nico55KQ: shows [Ah 5d] (a pair of Fives)
lotojas: shows [9s 9c] (a pair of Nines)
lotojas collected $0.41 from pot
*** SUMMARY ***
Total pot $0.43 | Rake $0.02 
Board [4c 8d 5h Jh 2s]
Seat 2: Johnson141 folded before Flop (didn't bet)
Seat 3: Tutanhamon15 folded before Flop (didn't bet)
Seat 4: lotojas (button) showed [9s 9c] and won ($0.41) with a pair of Nines
Seat 5: joekor00 (small blind) folded before Flop
Seat 6: Dorex2007 (big blind) folded before Flop
Seat 7: Nico55KQ showed [Ah 5d] and lost with a pair of Fives
Seat 8: Com. Suarez folded before Flop (didn't bet)
Seat 9: Adam_W888 folded before Flop (didn't bet)



PokerStars Hand #227170165290:  Hold'em No Limit ($0.01/$0.02 USD) - 2021/05/29 13:46:48 PT [2021/05/29 16:46:48 ET]
Table 'Marceline III' 9-max Seat #5 is the button
Seat 2: Johnson141 ($0.71 in chips) 
Seat 3: Tutanhamon15 ($3.02 in chips) 
Seat 4: lotojas ($2.81 in chips) 
Seat 5: joekor00 ($7.91 in chips) 
Seat 6: Dorex2007 ($4.13 in chips) 
Seat 7: Nico55KQ ($1.39 in chips) 
Seat 8: Com. Suarez ($2.09 in chips) 
Seat 9: Adam_W888 ($1.85 in chips) 
Dorex2007: posts small blind $0.01
Nico55KQ: posts big blind $0.02
Ptogreenb: sits out 
*** HOLE CARDS ***
Dealt to Dorex2007 [5h 3d]
Com. Suarez: folds 
Adam_W888: folds 
Johnson141: folds 
Tutanhamon15: folds 
lotojas: calls $0.02
joekor00: folds 
Dorex2007: folds 
Nico55KQ: checks 
*** FLOP *** [5d 2s Jc]
Nico55KQ: bets $0.02
lotojas: folds 
Uncalled bet ($0.02) returned to Nico55KQ
Nico55KQ collected $0.05 from pot
Nico55KQ: doesn't show hand 
*** SUMMARY ***
Total pot $0.05 | Rake $0 
Board [5d 2s Jc]
Seat 2: Johnson141 folded before Flop (didn't bet)
Seat 3: Tutanhamon15 folded before Flop (didn't bet)
Seat 4: lotojas folded on the Flop
Seat 5: joekor00 (button) folded before Flop (didn't bet)
Seat 6: Dorex2007 (small blind) folded before Flop
Seat 7: Nico55KQ (big blind) collected ($0.05)
Seat 8: Com. Suarez folded before Flop (didn't bet)
Seat 9: Adam_W888 folded before Flop (didn't bet)



PokerStars Hand #227170174443:  Hold'em No Limit ($0.01/$0.02 USD) - 2021/05/29 13:47:07 PT [2021/05/29 16:47:07 ET]
Table 'Marceline III' 9-max Seat #6 is the button
Seat 2: Johnson141 ($0.71 in chips) 
Seat 3: Tutanhamon15 ($3.02 in chips) 
Seat 4: lotojas ($2.79 in chips) 
Seat 5: joekor00 ($7.91 in chips) 
Seat 6: Dorex2007 ($4.12 in chips) 
Seat 7: Nico55KQ ($1.42 in chips) 
Seat 8: Com. Suarez ($2.09 in chips) 
Seat 9: Adam_W888 ($1.85 in chips) 
Nico55KQ: posts small blind $0.01
Com. Suarez: posts big blind $0.02
Ptogreenb: sits out 
*** HOLE CARDS ***
Dealt to Dorex2007 [9h 2s]
Adam_W888: folds 
Johnson141: folds 
Tutanhamon15: folds 
lotojas: raises $0.02 to $0.04
joekor00: folds 
Dorex2007: folds 
Nico55KQ: folds 
Com. Suarez: calls $0.02
*** FLOP *** [2d 9s Ks]
Com. Suarez: checks 
lotojas: bets $0.06
Com. Suarez: folds 
Uncalled bet ($0.06) returned to lotojas
lotojas collected $0.09 from pot
lotojas: doesn't show hand 
*** SUMMARY ***
Total pot $0.09 | Rake $0 
Board [2d 9s Ks]
Seat 2: Johnson141 folded before Flop (didn't bet)
Seat 3: Tutanhamon15 folded before Flop (didn't bet)
Seat 4: lotojas collected ($0.09)
Seat 5: joekor00 folded before Flop (didn't bet)
Seat 6: Dorex2007 (button) folded before Flop (didn't bet)
Seat 7: Nico55KQ (small blind) folded before Flop
Seat 8: Com. Suarez (big blind) folded on the Flop
Seat 9: Adam_W888 folded before Flop (didn't bet)



PokerStars Hand #227170195620:  Hold'em No Limit ($0.01/$0.02 USD) - 2021/05/29 13:47:54 PT [2021/05/29 16:47:54 ET]
Table 'Marceline III' 9-max Seat #7 is the button
Seat 2: Johnson141 ($0.71 in chips) 
Seat 3: Tutanhamon15 ($3.02 in chips) 
Seat 4: lotojas ($2.84 in chips) 
Seat 5: joekor00 ($7.91 in chips) 
Seat 6: Dorex2007 ($4.12 in chips) 
Seat 7: Nico55KQ ($1.41 in chips) 
Seat 8: Com. Suarez ($2.05 in chips) 
Seat 9: Adam_W888 ($1.85 in chips) 
Com. Suarez: posts small blind $0.01
Adam_W888: posts big blind $0.02
Ptogreenb: sits out 
*** HOLE CARDS ***
Dealt to Dorex2007 [Tc Ah]
Johnson141: folds 
Tutanhamon15: folds 
lotojas: folds 
joekor00: raises $0.04 to $0.06
Dorex2007: calls $0.06
Nico55KQ: folds 
Com. Suarez: folds 
Adam_W888: folds 
*** FLOP *** [6h 9h 5d]
joekor00: checks 
Dorex2007: checks 
*** TURN *** [6h 9h 5d] [Ts]
joekor00: checks 
Dorex2007: bets $0.09
joekor00: calls $0.09
*** RIVER *** [6h 9h 5d Ts] [4d]
joekor00: checks 
Dorex2007: bets $0.21
joekor00: calls $0.21
*** SHOW DOWN ***
Dorex2007: shows [Tc Ah] (a pair of Tens)
joekor00: mucks hand 
Dorex2007 collected $0.72 from pot
*** SUMMARY ***
Total pot $0.75 | Rake $0.03 
Board [6h 9h 5d Ts 4d]
Seat 2: Johnson141 folded before Flop (didn't bet)
Seat 3: Tutanhamon15 folded before Flop (didn't bet)
Seat 4: lotojas folded before Flop (didn't bet)
Seat 5: joekor00 mucked [Ad Kd]
Seat 6: Dorex2007 showed [Tc Ah] and won ($0.72) with a pair of Tens
Seat 7: Nico55KQ (button) folded before Flop (didn't bet)
Seat 8: Com. Suarez (small blind) folded before Flop
Seat 9: Adam_W888 (big blind) folded before Flop



PokerStars Hand #227170222026:  Hold'em No Limit ($0.01/$0.02 USD) - 2021/05/29 13:48:51 PT [2021/05/29 16:48:51 ET]
Table 'Marceline III' 9-max Seat #8 is the button
Seat 1: Ptogreenb ($2 in chips) 
Seat 2: Johnson141 ($0.71 in chips) 
Seat 3: Tutanhamon15 ($3.02 in chips) 
Seat 4: lotojas ($2.84 in chips) 
Seat 5: joekor00 ($7.55 in chips) 
Seat 6: Dorex2007 ($4.48 in chips) 
Seat 7: Nico55KQ ($1.41 in chips) 
Seat 8: Com. Suarez ($2.04 in chips) 
Seat 9: Adam_W888 ($1.83 in chips) 
Adam_W888: posts small blind $0.01
Ptogreenb: posts big blind $0.02
*** HOLE CARDS ***
Dealt to Dorex2007 [5d 9h]
Johnson141: folds 
Tutanhamon15: folds 
lotojas: folds 
joekor00: folds 
Dorex2007: folds 
Nico55KQ: raises $0.06 to $0.08
Com. Suarez: folds 
Adam_W888: folds 
Ptogreenb: folds 
Uncalled bet ($0.06) returned to Nico55KQ
Nico55KQ collected $0.05 from pot
Nico55KQ: doesn't show hand 
*** SUMMARY ***
Total pot $0.05 | Rake $0 
Seat 1: Ptogreenb (big blind) folded before Flop
Seat 2: Johnson141 folded before Flop (didn't bet)
Seat 3: Tutanhamon15 folded before Flop (didn't bet)
Seat 4: lotojas folded before Flop (didn't bet)
Seat 5: joekor00 folded before Flop (didn't bet)
Seat 6: Dorex2007 folded before Flop (didn't bet)
Seat 7: Nico55KQ collected ($0.05)
Seat 8: Com. Suarez (button) folded before Flop (didn't bet)
Seat 9: Adam_W888 (small blind) folded before Flop



PokerStars Hand #227170229865:  Hold'em No Limit ($0.01/$0.02 USD) - 2021/05/29 13:49:09 PT [2021/05/29 16:49:09 ET]
Table 'Marceline III' 9-max Seat #9 is the button
Seat 1: Ptogreenb ($1.98 in chips) 
Seat 2: Johnson141 ($0.71 in chips) 
Seat 3: Tutanhamon15 ($3.02 in chips) 
Seat 4: lotojas ($2.84 in chips) 
Seat 5: joekor00 ($7.55 in chips) 
Seat 6: Dorex2007 ($4.48 in chips) 
Seat 7: Nico55KQ ($1.44 in chips) 
Seat 8: Com. Suarez ($2.04 in chips) 
Seat 9: Adam_W888 ($1.82 in chips) 
Ptogreenb: posts small blind $0.01
Johnson141: posts big blind $0.02
*** HOLE CARDS ***
Dealt to Dorex2007 [8s 7c]
Tutanhamon15: folds 
lotojas: folds 
joekor00: raises $0.04 to $0.06
Dorex2007: folds 
Nico55KQ: folds 
Com. Suarez: folds 
Adam_W888: folds 
Ptogreenb: calls $0.05
Johnson141: folds 
*** FLOP *** [6c 9d 7d]
Ptogreenb: checks 
joekor00: bets $0.10
Ptogreenb: calls $0.10
*** TURN *** [6c 9d 7d] [Kc]
Ptogreenb: checks 
joekor00: checks 
*** RIVER *** [6c 9d 7d Kc] [7s]
Ptogreenb: checks 
joekor00: checks 
*** SHOW DOWN ***
Ptogreenb: shows [Qh Qc] (two pair, Queens and Sevens)
joekor00: mucks hand 
Ptogreenb collected $0.33 from pot
*** SUMMARY ***
Total pot $0.34 | Rake $0.01 
Board [6c 9d 7d Kc 7s]
Seat 1: Ptogreenb (small blind) showed [Qh Qc] and won ($0.33) with two pair, Queens and Sevens
Seat 2: Johnson141 (big blind) folded before Flop
Seat 3: Tutanhamon15 folded before Flop (didn't bet)
Seat 4: lotojas folded before Flop (didn't bet)
Seat 5: joekor00 mucked [2c 2d]
Seat 6: Dorex2007 folded before Flop (didn't bet)
Seat 7: Nico55KQ folded before Flop (didn't bet)
Seat 8: Com. Suarez folded before Flop (didn't bet)
Seat 9: Adam_W888 (button) folded before Flop (didn't bet)



PokerStars Hand #227170255517:  Hold'em No Limit ($0.01/$0.02 USD) - 2021/05/29 13:50:07 PT [2021/05/29 16:50:07 ET]
Table 'Marceline III' 9-max Seat #1 is the button
Seat 1: Ptogreenb ($2.15 in chips) 
Seat 2: Johnson141 ($0.69 in chips) 
Seat 3: Tutanhamon15 ($3.02 in chips) 
Seat 4: lotojas ($2.84 in chips) 
Seat 5: joekor00 ($7.39 in chips) 
Seat 6: Dorex2007 ($4.48 in chips) 
Seat 7: Nico55KQ ($1.44 in chips) 
Seat 8: Com. Suarez ($2.04 in chips) 
Seat 9: Adam_W888 ($1.82 in chips) 
Johnson141: posts small blind $0.01
Tutanhamon15: posts big blind $0.02
*** HOLE CARDS ***
Dealt to Dorex2007 [5c 6h]
lotojas: folds 
joekor00: folds 
Dorex2007: folds 
Nico55KQ: folds 
Com. Suarez: folds 
Adam_W888: raises $0.04 to $0.06
Ptogreenb: folds 
Johnson141: folds 
Tutanhamon15: folds 
Uncalled bet ($0.04) returned to Adam_W888
Adam_W888 collected $0.05 from pot
Adam_W888: doesn't show hand 
*** SUMMARY ***
Total pot $0.05 | Rake $0 
Seat 1: Ptogreenb (button) folded before Flop (didn't bet)
Seat 2: Johnson141 (small blind) folded before Flop
Seat 3: Tutanhamon15 (big blind) folded before Flop
Seat 4: lotojas folded before Flop (didn't bet)
Seat 5: joekor00 folded before Flop (didn't bet)
Seat 6: Dorex2007 folded before Flop (didn't bet)
Seat 7: Nico55KQ folded before Flop (didn't bet)
Seat 8: Com. Suarez folded before Flop (didn't bet)
Seat 9: Adam_W888 collected ($0.05)



PokerStars Hand #227170265918:  Hold'em No Limit ($0.01/$0.02 USD) - 2021/05/29 13:50:30 PT [2021/05/29 16:50:30 ET]
Table 'Marceline III' 9-max Seat #2 is the button
Seat 1: Ptogreenb ($2.15 in chips) 
Seat 2: Johnson141 ($0.68 in chips) 
Seat 3: Tutanhamon15 ($3 in chips) 
Seat 4: lotojas ($2.84 in chips) 
Seat 5: joekor00 ($7.39 in chips) 
Seat 6: Dorex2007 ($4.48 in chips) 
Seat 7: Nico55KQ ($1.44 in chips) 
Seat 8: Com. Suarez ($2.04 in chips) 
Seat 9: Adam_W888 ($1.85 in chips) 
Tutanhamon15: posts small blind $0.01
lotojas: posts big blind $0.02
*** HOLE CARDS ***
Dealt to Dorex2007 [Js Qs]
joekor00: folds 
Dorex2007: raises $0.04 to $0.06
Nico55KQ: folds 
Com. Suarez: calls $0.06
Adam_W888: calls $0.06
Ptogreenb: folds 
Johnson141: folds 
Tutanhamon15: folds 
lotojas: folds 
*** FLOP *** [6d 8d Ks]
Dorex2007: checks 
Com. Suarez: checks 
Adam_W888: checks 
*** TURN *** [6d 8d Ks] [Ts]
Dorex2007: bets $0.13
Com. Suarez: calls $0.13
Adam_W888: calls $0.13
*** RIVER *** [6d 8d Ks Ts] [5c]
Dorex2007: bets $0.29
Com. Suarez: calls $0.29
Adam_W888: folds 
*** SHOW DOWN ***
Dorex2007: shows [Js Qs] (high card King)
Com. Suarez: shows [Ad Kd] (a pair of Kings)
Com. Suarez collected $1.14 from pot
*** SUMMARY ***
Total pot $1.18 | Rake $0.04 
Board [6d 8d Ks Ts 5c]
Seat 1: Ptogreenb folded before Flop (didn't bet)
Seat 2: Johnson141 (button) folded before Flop (didn't bet)
Seat 3: Tutanhamon15 (small blind) folded before Flop
Seat 4: lotojas (big blind) folded before Flop
Seat 5: joekor00 folded before Flop (didn't bet)
Seat 6: Dorex2007 showed [Js Qs] and lost with high card King
Seat 7: Nico55KQ folded before Flop (didn't bet)
Seat 8: Com. Suarez showed [Ad Kd] and won ($1.14) with a pair of Kings
Seat 9: Adam_W888 folded on the River



PokerStars Hand #227170318036:  Hold'em No Limit ($0.01/$0.02 USD) - 2021/05/29 13:52:16 PT [2021/05/29 16:52:16 ET]
Table 'Marceline III' 9-max Seat #3 is the button
Seat 1: Ptogreenb ($2.15 in chips) 
Seat 2: Johnson141 ($0.68 in chips) 
Seat 3: Tutanhamon15 ($2.99 in chips) 
Seat 4: lotojas ($2.82 in chips) 
Seat 5: joekor00 ($7.39 in chips) 
Seat 6: Dorex2007 ($4 in chips) 
Seat 7: Nico55KQ ($1.44 in chips) 
Seat 8: Com. Suarez ($2.70 in chips) 
Seat 9: Adam_W888 ($1.66 in chips) 
lotojas: posts small blind $0.01
joekor00: posts big blind $0.02
*** HOLE CARDS ***
Dealt to Dorex2007 [3c 6s]
Dorex2007: folds 
Nico55KQ: folds 
Com. Suarez: folds 
Adam_W888: folds 
Ptogreenb: raises $0.04 to $0.06
Johnson141: raises $0.12 to $0.18
Tutanhamon15: folds 
lotojas: folds 
joekor00: folds 
Ptogreenb: calls $0.12
*** FLOP *** [Tc 2d Ts]
Ptogreenb: checks 
Johnson141: bets $0.25
Ptogreenb: raises $0.66 to $0.91
Johnson141: folds 
Uncalled bet ($0.66) returned to Ptogreenb
Ptogreenb collected $0.86 from pot
Ptogreenb: doesn't show hand 
*** SUMMARY ***
Total pot $0.89 | Rake $0.03 
Board [Tc 2d Ts]
Seat 1: Ptogreenb collected ($0.86)
Seat 2: Johnson141 folded on the Flop
Seat 3: Tutanhamon15 (button) folded before Flop (didn't bet)
Seat 4: lotojas (small blind) folded before Flop
Seat 5: joekor00 (big blind) folded before Flop
Seat 6: Dorex2007 folded before Flop (didn't bet)
Seat 7: Nico55KQ folded before Flop (didn't bet)
Seat 8: Com. Suarez folded before Flop (didn't bet)
Seat 9: Adam_W888 folded before Flop (didn't bet)



PokerStars Hand #227170335696:  Hold'em No Limit ($0.01/$0.02 USD) - 2021/05/29 13:52:57 PT [2021/05/29 16:52:57 ET]
Table 'Marceline III' 9-max Seat #4 is the button
Seat 1: Ptogreenb ($2.58 in chips) 
Seat 2: Johnson141 ($0.25 in chips) 
Seat 3: Tutanhamon15 ($2.99 in chips) 
Seat 4: lotojas ($2.81 in chips) 
Seat 5: joekor00 ($7.37 in chips) 
Seat 6: Dorex2007 ($4 in chips) 
Seat 7: Nico55KQ ($1.44 in chips) 
Seat 8: Com. Suarez ($2.70 in chips) 
Seat 9: Adam_W888 ($1.66 in chips) 
joekor00: posts small blind $0.01
Dorex2007: posts big blind $0.02
*** HOLE CARDS ***
Dealt to Dorex2007 [Ad 5h]
Nico55KQ: calls $0.02
Com. Suarez: folds 
Adam_W888: folds 
Ptogreenb: folds 
Johnson141: folds 
Tutanhamon15: folds 
lotojas: folds 
joekor00: folds 
Dorex2007: checks 
*** FLOP *** [9h 4c 9d]
Dorex2007: checks 
Nico55KQ: bets $0.02
Dorex2007: folds 
Uncalled bet ($0.02) returned to Nico55KQ
Nico55KQ collected $0.05 from pot
Nico55KQ: doesn't show hand 
*** SUMMARY ***
Total pot $0.05 | Rake $0 
Board [9h 4c 9d]
Seat 1: Ptogreenb folded before Flop (didn't bet)
Seat 2: Johnson141 folded before Flop (didn't bet)
Seat 3: Tutanhamon15 folded before Flop (didn't bet)
Seat 4: lotojas (button) folded before Flop (didn't bet)
Seat 5: joekor00 (small blind) folded before Flop
Seat 6: Dorex2007 (big blind) folded on the Flop
Seat 7: Nico55KQ collected ($0.05)
Seat 8: Com. Suarez folded before Flop (didn't bet)
Seat 9: Adam_W888 folded before Flop (didn't bet)



PokerStars Hand #227170347908:  Hold'em No Limit ($0.01/$0.02 USD) - 2021/05/29 13:53:24 PT [2021/05/29 16:53:24 ET]
Table 'Marceline III' 9-max Seat #5 is the button
Seat 1: Ptogreenb ($2.58 in chips) 
Seat 2: Johnson141 ($0.80 in chips) 
Seat 3: Tutanhamon15 ($2.99 in chips) 
Seat 4: lotojas ($2.81 in chips) 
Seat 5: joekor00 ($7.36 in chips) 
Seat 6: Dorex2007 ($3.98 in chips) 
Seat 7: Nico55KQ ($1.47 in chips) 
Seat 8: Com. Suarez ($2.70 in chips) 
Seat 9: Adam_W888 ($1.66 in chips) 
Dorex2007: posts small blind $0.01
Nico55KQ: posts big blind $0.02
*** HOLE CARDS ***
Dealt to Dorex2007 [6s 3c]
Com. Suarez: folds 
Adam_W888: folds 
Ptogreenb: raises $0.04 to $0.06
Johnson141: folds 
Tutanhamon15: folds 
lotojas: folds 
joekor00: calls $0.06
Dorex2007: folds 
Nico55KQ: folds 
*** FLOP *** [Ad Tc As]
Ptogreenb: checks 
joekor00: checks 
*** TURN *** [Ad Tc As] [Ks]
Ptogreenb: checks 
joekor00: bets $0.10
Ptogreenb: raises $0.10 to $0.20
joekor00: calls $0.10
*** RIVER *** [Ad Tc As Ks] [Qs]
Ptogreenb: bets $0.52
joekor00: calls $0.52
*** SHOW DOWN ***
Ptogreenb: shows [Ah Ac] (four of a kind, Aces)
joekor00: mucks hand 
Ptogreenb collected $1.53 from pot
*** SUMMARY ***
Total pot $1.59 | Rake $0.06 
Board [Ad Tc As Ks Qs]
Seat 1: Ptogreenb showed [Ah Ac] and won ($1.53) with four of a kind, Aces
Seat 2: Johnson141 folded before Flop (didn't bet)
Seat 3: Tutanhamon15 folded before Flop (didn't bet)
Seat 4: lotojas folded before Flop (didn't bet)
Seat 5: joekor00 (button) mucked [9s 8s]
Seat 6: Dorex2007 (small blind) folded before Flop
Seat 7: Nico55KQ (big blind) folded before Flop
Seat 8: Com. Suarez folded before Flop (didn't bet)
Seat 9: Adam_W888 folded before Flop (didn't bet)



PokerStars Hand #227170378814:  Hold'em No Limit ($0.01/$0.02 USD) - 2021/05/29 13:54:35 PT [2021/05/29 16:54:35 ET]
Table 'Marceline III' 9-max Seat #6 is the button
Seat 1: Ptogreenb ($3.33 in chips) 
Seat 2: Johnson141 ($0.80 in chips) 
Seat 3: Tutanhamon15 ($2.99 in chips) 
Seat 4: lotojas ($2.81 in chips) 
Seat 5: joekor00 ($6.58 in chips) 
Seat 6: Dorex2007 ($3.97 in chips) 
Seat 7: Nico55KQ ($1.45 in chips) 
Seat 8: Com. Suarez ($2.70 in chips) 
Seat 9: Adam_W888 ($1.66 in chips) 
Nico55KQ: posts small blind $0.01
Com. Suarez: posts big blind $0.02
*** HOLE CARDS ***
Dealt to Dorex2007 [5s Ts]
Adam_W888: raises $0.04 to $0.06
Ptogreenb: folds 
Johnson141: folds 
Tutanhamon15: folds 
lotojas: folds 
joekor00: folds 
Dorex2007: folds 
Nico55KQ: folds 
Com. Suarez: folds 
Uncalled bet ($0.04) returned to Adam_W888
Adam_W888 collected $0.05 from pot
Adam_W888: doesn't show hand 
*** SUMMARY ***
Total pot $0.05 | Rake $0 
Seat 1: Ptogreenb folded before Flop (didn't bet)
Seat 2: Johnson141 folded before Flop (didn't bet)
Seat 3: Tutanhamon15 folded before Flop (didn't bet)
Seat 4: lotojas folded before Flop (didn't bet)
Seat 5: joekor00 folded before Flop (didn't bet)
Seat 6: Dorex2007 (button) folded before Flop (didn't bet)
Seat 7: Nico55KQ (small blind) folded before Flop
Seat 8: Com. Suarez (big blind) folded before Flop
Seat 9: Adam_W888 collected ($0.05)



PokerStars Hand #227170389163:  Hold'em No Limit ($0.01/$0.02 USD) - 2021/05/29 13:54:59 PT [2021/05/29 16:54:59 ET]
Table 'Marceline III' 9-max Seat #7 is the button
Seat 1: Ptogreenb ($3.33 in chips) 
Seat 2: Johnson141 ($0.80 in chips) 
Seat 3: Tutanhamon15 ($2.99 in chips) 
Seat 4: lotojas ($2.81 in chips) 
Seat 5: joekor00 ($6.58 in chips) 
Seat 6: Dorex2007 ($3.97 in chips) 
Seat 7: Nico55KQ ($1.44 in chips) 
Seat 8: Com. Suarez ($2.68 in chips) 
Seat 9: Adam_W888 ($1.69 in chips) 
Com. Suarez: posts small blind $0.01
Adam_W888: posts big blind $0.02
*** HOLE CARDS ***
Dealt to Dorex2007 [Th Ac]
Ptogreenb: folds 
Johnson141: folds 
Tutanhamon15: folds 
lotojas: folds 
joekor00: folds 
Dorex2007 has timed out
Dorex2007: folds 
Nico55KQ: raises $0.06 to $0.08
Com. Suarez: folds 
Adam_W888: folds 
Uncalled bet ($0.06) returned to Nico55KQ
Nico55KQ collected $0.05 from pot
Nico55KQ: doesn't show hand 
*** SUMMARY ***
Total pot $0.05 | Rake $0 
Seat 1: Ptogreenb folded before Flop (didn't bet)
Seat 2: Johnson141 folded before Flop (didn't bet)
Seat 3: Tutanhamon15 folded before Flop (didn't bet)
Seat 4: lotojas folded before Flop (didn't bet)
Seat 5: joekor00 folded before Flop (didn't bet)
Seat 6: Dorex2007 folded before Flop (didn't bet)
Seat 7: Nico55KQ (button) collected ($0.05)
Seat 8: Com. Suarez (small blind) folded before Flop
Seat 9: Adam_W888 (big blind) folded before Flop



PokerStars Hand #227170400998:  Hold'em No Limit ($0.01/$0.02 USD) - 2021/05/29 13:55:31 PT [2021/05/29 16:55:31 ET]
Table 'Marceline III' 9-max Seat #8 is the button
Seat 1: Ptogreenb ($3.33 in chips) 
Seat 2: Johnson141 ($0.80 in chips) 
Seat 3: Tutanhamon15 ($2.99 in chips) 
Seat 4: lotojas ($2.81 in chips) 
Seat 5: joekor00 ($6.58 in chips) 
Seat 6: Dorex2007 ($3.97 in chips) 
Seat 7: Nico55KQ ($1.47 in chips) 
Seat 8: Com. Suarez ($2.67 in chips) 
Seat 9: Adam_W888 ($1.67 in chips) 
Adam_W888: posts small blind $0.01
Ptogreenb: posts big blind $0.02
*** HOLE CARDS ***
Dealt to Dorex2007 [9h 6s]
Johnson141: folds 
Tutanhamon15: folds 
lotojas: folds 
joekor00: folds 
Dorex2007: folds 
Nico55KQ: raises $0.06 to $0.08
Com. Suarez: folds 
Adam_W888: folds 
Ptogreenb: folds 
Uncalled bet ($0.06) returned to Nico55KQ
Nico55KQ collected $0.05 from pot
Nico55KQ: doesn't show hand 
*** SUMMARY ***
Total pot $0.05 | Rake $0 
Seat 1: Ptogreenb (big blind) folded before Flop
Seat 2: Johnson141 folded before Flop (didn't bet)
Seat 3: Tutanhamon15 folded before Flop (didn't bet)
Seat 4: lotojas folded before Flop (didn't bet)
Seat 5: joekor00 folded before Flop (didn't bet)
Seat 6: Dorex2007 folded before Flop (didn't bet)
Seat 7: Nico55KQ collected ($0.05)
Seat 8: Com. Suarez (button) folded before Flop (didn't bet)
Seat 9: Adam_W888 (small blind) folded before Flop



PokerStars Hand #227170411299:  Hold'em No Limit ($0.01/$0.02 USD) - 2021/05/29 13:56:06 PT [2021/05/29 16:56:06 ET]
Table 'Marceline III' 9-max Seat #9 is the button
Seat 1: Ptogreenb ($3.31 in chips) 
Seat 2: Johnson141 ($0.80 in chips) 
Seat 3: Tutanhamon15 ($2.99 in chips) 
Seat 4: lotojas ($2.81 in chips) 
Seat 5: joekor00 ($6.58 in chips) 
Seat 6: Dorex2007 ($3.97 in chips) 
Seat 7: Nico55KQ ($1.50 in chips) 
Seat 8: Com. Suarez ($2.67 in chips) 
Seat 9: Adam_W888 ($1.66 in chips) 
Ptogreenb: posts small blind $0.01
Johnson141: posts big blind $0.02
*** HOLE CARDS ***
Dealt to Dorex2007 [Ac As]
Tutanhamon15: folds 
lotojas: folds 
joekor00: folds 
Dorex2007: raises $0.04 to $0.06
Nico55KQ: folds 
Com. Suarez: folds 
Adam_W888: folds 
Ptogreenb: folds 
Johnson141: folds 
Uncalled bet ($0.04) returned to Dorex2007
Dorex2007 collected $0.05 from pot
Dorex2007: doesn't show hand 
*** SUMMARY ***
Total pot $0.05 | Rake $0 
Seat 1: Ptogreenb (small blind) folded before Flop
Seat 2: Johnson141 (big blind) folded before Flop
Seat 3: Tutanhamon15 folded before Flop (didn't bet)
Seat 4: lotojas folded before Flop (didn't bet)
Seat 5: joekor00 folded before Flop (didn't bet)
Seat 6: Dorex2007 collected ($0.05)
Seat 7: Nico55KQ folded before Flop (didn't bet)
Seat 8: Com. Suarez folded before Flop (didn't bet)
Seat 9: Adam_W888 (button) folded before Flop (didn't bet)



PokerStars Hand #227170417202:  Hold'em No Limit ($0.01/$0.02 USD) - 2021/05/29 13:56:25 PT [2021/05/29 16:56:25 ET]
Table 'Marceline III' 9-max Seat #1 is the button
Seat 1: Ptogreenb ($3.30 in chips) 
Seat 2: Johnson141 ($0.78 in chips) 
Seat 3: Tutanhamon15 ($2.99 in chips) 
Seat 4: lotojas ($2.81 in chips) 
Seat 5: joekor00 ($6.58 in chips) 
Seat 6: Dorex2007 ($4 in chips) 
Seat 7: Nico55KQ ($1.50 in chips) 
Seat 8: Com. Suarez ($2.67 in chips) 
Seat 9: Adam_W888 ($1.66 in chips) 
Johnson141: posts small blind $0.01
Tutanhamon15: posts big blind $0.02
*** HOLE CARDS ***
Dealt to Dorex2007 [9c 7d]
lotojas: folds 
joekor00: folds 
Dorex2007: folds 
lotojas leaves the table
Nico55KQ: raises $0.04 to $0.06
Com. Suarez: folds 
nativaboss joins the table at seat #4 
Adam_W888: folds 
Ptogreenb: folds 
Johnson141: folds 
Tutanhamon15: folds 
Uncalled bet ($0.04) returned to Nico55KQ
Nico55KQ collected $0.05 from pot
Nico55KQ: doesn't show hand 
*** SUMMARY ***
Total pot $0.05 | Rake $0 
Seat 1: Ptogreenb (button) folded before Flop (didn't bet)
Seat 2: Johnson141 (small blind) folded before Flop
Seat 3: Tutanhamon15 (big blind) folded before Flop
Seat 4: lotojas folded before Flop (didn't bet)
Seat 5: joekor00 folded before Flop (didn't bet)
Seat 6: Dorex2007 folded before Flop (didn't bet)
Seat 7: Nico55KQ collected ($0.05)
Seat 8: Com. Suarez folded before Flop (didn't bet)
Seat 9: Adam_W888 folded before Flop (didn't bet)



PokerStars Hand #227170424702:  Hold'em No Limit ($0.01/$0.02 USD) - 2021/05/29 13:56:50 PT [2021/05/29 16:56:50 ET]
Table 'Marceline III' 9-max Seat #2 is the button
Seat 1: Ptogreenb ($3.30 in chips) 
Seat 2: Johnson141 ($0.77 in chips) 
Seat 3: Tutanhamon15 ($2.97 in chips) 
Seat 4: nativaboss ($1.60 in chips) 
Seat 5: joekor00 ($6.58 in chips) 
Seat 6: Dorex2007 ($4 in chips) 
Seat 7: Nico55KQ ($1.53 in chips) 
Seat 8: Com. Suarez ($2.67 in chips) 
Seat 9: Adam_W888 ($1.66 in chips) 
Tutanhamon15: posts small blind $0.01
nativaboss: posts big blind $0.02
*** HOLE CARDS ***
Dealt to Dorex2007 [3d Jd]
joekor00: folds 
Dorex2007: folds 
Nico55KQ: folds 
Com. Suarez: folds 
Adam_W888: folds 
Ptogreenb: folds 
Johnson141: folds 
Tutanhamon15: raises $0.06 to $0.08
nativaboss: raises $0.06 to $0.14
Tutanhamon15: calls $0.06
*** FLOP *** [Qs Th Kd]
Tutanhamon15: checks 
nativaboss: bets $0.08
Tutanhamon15: calls $0.08
*** TURN *** [Qs Th Kd] [As]
Tutanhamon15: checks 
nativaboss: bets $0.06
Tutanhamon15: calls $0.06
*** RIVER *** [Qs Th Kd As] [Jh]
Tutanhamon15: checks 
nativaboss: bets $0.54
Tutanhamon15: calls $0.54
*** SHOW DOWN ***
nativaboss: shows [Ad 7d] (a straight, Ten to Ace)
Tutanhamon15: shows [Ah 9h] (a straight, Ten to Ace)
Tutanhamon15 collected $0.79 from pot
nativaboss collected $0.79 from pot
*** SUMMARY ***
Total pot $1.64 | Rake $0.06 
Board [Qs Th Kd As Jh]
Seat 1: Ptogreenb folded before Flop (didn't bet)
Seat 2: Johnson141 (button) folded before Flop (didn't bet)
Seat 3: Tutanhamon15 (small blind) showed [Ah 9h] and won ($0.79) with a straight, Ten to Ace
Seat 4: nativaboss (big blind) showed [Ad 7d] and won ($0.79) with a straight, Ten to Ace
Seat 5: joekor00 folded before Flop (didn't bet)
Seat 6: Dorex2007 folded before Flop (didn't bet)
Seat 7: Nico55KQ folded before Flop (didn't bet)
Seat 8: Com. Suarez folded before Flop (didn't bet)
Seat 9: Adam_W888 folded before Flop (didn't bet)



PokerStars Hand #227170439598:  Hold'em No Limit ($0.01/$0.02 USD) - 2021/05/29 13:57:40 PT [2021/05/29 16:57:40 ET]
Table 'Marceline III' 9-max Seat #3 is the button
Seat 1: Ptogreenb ($3.30 in chips) 
Seat 2: Johnson141 ($0.77 in chips) 
Seat 3: Tutanhamon15 ($2.94 in chips) 
Seat 4: nativaboss ($1.57 in chips) 
Seat 5: joekor00 ($6.58 in chips) 
Seat 6: Dorex2007 ($4 in chips) 
Seat 7: Nico55KQ ($1.53 in chips) 
Seat 8: Com. Suarez ($2.67 in chips) 
Seat 9: Adam_W888 ($1.66 in chips) 
nativaboss: posts small blind $0.01
joekor00: posts big blind $0.02
*** HOLE CARDS ***
Dealt to Dorex2007 [Ts 3d]
Dorex2007: folds 
Nico55KQ: folds 
Com. Suarez: folds 
Adam_W888: folds 
Ptogreenb: folds 
Johnson141: folds 
Tutanhamon15: raises $0.06 to $0.08
nativaboss: calls $0.07
joekor00: calls $0.06
*** FLOP *** [5d 8d 7h]
nativaboss: bets $0.02
joekor00: calls $0.02
Tutanhamon15: calls $0.02
*** TURN *** [5d 8d 7h] [9h]
nativaboss: bets $0.15
joekor00: raises $0.30 to $0.45
Tutanhamon15: calls $0.45
nativaboss: raises $1.02 to $1.47 and is all-in
joekor00: folds 
Tutanhamon15: calls $1.02
*** RIVER *** [5d 8d 7h 9h] [Qc]
*** SHOW DOWN ***
nativaboss: shows [Td Js] (a straight, Eight to Queen)
Tutanhamon15: shows [6h Ah] (a straight, Five to Nine)
nativaboss collected $3.56 from pot
*** SUMMARY ***
Total pot $3.69 | Rake $0.13 
Board [5d 8d 7h 9h Qc]
Seat 1: Ptogreenb folded before Flop (didn't bet)
Seat 2: Johnson141 folded before Flop (didn't bet)
Seat 3: Tutanhamon15 (button) showed [6h Ah] and lost with a straight, Five to Nine
Seat 4: nativaboss (small blind) showed [Td Js] and won ($3.56) with a straight, Eight to Queen
Seat 5: joekor00 (big blind) folded on the Turn
Seat 6: Dorex2007 folded before Flop (didn't bet)
Seat 7: Nico55KQ folded before Flop (didn't bet)
Seat 8: Com. Suarez folded before Flop (didn't bet)
Seat 9: Adam_W888 folded before Flop (didn't bet)



PokerStars Hand #227170462607:  Hold'em No Limit ($0.01/$0.02 USD) - 2021/05/29 13:58:52 PT [2021/05/29 16:58:52 ET]
Table 'Marceline III' 9-max Seat #4 is the button
Seat 1: Ptogreenb ($3.30 in chips) 
Seat 2: Johnson141 ($0.77 in chips) 
Seat 3: Tutanhamon15 ($2 in chips) 
Seat 4: nativaboss ($3.56 in chips) 
Seat 5: joekor00 ($6.03 in chips) 
Seat 6: Dorex2007 ($4 in chips) 
Seat 7: Nico55KQ ($1.53 in chips) 
Seat 8: Com. Suarez ($2.67 in chips) 
Seat 9: Adam_W888 ($1.66 in chips) 
joekor00: posts small blind $0.01
Dorex2007: posts big blind $0.02
*** HOLE CARDS ***
Dealt to Dorex2007 [Qd Kc]
Nico55KQ: calls $0.02
Com. Suarez: folds 
Adam_W888: folds 
Ptogreenb: folds 
Johnson141: folds 
Tutanhamon15: folds 
nativaboss: calls $0.02
joekor00: calls $0.01
Dorex2007: checks 
*** FLOP *** [Js 7d 6d]
joekor00: checks 
Dorex2007: checks 
Nico55KQ: checks 
nativaboss: checks 
*** TURN *** [Js 7d 6d] [3d]
joekor00: checks 
Dorex2007: checks 
Nico55KQ: checks 
nativaboss: checks 
*** RIVER *** [Js 7d 6d 3d] [Jd]
joekor00: checks 
Dorex2007: checks 
Nico55KQ: checks 
nativaboss: checks 
*** SHOW DOWN ***
joekor00: shows [Ts 8c] (a pair of Jacks)
Dorex2007: shows [Qd Kc] (a flush, Queen high)
Nico55KQ: mucks hand 
nativaboss: mucks hand 
Dorex2007 collected $0.08 from pot
*** SUMMARY ***
Total pot $0.08 | Rake $0 
Board [Js 7d 6d 3d Jd]
Seat 1: Ptogreenb folded before Flop (didn't bet)
Seat 2: Johnson141 folded before Flop (didn't bet)
Seat 3: Tutanhamon15 folded before Flop (didn't bet)
Seat 4: nativaboss (button) mucked [Qc 5h]
Seat 5: joekor00 (small blind) showed [Ts 8c] and lost with a pair of Jacks
Seat 6: Dorex2007 (big blind) showed [Qd Kc] and won ($0.08) with a flush, Queen high
Seat 7: Nico55KQ mucked [3c 2c]
Seat 8: Com. Suarez folded before Flop (didn't bet)
Seat 9: Adam_W888 folded before Flop (didn't bet)



PokerStars Hand #227170478637:  Hold'em No Limit ($0.01/$0.02 USD) - 2021/05/29 13:59:43 PT [2021/05/29 16:59:43 ET]
Table 'Marceline III' 9-max Seat #5 is the button
Seat 1: Ptogreenb ($3.30 in chips) 
Seat 2: Johnson141 ($0.77 in chips) 
Seat 3: Tutanhamon15 ($2 in chips) 
Seat 4: nativaboss ($3.54 in chips) 
Seat 5: joekor00 ($6.01 in chips) 
Seat 6: Dorex2007 ($4.06 in chips) 
Seat 7: Nico55KQ ($1.51 in chips) 
Seat 8: Com. Suarez ($2.67 in chips) 
Seat 9: Adam_W888 ($1.66 in chips) 
Dorex2007: posts small blind $0.01
Nico55KQ: posts big blind $0.02
*** HOLE CARDS ***
Dealt to Dorex2007 [Jh Qd]
Com. Suarez: folds 
Adam_W888: folds 
Ptogreenb: folds 
Johnson141: folds 
Tutanhamon15: folds 
nativaboss: folds 
joekor00: raises $0.04 to $0.06
Dorex2007: folds 
Nico55KQ: calls $0.04
*** FLOP *** [Th Jc Ac]
Nico55KQ: checks 
joekor00: bets $0.09
Nico55KQ: calls $0.09
*** TURN *** [Th Jc Ac] [3d]
Nico55KQ: checks 
Com. Suarez leaves the table
joekor00: bets $0.22
Nico55KQ: folds 
Uncalled bet ($0.22) returned to joekor00
joekor00 collected $0.30 from pot
joekor00: doesn't show hand 
*** SUMMARY ***
Total pot $0.31 | Rake $0.01 
Board [Th Jc Ac 3d]
Seat 1: Ptogreenb folded before Flop (didn't bet)
Seat 2: Johnson141 folded before Flop (didn't bet)
Seat 3: Tutanhamon15 folded before Flop (didn't bet)
Seat 4: nativaboss folded before Flop (didn't bet)
Seat 5: joekor00 (button) collected ($0.30)
Seat 6: Dorex2007 (small blind) folded before Flop
Seat 7: Nico55KQ (big blind) folded on the Turn
Seat 8: Com. Suarez folded before Flop (didn't bet)
Seat 9: Adam_W888 folded before Flop (didn't bet)



PokerStars Hand #227170494686:  Hold'em No Limit ($0.01/$0.02 USD) - 2021/05/29 14:00:33 PT [2021/05/29 17:00:33 ET]
Table 'Marceline III' 9-max Seat #6 is the button
Seat 1: Ptogreenb ($3.30 in chips) 
Seat 2: Johnson141 ($0.77 in chips) 
Seat 3: Tutanhamon15 ($2 in chips) 
Seat 4: nativaboss ($3.54 in chips) 
Seat 5: joekor00 ($6.16 in chips) 
Seat 6: Dorex2007 ($4.05 in chips) 
Seat 7: Nico55KQ ($1.36 in chips) 
Seat 9: Adam_W888 ($1.66 in chips) 
Nico55KQ: posts small blind $0.01
Adam_W888: posts big blind $0.02
*** HOLE CARDS ***
Dealt to Dorex2007 [Ad 4h]
Ptogreenb: raises $0.02 to $0.04
Johnson141: folds 
Tutanhamon15: folds 
nativaboss: calls $0.04
joekor00: calls $0.04
Dorex2007: folds 
Nico55KQ: folds 
Adam_W888: folds 
*** FLOP *** [Th Ks 8c]
Ptogreenb: bets $0.05
nativaboss: folds 
joekor00: folds 
Uncalled bet ($0.05) returned to Ptogreenb
Ptogreenb collected $0.14 from pot
Ptogreenb: doesn't show hand 
*** SUMMARY ***
Total pot $0.15 | Rake $0.01 
Board [Th Ks 8c]
Seat 1: Ptogreenb collected ($0.14)
Seat 2: Johnson141 folded before Flop (didn't bet)
Seat 3: Tutanhamon15 folded before Flop (didn't bet)
Seat 4: nativaboss folded on the Flop
Seat 5: joekor00 folded on the Flop
Seat 6: Dorex2007 (button) folded before Flop (didn't bet)
Seat 7: Nico55KQ (small blind) folded before Flop
Seat 9: Adam_W888 (big blind) folded before Flop



PokerStars Hand #227170505390:  Hold'em No Limit ($0.01/$0.02 USD) - 2021/05/29 14:01:05 PT [2021/05/29 17:01:05 ET]
Table 'Marceline III' 9-max Seat #7 is the button
Seat 1: Ptogreenb ($3.40 in chips) 
Seat 2: Johnson141 ($0.77 in chips) 
Seat 3: Tutanhamon15 ($2 in chips) 
Seat 4: nativaboss ($3.50 in chips) 
Seat 5: joekor00 ($6.12 in chips) 
Seat 6: Dorex2007 ($4.05 in chips) 
Seat 7: Nico55KQ ($1.35 in chips) 
Seat 9: Adam_W888 ($1.64 in chips) 
Adam_W888: posts small blind $0.01
Ptogreenb: posts big blind $0.02
*** HOLE CARDS ***
Dealt to Dorex2007 [8s Ts]
Johnson141: folds 
Tutanhamon15: folds 
nativaboss: calls $0.02
MalinRush13 joins the table at seat #8 
joekor00: raises $0.06 to $0.08
Dorex2007: folds 
Nico55KQ: calls $0.08
Adam_W888: raises $0.34 to $0.42
Ptogreenb: folds 
nativaboss: folds 
joekor00: folds 
Nico55KQ: folds [As]
Uncalled bet ($0.34) returned to Adam_W888
Adam_W888 collected $0.28 from pot
Adam_W888: doesn't show hand 
*** SUMMARY ***
Total pot $0.28 | Rake $0 
Seat 1: Ptogreenb (big blind) folded before Flop
Seat 2: Johnson141 folded before Flop (didn't bet)
Seat 3: Tutanhamon15 folded before Flop (didn't bet)
Seat 4: nativaboss folded before Flop
Seat 5: joekor00 folded before Flop
Seat 6: Dorex2007 folded before Flop (didn't bet)
Seat 7: Nico55KQ (button) folded before Flop
Seat 9: Adam_W888 (small blind) collected ($0.28)



PokerStars Hand #227170522158:  Hold'em No Limit ($0.01/$0.02 USD) - 2021/05/29 14:01:42 PT [2021/05/29 17:01:42 ET]
Table 'Marceline III' 9-max Seat #9 is the button
Seat 1: Ptogreenb ($3.38 in chips) 
Seat 2: Johnson141 ($0.77 in chips) 
Seat 3: Tutanhamon15 ($2 in chips) 
Seat 4: nativaboss ($3.48 in chips) 
Seat 5: joekor00 ($6.04 in chips) 
Seat 6: Dorex2007 ($4.05 in chips) 
Seat 7: Nico55KQ ($1.27 in chips) 
Seat 9: Adam_W888 ($1.84 in chips) 
Ptogreenb: posts small blind $0.01
Johnson141: posts big blind $0.02
MalinRush13: sits out 
*** HOLE CARDS ***
Dealt to Dorex2007 [Th 2s]
Tutanhamon15: folds 
nativaboss: calls $0.02
joekor00: calls $0.02
Dorex2007: folds 
Nico55KQ: calls $0.02
Adam_W888: folds 
Ptogreenb: calls $0.01
Johnson141: checks 
*** FLOP *** [As 8d 6h]
Ptogreenb: checks 
Johnson141: checks 
nativaboss: checks 
joekor00: checks 
Nico55KQ: bets $0.04
Ptogreenb: folds 
Johnson141: calls $0.04
nativaboss: folds 
joekor00: calls $0.04
*** TURN *** [As 8d 6h] [2h]
Johnson141: checks 
joekor00: checks 
Nico55KQ: bets $0.08
Johnson141: calls $0.08
joekor00: calls $0.08
*** RIVER *** [As 8d 6h 2h] [Kh]
Johnson141: checks 
nativaboss leaves the table
joekor00: checks 
Nico55KQ: checks 
*** SHOW DOWN ***
Johnson141: shows [5c 7s] (high card Ace)
joekor00: mucks hand 
Nico55KQ: shows [8h Qd] (a pair of Eights)
Nico55KQ collected $0.44 from pot
*** SUMMARY ***
Total pot $0.46 | Rake $0.02 
Board [As 8d 6h 2h Kh]
Seat 1: Ptogreenb (small blind) folded on the Flop
Seat 2: Johnson141 (big blind) showed [5c 7s] and lost with high card Ace
Seat 3: Tutanhamon15 folded before Flop (didn't bet)
Seat 4: nativaboss folded on the Flop
Seat 5: joekor00 mucked [3d 5d]
Seat 6: Dorex2007 folded before Flop (didn't bet)
Seat 7: Nico55KQ showed [8h Qd] and won ($0.44) with a pair of Eights
Seat 9: Adam_W888 (button) folded before Flop (didn't bet)



PokerStars Hand #227170555475:  Hold'em No Limit ($0.01/$0.02 USD) - 2021/05/29 14:02:59 PT [2021/05/29 17:02:59 ET]
Table 'Marceline III' 9-max Seat #1 is the button
Seat 1: Ptogreenb ($3.36 in chips) 
Seat 2: Johnson141 ($0.63 in chips) 
Seat 3: Tutanhamon15 ($2 in chips) 
Seat 5: joekor00 ($5.90 in chips) 
Seat 6: Dorex2007 ($4.05 in chips) 
Seat 7: Nico55KQ ($1.57 in chips) 
Seat 9: Adam_W888 ($1.84 in chips) 
Johnson141: posts small blind $0.01
Tutanhamon15: posts big blind $0.02
MalinRush13: sits out 
*** HOLE CARDS ***
Dealt to Dorex2007 [3d 8h]
Egor_trader joins the table at seat #4 
joekor00: raises $0.04 to $0.06
Dorex2007: folds 
Nico55KQ: folds 
Nico55KQ leaves the table
Adam_W888: folds 
Ptogreenb: calls $0.06
Johnson141: folds 
Tutanhamon15: folds 
*** FLOP *** [9h 4c Qd]
joekor00: bets $0.09
Ptogreenb: folds 
Uncalled bet ($0.09) returned to joekor00
joekor00 collected $0.14 from pot
joekor00: doesn't show hand 
*** SUMMARY ***
Total pot $0.15 | Rake $0.01 
Board [9h 4c Qd]
Seat 1: Ptogreenb (button) folded on the Flop
Seat 2: Johnson141 (small blind) folded before Flop
Seat 3: Tutanhamon15 (big blind) folded before Flop
Seat 5: joekor00 collected ($0.14)
Seat 6: Dorex2007 folded before Flop (didn't bet)
Seat 7: Nico55KQ folded before Flop (didn't bet)
Seat 9: Adam_W888 folded before Flop (didn't bet)



PokerStars Hand #227170569973:  Hold'em No Limit ($0.01/$0.02 USD) - 2021/05/29 14:03:32 PT [2021/05/29 17:03:32 ET]
Table 'Marceline III' 9-max Seat #2 is the button
Seat 1: Ptogreenb ($3.30 in chips) 
Seat 2: Johnson141 ($0.62 in chips) 
Seat 3: Tutanhamon15 ($2 in chips) 
Seat 4: Egor_trader ($2 in chips) 
Seat 5: joekor00 ($5.98 in chips) 
Seat 6: Dorex2007 ($4.05 in chips) 
Tutanhamon15: posts small blind $0.01
Egor_trader: posts big blind $0.02
MalinRush13: sits out 
*** HOLE CARDS ***
Dealt to Dorex2007 [Ac 5s]
joekor00: folds 
Dorex2007: folds 
Ptogreenb: raises $0.02 to $0.04
Johnson141: folds 
Tutanhamon15: folds 
Egor_trader: folds 
Uncalled bet ($0.02) returned to Ptogreenb
Ptogreenb collected $0.05 from pot
Ptogreenb: doesn't show hand 
*** SUMMARY ***
Total pot $0.05 | Rake $0 
Seat 1: Ptogreenb collected ($0.05)
Seat 2: Johnson141 (button) folded before Flop (didn't bet)
Seat 3: Tutanhamon15 (small blind) folded before Flop
Seat 4: Egor_trader (big blind) folded before Flop
Seat 5: joekor00 folded before Flop (didn't bet)
Seat 6: Dorex2007 folded before Flop (didn't bet)



PokerStars Hand #227170577544:  Hold'em No Limit ($0.01/$0.02 USD) - 2021/05/29 14:03:49 PT [2021/05/29 17:03:49 ET]
Table 'Marceline III' 9-max Seat #3 is the button
Seat 1: Ptogreenb ($3.33 in chips) 
Seat 2: Johnson141 ($0.62 in chips) 
Seat 3: Tutanhamon15 ($2 in chips) 
Seat 4: Egor_trader ($1.98 in chips) 
Seat 5: joekor00 ($5.98 in chips) 
Seat 6: Dorex2007 ($4.05 in chips) 
Egor_trader: posts small blind $0.01
joekor00: posts big blind $0.02
MalinRush13: sits out 
*** HOLE CARDS ***
Dealt to Dorex2007 [Ks 3c]
Dorex2007: folds 
Ptogreenb: folds 
Johnson141: folds 
Tutanhamon15: raises $0.06 to $0.08
MalinRush13 leaves the table
Egor_trader: folds 
joekor00: folds 
Uncalled bet ($0.06) returned to Tutanhamon15
Tutanhamon15 collected $0.05 from pot
Tutanhamon15: doesn't show hand 
*** SUMMARY ***
Total pot $0.05 | Rake $0 
Seat 1: Ptogreenb folded before Flop (didn't bet)
Seat 2: Johnson141 folded before Flop (didn't bet)
Seat 3: Tutanhamon15 (button) collected ($0.05)
Seat 4: Egor_trader (small blind) folded before Flop
Seat 5: joekor00 (big blind) folded before Flop
Seat 6: Dorex2007 folded before Flop (didn't bet)



PokerStars Hand #227170585658:  Hold'em No Limit ($0.01/$0.02 USD) - 2021/05/29 14:04:02 PT [2021/05/29 17:04:02 ET]
Table 'Marceline III' 9-max Seat #4 is the button
Seat 1: Ptogreenb ($3.33 in chips) 
Seat 2: Johnson141 ($0.62 in chips) 
Seat 3: Tutanhamon15 ($2.03 in chips) 
Seat 4: Egor_trader ($1.97 in chips) 
Seat 5: joekor00 ($5.96 in chips) 
Seat 6: Dorex2007 ($4.05 in chips) 
joekor00: posts small blind $0.01
Dorex2007: posts big blind $0.02
*** HOLE CARDS ***
Dealt to Dorex2007 [6h 6c]
Ptogreenb: folds 
Johnson141: folds 
Tutanhamon15: folds 
Egor_trader: raises $0.04 to $0.06
joekor00: folds 
Dorex2007: folds 
Uncalled bet ($0.04) returned to Egor_trader
Egor_trader collected $0.05 from pot
Egor_trader: doesn't show hand 
*** SUMMARY ***
Total pot $0.05 | Rake $0 
Seat 1: Ptogreenb folded before Flop (didn't bet)
Seat 2: Johnson141 folded before Flop (didn't bet)
Seat 3: Tutanhamon15 folded before Flop (didn't bet)
Seat 4: Egor_trader (button) collected ($0.05)
Seat 5: joekor00 (small blind) folded before Flop
Seat 6: Dorex2007 (big blind) folded before Flop



PokerStars Hand #227170593432:  Hold'em No Limit ($0.01/$0.02 USD) - 2021/05/29 14:04:19 PT [2021/05/29 17:04:19 ET]
Table 'Marceline III' 9-max Seat #5 is the button
Seat 1: Ptogreenb ($3.33 in chips) 
Seat 2: Johnson141 ($0.80 in chips) 
Seat 3: Tutanhamon15 ($2.03 in chips) 
Seat 4: Egor_trader ($2 in chips) 
Seat 5: joekor00 ($5.95 in chips) 
Seat 6: Dorex2007 ($4.03 in chips) 
Dorex2007: posts small blind $0.01
Ptogreenb: posts big blind $0.02
*** HOLE CARDS ***
Dealt to Dorex2007 [6c 5d]
Johnson141: folds 
Tutanhamon15: raises $0.06 to $0.08
Egor_trader: folds 
joekor00: folds 
Dorex2007: folds 
Ptogreenb: folds 
Uncalled bet ($0.06) returned to Tutanhamon15
Tutanhamon15 collected $0.05 from pot
Tutanhamon15: doesn't show hand 
*** SUMMARY ***
Total pot $0.05 | Rake $0 
Seat 1: Ptogreenb (big blind) folded before Flop
Seat 2: Johnson141 folded before Flop (didn't bet)
Seat 3: Tutanhamon15 collected ($0.05)
Seat 4: Egor_trader folded before Flop (didn't bet)
Seat 5: joekor00 (button) folded before Flop (didn't bet)
Seat 6: Dorex2007 (small blind) folded before Flop



PokerStars Hand #227170598501:  Hold'em No Limit ($0.01/$0.02 USD) - 2021/05/29 14:04:30 PT [2021/05/29 17:04:30 ET]
Table 'Marceline III' 9-max Seat #6 is the button
Seat 1: Ptogreenb ($3.31 in chips) 
Seat 2: Johnson141 ($0.80 in chips) 
Seat 3: Tutanhamon15 ($2.06 in chips) 
Seat 4: Egor_trader ($2 in chips) 
Seat 5: joekor00 ($5.95 in chips) 
Seat 6: Dorex2007 ($4.02 in chips) 
Ptogreenb: posts small blind $0.01
Johnson141: posts big blind $0.02
*** HOLE CARDS ***
Dealt to Dorex2007 [Kh 4c]
Tutanhamon15: folds 
Egor_trader: folds 
joekor00: folds 
Dorex2007: folds 
Ptogreenb: folds 
Uncalled bet ($0.01) returned to Johnson141
Johnson141 collected $0.02 from pot
Johnson141: doesn't show hand 
*** SUMMARY ***
Total pot $0.02 | Rake $0 
Seat 1: Ptogreenb (small blind) folded before Flop
Seat 2: Johnson141 (big blind) collected ($0.02)
Seat 3: Tutanhamon15 folded before Flop (didn't bet)
Seat 4: Egor_trader folded before Flop (didn't bet)
Seat 5: joekor00 folded before Flop (didn't bet)
Seat 6: Dorex2007 (button) folded before Flop (didn't bet)



PokerStars Hand #227170601873:  Hold'em No Limit ($0.01/$0.02 USD) - 2021/05/29 14:04:37 PT [2021/05/29 17:04:37 ET]
Table 'Marceline III' 9-max Seat #1 is the button
Seat 1: Ptogreenb ($3.30 in chips) 
Seat 2: Johnson141 ($0.81 in chips) 
Seat 4: Egor_trader ($2 in chips) 
Seat 5: joekor00 ($5.95 in chips) 
Seat 6: Dorex2007 ($4.02 in chips) 
Johnson141: posts small blind $0.01
Tutanhamon15: is sitting out 
Egor_trader: posts big blind $0.02
*** HOLE CARDS ***
Dealt to Dorex2007 [7d 6s]
Tutanhamon15 leaves the table
joekor00 has timed out
joekor00: folds 
Dorex2007: folds 
Ptogreenb: raises $0.04 to $0.06
Johnson141: folds 
Egor_trader: folds 
Uncalled bet ($0.04) returned to Ptogreenb
Ptogreenb collected $0.05 from pot
Ptogreenb: doesn't show hand 
*** SUMMARY ***
Total pot $0.05 | Rake $0 
Seat 1: Ptogreenb (button) collected ($0.05)
Seat 2: Johnson141 (small blind) folded before Flop
Seat 4: Egor_trader (big blind) folded before Flop
Seat 5: joekor00 folded before Flop (didn't bet)
Seat 6: Dorex2007 folded before Flop (didn't bet)



PokerStars Hand #227170611252:  Hold'em No Limit ($0.01/$0.02 USD) - 2021/05/29 14:04:58 PT [2021/05/29 17:04:58 ET]
Table 'Marceline III' 9-max Seat #2 is the button
Seat 1: Ptogreenb ($3.33 in chips) 
Seat 2: Johnson141 ($0.80 in chips) 
Seat 4: Egor_trader ($1.98 in chips) 
Seat 5: joekor00 ($5.95 in chips) 
Seat 6: Dorex2007 ($4.02 in chips) 
Egor_trader: posts small blind $0.01
joekor00: posts big blind $0.02
*** HOLE CARDS ***
Dealt to Dorex2007 [Kd 9c]
Dorex2007: folds 
Ptogreenb: folds 
Johnson141: folds 
Egor_trader: raises $0.04 to $0.06
joekor00: calls $0.04
*** FLOP *** [6h As Ah]
Egor_trader: checks 
joekor00: checks 
*** TURN *** [6h As Ah] [Qc]
Egor_trader: bets $0.12
joekor00: folds 
Uncalled bet ($0.12) returned to Egor_trader
Egor_trader collected $0.12 from pot
Egor_trader: doesn't show hand 
*** SUMMARY ***
Total pot $0.12 | Rake $0 
Board [6h As Ah Qc]
Seat 1: Ptogreenb folded before Flop (didn't bet)
Seat 2: Johnson141 (button) folded before Flop (didn't bet)
Seat 4: Egor_trader (small blind) collected ($0.12)
Seat 5: joekor00 (big blind) folded on the Turn
Seat 6: Dorex2007 folded before Flop (didn't bet)



PokerStars Hand #227170625429:  Hold'em No Limit ($0.01/$0.02 USD) - 2021/05/29 14:05:29 PT [2021/05/29 17:05:29 ET]
Table 'Marceline III' 9-max Seat #4 is the button
Seat 1: Ptogreenb ($3.33 in chips) 
Seat 2: Johnson141 ($0.80 in chips) 
Seat 4: Egor_trader ($2.04 in chips) 
Seat 5: joekor00 ($5.89 in chips) 
Seat 6: Dorex2007 ($4.02 in chips) 
joekor00: posts small blind $0.01
Dorex2007: posts big blind $0.02
*** HOLE CARDS ***
Dealt to Dorex2007 [Jc 6h]
Ptogreenb: folds 
Johnson141: folds 
NessaCakes joins the table at seat #7 
Egor_trader: folds 
Egor_trader leaves the table
joekor00: raises $0.04 to $0.06
Dorex2007: folds 
Uncalled bet ($0.04) returned to joekor00
joekor00 collected $0.04 from pot
joekor00: doesn't show hand 
*** SUMMARY ***
Total pot $0.04 | Rake $0 
Seat 1: Ptogreenb folded before Flop (didn't bet)
Seat 2: Johnson141 folded before Flop (didn't bet)
Seat 4: Egor_trader (button) folded before Flop (didn't bet)
Seat 5: joekor00 (small blind) collected ($0.04)
Seat 6: Dorex2007 (big blind) folded before Flop



PokerStars Hand #227170635047:  Hold'em No Limit ($0.01/$0.02 USD) - 2021/05/29 14:05:50 PT [2021/05/29 17:05:50 ET]
Table 'Marceline III' 9-max Seat #5 is the button
Seat 1: Ptogreenb ($3.33 in chips) 
Seat 2: Johnson141 ($0.80 in chips) 
Seat 5: joekor00 ($5.91 in chips) 
Seat 6: Dorex2007 ($4 in chips) 
Seat 7: NessaCakes ($2 in chips) 
Dorex2007: posts small blind $0.01
NessaCakes: posts big blind $0.02
Adam_W888: sits out 
*** HOLE CARDS ***
Dealt to Dorex2007 [7s Tc]
Ptogreenb: folds 
Johnson141: folds 
joekor00: raises $0.04 to $0.06
Dorex2007: folds 
NessaCakes: folds 
Uncalled bet ($0.04) returned to joekor00
joekor00 collected $0.05 from pot
joekor00: doesn't show hand 
*** SUMMARY ***
Total pot $0.05 | Rake $0 
Seat 1: Ptogreenb folded before Flop (didn't bet)
Seat 2: Johnson141 folded before Flop (didn't bet)
Seat 5: joekor00 (button) collected ($0.05)
Seat 6: Dorex2007 (small blind) folded before Flop
Seat 7: NessaCakes (big blind) folded before Flop



PokerStars Hand #227170641294:  Hold'em No Limit ($0.01/$0.02 USD) - 2021/05/29 14:06:04 PT [2021/05/29 17:06:04 ET]
Table 'Marceline III' 9-max Seat #6 is the button
Seat 1: Ptogreenb ($3.33 in chips) 
Seat 2: Johnson141 ($0.80 in chips) 
Seat 5: joekor00 ($5.94 in chips) 
Seat 6: Dorex2007 ($3.99 in chips) 
Seat 7: NessaCakes ($1.98 in chips) 
Seat 9: Adam_W888 ($1.84 in chips) 
NessaCakes: posts small blind $0.01
Adam_W888: posts big blind $0.02
*** HOLE CARDS ***
Dealt to Dorex2007 [2c 8d]
Ptogreenb: folds 
Johnson141: folds 
joekor00: raises $0.04 to $0.06
Dorex2007: folds 
NessaCakes: folds 
Adam_W888: raises $0.08 to $0.14
joekor00: calls $0.08
*** FLOP *** [7h Ks 3d]
Adam_W888: bets $0.14
joekor00: calls $0.14
*** TURN *** [7h Ks 3d] [Kh]
Adam_W888: bets $0.28
joekor00: calls $0.28
*** RIVER *** [7h Ks 3d Kh] [Qd]
Adam_W888: bets $0.55
joekor00: folds 
Uncalled bet ($0.55) returned to Adam_W888
Adam_W888 collected $1.09 from pot
Adam_W888: doesn't show hand 
*** SUMMARY ***
Total pot $1.13 | Rake $0.04 
Board [7h Ks 3d Kh Qd]
Seat 1: Ptogreenb folded before Flop (didn't bet)
Seat 2: Johnson141 folded before Flop (didn't bet)
Seat 5: joekor00 folded on the River
Seat 6: Dorex2007 (button) folded before Flop (didn't bet)
Seat 7: NessaCakes (small blind) folded before Flop
Seat 9: Adam_W888 (big blind) collected ($1.09)



PokerStars Hand #227170673791:  Hold'em No Limit ($0.01/$0.02 USD) - 2021/05/29 14:07:14 PT [2021/05/29 17:07:14 ET]
Table 'Marceline III' 9-max Seat #7 is the button
Seat 1: Ptogreenb ($3.33 in chips) 
Seat 2: Johnson141 ($0.80 in chips) 
Seat 5: joekor00 ($5.38 in chips) 
Seat 6: Dorex2007 ($3.99 in chips) 
Seat 7: NessaCakes ($1.97 in chips) 
Seat 9: Adam_W888 ($2.37 in chips) 
Adam_W888: posts small blind $0.01
Ptogreenb: posts big blind $0.02
*** HOLE CARDS ***
Dealt to Dorex2007 [8h 4s]
Johnson141: folds 
joekor00: raises $0.04 to $0.06
Dorex2007: folds 
NessaCakes: folds 
Adam_W888: folds 
PulhOs joins the table at seat #3 
Ptogreenb: folds 
Uncalled bet ($0.04) returned to joekor00
joekor00 collected $0.05 from pot
kurtev87 joins the table at seat #4 
joekor00: doesn't show hand 
*** SUMMARY ***
Total pot $0.05 | Rake $0 
Seat 1: Ptogreenb (big blind) folded before Flop
Seat 2: Johnson141 folded before Flop (didn't bet)
Seat 5: joekor00 collected ($0.05)
Seat 6: Dorex2007 folded before Flop (didn't bet)
Seat 7: NessaCakes (button) folded before Flop (didn't bet)
Seat 9: Adam_W888 (small blind) folded before Flop



PokerStars Hand #227170687275:  Hold'em No Limit ($0.01/$0.02 USD) - 2021/05/29 14:07:39 PT [2021/05/29 17:07:39 ET]
Table 'Marceline III' 9-max Seat #9 is the button
Seat 1: Ptogreenb ($3.31 in chips) 
Seat 3: PulhOs ($2 in chips) 
Seat 5: joekor00 ($5.41 in chips) 
Seat 6: Dorex2007 ($3.99 in chips) 
Seat 7: NessaCakes ($1.97 in chips) 
Seat 9: Adam_W888 ($2.36 in chips) 
Ptogreenb: posts small blind $0.01
Johnson141: is sitting out 
PulhOs: posts big blind $0.02
kurtev87: sits out 
*** HOLE CARDS ***
Dealt to Dorex2007 [Kh Js]
mmanolinho joins the table at seat #8 
joekor00: raises $0.05 to $0.07
Dorex2007: folds 
kurtev87 leaves the table
NessaCakes: folds 
Johnson141 leaves the table
Adam_W888: folds 
Ptogreenb: folds 
PulhOs: calls $0.05
*** FLOP *** [8c 6s 5h]
PulhOs: checks 
joekor00: bets $0.10
(+)U(-)230V joins the table at seat #2 
Johnson141 joins the table at seat #4 
PulhOs: folds 
Uncalled bet ($0.10) returned to joekor00
joekor00 collected $0.14 from pot
joekor00: doesn't show hand 
*** SUMMARY ***
Total pot $0.15 | Rake $0.01 
Board [8c 6s 5h]
Seat 1: Ptogreenb (small blind) folded before Flop
Seat 3: PulhOs (big blind) folded on the Flop
Seat 5: joekor00 collected ($0.14)
Seat 6: Dorex2007 folded before Flop (didn't bet)
Seat 7: NessaCakes folded before Flop (didn't bet)
Seat 9: Adam_W888 (button) folded before Flop (didn't bet)



PokerStars Hand #227170702457:  Hold'em No Limit ($0.01/$0.02 USD) - 2021/05/29 14:08:12 PT [2021/05/29 17:08:12 ET]
Table 'Marceline III' 9-max Seat #1 is the button
Seat 1: Ptogreenb ($3.30 in chips) 
Seat 5: joekor00 ($5.48 in chips) 
Seat 6: Dorex2007 ($3.99 in chips) 
Seat 7: NessaCakes ($1.97 in chips) 
Seat 8: mmanolinho ($1.60 in chips) 
Seat 9: Adam_W888 ($2.36 in chips) 
joekor00: posts small blind $0.01
Dorex2007: posts big blind $0.02
mmanolinho: posts big blind $0.02
*** HOLE CARDS ***
Dealt to Dorex2007 [As 7c]
NessaCakes: folds 
mmanolinho: checks 
Adam_W888: folds 
Ptogreenb: folds 
joekor00: folds 
Dorex2007: checks 
*** FLOP *** [9s 9c 5h]
Dorex2007: checks 
mmanolinho: checks 
*** TURN *** [9s 9c 5h] [8h]
Dorex2007: bets $0.03
mmanolinho: folds 
Uncalled bet ($0.03) returned to Dorex2007
Dorex2007 collected $0.05 from pot
Dorex2007: doesn't show hand 
*** SUMMARY ***
Total pot $0.05 | Rake $0 
Board [9s 9c 5h 8h]
Seat 1: Ptogreenb (button) folded before Flop (didn't bet)
Seat 5: joekor00 (small blind) folded before Flop
Seat 6: Dorex2007 (big blind) collected ($0.05)
Seat 7: NessaCakes folded before Flop (didn't bet)
Seat 8: mmanolinho folded on the Turn (didn't bet)
Seat 9: Adam_W888 folded before Flop (didn't bet)



PokerStars Hand #227170718835:  Hold'em No Limit ($0.01/$0.02 USD) - 2021/05/29 14:08:47 PT [2021/05/29 17:08:47 ET]
Table 'Marceline III' 9-max Seat #5 is the button
Seat 1: Ptogreenb ($3.30 in chips) 
Seat 5: joekor00 ($5.47 in chips) 
Seat 6: Dorex2007 ($4.02 in chips) 
Seat 7: NessaCakes ($1.97 in chips) 
Seat 8: mmanolinho ($1.58 in chips) 
Seat 9: Adam_W888 ($2.36 in chips) 
Dorex2007: posts small blind $0.01
NessaCakes: posts big blind $0.02
(+)U(-)230V: sits out 
Johnson141: sits out 
*** HOLE CARDS ***
Dealt to Dorex2007 [Jc Tc]
mmanolinho: raises $0.06 to $0.08
Adam_W888: folds 
Ptogreenb: folds 
joekor00: calls $0.08
Dorex2007: folds 
NessaCakes: raises $0.28 to $0.36
mmanolinho: raises $1.22 to $1.58 and is all-in
joekor00: folds 
NessaCakes: calls $1.22
*** FLOP *** [Qs Ac Kh]
*** TURN *** [Qs Ac Kh] [2h]
*** RIVER *** [Qs Ac Kh 2h] [3d]
*** SHOW DOWN ***
NessaCakes: shows [Ah As] (three of a kind, Aces)
mmanolinho: shows [Jh Js] (a pair of Jacks)
NessaCakes collected $3.14 from pot
mmanolinho cashed out the hand for $0.56 | Cash Out Fee $0.01
*** SUMMARY ***
Total pot $3.25 | Rake $0.11 
Board [Qs Ac Kh 2h 3d]
Seat 1: Ptogreenb folded before Flop (didn't bet)
Seat 5: joekor00 (button) folded before Flop
Seat 6: Dorex2007 (small blind) folded before Flop
Seat 7: NessaCakes (big blind) showed [Ah As] and won ($3.14) with three of a kind, Aces
Seat 8: mmanolinho showed [Jh Js] and lost with a pair of Jacks (cashed out).
Seat 9: Adam_W888 folded before Flop (didn't bet)



PokerStars Hand #227170754331:  Hold'em No Limit ($0.01/$0.02 USD) - 2021/05/29 14:09:43 PT [2021/05/29 17:09:43 ET]
Table 'Marceline III' 9-max Seat #6 is the button
Seat 1: Ptogreenb ($3.30 in chips) 
Seat 5: joekor00 ($5.39 in chips) 
Seat 6: Dorex2007 ($4.01 in chips) 
Seat 7: NessaCakes ($3.53 in chips) 
Seat 8: mmanolinho ($0.56 in chips) 
Seat 9: Adam_W888 ($2.36 in chips) 
NessaCakes: posts small blind $0.01
mmanolinho: posts big blind $0.02
(+)U(-)230V: sits out 
Johnson141: sits out 
*** HOLE CARDS ***
Dealt to Dorex2007 [3c 4d]
Adam_W888: folds 
Ptogreenb: folds 
joekor00: folds 
Dorex2007: folds 
NessaCakes: folds 
Uncalled bet ($0.01) returned to mmanolinho
mmanolinho collected $0.02 from pot
mmanolinho: doesn't show hand 
*** SUMMARY ***
Total pot $0.02 | Rake $0 
Seat 1: Ptogreenb folded before Flop (didn't bet)
Seat 5: joekor00 folded before Flop (didn't bet)
Seat 6: Dorex2007 (button) folded before Flop (didn't bet)
Seat 7: NessaCakes (small blind) folded before Flop
Seat 8: mmanolinho (big blind) collected ($0.02)
Seat 9: Adam_W888 folded before Flop (didn't bet)



PokerStars Hand #227170759717:  Hold'em No Limit ($0.01/$0.02 USD) - 2021/05/29 14:09:54 PT [2021/05/29 17:09:54 ET]
Table 'Marceline III' 9-max Seat #7 is the button
Seat 1: Ptogreenb ($3.30 in chips) 
Seat 5: joekor00 ($5.39 in chips) 
Seat 6: Dorex2007 ($4.01 in chips) 
Seat 7: NessaCakes ($3.52 in chips) 
Seat 8: mmanolinho ($0.57 in chips) 
Seat 9: Adam_W888 ($2.36 in chips) 
mmanolinho: posts small blind $0.01
Adam_W888: posts big blind $0.02
(+)U(-)230V: sits out 
Johnson141: sits out 
*** HOLE CARDS ***
Dealt to Dorex2007 [Qh Kd]
Ptogreenb: folds 
joekor00: folds 
Dorex2007: raises $0.04 to $0.06
NessaCakes: folds 
mmanolinho: calls $0.05
Adam_W888: folds 
*** FLOP *** [8s Kh 3d]
mmanolinho: checks 
Dorex2007: bets $0.09
mmanolinho: folds 
Uncalled bet ($0.09) returned to Dorex2007
Dorex2007 collected $0.14 from pot
Dorex2007: doesn't show hand 
*** SUMMARY ***
Total pot $0.14 | Rake $0 
Board [8s Kh 3d]
Seat 1: Ptogreenb folded before Flop (didn't bet)
Seat 5: joekor00 folded before Flop (didn't bet)
Seat 6: Dorex2007 collected ($0.14)
Seat 7: NessaCakes (button) folded before Flop (didn't bet)
Seat 8: mmanolinho (small blind) folded on the Flop
Seat 9: Adam_W888 (big blind) folded before Flop



PokerStars Hand #227170773558:  Hold'em No Limit ($0.01/$0.02 USD) - 2021/05/29 14:10:24 PT [2021/05/29 17:10:24 ET]
Table 'Marceline III' 9-max Seat #8 is the button
Seat 1: Ptogreenb ($3.30 in chips) 
Seat 5: joekor00 ($5.39 in chips) 
Seat 6: Dorex2007 ($4.09 in chips) 
Seat 7: NessaCakes ($3.52 in chips) 
Seat 8: mmanolinho ($0.51 in chips) 
Seat 9: Adam_W888 ($2.34 in chips) 
Adam_W888: posts small blind $0.01
Ptogreenb: posts big blind $0.02
(+)U(-)230V: sits out 
PulhOs: sits out 
Johnson141: sits out 
*** HOLE CARDS ***
Dealt to Dorex2007 [4s 5c]
joekor00: folds 
Dorex2007: folds 
NessaCakes: folds 
mmanolinho: raises $0.06 to $0.08
Adam_W888: folds 
Ptogreenb: folds 
Uncalled bet ($0.06) returned to mmanolinho
mmanolinho collected $0.05 from pot
Johnson141 leaves the table
mmanolinho: doesn't show hand 
*** SUMMARY ***
Total pot $0.05 | Rake $0 
Seat 1: Ptogreenb (big blind) folded before Flop
Seat 5: joekor00 folded before Flop (didn't bet)
Seat 6: Dorex2007 folded before Flop (didn't bet)
Seat 7: NessaCakes folded before Flop (didn't bet)
Seat 8: mmanolinho (button) collected ($0.05)
Seat 9: Adam_W888 (small blind) folded before Flop



PokerStars Hand #227170780982:  Hold'em No Limit ($0.01/$0.02 USD) - 2021/05/29 14:10:40 PT [2021/05/29 17:10:40 ET]
Table 'Marceline III' 9-max Seat #9 is the button
Seat 1: Ptogreenb ($3.28 in chips) 
Seat 2: (+)U(-)230V ($2 in chips) 
Seat 5: joekor00 ($5.39 in chips) 
Seat 6: Dorex2007 ($4.09 in chips) 
Seat 7: NessaCakes ($3.52 in chips) 
Seat 8: mmanolinho ($0.54 in chips) 
Seat 9: Adam_W888 ($2.33 in chips) 
Ptogreenb: posts small blind $0.01
(+)U(-)230V: posts big blind $0.02
PulhOs: sits out 
*** HOLE CARDS ***
Dealt to Dorex2007 [6d 5c]
joekor00: folds 
Dorex2007: folds 
NessaCakes: folds 
mmanolinho: folds 
Adam_W888: folds 
Ptogreenb: folds 
Uncalled bet ($0.01) returned to (+)U(-)230V
(+)U(-)230V collected $0.02 from pot
(+)U(-)230V: doesn't show hand 
*** SUMMARY ***
Total pot $0.02 | Rake $0 
Seat 1: Ptogreenb (small blind) folded before Flop
Seat 2: (+)U(-)230V (big blind) collected ($0.02)
Seat 5: joekor00 folded before Flop (didn't bet)
Seat 6: Dorex2007 folded before Flop (didn't bet)
Seat 7: NessaCakes folded before Flop (didn't bet)
Seat 8: mmanolinho folded before Flop (didn't bet)
Seat 9: Adam_W888 (button) folded before Flop (didn't bet)



PokerStars Hand #227170787444:  Hold'em No Limit ($0.01/$0.02 USD) - 2021/05/29 14:10:54 PT [2021/05/29 17:10:54 ET]
Table 'Marceline III' 9-max Seat #1 is the button
Seat 1: Ptogreenb ($3.27 in chips) 
Seat 2: (+)U(-)230V ($2.01 in chips) 
Seat 3: PulhOs ($1.93 in chips) 
Seat 5: joekor00 ($5.39 in chips) 
Seat 6: Dorex2007 ($4.09 in chips) 
Seat 7: NessaCakes ($3.52 in chips) 
Seat 8: mmanolinho ($1.41 in chips) 
Seat 9: Adam_W888 ($2.33 in chips) 
(+)U(-)230V: posts small blind $0.01
PulhOs: posts big blind $0.02
*** HOLE CARDS ***
Dealt to Dorex2007 [Ks Jd]
joekor00: folds 
Dorex2007: folds 
NessaCakes: folds 
mmanolinho: folds 
Adam_W888: raises $0.04 to $0.06
Ptogreenb: folds 
(+)U(-)230V: folds 
PulhOs: calls $0.04
*** FLOP *** [4d 3c Qh]
PulhOs: bets $0.07
Adam_W888: calls $0.07
*** TURN *** [4d 3c Qh] [5s]
PulhOs: bets $0.14
andyindie joins the table at seat #4 
Adam_W888: calls $0.14
*** RIVER *** [4d 3c Qh 5s] [Ts]
PulhOs: checks 
Adam_W888: bets $0.27
PulhOs: folds 
Uncalled bet ($0.27) returned to Adam_W888
Adam_W888 collected $0.53 from pot
Adam_W888: doesn't show hand 
*** SUMMARY ***
Total pot $0.55 | Rake $0.02 
Board [4d 3c Qh 5s Ts]
Seat 1: Ptogreenb (button) folded before Flop (didn't bet)
Seat 2: (+)U(-)230V (small blind) folded before Flop
Seat 3: PulhOs (big blind) folded on the River
Seat 5: joekor00 folded before Flop (didn't bet)
Seat 6: Dorex2007 folded before Flop (didn't bet)
Seat 7: NessaCakes folded before Flop (didn't bet)
Seat 8: mmanolinho folded before Flop (didn't bet)
Seat 9: Adam_W888 collected ($0.53)



PokerStars Hand #227170820877:  Hold'em No Limit ($0.01/$0.02 USD) - 2021/05/29 14:12:04 PT [2021/05/29 17:12:04 ET]
Table 'Marceline III' 9-max Seat #2 is the button
Seat 1: Ptogreenb ($3.27 in chips) 
Seat 2: (+)U(-)230V ($2 in chips) 
Seat 3: PulhOs ($1.66 in chips) 
Seat 4: andyindie ($2 in chips) 
Seat 5: joekor00 ($5.39 in chips) 
Seat 6: Dorex2007 ($4.09 in chips) 
Seat 7: NessaCakes ($3.52 in chips) 
Seat 8: mmanolinho ($1.41 in chips) 
Seat 9: Adam_W888 ($2.59 in chips) 
PulhOs: posts small blind $0.01
andyindie: posts big blind $0.02
*** HOLE CARDS ***
Dealt to Dorex2007 [8s Th]
joekor00: folds 
Dorex2007: folds 
NessaCakes: folds 
mmanolinho: folds 
Adam_W888: folds 
Ptogreenb: folds 
(+)U(-)230V: raises $0.04 to $0.06
PulhOs: folds 
andyindie: folds 
Uncalled bet ($0.04) returned to (+)U(-)230V
(+)U(-)230V collected $0.05 from pot
(+)U(-)230V: doesn't show hand 
*** SUMMARY ***
Total pot $0.05 | Rake $0 
Seat 1: Ptogreenb folded before Flop (didn't bet)
Seat 2: (+)U(-)230V (button) collected ($0.05)
Seat 3: PulhOs (small blind) folded before Flop
Seat 4: andyindie (big blind) folded before Flop
Seat 5: joekor00 folded before Flop (didn't bet)
Seat 6: Dorex2007 folded before Flop (didn't bet)
Seat 7: NessaCakes folded before Flop (didn't bet)
Seat 8: mmanolinho folded before Flop (didn't bet)
Seat 9: Adam_W888 folded before Flop (didn't bet)



PokerStars Hand #227170831466:  Hold'em No Limit ($0.01/$0.02 USD) - 2021/05/29 14:12:27 PT [2021/05/29 17:12:27 ET]
Table 'Marceline III' 9-max Seat #3 is the button
Seat 1: Ptogreenb ($3.27 in chips) 
Seat 2: (+)U(-)230V ($2.03 in chips) 
Seat 3: PulhOs ($1.65 in chips) 
Seat 4: andyindie ($1.98 in chips) 
Seat 5: joekor00 ($5.39 in chips) 
Seat 6: Dorex2007 ($4.09 in chips) 
Seat 7: NessaCakes ($3.52 in chips) 
Seat 8: mmanolinho ($1.41 in chips) 
Seat 9: Adam_W888 ($2.59 in chips) 
andyindie: posts small blind $0.01
joekor00: posts big blind $0.02
*** HOLE CARDS ***
Dealt to Dorex2007 [9d 2h]
Dorex2007: folds 
NessaCakes: folds 
mmanolinho: raises $0.06 to $0.08
Adam_W888: folds 
Ptogreenb: folds 
(+)U(-)230V: calls $0.08
PulhOs: folds 
andyindie: folds 
joekor00: calls $0.06
*** FLOP *** [Kh Qs Kc]
joekor00: bets $0.12
mmanolinho: calls $0.12
(+)U(-)230V: folds 
*** TURN *** [Kh Qs Kc] [Js]
joekor00: checks 
mmanolinho: bets $0.12
joekor00: folds 
Uncalled bet ($0.12) returned to mmanolinho
mmanolinho collected $0.47 from pot
mmanolinho: doesn't show hand 
*** SUMMARY ***
Total pot $0.49 | Rake $0.02 
Board [Kh Qs Kc Js]
Seat 1: Ptogreenb folded before Flop (didn't bet)
Seat 2: (+)U(-)230V folded on the Flop
Seat 3: PulhOs (button) folded before Flop (didn't bet)
Seat 4: andyindie (small blind) folded before Flop
Seat 5: joekor00 (big blind) folded on the Turn
Seat 6: Dorex2007 folded before Flop (didn't bet)
Seat 7: NessaCakes folded before Flop (didn't bet)
Seat 8: mmanolinho collected ($0.47)
Seat 9: Adam_W888 folded before Flop (didn't bet)



PokerStars Hand #227170875929:  Hold'em No Limit ($0.01/$0.02 USD) - 2021/05/29 14:14:02 PT [2021/05/29 17:14:02 ET]
Table 'Marceline III' 9-max Seat #4 is the button
Seat 1: Ptogreenb ($3.27 in chips) 
Seat 2: (+)U(-)230V ($2 in chips) 
Seat 3: PulhOs ($1.65 in chips) 
Seat 4: andyindie ($1.97 in chips) 
Seat 5: joekor00 ($5.19 in chips) 
Seat 6: Dorex2007 ($4.09 in chips) 
Seat 7: NessaCakes ($3.52 in chips) 
Seat 8: mmanolinho ($1.68 in chips) 
Seat 9: Adam_W888 ($2.59 in chips) 
joekor00: posts small blind $0.01
Dorex2007: posts big blind $0.02
*** HOLE CARDS ***
Dealt to Dorex2007 [5c Jc]
NessaCakes: folds 
mmanolinho: folds 
Adam_W888: raises $0.04 to $0.06
Ptogreenb: folds 
(+)U(-)230V: folds 
PulhOs: folds 
andyindie: folds 
joekor00: calls $0.05
Dorex2007: folds 
*** FLOP *** [Jd 6c 4h]
joekor00: checks 
Adam_W888: bets $0.07
joekor00: calls $0.07
*** TURN *** [Jd 6c 4h] [3d]
joekor00: checks 
Adam_W888: checks 
*** RIVER *** [Jd 6c 4h 3d] [8c]
joekor00: checks 
Adam_W888: checks 
*** SHOW DOWN ***
joekor00: shows [Td 9h] (high card Jack)
Adam_W888: shows [5s 5d] (a pair of Fives)
Adam_W888 collected $0.27 from pot
*** SUMMARY ***
Total pot $0.28 | Rake $0.01 
Board [Jd 6c 4h 3d 8c]
Seat 1: Ptogreenb folded before Flop (didn't bet)
Seat 2: (+)U(-)230V folded before Flop (didn't bet)
Seat 3: PulhOs folded before Flop (didn't bet)
Seat 4: andyindie (button) folded before Flop (didn't bet)
Seat 5: joekor00 (small blind) showed [Td 9h] and lost with high card Jack
Seat 6: Dorex2007 (big blind) folded before Flop
Seat 7: NessaCakes folded before Flop (didn't bet)
Seat 8: mmanolinho folded before Flop (didn't bet)
Seat 9: Adam_W888 showed [5s 5d] and won ($0.27) with a pair of Fives



PokerStars Hand #227170910391:  Hold'em No Limit ($0.01/$0.02 USD) - 2021/05/29 14:15:11 PT [2021/05/29 17:15:11 ET]
Table 'Marceline III' 9-max Seat #5 is the button
Seat 1: Ptogreenb ($3.27 in chips) 
Seat 2: (+)U(-)230V ($2 in chips) 
Seat 4: andyindie ($1.97 in chips) 
Seat 5: joekor00 ($5.06 in chips) 
Seat 6: Dorex2007 ($4.07 in chips) 
Seat 7: NessaCakes ($3.52 in chips) 
Seat 8: mmanolinho ($1.68 in chips) 
Seat 9: Adam_W888 ($2.73 in chips) 
Dorex2007: posts small blind $0.01
NessaCakes: posts big blind $0.02
*** HOLE CARDS ***
Dealt to Dorex2007 [9s 6h]
mmanolinho: folds 
Adam_W888: folds 
Ptogreenb: folds 
(+)U(-)230V: raises $0.04 to $0.06
andyindie: calls $0.06
joekor00: calls $0.06
Dorex2007: folds 
NessaCakes: folds 
*** FLOP *** [5s Jd 9h]
(+)U(-)230V: bets $0.10
andyindie: calls $0.10
joekor00: folds 
*** TURN *** [5s Jd 9h] [2c]
(+)U(-)230V: bets $0.22
andyindie: raises $0.22 to $0.44
(+)U(-)230V: folds 
Uncalled bet ($0.22) returned to andyindie
andyindie collected $0.82 from pot
andyindie: doesn't show hand 
*** SUMMARY ***
Total pot $0.85 | Rake $0.03 
Board [5s Jd 9h 2c]
Seat 1: Ptogreenb folded before Flop (didn't bet)
Seat 2: (+)U(-)230V folded on the Turn
Seat 4: andyindie collected ($0.82)
Seat 5: joekor00 (button) folded on the Flop
Seat 6: Dorex2007 (small blind) folded before Flop
Seat 7: NessaCakes (big blind) folded before Flop
Seat 8: mmanolinho folded before Flop (didn't bet)
Seat 9: Adam_W888 folded before Flop (didn't bet)



PokerStars Hand #227170952092:  Hold'em No Limit ($0.01/$0.02 USD) - 2021/05/29 14:16:40 PT [2021/05/29 17:16:40 ET]
Table 'Marceline III' 9-max Seat #6 is the button
Seat 1: Ptogreenb ($3.27 in chips) 
Seat 2: (+)U(-)230V ($2 in chips) 
Seat 3: PulhOs ($1.65 in chips) 
Seat 4: andyindie ($2.41 in chips) 
Seat 5: joekor00 ($5 in chips) 
Seat 6: Dorex2007 ($4.06 in chips) 
Seat 7: NessaCakes ($3.50 in chips) 
Seat 8: mmanolinho ($1.68 in chips) 
Seat 9: Adam_W888 ($2.73 in chips) 
NessaCakes: posts small blind $0.01
mmanolinho: posts big blind $0.02
*** HOLE CARDS ***
Dealt to Dorex2007 [6c 5s]
Adam_W888: raises $0.04 to $0.06
Ptogreenb: calls $0.06
(+)U(-)230V: folds 
PulhOs: folds 
andyindie: folds 
joekor00: folds 
Dorex2007: folds 
NessaCakes: calls $0.05
mmanolinho: raises $0.14 to $0.20
Adam_W888: folds 
Ptogreenb: calls $0.14
NessaCakes: folds 
*** FLOP *** [Jh Tc 4h]
mmanolinho: bets $0.25
Ptogreenb: calls $0.25
*** TURN *** [Jh Tc 4h] [7s]
mmanolinho: bets $0.50
Ptogreenb: raises $0.95 to $1.45
mmanolinho: calls $0.73 and is all-in
Uncalled bet ($0.22) returned to Ptogreenb
*** RIVER *** [Jh Tc 4h 7s] [8c]
*** SHOW DOWN ***
mmanolinho: shows [Kh Kd] (a pair of Kings)
Ptogreenb: shows [Kc Ah] (high card Ace)
mmanolinho collected $3.36 from pot
*** SUMMARY ***
Total pot $3.48 | Rake $0.12 
Board [Jh Tc 4h 7s 8c]
Seat 1: Ptogreenb showed [Kc Ah] and lost with high card Ace
Seat 2: (+)U(-)230V folded before Flop (didn't bet)
Seat 3: PulhOs folded before Flop (didn't bet)
Seat 4: andyindie folded before Flop (didn't bet)
Seat 5: joekor00 folded before Flop (didn't bet)
Seat 6: Dorex2007 (button) folded before Flop (didn't bet)
Seat 7: NessaCakes (small blind) folded before Flop
Seat 8: mmanolinho (big blind) showed [Kh Kd] and won ($3.36) with a pair of Kings
Seat 9: Adam_W888 folded before Flop



PokerStars Hand #227170996509:  Hold'em No Limit ($0.01/$0.02 USD) - 2021/05/29 14:18:11 PT [2021/05/29 17:18:11 ET]
Table 'Marceline III' 9-max Seat #7 is the button
Seat 1: Ptogreenb ($1.59 in chips) 
Seat 2: (+)U(-)230V ($2 in chips) 
Seat 3: PulhOs ($1.65 in chips) 
Seat 4: andyindie ($2.41 in chips) 
Seat 5: joekor00 ($5 in chips) 
Seat 6: Dorex2007 ($4.06 in chips) 
Seat 7: NessaCakes ($3.44 in chips) 
Seat 8: mmanolinho ($3.36 in chips) 
Seat 9: Adam_W888 ($2.67 in chips) 
mmanolinho: posts small blind $0.01
Adam_W888: posts big blind $0.02
*** HOLE CARDS ***
Dealt to Dorex2007 [Jh Kd]
Ptogreenb: folds 
Ptogreenb leaves the table
(+)U(-)230V: folds 
PulhOs: folds 
andyindie: folds 
joekor00: raises $0.04 to $0.06
Dorex2007: calls $0.06
NessaCakes: folds 
mmanolinho: calls $0.05
Adam_W888: calls $0.04
*** FLOP *** [2s Th 5s]
mmanolinho: bets $0.06
Adam_W888: folds 
joekor00: raises $0.18 to $0.24
Dorex2007: folds 
mmanolinho: calls $0.18
*** TURN *** [2s Th 5s] [5c]
mmanolinho: bets $0.20
joekor00: raises $0.55 to $0.75
mmanolinho: calls $0.55
*** RIVER *** [2s Th 5s 5c] [Jc]
mmanolinho: checks 
joekor00: checks 
*** SHOW DOWN ***
mmanolinho: shows [Td Kc] (two pair, Tens and Fives)
joekor00: mucks hand 
mmanolinho collected $2.14 from pot
*** SUMMARY ***
Total pot $2.22 | Rake $0.08 
Board [2s Th 5s 5c Jc]
Seat 1: Ptogreenb folded before Flop (didn't bet)
Seat 2: (+)U(-)230V folded before Flop (didn't bet)
Seat 3: PulhOs folded before Flop (didn't bet)
Seat 4: andyindie folded before Flop (didn't bet)
Seat 5: joekor00 mucked [Tc 9h]
Seat 6: Dorex2007 folded on the Flop
Seat 7: NessaCakes (button) folded before Flop (didn't bet)
Seat 8: mmanolinho (small blind) showed [Td Kc] and won ($2.14) with two pair, Tens and Fives
Seat 9: Adam_W888 (big blind) folded on the Flop



PokerStars Hand #227171034571:  Hold'em No Limit ($0.01/$0.02 USD) - 2021/05/29 14:19:32 PT [2021/05/29 17:19:32 ET]
Table 'Marceline III' 9-max Seat #8 is the button
Seat 2: (+)U(-)230V ($2 in chips) 
Seat 3: PulhOs ($1.65 in chips) 
Seat 4: andyindie ($2.41 in chips) 
Seat 5: joekor00 ($3.95 in chips) 
Seat 6: Dorex2007 ($4 in chips) 
Seat 7: NessaCakes ($3.44 in chips) 
Seat 8: mmanolinho ($4.45 in chips) 
Seat 9: Adam_W888 ($2.61 in chips) 
Adam_W888: posts small blind $0.01
(+)U(-)230V: posts big blind $0.02
*** HOLE CARDS ***
Dealt to Dorex2007 [Kd 3h]
PulhOs: raises $0.04 to $0.06
andyindie: folds 
joekor00: folds 
Dorex2007: folds 
NessaCakes: folds 
mmanolinho: folds 
Adam_W888: folds 
(+)U(-)230V: calls $0.04
*** FLOP *** [9h Js Qs]
(+)U(-)230V: checks 
PulhOs: bets $0.08
(+)U(-)230V: folds 
Uncalled bet ($0.08) returned to PulhOs
PulhOs collected $0.13 from pot
PulhOs: doesn't show hand 
*** SUMMARY ***
Total pot $0.13 | Rake $0 
Board [9h Js Qs]
Seat 2: (+)U(-)230V (big blind) folded on the Flop
Seat 3: PulhOs collected ($0.13)
Seat 4: andyindie folded before Flop (didn't bet)
Seat 5: joekor00 folded before Flop (didn't bet)
Seat 6: Dorex2007 folded before Flop (didn't bet)
Seat 7: NessaCakes folded before Flop (didn't bet)
Seat 8: mmanolinho (button) folded before Flop (didn't bet)
Seat 9: Adam_W888 (small blind) folded before Flop



