PokerStars Hand #237285244738:  Hold'em No Limit ($0.01/$0.02 USD) - 2022/07/10 16:16:46 PT [2022/07/10 19:16:46 ET]
Table 'Tristan' 9-max Seat #1 is the button
Seat 1: XiSCOiX ($6.76 in chips) 
Seat 2: Gomez224 ($2 in chips) 
Seat 4: bree161616 ($2.19 in chips) 
Seat 5: MailonCouto ($2.08 in chips) 
Seat 6: Jocelito1961 ($1.99 in chips) 
Seat 7: quentle1 ($1.76 in chips) 
Seat 8: mazakiv ($3.79 in chips) 
Seat 9: Dorex2007 ($2 in chips) 
Gomez224: posts small blind $0.01
bree161616: posts big blind $0.02
Dorex2007: posts big blind $0.02
*** HOLE CARDS ***
Dealt to Dorex2007 [Ah 6c]
MailonCouto has timed out
MailonCouto: folds 
Jocelito1961: folds 
quentle1: calls $0.02
mazakiv: folds 
Dorex2007: checks 
XiSCOiX: calls $0.02
Gomez224: calls $0.01
bree161616: checks 
*** FLOP *** [As 3h Jh]
Gomez224: checks 
bree161616: checks 
quentle1: bets $0.02
Dorex2007: calls $0.02
XiSCOiX: calls $0.02
Gomez224: folds 
bree161616: calls $0.02
*** TURN *** [As 3h Jh] [Jd]
bree161616: checks 
quentle1: checks 
Dorex2007: checks 
XiSCOiX: checks 
*** RIVER *** [As 3h Jh Jd] [6s]
bree161616: checks 
quentle1: checks 
Dorex2007: checks 
XiSCOiX: checks 
*** SHOW DOWN ***
bree161616: shows [9s 3s] (two pair, Jacks and Threes)
quentle1: mucks hand 
Dorex2007: shows [Ah 6c] (two pair, Aces and Jacks)
XiSCOiX: mucks hand 
Dorex2007 collected $0.17 from pot
*** SUMMARY ***
Total pot $0.18 | Rake $0.01 
Board [As 3h Jh Jd 6s]
Seat 1: XiSCOiX (button) mucked [Ts Qc]
Seat 2: Gomez224 (small blind) folded on the Flop
Seat 4: bree161616 (big blind) showed [9s 3s] and lost with two pair, Jacks and Threes
Seat 5: MailonCouto folded before Flop (didn't bet)
Seat 6: Jocelito1961 folded before Flop (didn't bet)
Seat 7: quentle1 mucked [Th Ks]
Seat 8: mazakiv folded before Flop (didn't bet)
Seat 9: Dorex2007 showed [Ah 6c] and won ($0.17) with two pair, Aces and Jacks



PokerStars Hand #237285268267:  Hold'em No Limit ($0.01/$0.02 USD) - 2022/07/10 16:18:09 PT [2022/07/10 19:18:09 ET]
Table 'Tristan' 9-max Seat #2 is the button
Seat 1: XiSCOiX ($6.72 in chips) 
Seat 2: Gomez224 ($2 in chips) 
Seat 4: bree161616 ($2.15 in chips) 
Seat 5: MailonCouto ($2.08 in chips) 
Seat 6: Jocelito1961 ($1.99 in chips) 
Seat 7: quentle1 ($1.72 in chips) 
Seat 8: mazakiv ($3.79 in chips) 
Seat 9: Dorex2007 ($2.13 in chips) 
bree161616: posts small blind $0.01
MailonCouto: posts big blind $0.02
*** HOLE CARDS ***
Dealt to Dorex2007 [7s 6s]
Jocelito1961: calls $0.02
quentle1: calls $0.02
mazakiv: folds 
Dorex2007: folds 
XiSCOiX: calls $0.02
Gomez224: folds 
bree161616: raises $0.10 to $0.12
MailonCouto: folds 
Jocelito1961: calls $0.10
quentle1: folds 
XiSCOiX: calls $0.10
*** FLOP *** [6c 4d 3d]
bree161616: bets $0.20
Jocelito1961: calls $0.20
XiSCOiX: folds 
*** TURN *** [6c 4d 3d] [Kd]
bree161616: bets $0.39
Jocelito1961: calls $0.39
*** RIVER *** [6c 4d 3d Kd] [Tc]
bree161616: bets $0.76
Jocelito1961: folds 
Uncalled bet ($0.76) returned to bree161616
bree161616 collected $1.52 from pot
*** SUMMARY ***
Total pot $1.58 | Rake $0.06 
Board [6c 4d 3d Kd Tc]
Seat 1: XiSCOiX folded on the Flop
Seat 2: Gomez224 (button) folded before Flop (didn't bet)
Seat 4: bree161616 (small blind) collected ($1.52)
Seat 5: MailonCouto (big blind) folded before Flop
Seat 6: Jocelito1961 folded on the River
Seat 7: quentle1 folded before Flop
Seat 8: mazakiv folded before Flop (didn't bet)
Seat 9: Dorex2007 folded before Flop (didn't bet)



PokerStars Hand #237285289899:  Hold'em No Limit ($0.01/$0.02 USD) - 2022/07/10 16:19:27 PT [2022/07/10 19:19:27 ET]
Table 'Tristan' 9-max Seat #4 is the button
Seat 1: XiSCOiX ($6.60 in chips) 
Seat 2: Gomez224 ($2 in chips) 
Seat 4: bree161616 ($2.96 in chips) 
Seat 5: MailonCouto ($2.06 in chips) 
Seat 6: Jocelito1961 ($1.28 in chips) 
Seat 7: quentle1 ($1.70 in chips) 
Seat 8: mazakiv ($3.79 in chips) 
Seat 9: Dorex2007 ($2.13 in chips) 
MailonCouto: posts small blind $0.01
Jocelito1961: posts big blind $0.02
*** HOLE CARDS ***
Dealt to Dorex2007 [Ks 8d]
quentle1: folds 
mazakiv: calls $0.02
Dorex2007: folds 
XiSCOiX: raises $0.14 to $0.16
Gomez224: folds 
bree161616: folds 
MailonCouto: folds 
Jocelito1961: folds 
mazakiv: folds 
Uncalled bet ($0.14) returned to XiSCOiX
XiSCOiX collected $0.07 from pot
*** SUMMARY ***
Total pot $0.07 | Rake $0 
Seat 1: XiSCOiX collected ($0.07)
Seat 2: Gomez224 folded before Flop (didn't bet)
Seat 4: bree161616 (button) folded before Flop (didn't bet)
Seat 5: MailonCouto (small blind) folded before Flop
Seat 6: Jocelito1961 (big blind) folded before Flop
Seat 7: quentle1 folded before Flop (didn't bet)
Seat 8: mazakiv folded before Flop
Seat 9: Dorex2007 folded before Flop (didn't bet)



PokerStars Hand #237285298450:  Hold'em No Limit ($0.01/$0.02 USD) - 2022/07/10 16:19:57 PT [2022/07/10 19:19:57 ET]
Table 'Tristan' 9-max Seat #5 is the button
Seat 1: XiSCOiX ($6.65 in chips) 
Seat 2: Gomez224 ($2 in chips) 
Seat 4: bree161616 ($2.96 in chips) 
Seat 5: MailonCouto ($2.05 in chips) 
Seat 6: Jocelito1961 ($1.26 in chips) 
Seat 7: quentle1 ($1.70 in chips) 
Seat 8: mazakiv ($3.77 in chips) 
Seat 9: Dorex2007 ($2.13 in chips) 
Jocelito1961: posts small blind $0.01
quentle1: posts big blind $0.02
*** HOLE CARDS ***
Dealt to Dorex2007 [9d 4s]
mazakiv: raises $0.02 to $0.04
Dorex2007: folds 
XiSCOiX: folds 
Gomez224: folds 
bree161616: raises $0.02 to $0.06
MailonCouto: folds 
Jocelito1961: folds 
quentle1: calls $0.04
mazakiv: calls $0.02
*** FLOP *** [6c Qs 3d]
quentle1: checks 
mazakiv: checks 
bree161616: bets $0.09
quentle1: folds 
mazakiv: calls $0.09
*** TURN *** [6c Qs 3d] [Ad]
mazakiv: checks 
bree161616: checks 
*** RIVER *** [6c Qs 3d Ad] [2d]
mazakiv: bets $0.18
bree161616: calls $0.18
*** SHOW DOWN ***
mazakiv: shows [Ah 8h] (a pair of Aces)
bree161616: mucks hand 
mazakiv collected $0.70 from pot
*** SUMMARY ***
Total pot $0.73 | Rake $0.03 
Board [6c Qs 3d Ad 2d]
Seat 1: XiSCOiX folded before Flop (didn't bet)
Seat 2: Gomez224 folded before Flop (didn't bet)
Seat 4: bree161616 mucked [Th Td]
Seat 5: MailonCouto (button) folded before Flop (didn't bet)
Seat 6: Jocelito1961 (small blind) folded before Flop
Seat 7: quentle1 (big blind) folded on the Flop
Seat 8: mazakiv showed [Ah 8h] and won ($0.70) with a pair of Aces
Seat 9: Dorex2007 folded before Flop (didn't bet)



PokerStars Hand #237285313130:  Hold'em No Limit ($0.01/$0.02 USD) - 2022/07/10 16:20:50 PT [2022/07/10 19:20:50 ET]
Table 'Tristan' 9-max Seat #6 is the button
Seat 1: XiSCOiX ($6.65 in chips) 
Seat 2: Gomez224 ($2 in chips) 
Seat 4: bree161616 ($2.63 in chips) 
Seat 5: MailonCouto ($2.05 in chips) 
Seat 6: Jocelito1961 ($1.25 in chips) 
Seat 7: quentle1 ($1.64 in chips) 
Seat 8: mazakiv ($4.14 in chips) 
Seat 9: Dorex2007 ($2.13 in chips) 
quentle1: posts small blind $0.01
mazakiv: posts big blind $0.02
*** HOLE CARDS ***
Dealt to Dorex2007 [6h Th]
Dorex2007: folds 
XiSCOiX: folds 
Gomez224: folds 
bree161616: folds 
MailonCouto: folds 
Jocelito1961: calls $0.02
quentle1: calls $0.01
mazakiv: checks 
*** FLOP *** [3d Ah 9d]
quentle1: checks 
mazakiv: checks 
Jocelito1961: checks 
*** TURN *** [3d Ah 9d] [9c]
quentle1: bets $0.02
mazakiv: folds 
Jocelito1961: folds 
Uncalled bet ($0.02) returned to quentle1
quentle1 collected $0.06 from pot
*** SUMMARY ***
Total pot $0.06 | Rake $0 
Board [3d Ah 9d 9c]
Seat 1: XiSCOiX folded before Flop (didn't bet)
Seat 2: Gomez224 folded before Flop (didn't bet)
Seat 4: bree161616 folded before Flop (didn't bet)
Seat 5: MailonCouto folded before Flop (didn't bet)
Seat 6: Jocelito1961 (button) folded on the Turn
Seat 7: quentle1 (small blind) collected ($0.06)
Seat 8: mazakiv (big blind) folded on the Turn
Seat 9: Dorex2007 folded before Flop (didn't bet)



PokerStars Hand #237285326068:  Hold'em No Limit ($0.01/$0.02 USD) - 2022/07/10 16:21:36 PT [2022/07/10 19:21:36 ET]
Table 'Tristan' 9-max Seat #7 is the button
Seat 1: XiSCOiX ($6.65 in chips) 
Seat 2: Gomez224 ($2 in chips) 
Seat 4: bree161616 ($2.63 in chips) 
Seat 5: MailonCouto ($2.05 in chips) 
Seat 6: Jocelito1961 ($1.23 in chips) 
Seat 7: quentle1 ($1.68 in chips) 
Seat 8: mazakiv ($4.12 in chips) 
Seat 9: Dorex2007 ($2.13 in chips) 
mazakiv: posts small blind $0.01
Dorex2007: posts big blind $0.02
*** HOLE CARDS ***
Dealt to Dorex2007 [3s Jc]
XiSCOiX: folds 
Gomez224: folds 
bree161616: calls $0.02
MailonCouto: folds 
Jocelito1961: calls $0.02
quentle1: calls $0.02
mazakiv: folds 
Dorex2007: checks 
*** FLOP *** [2d Qh 4d]
XiSCOiX is disconnected 
Dorex2007: checks 
bree161616: checks 
Jocelito1961: checks 
quentle1: bets $0.11
Dorex2007: folds 
bree161616: calls $0.11
Jocelito1961: calls $0.11
*** TURN *** [2d Qh 4d] [Jd]
bree161616: checks 
Jocelito1961: checks 
quentle1: checks 
*** RIVER *** [2d Qh 4d Jd] [Ah]
bree161616: checks 
Jocelito1961: checks 
shakadevirgo90 is disconnected 
quentle1: checks 
*** SHOW DOWN ***
bree161616: shows [5c 6d] (high card Ace)
Jocelito1961: shows [5s 7s] (high card Ace - Queen+Jack+Seven kicker)
quentle1: shows [Td Qs] (a pair of Queens)
quentle1 collected $0.41 from pot
*** SUMMARY ***
Total pot $0.42 | Rake $0.01 
Board [2d Qh 4d Jd Ah]
Seat 1: XiSCOiX folded before Flop (didn't bet)
Seat 2: Gomez224 folded before Flop (didn't bet)
Seat 4: bree161616 showed [5c 6d] and lost with high card Ace
Seat 5: MailonCouto folded before Flop (didn't bet)
Seat 6: Jocelito1961 showed [5s 7s] and lost with high card Ace
Seat 7: quentle1 (button) showed [Td Qs] and won ($0.41) with a pair of Queens
Seat 8: mazakiv (small blind) folded before Flop
Seat 9: Dorex2007 (big blind) folded on the Flop



PokerStars Hand #237285345617:  Hold'em No Limit ($0.01/$0.02 USD) - 2022/07/10 16:22:47 PT [2022/07/10 19:22:47 ET]
Table 'Tristan' 9-max Seat #8 is the button
Seat 2: Gomez224 ($2 in chips) 
Seat 4: bree161616 ($2.50 in chips) 
Seat 5: MailonCouto ($2.05 in chips) 
Seat 6: Jocelito1961 ($1.10 in chips) 
Seat 7: quentle1 ($1.96 in chips) 
Seat 8: mazakiv ($4.11 in chips) 
Seat 9: Dorex2007 ($2.11 in chips) 
Dorex2007: posts small blind $0.01
XiSCOiX has timed out while disconnected
XiSCOiX: is sitting out 
Gomez224: posts big blind $0.02
*** HOLE CARDS ***
Dealt to Dorex2007 [6c As]
bree161616: folds 
MailonCouto: folds 
Jocelito1961: calls $0.02
quentle1: folds 
mazakiv: folds 
Dorex2007: calls $0.01
Gomez224: checks 
*** FLOP *** [Qh 9h 9c]
Dorex2007: checks 
Gomez224: bets $0.03
Jocelito1961: calls $0.03
Dorex2007: folds 
*** TURN *** [Qh 9h 9c] [3s]
Gomez224: bets $0.06
Jocelito1961: calls $0.06
*** RIVER *** [Qh 9h 9c 3s] [4h]
Gomez224: checks 
Jocelito1961: bets $0.23
Gomez224: folds 
Uncalled bet ($0.23) returned to Jocelito1961
Jocelito1961 collected $0.23 from pot
*** SUMMARY ***
Total pot $0.24 | Rake $0.01 
Board [Qh 9h 9c 3s 4h]
Seat 2: Gomez224 (big blind) folded on the River
Seat 4: bree161616 folded before Flop (didn't bet)
Seat 5: MailonCouto folded before Flop (didn't bet)
Seat 6: Jocelito1961 collected ($0.23)
Seat 7: quentle1 folded before Flop (didn't bet)
Seat 8: mazakiv (button) folded before Flop (didn't bet)
Seat 9: Dorex2007 (small blind) folded on the Flop



PokerStars Hand #237285365539:  Hold'em No Limit ($0.01/$0.02 USD) - 2022/07/10 16:23:59 PT [2022/07/10 19:23:59 ET]
Table 'Tristan' 9-max Seat #9 is the button
Seat 2: Gomez224 ($2 in chips) 
Seat 4: bree161616 ($2.50 in chips) 
Seat 5: MailonCouto ($2.05 in chips) 
Seat 6: Jocelito1961 ($1.22 in chips) 
Seat 7: quentle1 ($1.96 in chips) 
Seat 8: mazakiv ($4.11 in chips) 
Seat 9: Dorex2007 ($2.09 in chips) 
Gomez224: posts small blind $0.01
bree161616: posts big blind $0.02
*** HOLE CARDS ***
Dealt to Dorex2007 [4h 2c]
MailonCouto: folds 
Jocelito1961: calls $0.02
quentle1: calls $0.02
mazakiv: folds 
Dorex2007: folds 
Gomez224: raises $0.08 to $0.10
bree161616: calls $0.08
Jocelito1961: calls $0.08
quentle1: folds 
*** FLOP *** [9d Th Jc]
Gomez224: bets $0.15
bree161616: calls $0.15
Jocelito1961: folds 
*** TURN *** [9d Th Jc] [Ah]
Gomez224: checks 
bree161616: checks 
*** RIVER *** [9d Th Jc Ah] [Qh]
Gomez224: checks 
bree161616: bets $0.30
Gomez224: calls $0.30
*** SHOW DOWN ***
bree161616: shows [Kh 8s] (a straight, Ten to Ace)
Gomez224: shows [Kd Js] (a straight, Ten to Ace)
Gomez224 collected $0.59 from pot
bree161616 collected $0.59 from pot
*** SUMMARY ***
Total pot $1.22 | Rake $0.04 
Board [9d Th Jc Ah Qh]
Seat 2: Gomez224 (small blind) showed [Kd Js] and won ($0.59) with a straight, Ten to Ace
Seat 4: bree161616 (big blind) showed [Kh 8s] and won ($0.59) with a straight, Ten to Ace
Seat 5: MailonCouto folded before Flop (didn't bet)
Seat 6: Jocelito1961 folded on the Flop
Seat 7: quentle1 folded before Flop
Seat 8: mazakiv folded before Flop (didn't bet)
Seat 9: Dorex2007 (button) folded before Flop (didn't bet)



PokerStars Hand #237285381430:  Hold'em No Limit ($0.01/$0.02 USD) - 2022/07/10 16:24:57 PT [2022/07/10 19:24:57 ET]
Table 'Tristan' 9-max Seat #2 is the button
Seat 2: Gomez224 ($2.04 in chips) 
Seat 4: bree161616 ($2.54 in chips) 
Seat 5: MailonCouto ($2.05 in chips) 
Seat 6: Jocelito1961 ($1.12 in chips) 
Seat 7: quentle1 ($1.94 in chips) 
Seat 8: mazakiv ($4.11 in chips) 
Seat 9: Dorex2007 ($2.09 in chips) 
bree161616: posts small blind $0.01
MailonCouto: posts big blind $0.02
*** HOLE CARDS ***
Dealt to Dorex2007 [4d 7h]
Jocelito1961 has timed out
Jocelito1961: folds 
quentle1: calls $0.02
mazakiv: calls $0.02
Dorex2007: folds 
Gomez224: folds 
bree161616: calls $0.01
MailonCouto: checks 
*** FLOP *** [Jd 5c 4s]
bree161616: checks 
MailonCouto: checks 
quentle1: checks 
mazakiv: bets $0.04
bree161616: folds 
MailonCouto: folds 
quentle1: folds 
Uncalled bet ($0.04) returned to mazakiv
mazakiv collected $0.08 from pot
*** SUMMARY ***
Total pot $0.08 | Rake $0 
Board [Jd 5c 4s]
Seat 2: Gomez224 (button) folded before Flop (didn't bet)
Seat 4: bree161616 (small blind) folded on the Flop
Seat 5: MailonCouto (big blind) folded on the Flop
Seat 6: Jocelito1961 folded before Flop (didn't bet)
Seat 7: quentle1 folded on the Flop
Seat 8: mazakiv collected ($0.08)
Seat 9: Dorex2007 folded before Flop (didn't bet)



PokerStars Hand #237285393211:  Hold'em No Limit ($0.01/$0.02 USD) - 2022/07/10 16:25:40 PT [2022/07/10 19:25:40 ET]
Table 'Tristan' 9-max Seat #4 is the button
Seat 2: Gomez224 ($2.04 in chips) 
Seat 4: bree161616 ($2.52 in chips) 
Seat 5: MailonCouto ($2.03 in chips) 
Seat 6: Jocelito1961 ($1.12 in chips) 
Seat 7: quentle1 ($1.92 in chips) 
Seat 8: mazakiv ($4.17 in chips) 
Seat 9: Dorex2007 ($2.09 in chips) 
MailonCouto: posts small blind $0.01
Jocelito1961: posts big blind $0.02
*** HOLE CARDS ***
Dealt to Dorex2007 [8c Td]
quentle1: folds 
mazakiv: folds 
Dorex2007: folds 
Gomez224: folds 
bree161616: raises $0.04 to $0.06
MailonCouto: calls $0.05
Jocelito1961: calls $0.04
*** FLOP *** [Kd 8h 8s]
MailonCouto: bets $0.17
Jocelito1961: folds 
bree161616: calls $0.17
*** TURN *** [Kd 8h 8s] [Tc]
MailonCouto: bets $0.50
bree161616: calls $0.50
*** RIVER *** [Kd 8h 8s Tc] [4h]
MailonCouto: checks 
bree161616: checks 
*** SHOW DOWN ***
MailonCouto: shows [Kh Qc] (two pair, Kings and Eights)
bree161616: shows [Ks Ad] (two pair, Kings and Eights - Ace kicker)
bree161616 collected $1.47 from pot
*** SUMMARY ***
Total pot $1.52 | Rake $0.05 
Board [Kd 8h 8s Tc 4h]
Seat 2: Gomez224 folded before Flop (didn't bet)
Seat 4: bree161616 (button) showed [Ks Ad] and won ($1.47) with two pair, Kings and Eights
Seat 5: MailonCouto (small blind) showed [Kh Qc] and lost with two pair, Kings and Eights
Seat 6: Jocelito1961 (big blind) folded on the Flop
Seat 7: quentle1 folded before Flop (didn't bet)
Seat 8: mazakiv folded before Flop (didn't bet)
Seat 9: Dorex2007 folded before Flop (didn't bet)



PokerStars Hand #237285422446:  Hold'em No Limit ($0.01/$0.02 USD) - 2022/07/10 16:26:53 PT [2022/07/10 19:26:53 ET]
Table 'Tristan' 9-max Seat #5 is the button
Seat 2: Gomez224 ($2.04 in chips) 
Seat 4: bree161616 ($3.26 in chips) 
Seat 5: MailonCouto ($1.30 in chips) 
Seat 6: Jocelito1961 ($1.06 in chips) 
Seat 7: quentle1 ($1.92 in chips) 
Seat 8: mazakiv ($4.17 in chips) 
Seat 9: Dorex2007 ($2.09 in chips) 
Jocelito1961: posts small blind $0.01
quentle1: posts big blind $0.02
*** HOLE CARDS ***
Dealt to Dorex2007 [5s Tc]
mazakiv: folds 
Dorex2007: folds 
Gomez224: raises $0.04 to $0.06
bree161616: folds 
MailonCouto: calls $0.06
Jocelito1961 has timed out
Jocelito1961: folds 
quentle1: folds 
*** FLOP *** [Ks 8h 5d]
Gomez224: bets $0.08
MailonCouto: folds 
Uncalled bet ($0.08) returned to Gomez224
Gomez224 collected $0.14 from pot
*** SUMMARY ***
Total pot $0.15 | Rake $0.01 
Board [Ks 8h 5d]
Seat 2: Gomez224 collected ($0.14)
Seat 4: bree161616 folded before Flop (didn't bet)
Seat 5: MailonCouto (button) folded on the Flop
Seat 6: Jocelito1961 (small blind) folded before Flop
Seat 7: quentle1 (big blind) folded before Flop
Seat 8: mazakiv folded before Flop (didn't bet)
Seat 9: Dorex2007 folded before Flop (didn't bet)



PokerStars Hand #237285445622:  Hold'em No Limit ($0.01/$0.02 USD) - 2022/07/10 16:27:58 PT [2022/07/10 19:27:58 ET]
Table 'Tristan' 9-max Seat #7 is the button
Seat 2: Gomez224 ($2.12 in chips) 
Seat 4: bree161616 ($3.26 in chips) 
Seat 5: MailonCouto ($1.24 in chips) 
Seat 7: quentle1 ($1.90 in chips) 
Seat 8: mazakiv ($4.17 in chips) 
Seat 9: Dorex2007 ($2.09 in chips) 
mazakiv: posts small blind $0.01
Dorex2007: posts big blind $0.02
*** HOLE CARDS ***
Dealt to Dorex2007 [Jd 6s]
Gomez224: folds 
bree161616: folds 
MailonCouto: calls $0.02
quentle1: calls $0.02
mazakiv: calls $0.01
Dorex2007: checks 
*** FLOP *** [3s 8d 9d]
mazakiv: checks 
Dorex2007: checks 
MailonCouto: bets $0.08
quentle1: folds 
mazakiv: calls $0.08
Dorex2007: folds 
*** TURN *** [3s 8d 9d] [5s]
mazakiv: checks 
MailonCouto: checks 
*** RIVER *** [3s 8d 9d 5s] [Ad]
mazakiv: checks 
MailonCouto: bets $0.23
mazakiv: folds 
Uncalled bet ($0.23) returned to MailonCouto
MailonCouto collected $0.23 from pot
*** SUMMARY ***
Total pot $0.24 | Rake $0.01 
Board [3s 8d 9d 5s Ad]
Seat 2: Gomez224 folded before Flop (didn't bet)
Seat 4: bree161616 folded before Flop (didn't bet)
Seat 5: MailonCouto collected ($0.23)
Seat 7: quentle1 (button) folded on the Flop
Seat 8: mazakiv (small blind) folded on the River
Seat 9: Dorex2007 (big blind) folded on the Flop



PokerStars Hand #237285461745:  Hold'em No Limit ($0.01/$0.02 USD) - 2022/07/10 16:28:57 PT [2022/07/10 19:28:57 ET]
Table 'Tristan' 9-max Seat #8 is the button
Seat 1: XiSCOiX ($6.65 in chips) 
Seat 2: Gomez224 ($2.12 in chips) 
Seat 4: bree161616 ($3.26 in chips) 
Seat 5: MailonCouto ($1.37 in chips) 
Seat 7: quentle1 ($1.88 in chips) 
Seat 8: mazakiv ($4.07 in chips) 
Seat 9: Dorex2007 ($2.07 in chips) 
Dorex2007: posts small blind $0.01
XiSCOiX: posts big blind $0.02
*** HOLE CARDS ***
Dealt to Dorex2007 [3c Td]
Gomez224: raises $0.04 to $0.06
bree161616: folds 
MailonCouto: folds 
MailonCouto leaves the table
quentle1: folds 
mazakiv: calls $0.06
Dorex2007: folds 
XiSCOiX: calls $0.04
*** FLOP *** [9h Kh Ks]
XiSCOiX: checks 
Gomez224: bets $0.12
LeandroAku joins the table at seat #5 
mazakiv: calls $0.12
XiSCOiX: folds 
*** TURN *** [9h Kh Ks] [8c]
Gomez224: bets $0.20
mazakiv: folds 
Uncalled bet ($0.20) returned to Gomez224
Gomez224 collected $0.41 from pot
*** SUMMARY ***
Total pot $0.43 | Rake $0.02 
Board [9h Kh Ks 8c]
Seat 1: XiSCOiX (big blind) folded on the Flop
Seat 2: Gomez224 collected ($0.41)
Seat 4: bree161616 folded before Flop (didn't bet)
Seat 5: MailonCouto folded before Flop (didn't bet)
Seat 7: quentle1 folded before Flop (didn't bet)
Seat 8: mazakiv (button) folded on the Turn
Seat 9: Dorex2007 (small blind) folded before Flop



PokerStars Hand #237285471905:  Hold'em No Limit ($0.01/$0.02 USD) - 2022/07/10 16:29:34 PT [2022/07/10 19:29:34 ET]
Table 'Tristan' 9-max Seat #9 is the button
Seat 1: XiSCOiX ($6.59 in chips) 
Seat 2: Gomez224 ($2.35 in chips) 
Seat 4: bree161616 ($3.26 in chips) 
Seat 7: quentle1 ($1.88 in chips) 
Seat 8: mazakiv ($3.89 in chips) 
Seat 9: Dorex2007 ($2.06 in chips) 
XiSCOiX: posts small blind $0.01
Gomez224: posts big blind $0.02
LeandroAku: sits out 
*** HOLE CARDS ***
Dealt to Dorex2007 [8h 7h]
bree161616: folds 
quentle1 has timed out
quentle1: folds 
mazakiv: folds 
mazakiv leaves the table
Dorex2007: folds 
XiSCOiX: folds 
Uncalled bet ($0.01) returned to Gomez224
Gomez224 collected $0.02 from pot
*** SUMMARY ***
Total pot $0.02 | Rake $0 
Seat 1: XiSCOiX (small blind) folded before Flop
Seat 2: Gomez224 (big blind) collected ($0.02)
Seat 4: bree161616 folded before Flop (didn't bet)
Seat 7: quentle1 folded before Flop (didn't bet)
Seat 8: mazakiv folded before Flop (didn't bet)
Seat 9: Dorex2007 (button) folded before Flop (didn't bet)



PokerStars Hand #237285477936:  Hold'em No Limit ($0.01/$0.02 USD) - 2022/07/10 16:29:57 PT [2022/07/10 19:29:57 ET]
Table 'Tristan' 9-max Seat #1 is the button
Seat 1: XiSCOiX ($6.58 in chips) 
Seat 2: Gomez224 ($2.36 in chips) 
Seat 4: bree161616 ($3.26 in chips) 
Seat 9: Dorex2007 ($2.06 in chips) 
Gomez224: posts small blind $0.01
bree161616: posts big blind $0.02
LeandroAku: sits out 
*** HOLE CARDS ***
Dealt to Dorex2007 [Td 6s]
Dorex2007: folds 
XiSCOiX: folds 
Gomez224: folds 
Uncalled bet ($0.01) returned to bree161616
bree161616 collected $0.02 from pot
*** SUMMARY ***
Total pot $0.02 | Rake $0 
Seat 1: XiSCOiX (button) folded before Flop (didn't bet)
Seat 2: Gomez224 (small blind) folded before Flop
Seat 4: bree161616 (big blind) collected ($0.02)
Seat 9: Dorex2007 folded before Flop (didn't bet)



PokerStars Hand #237285480531:  Hold'em No Limit ($0.01/$0.02 USD) - 2022/07/10 16:30:06 PT [2022/07/10 19:30:06 ET]
Table 'Tristan' 9-max Seat #2 is the button
Seat 1: XiSCOiX ($6.58 in chips) 
Seat 2: Gomez224 ($2.35 in chips) 
Seat 4: bree161616 ($3.27 in chips) 
Seat 5: LeandroAku ($2 in chips) 
Seat 7: quentle1 ($1.88 in chips) 
Seat 9: Dorex2007 ($2.06 in chips) 
bree161616: posts small blind $0.01
LeandroAku: posts big blind $0.02
*** HOLE CARDS ***
Dealt to Dorex2007 [4h Qc]
quentle1 has timed out
quentle1: folds 
Dorex2007: folds 
XiSCOiX: folds 
Gomez224: folds 
bree161616: folds 
Uncalled bet ($0.01) returned to LeandroAku
LeandroAku collected $0.02 from pot
*** SUMMARY ***
Total pot $0.02 | Rake $0 
Seat 1: XiSCOiX folded before Flop (didn't bet)
Seat 2: Gomez224 (button) folded before Flop (didn't bet)
Seat 4: bree161616 (small blind) folded before Flop
Seat 5: LeandroAku (big blind) collected ($0.02)
Seat 7: quentle1 folded before Flop (didn't bet)
Seat 9: Dorex2007 folded before Flop (didn't bet)



PokerStars Hand #237285485815:  Hold'em No Limit ($0.01/$0.02 USD) - 2022/07/10 16:30:26 PT [2022/07/10 19:30:26 ET]
Table 'Tristan' 9-max Seat #4 is the button
Seat 1: XiSCOiX ($6.58 in chips) 
Seat 2: Gomez224 ($2.35 in chips) 
Seat 4: bree161616 ($3.26 in chips) 
Seat 5: LeandroAku ($2.01 in chips) 
Seat 7: quentle1 ($1.88 in chips) 
Seat 9: Dorex2007 ($2.06 in chips) 
LeandroAku: posts small blind $0.01
quentle1: posts big blind $0.02
*** HOLE CARDS ***
Dealt to Dorex2007 [2s Ah]
Dorex2007: folds 
XiSCOiX: folds 
Gomez224: folds 
Gomez224 leaves the table
bree161616: folds 
LeandroAku: folds 
Uncalled bet ($0.01) returned to quentle1
quentle1 collected $0.02 from pot
*** SUMMARY ***
Total pot $0.02 | Rake $0 
Seat 1: XiSCOiX folded before Flop (didn't bet)
Seat 2: Gomez224 folded before Flop (didn't bet)
Seat 4: bree161616 (button) folded before Flop (didn't bet)
Seat 5: LeandroAku (small blind) folded before Flop
Seat 7: quentle1 (big blind) collected ($0.02)
Seat 9: Dorex2007 folded before Flop (didn't bet)



PokerStars Hand #237285489747:  Hold'em No Limit ($0.01/$0.02 USD) - 2022/07/10 16:30:41 PT [2022/07/10 19:30:41 ET]
Table 'Tristan' 9-max Seat #5 is the button
Seat 1: XiSCOiX ($6.58 in chips) 
Seat 4: bree161616 ($3.26 in chips) 
Seat 5: LeandroAku ($2 in chips) 
Seat 7: quentle1 ($1.89 in chips) 
Seat 9: Dorex2007 ($2.06 in chips) 
quentle1: posts small blind $0.01
Dorex2007: posts big blind $0.02
*** HOLE CARDS ***
Dealt to Dorex2007 [9h Js]
XiSCOiX: raises $0.06 to $0.08
bree161616: folds 
LeandroAku: folds 
quentle1: calls $0.07
Dorex2007: folds 
*** FLOP *** [Jd 3d 5d]
quentle1: bets $0.08
XiSCOiX: calls $0.08
*** TURN *** [Jd 3d 5d] [Ts]
quentle1: bets $0.16
XiSCOiX: calls $0.16
*** RIVER *** [Jd 3d 5d Ts] [8d]
quentle1: bets $0.32
XiSCOiX: folds 
Uncalled bet ($0.32) returned to quentle1
quentle1 collected $0.64 from pot
*** SUMMARY ***
Total pot $0.66 | Rake $0.02 
Board [Jd 3d 5d Ts 8d]
Seat 1: XiSCOiX folded on the River
Seat 4: bree161616 folded before Flop (didn't bet)
Seat 5: LeandroAku (button) folded before Flop (didn't bet)
Seat 7: quentle1 (small blind) collected ($0.64)
Seat 9: Dorex2007 (big blind) folded before Flop



PokerStars Hand #237285505340:  Hold'em No Limit ($0.01/$0.02 USD) - 2022/07/10 16:31:40 PT [2022/07/10 19:31:40 ET]
Table 'Tristan' 9-max Seat #7 is the button
Seat 1: XiSCOiX ($6.26 in chips) 
Seat 4: bree161616 ($3.26 in chips) 
Seat 5: LeandroAku ($2 in chips) 
Seat 7: quentle1 ($2.21 in chips) 
Seat 9: Dorex2007 ($2.04 in chips) 
Dorex2007: posts small blind $0.01
XiSCOiX: posts big blind $0.02
*** HOLE CARDS ***
Dealt to Dorex2007 [Ks 3s]
bree161616: folds 
LeandroAku: folds 
quentle1: calls $0.02
Dorex2007: calls $0.01
XiSCOiX: checks 
*** FLOP *** [Qc 4d 2c]
Dorex2007: checks 
XiSCOiX: checks 
quentle1: checks 
*** TURN *** [Qc 4d 2c] [5c]
Dorex2007: bets $0.04
XiSCOiX: folds 
quentle1: calls $0.04
*** RIVER *** [Qc 4d 2c 5c] [6h]
Dorex2007: bets $0.14
quentle1: folds 
Uncalled bet ($0.14) returned to Dorex2007
Dorex2007 collected $0.14 from pot
*** SUMMARY ***
Total pot $0.14 | Rake $0 
Board [Qc 4d 2c 5c 6h]
Seat 1: XiSCOiX (big blind) folded on the Turn
Seat 4: bree161616 folded before Flop (didn't bet)
Seat 5: LeandroAku folded before Flop (didn't bet)
Seat 7: quentle1 (button) folded on the River
Seat 9: Dorex2007 (small blind) collected ($0.14)



PokerStars Hand #237285517569:  Hold'em No Limit ($0.01/$0.02 USD) - 2022/07/10 16:32:26 PT [2022/07/10 19:32:26 ET]
Table 'Tristan' 9-max Seat #9 is the button
Seat 1: XiSCOiX ($6.24 in chips) 
Seat 4: bree161616 ($3.26 in chips) 
Seat 5: LeandroAku ($2 in chips) 
Seat 7: quentle1 ($2.15 in chips) 
Seat 9: Dorex2007 ($2.12 in chips) 
XiSCOiX: posts small blind $0.01
bree161616: posts big blind $0.02
*** HOLE CARDS ***
Dealt to Dorex2007 [Jc Ts]
LeandroAku: folds 
quentle1: folds 
Dorex2007: raises $0.04 to $0.06
XiSCOiX: folds 
bree161616: folds 
Uncalled bet ($0.04) returned to Dorex2007
Dorex2007 collected $0.05 from pot
shakadevirgo90 leaves the table
*** SUMMARY ***
Total pot $0.05 | Rake $0 
Seat 1: XiSCOiX (small blind) folded before Flop
Seat 4: bree161616 (big blind) folded before Flop
Seat 5: LeandroAku folded before Flop (didn't bet)
Seat 7: quentle1 folded before Flop (didn't bet)
Seat 9: Dorex2007 (button) collected ($0.05)



