PokerStars Hand #232938709538:  Hold'em No Limit ($0.01/$0.02 USD) - 2022/01/08 9:34:06 PT [2022/01/08 12:34:06 ET]
Table 'Thia V' 9-max Seat #8 is the button
Seat 1: Dorex2007 ($2 in chips) 
Seat 2: arianagray ($0.92 in chips) 
Seat 3: nartykl ($2 in chips) 
Seat 5: IL ROSSOBRUNO ($0.90 in chips) 
Seat 6: Barusal ($0.29 in chips) 
Seat 7: vejas70 ($0.87 in chips) 
Seat 8: KleitonDuart ($1.72 in chips) 
Seat 9: INFINITY008800 ($3.10 in chips) 
INFINITY008800: posts small blind $0.01
Dorex2007: posts big blind $0.02
kintail: sits out 
*** HOLE CARDS ***
Dealt to Dorex2007 [2d Qd]
arianagray: folds 
nartykl: folds 
IL ROSSOBRUNO: folds 
Barusal: folds 
vejas70: folds 
KleitonDuart: calls $0.02
INFINITY008800: folds 
Dorex2007: checks 
*** FLOP *** [Qc 3s As]
Dorex2007: checks 
KleitonDuart: bets $0.04
Dorex2007: folds 
Uncalled bet ($0.04) returned to KleitonDuart
KleitonDuart collected $0.05 from pot
KleitonDuart: doesn't show hand 
*** SUMMARY ***
Total pot $0.05 | Rake $0 
Board [Qc 3s As]
Seat 1: Dorex2007 (big blind) folded on the Flop
Seat 2: arianagray folded before Flop (didn't bet)
Seat 3: nartykl folded before Flop (didn't bet)
Seat 5: IL ROSSOBRUNO folded before Flop (didn't bet)
Seat 6: Barusal folded before Flop (didn't bet)
Seat 7: vejas70 folded before Flop (didn't bet)
Seat 8: KleitonDuart (button) collected ($0.05)
Seat 9: INFINITY008800 (small blind) folded before Flop



PokerStars Hand #232938726406:  Hold'em No Limit ($0.01/$0.02 USD) - 2022/01/08 9:34:36 PT [2022/01/08 12:34:36 ET]
Table 'Thia V' 9-max Seat #9 is the button
Seat 1: Dorex2007 ($2 in chips) 
Seat 2: arianagray ($0.92 in chips) 
Seat 3: nartykl ($2 in chips) 
Seat 5: IL ROSSOBRUNO ($0.90 in chips) 
Seat 6: Barusal ($0.29 in chips) 
Seat 7: vejas70 ($0.87 in chips) 
Seat 8: KleitonDuart ($1.75 in chips) 
Seat 9: INFINITY008800 ($3.09 in chips) 
Dorex2007: posts small blind $0.01
arianagray: posts big blind $0.02
kintail: sits out 
*** HOLE CARDS ***
Dealt to Dorex2007 [Ad 8c]
nartykl: folds 
IL ROSSOBRUNO: raises $0.02 to $0.04
Barusal: folds 
vejas70: calls $0.04
KleitonDuart: folds 
INFINITY008800: folds 
Dorex2007: folds 
arianagray: calls $0.02
*** FLOP *** [Ks Qc 7d]
arianagray: checks 
IL ROSSOBRUNO: bets $0.04
vejas70: calls $0.04
arianagray: calls $0.04
*** TURN *** [Ks Qc 7d] [6d]
arianagray: checks 
IL ROSSOBRUNO: bets $0.02
vejas70: calls $0.02
arianagray: calls $0.02
*** RIVER *** [Ks Qc 7d 6d] [6s]
arianagray: checks 
IL ROSSOBRUNO: checks 
vejas70: checks 
*** SHOW DOWN ***
arianagray: shows [Qd 4d] (two pair, Queens and Sixes)
IL ROSSOBRUNO: mucks hand 
vejas70: shows [Ts Qh] (two pair, Queens and Sixes)
arianagray collected $0.15 from pot
vejas70 collected $0.15 from pot
*** SUMMARY ***
Total pot $0.31 | Rake $0.01 
Board [Ks Qc 7d 6d 6s]
Seat 1: Dorex2007 (small blind) folded before Flop
Seat 2: arianagray (big blind) showed [Qd 4d] and won ($0.15) with two pair, Queens and Sixes
Seat 3: nartykl folded before Flop (didn't bet)
Seat 5: IL ROSSOBRUNO mucked [Jc Th]
Seat 6: Barusal folded before Flop (didn't bet)
Seat 7: vejas70 showed [Ts Qh] and won ($0.15) with two pair, Queens and Sixes
Seat 8: KleitonDuart folded before Flop (didn't bet)
Seat 9: INFINITY008800 (button) folded before Flop (didn't bet)



PokerStars Hand #232938754665:  Hold'em No Limit ($0.01/$0.02 USD) - 2022/01/08 9:35:17 PT [2022/01/08 12:35:17 ET]
Table 'Thia V' 9-max Seat #1 is the button
Seat 1: Dorex2007 ($2 in chips) 
Seat 2: arianagray ($0.97 in chips) 
Seat 3: nartykl ($2 in chips) 
Seat 5: IL ROSSOBRUNO ($0.80 in chips) 
Seat 6: Barusal ($0.29 in chips) 
Seat 7: vejas70 ($0.92 in chips) 
Seat 8: KleitonDuart ($1.75 in chips) 
Seat 9: INFINITY008800 ($3.09 in chips) 
arianagray: posts small blind $0.01
nartykl: posts big blind $0.02
kintail: sits out 
*** HOLE CARDS ***
Dealt to Dorex2007 [5d Ad]
IL ROSSOBRUNO: folds 
Barusal: folds 
vejas70: calls $0.02
KleitonDuart: raises $0.02 to $0.04
INFINITY008800: calls $0.04
Dorex2007: folds 
arianagray: folds 
nartykl: folds 
vejas70: calls $0.02
*** FLOP *** [Qc Td 5c]
vejas70: checks 
KleitonDuart: bets $0.04
INFINITY008800: calls $0.04
vejas70: calls $0.04
*** TURN *** [Qc Td 5c] [7h]
vejas70: checks 
KleitonDuart: bets $0.06
INFINITY008800: calls $0.06
vejas70: calls $0.06
*** RIVER *** [Qc Td 5c 7h] [4h]
vejas70: checks 
KleitonDuart: bets $0.06
INFINITY008800: raises $0.14 to $0.20
vejas70: folds 
KleitonDuart: folds 
Uncalled bet ($0.14) returned to INFINITY008800
INFINITY008800 collected $0.55 from pot
INFINITY008800: doesn't show hand 
*** SUMMARY ***
Total pot $0.57 | Rake $0.02 
Board [Qc Td 5c 7h 4h]
Seat 1: Dorex2007 (button) folded before Flop (didn't bet)
Seat 2: arianagray (small blind) folded before Flop
Seat 3: nartykl (big blind) folded before Flop
Seat 5: IL ROSSOBRUNO folded before Flop (didn't bet)
Seat 6: Barusal folded before Flop (didn't bet)
Seat 7: vejas70 folded on the River
Seat 8: KleitonDuart folded on the River
Seat 9: INFINITY008800 collected ($0.55)



PokerStars Hand #232938806272:  Hold'em No Limit ($0.01/$0.02 USD) - 2022/01/08 9:36:44 PT [2022/01/08 12:36:44 ET]
Table 'Thia V' 9-max Seat #2 is the button
Seat 1: Dorex2007 ($2 in chips) 
Seat 2: arianagray ($0.96 in chips) 
Seat 3: nartykl ($2 in chips) 
Seat 4: kintail ($0.80 in chips) 
Seat 5: IL ROSSOBRUNO ($0.80 in chips) 
Seat 6: Barusal ($0.29 in chips) 
Seat 7: vejas70 ($0.78 in chips) 
Seat 8: KleitonDuart ($1.55 in chips) 
Seat 9: INFINITY008800 ($3.44 in chips) 
nartykl: posts small blind $0.01
kintail: posts big blind $0.02
*** HOLE CARDS ***
Dealt to Dorex2007 [Tc 5h]
IL ROSSOBRUNO: folds 
Barusal: calls $0.02
vejas70: folds 
KleitonDuart: folds 
INFINITY008800: folds 
Dorex2007: folds 
arianagray: folds 
nartykl: folds 
kintail: checks 
*** FLOP *** [Th As 5s]
kintail: checks 
Barusal: bets $0.06
kintail: calls $0.06
*** TURN *** [Th As 5s] [9c]
kintail: checks 
Barusal: bets $0.10
kintail: raises $0.10 to $0.20
Barusal: raises $0.01 to $0.21 and is all-in
kintail: calls $0.01
Barusal has timed out
*** RIVER *** [Th As 5s 9c] [Ah]
*** SHOW DOWN ***
kintail: shows [Qd Ts] (two pair, Aces and Tens)
Barusal: shows [7d 7c] (two pair, Aces and Sevens)
kintail collected $0.57 from pot
*** SUMMARY ***
Total pot $0.59 | Rake $0.02 
Board [Th As 5s 9c Ah]
Seat 1: Dorex2007 folded before Flop (didn't bet)
Seat 2: arianagray (button) folded before Flop (didn't bet)
Seat 3: nartykl (small blind) folded before Flop
Seat 4: kintail (big blind) showed [Qd Ts] and won ($0.57) with two pair, Aces and Tens
Seat 5: IL ROSSOBRUNO folded before Flop (didn't bet)
Seat 6: Barusal showed [7d 7c] and lost with two pair, Aces and Sevens
Seat 7: vejas70 folded before Flop (didn't bet)
Seat 8: KleitonDuart folded before Flop (didn't bet)
Seat 9: INFINITY008800 folded before Flop (didn't bet)



PokerStars Hand #232938841033:  Hold'em No Limit ($0.01/$0.02 USD) - 2022/01/08 9:37:45 PT [2022/01/08 12:37:45 ET]
Table 'Thia V' 9-max Seat #3 is the button
Seat 1: Dorex2007 ($2 in chips) 
Seat 2: arianagray ($0.96 in chips) 
Seat 3: nartykl ($2 in chips) 
Seat 4: kintail ($1.08 in chips) 
Seat 5: IL ROSSOBRUNO ($0.80 in chips) 
Seat 7: vejas70 ($0.78 in chips) 
Seat 8: KleitonDuart ($1.55 in chips) 
Seat 9: INFINITY008800 ($3.44 in chips) 
kintail: posts small blind $0.01
IL ROSSOBRUNO: posts big blind $0.02
*** HOLE CARDS ***
Dealt to Dorex2007 [7d Tc]
vejas70: folds 
Barusal leaves the table
KleitonDuart: folds 
INFINITY008800: folds 
Dorex2007: folds 
arianagray: folds 
nartykl: raises $0.04 to $0.06
koroto2 joins the table at seat #6 
kintail: folds 
IL ROSSOBRUNO: calls $0.04
*** FLOP *** [9d Kh 9s]
IL ROSSOBRUNO: checks 
nartykl: bets $0.08
IL ROSSOBRUNO: folds 
Uncalled bet ($0.08) returned to nartykl
nartykl collected $0.13 from pot
*** SUMMARY ***
Total pot $0.13 | Rake $0 
Board [9d Kh 9s]
Seat 1: Dorex2007 folded before Flop (didn't bet)
Seat 2: arianagray folded before Flop (didn't bet)
Seat 3: nartykl (button) collected ($0.13)
Seat 4: kintail (small blind) folded before Flop
Seat 5: IL ROSSOBRUNO (big blind) folded on the Flop
Seat 7: vejas70 folded before Flop (didn't bet)
Seat 8: KleitonDuart folded before Flop (didn't bet)
Seat 9: INFINITY008800 folded before Flop (didn't bet)



PokerStars Hand #232938862249:  Hold'em No Limit ($0.01/$0.02 USD) - 2022/01/08 9:38:23 PT [2022/01/08 12:38:23 ET]
Table 'Thia V' 9-max Seat #4 is the button
Seat 1: Dorex2007 ($2 in chips) 
Seat 2: arianagray ($0.96 in chips) 
Seat 3: nartykl ($2.07 in chips) 
Seat 4: kintail ($1.07 in chips) 
Seat 5: IL ROSSOBRUNO ($0.74 in chips) 
Seat 6: koroto2 ($2 in chips) 
Seat 7: vejas70 ($0.78 in chips) 
Seat 8: KleitonDuart ($1.55 in chips) 
Seat 9: INFINITY008800 ($3.44 in chips) 
IL ROSSOBRUNO: posts small blind $0.01
koroto2: posts big blind $0.02
*** HOLE CARDS ***
Dealt to Dorex2007 [Qd 4s]
vejas70: calls $0.02
KleitonDuart: folds 
KleitonDuart leaves the table
INFINITY008800: calls $0.02
Dorex2007: folds 
arianagray: folds 
Nejcek89 joins the table at seat #8 
nartykl: folds 
kintail: calls $0.02
IL ROSSOBRUNO: calls $0.01
koroto2: checks 
*** FLOP *** [7h Jc 7d]
IL ROSSOBRUNO: checks 
koroto2: checks 
vejas70: bets $0.10
INFINITY008800: folds 
kintail: folds 
IL ROSSOBRUNO: folds 
koroto2: folds 
Uncalled bet ($0.10) returned to vejas70
vejas70 collected $0.10 from pot
vejas70: doesn't show hand 
*** SUMMARY ***
Total pot $0.10 | Rake $0 
Board [7h Jc 7d]
Seat 1: Dorex2007 folded before Flop (didn't bet)
Seat 2: arianagray folded before Flop (didn't bet)
Seat 3: nartykl folded before Flop (didn't bet)
Seat 4: kintail (button) folded on the Flop
Seat 5: IL ROSSOBRUNO (small blind) folded on the Flop
Seat 6: koroto2 (big blind) folded on the Flop
Seat 7: vejas70 collected ($0.10)
Seat 8: KleitonDuart folded before Flop (didn't bet)
Seat 9: INFINITY008800 folded on the Flop



PokerStars Hand #232938889974:  Hold'em No Limit ($0.01/$0.02 USD) - 2022/01/08 9:39:12 PT [2022/01/08 12:39:12 ET]
Table 'Thia V' 9-max Seat #5 is the button
Seat 1: Dorex2007 ($2 in chips) 
Seat 2: arianagray ($0.96 in chips) 
Seat 3: nartykl ($2.07 in chips) 
Seat 4: kintail ($1.05 in chips) 
Seat 5: IL ROSSOBRUNO ($0.72 in chips) 
Seat 6: koroto2 ($1.98 in chips) 
Seat 7: vejas70 ($0.86 in chips) 
Seat 8: Nejcek89 ($2 in chips) 
Seat 9: INFINITY008800 ($3.42 in chips) 
koroto2: posts small blind $0.01
vejas70: posts big blind $0.02
Nejcek89: posts big blind $0.02
*** HOLE CARDS ***
Dealt to Dorex2007 [6c Ts]
Nejcek89: checks 
INFINITY008800: calls $0.02
Dorex2007: folds 
arianagray: folds 
nartykl: raises $0.06 to $0.08
kintail: raises $0.14 to $0.22
IL ROSSOBRUNO: folds 
koroto2: folds 
vejas70: folds 
Nejcek89: folds 
INFINITY008800: folds 
nartykl: folds 
Uncalled bet ($0.14) returned to kintail
kintail collected $0.23 from pot
kintail: doesn't show hand 
*** SUMMARY ***
Total pot $0.23 | Rake $0 
Seat 1: Dorex2007 folded before Flop (didn't bet)
Seat 2: arianagray folded before Flop (didn't bet)
Seat 3: nartykl folded before Flop
Seat 4: kintail collected ($0.23)
Seat 5: IL ROSSOBRUNO (button) folded before Flop (didn't bet)
Seat 6: koroto2 (small blind) folded before Flop
Seat 7: vejas70 (big blind) folded before Flop
Seat 8: Nejcek89 folded before Flop (didn't bet)
Seat 9: INFINITY008800 folded before Flop



PokerStars Hand #232938910189:  Hold'em No Limit ($0.01/$0.02 USD) - 2022/01/08 9:39:49 PT [2022/01/08 12:39:49 ET]
Table 'Thia V' 9-max Seat #6 is the button
Seat 1: Dorex2007 ($2 in chips) 
Seat 2: arianagray ($0.96 in chips) 
Seat 3: nartykl ($2 in chips) 
Seat 4: kintail ($1.20 in chips) 
Seat 5: IL ROSSOBRUNO ($0.72 in chips) 
Seat 6: koroto2 ($1.97 in chips) 
Seat 7: vejas70 ($0.84 in chips) 
Seat 8: Nejcek89 ($1.98 in chips) 
Seat 9: INFINITY008800 ($3.40 in chips) 
vejas70: posts small blind $0.01
Nejcek89: posts big blind $0.02
*** HOLE CARDS ***
Dealt to Dorex2007 [8s 5h]
INFINITY008800: folds 
Dorex2007: folds 
arianagray: folds 
nartykl: folds 
kintail: folds 
IL ROSSOBRUNO: folds 
koroto2: folds 
vejas70: calls $0.01
Nejcek89: checks 
*** FLOP *** [Tc Jc 6s]
vejas70: checks 
Nejcek89: checks 
*** TURN *** [Tc Jc 6s] [Ks]
vejas70: checks 
Nejcek89: bets $0.40
vejas70: folds 
Uncalled bet ($0.40) returned to Nejcek89
Nejcek89 collected $0.04 from pot
Nejcek89: doesn't show hand 
*** SUMMARY ***
Total pot $0.04 | Rake $0 
Board [Tc Jc 6s Ks]
Seat 1: Dorex2007 folded before Flop (didn't bet)
Seat 2: arianagray folded before Flop (didn't bet)
Seat 3: nartykl folded before Flop (didn't bet)
Seat 4: kintail folded before Flop (didn't bet)
Seat 5: IL ROSSOBRUNO folded before Flop (didn't bet)
Seat 6: koroto2 (button) folded before Flop (didn't bet)
Seat 7: vejas70 (small blind) folded on the Turn
Seat 8: Nejcek89 (big blind) collected ($0.04)
Seat 9: INFINITY008800 folded before Flop (didn't bet)



PokerStars Hand #232938931184:  Hold'em No Limit ($0.01/$0.02 USD) - 2022/01/08 9:40:25 PT [2022/01/08 12:40:25 ET]
Table 'Thia V' 9-max Seat #7 is the button
Seat 1: Dorex2007 ($2 in chips) 
Seat 2: arianagray ($0.96 in chips) 
Seat 3: nartykl ($2 in chips) 
Seat 4: kintail ($1.20 in chips) 
Seat 5: IL ROSSOBRUNO ($0.72 in chips) 
Seat 6: koroto2 ($1.97 in chips) 
Seat 7: vejas70 ($0.82 in chips) 
Seat 8: Nejcek89 ($2 in chips) 
Seat 9: INFINITY008800 ($3.40 in chips) 
Nejcek89: posts small blind $0.01
INFINITY008800: posts big blind $0.02
*** HOLE CARDS ***
Dealt to Dorex2007 [Qc 4d]
Dorex2007: folds 
arianagray: folds 
nartykl: folds 
kintail: folds 
IL ROSSOBRUNO: raises $0.02 to $0.04
koroto2: folds 
vejas70: calls $0.04
Nejcek89: calls $0.03
INFINITY008800: calls $0.02
*** FLOP *** [8d 9c 6c]
Nejcek89: checks 
INFINITY008800: checks 
IL ROSSOBRUNO: checks 
vejas70: checks 
*** TURN *** [8d 9c 6c] [2s]
Nejcek89: checks 
INFINITY008800: checks 
IL ROSSOBRUNO: checks 
vejas70: checks 
*** RIVER *** [8d 9c 6c 2s] [3h]
Nejcek89: checks 
INFINITY008800: checks 
IL ROSSOBRUNO: checks 
vejas70: checks 
*** SHOW DOWN ***
Nejcek89: shows [Td Jd] (high card Jack)
INFINITY008800: shows [Kh 8c] (a pair of Eights)
IL ROSSOBRUNO: mucks hand 
vejas70: mucks hand 
INFINITY008800 collected $0.15 from pot
*** SUMMARY ***
Total pot $0.16 | Rake $0.01 
Board [8d 9c 6c 2s 3h]
Seat 1: Dorex2007 folded before Flop (didn't bet)
Seat 2: arianagray folded before Flop (didn't bet)
Seat 3: nartykl folded before Flop (didn't bet)
Seat 4: kintail folded before Flop (didn't bet)
Seat 5: IL ROSSOBRUNO mucked [Ah 2h]
Seat 6: koroto2 folded before Flop (didn't bet)
Seat 7: vejas70 (button) mucked [2d 5d]
Seat 8: Nejcek89 (small blind) showed [Td Jd] and lost with high card Jack
Seat 9: INFINITY008800 (big blind) showed [Kh 8c] and won ($0.15) with a pair of Eights



PokerStars Hand #232938991221:  Hold'em No Limit ($0.01/$0.02 USD) - 2022/01/08 9:42:10 PT [2022/01/08 12:42:10 ET]
Table 'Thia V' 9-max Seat #2 is the button
Seat 1: Dorex2007 ($2 in chips) 
Seat 2: arianagray ($0.93 in chips) 
Seat 4: kintail ($1.18 in chips) 
Seat 5: IL ROSSOBRUNO ($0.74 in chips) 
Seat 6: koroto2 ($2 in chips) 
Seat 7: vejas70 ($0.83 in chips) 
Seat 8: Nejcek89 ($1.96 in chips) 
Seat 9: INFINITY008800 ($3.45 in chips) 
kintail: posts small blind $0.01
IL ROSSOBRUNO: posts big blind $0.02
Dorex2007: posts small & big blinds $0.03
*** HOLE CARDS ***
Dealt to Dorex2007 [2s 2d]
koroto2: folds 
vejas70: folds 
Nejcek89: folds 
INFINITY008800: folds 
Dorex2007: raises $0.06 to $0.08
arianagray: folds 
kintail: folds 
IL ROSSOBRUNO: folds 
Uncalled bet ($0.06) returned to Dorex2007
Dorex2007 collected $0.06 from pot
Dorex2007: doesn't show hand 
*** SUMMARY ***
Total pot $0.06 | Rake $0 
Seat 1: Dorex2007 collected ($0.06)
Seat 2: arianagray (button) folded before Flop (didn't bet)
Seat 4: kintail (small blind) folded before Flop
Seat 5: IL ROSSOBRUNO (big blind) folded before Flop
Seat 6: koroto2 folded before Flop (didn't bet)
Seat 7: vejas70 folded before Flop (didn't bet)
Seat 8: Nejcek89 folded before Flop (didn't bet)
Seat 9: INFINITY008800 folded before Flop (didn't bet)



PokerStars Hand #232939003255:  Hold'em No Limit ($0.01/$0.02 USD) - 2022/01/08 9:42:31 PT [2022/01/08 12:42:31 ET]
Table 'Thia V' 9-max Seat #4 is the button
Seat 1: Dorex2007 ($2.03 in chips) 
Seat 2: arianagray ($0.93 in chips) 
Seat 4: kintail ($1.17 in chips) 
Seat 5: IL ROSSOBRUNO ($0.72 in chips) 
Seat 6: koroto2 ($2 in chips) 
Seat 7: vejas70 ($0.83 in chips) 
Seat 8: Nejcek89 ($1.96 in chips) 
Seat 9: INFINITY008800 ($3.45 in chips) 
IL ROSSOBRUNO: posts small blind $0.01
koroto2: posts big blind $0.02
*** HOLE CARDS ***
Dealt to Dorex2007 [Ts 3s]
vejas70: calls $0.02
Nejcek89: folds 
INFINITY008800: folds 
Dorex2007: folds 
arianagray: calls $0.02
kintail: calls $0.02
IL ROSSOBRUNO: folds 
koroto2: checks 
*** FLOP *** [6c 7s 3h]
koroto2: checks 
vejas70: checks 
arianagray: checks 
kintail: checks 
*** TURN *** [6c 7s 3h] [9h]
koroto2: checks 
vejas70: bets $0.02
arianagray: calls $0.02
kintail: raises $0.08 to $0.10
koroto2: folds 
vejas70: calls $0.08
arianagray: folds 
*** RIVER *** [6c 7s 3h 9h] [Qh]
vejas70: checks 
kintail: checks 
*** SHOW DOWN ***
vejas70: shows [5h 5s] (a pair of Fives)
kintail: shows [7d 9d] (two pair, Nines and Sevens)
kintail collected $0.30 from pot
*** SUMMARY ***
Total pot $0.31 | Rake $0.01 
Board [6c 7s 3h 9h Qh]
Seat 1: Dorex2007 folded before Flop (didn't bet)
Seat 2: arianagray folded on the Turn
Seat 4: kintail (button) showed [7d 9d] and won ($0.30) with two pair, Nines and Sevens
Seat 5: IL ROSSOBRUNO (small blind) folded before Flop
Seat 6: koroto2 (big blind) folded on the Turn
Seat 7: vejas70 showed [5h 5s] and lost with a pair of Fives
Seat 8: Nejcek89 folded before Flop (didn't bet)
Seat 9: INFINITY008800 folded before Flop (didn't bet)



PokerStars Hand #232939022467:  Hold'em No Limit ($0.01/$0.02 USD) - 2022/01/08 9:43:05 PT [2022/01/08 12:43:05 ET]
Table 'Thia V' 9-max Seat #5 is the button
Seat 1: Dorex2007 ($2.03 in chips) 
Seat 2: arianagray ($0.89 in chips) 
Seat 4: kintail ($1.35 in chips) 
Seat 5: IL ROSSOBRUNO ($0.71 in chips) 
Seat 6: koroto2 ($1.98 in chips) 
Seat 7: vejas70 ($0.71 in chips) 
Seat 8: Nejcek89 ($1.96 in chips) 
Seat 9: INFINITY008800 ($3.45 in chips) 
koroto2: posts small blind $0.01
vejas70: posts big blind $0.02
*** HOLE CARDS ***
Dealt to Dorex2007 [4h 7c]
Nejcek89: folds 
INFINITY008800: calls $0.02
Dorex2007: folds 
arianagray: folds 
nartykl leaves the table
kintail: folds 
IL ROSSOBRUNO: folds 
koroto2: folds 
vejas70: checks 
*** FLOP *** [Th Jd 3h]
vejas70: checks 
INFINITY008800: bets $0.04
vejas70: raises $0.04 to $0.08
INFINITY008800: calls $0.04
*** TURN *** [Th Jd 3h] [9s]
vejas70: bets $0.06
INFINITY008800: folds 
Uncalled bet ($0.06) returned to vejas70
vejas70 collected $0.20 from pot
vejas70: doesn't show hand 
*** SUMMARY ***
Total pot $0.21 | Rake $0.01 
Board [Th Jd 3h 9s]
Seat 1: Dorex2007 folded before Flop (didn't bet)
Seat 2: arianagray folded before Flop (didn't bet)
Seat 4: kintail folded before Flop (didn't bet)
Seat 5: IL ROSSOBRUNO (button) folded before Flop (didn't bet)
Seat 6: koroto2 (small blind) folded before Flop
Seat 7: vejas70 (big blind) collected ($0.20)
Seat 8: Nejcek89 folded before Flop (didn't bet)
Seat 9: INFINITY008800 folded on the Turn



PokerStars Hand #232939040921:  Hold'em No Limit ($0.01/$0.02 USD) - 2022/01/08 9:43:38 PT [2022/01/08 12:43:38 ET]
Table 'Thia V' 9-max Seat #6 is the button
Seat 1: Dorex2007 ($2.03 in chips) 
Seat 2: arianagray ($0.89 in chips) 
Seat 4: kintail ($1.35 in chips) 
Seat 5: IL ROSSOBRUNO ($0.71 in chips) 
Seat 6: koroto2 ($1.97 in chips) 
Seat 7: vejas70 ($0.81 in chips) 
Seat 8: Nejcek89 ($1.96 in chips) 
Seat 9: INFINITY008800 ($3.35 in chips) 
vejas70: posts small blind $0.01
Nejcek89: posts big blind $0.02
*** HOLE CARDS ***
Dealt to Dorex2007 [Jh 7h]
INFINITY008800: folds 
Dorex2007: folds 
arianagray: folds 
kintail: folds 
IL ROSSOBRUNO: folds 
koroto2: raises $0.04 to $0.06
vejas70: calls $0.05
Nejcek89: folds 
*** FLOP *** [2s Ad Kh]
vejas70: checks 
koroto2: checks 
*** TURN *** [2s Ad Kh] [3c]
vejas70: bets $0.02
koroto2: calls $0.02
*** RIVER *** [2s Ad Kh 3c] [Ac]
vejas70: bets $0.02
koroto2: calls $0.02
*** SHOW DOWN ***
vejas70: shows [Th Tc] (two pair, Aces and Tens)
koroto2: mucks hand 
vejas70 collected $0.21 from pot
*** SUMMARY ***
Total pot $0.22 | Rake $0.01 
Board [2s Ad Kh 3c Ac]
Seat 1: Dorex2007 folded before Flop (didn't bet)
Seat 2: arianagray folded before Flop (didn't bet)
Seat 4: kintail folded before Flop (didn't bet)
Seat 5: IL ROSSOBRUNO folded before Flop (didn't bet)
Seat 6: koroto2 (button) mucked [6c 6h]
Seat 7: vejas70 (small blind) showed [Th Tc] and won ($0.21) with two pair, Aces and Tens
Seat 8: Nejcek89 (big blind) folded before Flop
Seat 9: INFINITY008800 folded before Flop (didn't bet)



PokerStars Hand #232939064429:  Hold'em No Limit ($0.01/$0.02 USD) - 2022/01/08 9:44:20 PT [2022/01/08 12:44:20 ET]
Table 'Thia V' 9-max Seat #7 is the button
Seat 1: Dorex2007 ($2.03 in chips) 
Seat 2: arianagray ($0.89 in chips) 
Seat 4: kintail ($1.35 in chips) 
Seat 5: IL ROSSOBRUNO ($0.71 in chips) 
Seat 6: koroto2 ($1.87 in chips) 
Seat 7: vejas70 ($0.92 in chips) 
Seat 8: Nejcek89 ($1.94 in chips) 
Seat 9: INFINITY008800 ($3.35 in chips) 
Nejcek89: posts small blind $0.01
INFINITY008800: posts big blind $0.02
*** HOLE CARDS ***
Dealt to Dorex2007 [8s 2d]
Dorex2007: folds 
arianagray: folds 
kintail: calls $0.02
IL ROSSOBRUNO: folds 
koroto2: folds 
vejas70: calls $0.02
Nejcek89: calls $0.01
INFINITY008800: checks 
*** FLOP *** [As 4c Ks]
Nejcek89: checks 
INFINITY008800: bets $0.04
kintail: folds 
vejas70: calls $0.04
Nejcek89: calls $0.04
*** TURN *** [As 4c Ks] [Qc]
Nejcek89: checks 
INFINITY008800: checks 
HSM29 joins the table at seat #3 
vejas70: bets $0.10
Nejcek89: calls $0.10
INFINITY008800: calls $0.10
*** RIVER *** [As 4c Ks Qc] [Ac]
Nejcek89: checks 
INFINITY008800: checks 
vejas70: bets $0.24
Nejcek89: folds 
INFINITY008800: calls $0.24
*** SHOW DOWN ***
vejas70: shows [Ad 6c] (three of a kind, Aces)
INFINITY008800: mucks hand 
vejas70 collected $0.95 from pot
*** SUMMARY ***
Total pot $0.98 | Rake $0.03 
Board [As 4c Ks Qc Ac]
Seat 1: Dorex2007 folded before Flop (didn't bet)
Seat 2: arianagray folded before Flop (didn't bet)
Seat 4: kintail folded on the Flop
Seat 5: IL ROSSOBRUNO folded before Flop (didn't bet)
Seat 6: koroto2 folded before Flop (didn't bet)
Seat 7: vejas70 (button) showed [Ad 6c] and won ($0.95) with three of a kind, Aces
Seat 8: Nejcek89 (small blind) folded on the River
Seat 9: INFINITY008800 (big blind) mucked [Kd 2s]



PokerStars Hand #232939099024:  Hold'em No Limit ($0.01/$0.02 USD) - 2022/01/08 9:45:20 PT [2022/01/08 12:45:20 ET]
Table 'Thia V' 9-max Seat #9 is the button
Seat 1: Dorex2007 ($2.03 in chips) 
Seat 2: arianagray ($0.89 in chips) 
Seat 4: kintail ($1.33 in chips) 
Seat 5: IL ROSSOBRUNO ($0.71 in chips) 
Seat 6: koroto2 ($2 in chips) 
Seat 7: vejas70 ($1.47 in chips) 
Seat 9: INFINITY008800 ($2.95 in chips) 
Dorex2007: posts small blind $0.01
arianagray: posts big blind $0.02
HSM29: sits out 
*** HOLE CARDS ***
Dealt to Dorex2007 [2c Tc]
kintail: folds 
IL ROSSOBRUNO: folds 
koroto2: folds 
vejas70: calls $0.02
Nejcek89 leaves the table
INFINITY008800: calls $0.02
Dorex2007: folds 
arianagray: checks 
*** FLOP *** [4d Ts 2d]
arianagray: checks 
vejas70: checks 
Ebleco joins the table at seat #8 
INFINITY008800: bets $0.04
arianagray: folds 
vejas70: calls $0.04
*** TURN *** [4d Ts 2d] [6h]
vejas70: checks 
INFINITY008800: bets $0.10
vejas70: calls $0.10
*** RIVER *** [4d Ts 2d 6h] [5d]
vejas70: checks 
INFINITY008800: bets $0.46
vejas70: calls $0.46
*** SHOW DOWN ***
INFINITY008800: shows [Ks Jc] (high card King)
vejas70: shows [3h Qc] (a straight, Deuce to Six)
vejas70 collected $1.23 from pot
*** SUMMARY ***
Total pot $1.27 | Rake $0.04 
Board [4d Ts 2d 6h 5d]
Seat 1: Dorex2007 (small blind) folded before Flop
Seat 2: arianagray (big blind) folded on the Flop
Seat 4: kintail folded before Flop (didn't bet)
Seat 5: IL ROSSOBRUNO folded before Flop (didn't bet)
Seat 6: koroto2 folded before Flop (didn't bet)
Seat 7: vejas70 showed [3h Qc] and won ($1.23) with a straight, Deuce to Six
Seat 9: INFINITY008800 (button) showed [Ks Jc] and lost with high card King



PokerStars Hand #232939131662:  Hold'em No Limit ($0.01/$0.02 USD) - 2022/01/08 9:46:17 PT [2022/01/08 12:46:17 ET]
Table 'Thia V' 9-max Seat #1 is the button
Seat 1: Dorex2007 ($2.02 in chips) 
Seat 2: arianagray ($0.87 in chips) 
Seat 3: HSM29 ($2 in chips) 
Seat 4: kintail ($1.33 in chips) 
Seat 5: IL ROSSOBRUNO ($0.71 in chips) 
Seat 6: koroto2 ($2 in chips) 
Seat 7: vejas70 ($2.08 in chips) 
Seat 9: INFINITY008800 ($2.33 in chips) 
arianagray: posts small blind $0.01
HSM29: posts big blind $0.02
Ebleco: sits out 
*** HOLE CARDS ***
Dealt to Dorex2007 [Tc Qs]
kintail: raises $0.04 to $0.06
IL ROSSOBRUNO: folds 
koroto2: folds 
vejas70: calls $0.06
INFINITY008800: folds 
Dorex2007: folds 
arianagray: folds 
HSM29: folds 
*** FLOP *** [Kc 5h 3d]
kintail: checks 
vejas70: bets $0.04
kintail: calls $0.04
*** TURN *** [Kc 5h 3d] [2s]
kintail: checks 
vejas70: folds 
vejas70 leaves the table
kintail collected $0.22 from pot
kintail: doesn't show hand 
*** SUMMARY ***
Total pot $0.23 | Rake $0.01 
Board [Kc 5h 3d 2s]
Seat 1: Dorex2007 (button) folded before Flop (didn't bet)
Seat 2: arianagray (small blind) folded before Flop
Seat 3: HSM29 (big blind) folded before Flop
Seat 4: kintail collected ($0.22)
Seat 5: IL ROSSOBRUNO folded before Flop (didn't bet)
Seat 6: koroto2 folded before Flop (didn't bet)
Seat 7: vejas70 folded on the Turn
Seat 9: INFINITY008800 folded before Flop (didn't bet)



PokerStars Hand #232939153735:  Hold'em No Limit ($0.01/$0.02 USD) - 2022/01/08 9:46:55 PT [2022/01/08 12:46:55 ET]
Table 'Thia V' 9-max Seat #2 is the button
Seat 1: Dorex2007 ($2.02 in chips) 
Seat 2: arianagray ($0.86 in chips) 
Seat 3: HSM29 ($1.98 in chips) 
Seat 4: kintail ($1.45 in chips) 
Seat 5: IL ROSSOBRUNO ($0.71 in chips) 
Seat 6: koroto2 ($2 in chips) 
Seat 9: INFINITY008800 ($2.33 in chips) 
HSM29: posts small blind $0.01
kintail: posts big blind $0.02
Ebleco: sits out 
*** HOLE CARDS ***
Dealt to Dorex2007 [As Td]
IL ROSSOBRUNO: raises $0.02 to $0.04
koroto2: folds 
INFINITY008800: folds 
Dorex2007: folds 
arianagray: folds 
HSM29: folds 
kintail: calls $0.02
*** FLOP *** [Kc Ks Kd]
kintail: checks 
IL ROSSOBRUNO: bets $0.03
kintail: folds 
Uncalled bet ($0.03) returned to IL ROSSOBRUNO
IL ROSSOBRUNO collected $0.09 from pot
IL ROSSOBRUNO: doesn't show hand 
*** SUMMARY ***
Total pot $0.09 | Rake $0 
Board [Kc Ks Kd]
Seat 1: Dorex2007 folded before Flop (didn't bet)
Seat 2: arianagray (button) folded before Flop (didn't bet)
Seat 3: HSM29 (small blind) folded before Flop
Seat 4: kintail (big blind) folded on the Flop
Seat 5: IL ROSSOBRUNO collected ($0.09)
Seat 6: koroto2 folded before Flop (didn't bet)
Seat 9: INFINITY008800 folded before Flop (didn't bet)



PokerStars Hand #232939167820:  Hold'em No Limit ($0.01/$0.02 USD) - 2022/01/08 9:47:20 PT [2022/01/08 12:47:20 ET]
Table 'Thia V' 9-max Seat #3 is the button
Seat 1: Dorex2007 ($2.02 in chips) 
Seat 2: arianagray ($0.86 in chips) 
Seat 3: HSM29 ($1.97 in chips) 
Seat 4: kintail ($1.41 in chips) 
Seat 5: IL ROSSOBRUNO ($0.76 in chips) 
Seat 6: koroto2 ($2 in chips) 
Seat 9: INFINITY008800 ($2.33 in chips) 
kintail: posts small blind $0.01
IL ROSSOBRUNO: posts big blind $0.02
Ebleco: sits out 
*** HOLE CARDS ***
Dealt to Dorex2007 [Kd Ah]
koroto2: folds 
INFINITY008800: raises $0.04 to $0.06
Dorex2007: calls $0.06
arianagray: folds 
HSM29: folds 
purplebux joins the table at seat #7 
kintail: folds 
IL ROSSOBRUNO: folds 
*** FLOP *** [8d 4d 6d]
INFINITY008800: checks 
Dorex2007: bets $0.09
INFINITY008800: calls $0.09
*** TURN *** [8d 4d 6d] [8c]
INFINITY008800: checks 
Dorex2007: bets $0.21
INFINITY008800: calls $0.21
*** RIVER *** [8d 4d 6d 8c] [Ks]
INFINITY008800: checks 
Dorex2007: bets $0.48
INFINITY008800: calls $0.48
*** SHOW DOWN ***
Dorex2007: shows [Kd Ah] (two pair, Kings and Eights)
INFINITY008800: mucks hand 
Dorex2007 collected $1.65 from pot
*** SUMMARY ***
Total pot $1.71 | Rake $0.06 
Board [8d 4d 6d 8c Ks]
Seat 1: Dorex2007 showed [Kd Ah] and won ($1.65) with two pair, Kings and Eights
Seat 2: arianagray folded before Flop (didn't bet)
Seat 3: HSM29 (button) folded before Flop (didn't bet)
Seat 4: kintail (small blind) folded before Flop
Seat 5: IL ROSSOBRUNO (big blind) folded before Flop
Seat 6: koroto2 folded before Flop (didn't bet)
Seat 9: INFINITY008800 mucked [7s 7h]



PokerStars Hand #232939194474:  Hold'em No Limit ($0.01/$0.02 USD) - 2022/01/08 9:48:07 PT [2022/01/08 12:48:07 ET]
Table 'Thia V' 9-max Seat #4 is the button
Seat 1: Dorex2007 ($2.83 in chips) 
Seat 2: arianagray ($0.86 in chips) 
Seat 3: HSM29 ($1.97 in chips) 
Seat 4: kintail ($1.40 in chips) 
Seat 5: IL ROSSOBRUNO ($0.74 in chips) 
Seat 6: koroto2 ($2 in chips) 
Seat 9: INFINITY008800 ($1.49 in chips) 
IL ROSSOBRUNO: posts small blind $0.01
koroto2: posts big blind $0.02
purplebux: sits out 
Ebleco: sits out 
*** HOLE CARDS ***
Dealt to Dorex2007 [Qh Kd]
INFINITY008800: folds 
Dorex2007: calls $0.02
arianagray: folds 
HSM29: calls $0.02
kintail: calls $0.02
IL ROSSOBRUNO: calls $0.01
koroto2: checks 
*** FLOP *** [9h Kc Tc]
IL ROSSOBRUNO: checks 
koroto2: checks 
Dorex2007: bets $0.10
HSM29: calls $0.10
kintail: folds 
IL ROSSOBRUNO: folds 
koroto2: folds 
*** TURN *** [9h Kc Tc] [5d]
Dorex2007: bets $0.19
HSM29: calls $0.19
*** RIVER *** [9h Kc Tc 5d] [2s]
Dorex2007: checks 
HSM29: checks 
*** SHOW DOWN ***
Dorex2007: shows [Qh Kd] (a pair of Kings)
HSM29: mucks hand 
Dorex2007 collected $0.66 from pot
*** SUMMARY ***
Total pot $0.68 | Rake $0.02 
Board [9h Kc Tc 5d 2s]
Seat 1: Dorex2007 showed [Qh Kd] and won ($0.66) with a pair of Kings
Seat 2: arianagray folded before Flop (didn't bet)
Seat 3: HSM29 mucked [Qc 9c]
Seat 4: kintail (button) folded on the Flop
Seat 5: IL ROSSOBRUNO (small blind) folded on the Flop
Seat 6: koroto2 (big blind) folded on the Flop
Seat 9: INFINITY008800 folded before Flop (didn't bet)



PokerStars Hand #232939228959:  Hold'em No Limit ($0.01/$0.02 USD) - 2022/01/08 9:48:57 PT [2022/01/08 12:48:57 ET]
Table 'Thia V' 9-max Seat #5 is the button
Seat 1: Dorex2007 ($3.18 in chips) 
Seat 2: arianagray ($0.86 in chips) 
Seat 3: HSM29 ($1.66 in chips) 
Seat 4: kintail ($1.38 in chips) 
Seat 5: IL ROSSOBRUNO ($0.72 in chips) 
Seat 6: koroto2 ($1.98 in chips) 
Seat 7: purplebux ($2 in chips) 
Seat 9: INFINITY008800 ($1.49 in chips) 
koroto2: posts small blind $0.01
purplebux: posts big blind $0.02
Ebleco: sits out 
*** HOLE CARDS ***
Dealt to Dorex2007 [7c Ts]
INFINITY008800: calls $0.02
Dorex2007: folds 
arianagray: raises $0.04 to $0.06
HSM29: folds 
kintail: folds 
IL ROSSOBRUNO: raises $0.66 to $0.72 and is all-in
koroto2: folds 
purplebux: folds 
INFINITY008800: folds 
arianagray: folds 
Uncalled bet ($0.66) returned to IL ROSSOBRUNO
IL ROSSOBRUNO collected $0.17 from pot
IL ROSSOBRUNO: doesn't show hand 
*** SUMMARY ***
Total pot $0.17 | Rake $0 
Seat 1: Dorex2007 folded before Flop (didn't bet)
Seat 2: arianagray folded before Flop
Seat 3: HSM29 folded before Flop (didn't bet)
Seat 4: kintail folded before Flop (didn't bet)
Seat 5: IL ROSSOBRUNO (button) collected ($0.17)
Seat 6: koroto2 (small blind) folded before Flop
Seat 7: purplebux (big blind) folded before Flop
Seat 9: INFINITY008800 folded before Flop



PokerStars Hand #232939245542:  Hold'em No Limit ($0.01/$0.02 USD) - 2022/01/08 9:49:26 PT [2022/01/08 12:49:26 ET]
Table 'Thia V' 9-max Seat #6 is the button
Seat 1: Dorex2007 ($3.18 in chips) 
Seat 2: arianagray ($0.80 in chips) 
Seat 3: HSM29 ($1.66 in chips) 
Seat 4: kintail ($1.38 in chips) 
Seat 5: IL ROSSOBRUNO ($0.83 in chips) 
Seat 6: koroto2 ($1.97 in chips) 
Seat 7: purplebux ($2 in chips) 
Seat 8: Ebleco ($0.80 in chips) 
Seat 9: INFINITY008800 ($1.47 in chips) 
purplebux: posts small blind $0.01
Ebleco: posts big blind $0.02
*** HOLE CARDS ***
Dealt to Dorex2007 [9c Kh]
INFINITY008800: calls $0.02
Dorex2007: folds 
arianagray: folds 
HSM29: folds 
kintail: folds 
IL ROSSOBRUNO: folds 
koroto2: folds 
purplebux: calls $0.01
Ebleco: checks 
*** FLOP *** [2d 2c 3c]
purplebux: checks 
Ebleco: checks 
INFINITY008800: checks 
*** TURN *** [2d 2c 3c] [As]
purplebux: bets $0.04
Ebleco: folds 
INFINITY008800: raises $0.12 to $0.16
purplebux: folds 
Uncalled bet ($0.12) returned to INFINITY008800
INFINITY008800 collected $0.14 from pot
INFINITY008800: doesn't show hand 
*** SUMMARY ***
Total pot $0.14 | Rake $0 
Board [2d 2c 3c As]
Seat 1: Dorex2007 folded before Flop (didn't bet)
Seat 2: arianagray folded before Flop (didn't bet)
Seat 3: HSM29 folded before Flop (didn't bet)
Seat 4: kintail folded before Flop (didn't bet)
Seat 5: IL ROSSOBRUNO folded before Flop (didn't bet)
Seat 6: koroto2 (button) folded before Flop (didn't bet)
Seat 7: purplebux (small blind) folded on the Turn
Seat 8: Ebleco (big blind) folded on the Turn
Seat 9: INFINITY008800 collected ($0.14)



PokerStars Hand #232939268962:  Hold'em No Limit ($0.01/$0.02 USD) - 2022/01/08 9:50:07 PT [2022/01/08 12:50:07 ET]
Table 'Thia V' 9-max Seat #7 is the button
Seat 1: Dorex2007 ($3.18 in chips) 
Seat 2: arianagray ($0.80 in chips) 
Seat 3: HSM29 ($1.66 in chips) 
Seat 4: kintail ($1.38 in chips) 
Seat 5: IL ROSSOBRUNO ($0.83 in chips) 
Seat 6: koroto2 ($1.97 in chips) 
Seat 7: purplebux ($2 in chips) 
Seat 8: Ebleco ($0.78 in chips) 
Seat 9: INFINITY008800 ($1.55 in chips) 
Ebleco: posts small blind $0.01
INFINITY008800: posts big blind $0.02
*** HOLE CARDS ***
Dealt to Dorex2007 [9d 4d]
Dorex2007: folds 
arianagray: folds 
HSM29: folds 
kintail: folds 
IL ROSSOBRUNO: folds 
koroto2: folds 
purplebux: folds 
Ebleco: folds 
Uncalled bet ($0.01) returned to INFINITY008800
INFINITY008800 collected $0.02 from pot
INFINITY008800: doesn't show hand 
*** SUMMARY ***
Total pot $0.02 | Rake $0 
Seat 1: Dorex2007 folded before Flop (didn't bet)
Seat 2: arianagray folded before Flop (didn't bet)
Seat 3: HSM29 folded before Flop (didn't bet)
Seat 4: kintail folded before Flop (didn't bet)
Seat 5: IL ROSSOBRUNO folded before Flop (didn't bet)
Seat 6: koroto2 folded before Flop (didn't bet)
Seat 7: purplebux (button) folded before Flop (didn't bet)
Seat 8: Ebleco (small blind) folded before Flop
Seat 9: INFINITY008800 (big blind) collected ($0.02)



PokerStars Hand #232939275293:  Hold'em No Limit ($0.01/$0.02 USD) - 2022/01/08 9:50:18 PT [2022/01/08 12:50:18 ET]
Table 'Thia V' 9-max Seat #8 is the button
Seat 1: Dorex2007 ($3.18 in chips) 
Seat 2: arianagray ($0.80 in chips) 
Seat 3: HSM29 ($1.66 in chips) 
Seat 4: kintail ($1.38 in chips) 
Seat 5: IL ROSSOBRUNO ($0.83 in chips) 
Seat 6: koroto2 ($1.97 in chips) 
Seat 7: purplebux ($2 in chips) 
Seat 8: Ebleco ($0.77 in chips) 
Seat 9: INFINITY008800 ($1.56 in chips) 
INFINITY008800: posts small blind $0.01
Dorex2007: posts big blind $0.02
*** HOLE CARDS ***
Dealt to Dorex2007 [Jd 3c]
arianagray: folds 
HSM29: folds 
kintail: folds 
IL ROSSOBRUNO: folds 
koroto2: folds 
purplebux: folds 
Ebleco: folds 
INFINITY008800: folds 
Uncalled bet ($0.01) returned to Dorex2007
Dorex2007 collected $0.02 from pot
Dorex2007: doesn't show hand 
*** SUMMARY ***
Total pot $0.02 | Rake $0 
Seat 1: Dorex2007 (big blind) collected ($0.02)
Seat 2: arianagray folded before Flop (didn't bet)
Seat 3: HSM29 folded before Flop (didn't bet)
Seat 4: kintail folded before Flop (didn't bet)
Seat 5: IL ROSSOBRUNO folded before Flop (didn't bet)
Seat 6: koroto2 folded before Flop (didn't bet)
Seat 7: purplebux folded before Flop (didn't bet)
Seat 8: Ebleco (button) folded before Flop (didn't bet)
Seat 9: INFINITY008800 (small blind) folded before Flop



PokerStars Hand #232939281472:  Hold'em No Limit ($0.01/$0.02 USD) - 2022/01/08 9:50:29 PT [2022/01/08 12:50:29 ET]
Table 'Thia V' 9-max Seat #9 is the button
Seat 1: Dorex2007 ($3.19 in chips) 
Seat 2: arianagray ($0.80 in chips) 
Seat 3: HSM29 ($1.66 in chips) 
Seat 4: kintail ($1.38 in chips) 
Seat 5: IL ROSSOBRUNO ($0.83 in chips) 
Seat 6: koroto2 ($2 in chips) 
Seat 7: purplebux ($2 in chips) 
Seat 8: Ebleco ($0.77 in chips) 
Seat 9: INFINITY008800 ($1.55 in chips) 
Dorex2007: posts small blind $0.01
arianagray: posts big blind $0.02
*** HOLE CARDS ***
Dealt to Dorex2007 [Jh 6s]
HSM29: folds 
kintail: folds 
IL ROSSOBRUNO: folds 
koroto2: folds 
purplebux: folds 
Ebleco: folds 
INFINITY008800: folds 
Dorex2007: folds 
Uncalled bet ($0.01) returned to arianagray
arianagray collected $0.02 from pot
*** SUMMARY ***
Total pot $0.02 | Rake $0 
Seat 1: Dorex2007 (small blind) folded before Flop
Seat 2: arianagray (big blind) collected ($0.02)
Seat 3: HSM29 folded before Flop (didn't bet)
Seat 4: kintail folded before Flop (didn't bet)
Seat 5: IL ROSSOBRUNO folded before Flop (didn't bet)
Seat 6: koroto2 folded before Flop (didn't bet)
Seat 7: purplebux folded before Flop (didn't bet)
Seat 8: Ebleco folded before Flop (didn't bet)
Seat 9: INFINITY008800 (button) folded before Flop (didn't bet)



PokerStars Hand #232939289674:  Hold'em No Limit ($0.01/$0.02 USD) - 2022/01/08 9:50:44 PT [2022/01/08 12:50:44 ET]
Table 'Thia V' 9-max Seat #1 is the button
Seat 1: Dorex2007 ($3.18 in chips) 
Seat 2: arianagray ($0.81 in chips) 
Seat 3: HSM29 ($1.66 in chips) 
Seat 4: kintail ($1.38 in chips) 
Seat 5: IL ROSSOBRUNO ($0.83 in chips) 
Seat 6: koroto2 ($2 in chips) 
Seat 7: purplebux ($2 in chips) 
Seat 8: Ebleco ($0.77 in chips) 
Seat 9: INFINITY008800 ($1.55 in chips) 
arianagray: posts small blind $0.01
HSM29: posts big blind $0.02
*** HOLE CARDS ***
Dealt to Dorex2007 [3h Kh]
kintail: folds 
IL ROSSOBRUNO: folds 
koroto2: folds 
purplebux: folds 
Ebleco: folds 
INFINITY008800: raises $0.04 to $0.06
Dorex2007: folds 
arianagray: folds 
HSM29: folds 
Uncalled bet ($0.04) returned to INFINITY008800
INFINITY008800 collected $0.05 from pot
INFINITY008800: doesn't show hand 
*** SUMMARY ***
Total pot $0.05 | Rake $0 
Seat 1: Dorex2007 (button) folded before Flop (didn't bet)
Seat 2: arianagray (small blind) folded before Flop
Seat 3: HSM29 (big blind) folded before Flop
Seat 4: kintail folded before Flop (didn't bet)
Seat 5: IL ROSSOBRUNO folded before Flop (didn't bet)
Seat 6: koroto2 folded before Flop (didn't bet)
Seat 7: purplebux folded before Flop (didn't bet)
Seat 8: Ebleco folded before Flop (didn't bet)
Seat 9: INFINITY008800 collected ($0.05)



PokerStars Hand #232939305314:  Hold'em No Limit ($0.01/$0.02 USD) - 2022/01/08 9:51:00 PT [2022/01/08 12:51:00 ET]
Table 'Thia V' 9-max Seat #2 is the button
Seat 1: Dorex2007 ($3.18 in chips) 
Seat 2: arianagray ($0.80 in chips) 
Seat 3: HSM29 ($1.64 in chips) 
Seat 4: kintail ($1.38 in chips) 
Seat 5: IL ROSSOBRUNO ($0.83 in chips) 
Seat 6: koroto2 ($2 in chips) 
Seat 7: purplebux ($2 in chips) 
Seat 8: Ebleco ($0.77 in chips) 
Seat 9: INFINITY008800 ($1.58 in chips) 
HSM29: posts small blind $0.01
kintail: posts big blind $0.02
*** HOLE CARDS ***
Dealt to Dorex2007 [Td 4h]
IL ROSSOBRUNO: folds 
koroto2: folds 
purplebux: raises $0.03 to $0.05
Ebleco: folds 
INFINITY008800: folds 
Dorex2007: folds 
arianagray: calls $0.05
HSM29: folds 
kintail: folds 
*** FLOP *** [9s 4s Ac]
purplebux: checks 
arianagray: checks 
*** TURN *** [9s 4s Ac] [As]
purplebux: checks 
arianagray: bets $0.75 and is all-in
purplebux: folds 
Uncalled bet ($0.75) returned to arianagray
arianagray collected $0.13 from pot
*** SUMMARY ***
Total pot $0.13 | Rake $0 
Board [9s 4s Ac As]
Seat 1: Dorex2007 folded before Flop (didn't bet)
Seat 2: arianagray (button) collected ($0.13)
Seat 3: HSM29 (small blind) folded before Flop
Seat 4: kintail (big blind) folded before Flop
Seat 5: IL ROSSOBRUNO folded before Flop (didn't bet)
Seat 6: koroto2 folded before Flop (didn't bet)
Seat 7: purplebux folded on the Turn
Seat 8: Ebleco folded before Flop (didn't bet)
Seat 9: INFINITY008800 folded before Flop (didn't bet)



PokerStars Hand #232939333009:  Hold'em No Limit ($0.01/$0.02 USD) - 2022/01/08 9:51:49 PT [2022/01/08 12:51:49 ET]
Table 'Thia V' 9-max Seat #3 is the button
Seat 1: Dorex2007 ($3.18 in chips) 
Seat 2: arianagray ($0.88 in chips) 
Seat 3: HSM29 ($1.63 in chips) 
Seat 4: kintail ($1.36 in chips) 
Seat 5: IL ROSSOBRUNO ($0.83 in chips) 
Seat 6: koroto2 ($2 in chips) 
Seat 7: purplebux ($2 in chips) 
Seat 8: Ebleco ($0.77 in chips) 
Seat 9: INFINITY008800 ($1.58 in chips) 
kintail: posts small blind $0.01
IL ROSSOBRUNO: posts big blind $0.02
*** HOLE CARDS ***
Dealt to Dorex2007 [3s 2h]
koroto2: folds 
purplebux: folds 
Ebleco: folds 
INFINITY008800: raises $0.04 to $0.06
Dorex2007: folds 
arianagray: folds 
HSM29: folds 
kintail: folds 
IL ROSSOBRUNO: calls $0.04
*** FLOP *** [Jh Kd Th]
IL ROSSOBRUNO: checks 
INFINITY008800: bets $0.07
IL ROSSOBRUNO: calls $0.07
*** TURN *** [Jh Kd Th] [3h]
IL ROSSOBRUNO: checks 
INFINITY008800: bets $0.13
IL ROSSOBRUNO: calls $0.13
*** RIVER *** [Jh Kd Th 3h] [7s]
IL ROSSOBRUNO: checks 
INFINITY008800: bets $0.26
IL ROSSOBRUNO: folds 
Uncalled bet ($0.26) returned to INFINITY008800
INFINITY008800 collected $0.51 from pot
INFINITY008800: doesn't show hand 
*** SUMMARY ***
Total pot $0.53 | Rake $0.02 
Board [Jh Kd Th 3h 7s]
Seat 1: Dorex2007 folded before Flop (didn't bet)
Seat 2: arianagray folded before Flop (didn't bet)
Seat 3: HSM29 (button) folded before Flop (didn't bet)
Seat 4: kintail (small blind) folded before Flop
Seat 5: IL ROSSOBRUNO (big blind) folded on the River
Seat 6: koroto2 folded before Flop (didn't bet)
Seat 7: purplebux folded before Flop (didn't bet)
Seat 8: Ebleco folded before Flop (didn't bet)
Seat 9: INFINITY008800 collected ($0.51)



PokerStars Hand #232939362132:  Hold'em No Limit ($0.01/$0.02 USD) - 2022/01/08 9:52:40 PT [2022/01/08 12:52:40 ET]
Table 'Thia V' 9-max Seat #4 is the button
Seat 1: Dorex2007 ($3.18 in chips) 
Seat 2: arianagray ($0.88 in chips) 
Seat 3: HSM29 ($1.63 in chips) 
Seat 4: kintail ($1.35 in chips) 
Seat 5: IL ROSSOBRUNO ($0.57 in chips) 
Seat 6: koroto2 ($2 in chips) 
Seat 7: purplebux ($2 in chips) 
Seat 8: Ebleco ($0.77 in chips) 
Seat 9: INFINITY008800 ($1.83 in chips) 
IL ROSSOBRUNO: posts small blind $0.01
koroto2: posts big blind $0.02
*** HOLE CARDS ***
Dealt to Dorex2007 [Jh Kc]
purplebux: folds 
Ebleco: folds 
INFINITY008800: calls $0.02
Dorex2007: calls $0.02
arianagray: folds 
HSM29: folds 
kintail: folds 
IL ROSSOBRUNO: calls $0.01
koroto2: checks 
*** FLOP *** [8d 3c 3s]
IL ROSSOBRUNO: checks 
koroto2: checks 
INFINITY008800: checks 
Dorex2007: checks 
*** TURN *** [8d 3c 3s] [Qd]
IL ROSSOBRUNO: checks 
koroto2: checks 
INFINITY008800: checks 
Dorex2007: checks 
*** RIVER *** [8d 3c 3s Qd] [7d]
IL ROSSOBRUNO: bets $0.08
koroto2: folds 
INFINITY008800: folds 
Dorex2007: folds 
Uncalled bet ($0.08) returned to IL ROSSOBRUNO
IL ROSSOBRUNO collected $0.08 from pot
IL ROSSOBRUNO: doesn't show hand 
*** SUMMARY ***
Total pot $0.08 | Rake $0 
Board [8d 3c 3s Qd 7d]
Seat 1: Dorex2007 folded on the River
Seat 2: arianagray folded before Flop (didn't bet)
Seat 3: HSM29 folded before Flop (didn't bet)
Seat 4: kintail (button) folded before Flop (didn't bet)
Seat 5: IL ROSSOBRUNO (small blind) collected ($0.08)
Seat 6: koroto2 (big blind) folded on the River
Seat 7: purplebux folded before Flop (didn't bet)
Seat 8: Ebleco folded before Flop (didn't bet)
Seat 9: INFINITY008800 folded on the River



PokerStars Hand #232939385620:  Hold'em No Limit ($0.01/$0.02 USD) - 2022/01/08 9:53:22 PT [2022/01/08 12:53:22 ET]
Table 'Thia V' 9-max Seat #5 is the button
Seat 1: Dorex2007 ($3.16 in chips) 
Seat 2: arianagray ($0.88 in chips) 
Seat 3: HSM29 ($1.63 in chips) 
Seat 4: kintail ($1.35 in chips) 
Seat 5: IL ROSSOBRUNO ($0.63 in chips) 
Seat 6: koroto2 ($1.98 in chips) 
Seat 7: purplebux ($2 in chips) 
Seat 8: Ebleco ($0.77 in chips) 
Seat 9: INFINITY008800 ($1.81 in chips) 
koroto2: posts small blind $0.01
purplebux: posts big blind $0.02
*** HOLE CARDS ***
Dealt to Dorex2007 [9s Kd]
Ebleco: folds 
INFINITY008800: folds 
Dorex2007: folds 
arianagray: calls $0.02
HSM29: folds 
kintail: folds 
IL ROSSOBRUNO: folds 
koroto2: folds 
purplebux: checks 
*** FLOP *** [Kh 8s Jh]
purplebux: checks 
arianagray: checks 
*** TURN *** [Kh 8s Jh] [2h]
purplebux: checks 
arianagray: checks 
*** RIVER *** [Kh 8s Jh 2h] [6c]
purplebux: checks 
arianagray: checks 
*** SHOW DOWN ***
purplebux: shows [As 8d] (a pair of Eights)
arianagray: mucks hand 
purplebux collected $0.05 from pot
*** SUMMARY ***
Total pot $0.05 | Rake $0 
Board [Kh 8s Jh 2h 6c]
Seat 1: Dorex2007 folded before Flop (didn't bet)
Seat 2: arianagray mucked [Qs Ts]
Seat 3: HSM29 folded before Flop (didn't bet)
Seat 4: kintail folded before Flop (didn't bet)
Seat 5: IL ROSSOBRUNO (button) folded before Flop (didn't bet)
Seat 6: koroto2 (small blind) folded before Flop
Seat 7: purplebux (big blind) showed [As 8d] and won ($0.05) with a pair of Eights
Seat 8: Ebleco folded before Flop (didn't bet)
Seat 9: INFINITY008800 folded before Flop (didn't bet)



PokerStars Hand #232939406195:  Hold'em No Limit ($0.01/$0.02 USD) - 2022/01/08 9:53:58 PT [2022/01/08 12:53:58 ET]
Table 'Thia V' 9-max Seat #6 is the button
Seat 1: Dorex2007 ($3.16 in chips) 
Seat 2: arianagray ($0.86 in chips) 
Seat 3: HSM29 ($1.63 in chips) 
Seat 4: kintail ($1.35 in chips) 
Seat 5: IL ROSSOBRUNO ($0.63 in chips) 
Seat 6: koroto2 ($1.97 in chips) 
Seat 7: purplebux ($2.03 in chips) 
Seat 8: Ebleco ($0.77 in chips) 
Seat 9: INFINITY008800 ($1.81 in chips) 
purplebux: posts small blind $0.01
Ebleco: posts big blind $0.02
*** HOLE CARDS ***
Dealt to Dorex2007 [Kh 6s]
INFINITY008800: calls $0.02
Dorex2007: folds 
arianagray: folds 
HSM29: folds 
kintail: folds 
IL ROSSOBRUNO: raises $0.04 to $0.06
koroto2: folds 
purplebux: folds 
Ebleco: folds 
INFINITY008800: calls $0.04
*** FLOP *** [6c 8d 8s]
INFINITY008800: checks 
IL ROSSOBRUNO: checks 
*** TURN *** [6c 8d 8s] [5h]
INFINITY008800: checks 
IL ROSSOBRUNO: checks 
*** RIVER *** [6c 8d 8s 5h] [7c]
INFINITY008800: checks 
IL ROSSOBRUNO: checks 
*** SHOW DOWN ***
INFINITY008800: shows [Ks 3s] (a pair of Eights)
IL ROSSOBRUNO: mucks hand 
INFINITY008800 collected $0.14 from pot
*** SUMMARY ***
Total pot $0.15 | Rake $0.01 
Board [6c 8d 8s 5h 7c]
Seat 1: Dorex2007 folded before Flop (didn't bet)
Seat 2: arianagray folded before Flop (didn't bet)
Seat 3: HSM29 folded before Flop (didn't bet)
Seat 4: kintail folded before Flop (didn't bet)
Seat 5: IL ROSSOBRUNO mucked [Qs Js]
Seat 6: koroto2 (button) folded before Flop (didn't bet)
Seat 7: purplebux (small blind) folded before Flop
Seat 8: Ebleco (big blind) folded before Flop
Seat 9: INFINITY008800 showed [Ks 3s] and won ($0.14) with a pair of Eights



PokerStars Hand #232939421252:  Hold'em No Limit ($0.01/$0.02 USD) - 2022/01/08 9:54:25 PT [2022/01/08 12:54:25 ET]
Table 'Thia V' 9-max Seat #7 is the button
Seat 1: Dorex2007 ($3.16 in chips) 
Seat 2: arianagray ($0.86 in chips) 
Seat 3: HSM29 ($1.63 in chips) 
Seat 4: kintail ($1.35 in chips) 
Seat 5: IL ROSSOBRUNO ($0.57 in chips) 
Seat 6: koroto2 ($1.97 in chips) 
Seat 7: purplebux ($2.02 in chips) 
Seat 8: Ebleco ($0.75 in chips) 
Seat 9: INFINITY008800 ($1.89 in chips) 
Ebleco: posts small blind $0.01
INFINITY008800: posts big blind $0.02
*** HOLE CARDS ***
Dealt to Dorex2007 [4s 9c]
Dorex2007: folds 
arianagray: folds 
HSM29: folds 
kintail: calls $0.02
IL ROSSOBRUNO: calls $0.02
koroto2: folds 
purplebux: calls $0.02
Ebleco: raises $0.10 to $0.12
INFINITY008800: folds 
kintail: folds 
IL ROSSOBRUNO: folds 
purplebux: calls $0.10
*** FLOP *** [6c Ts 2d]
Ebleco: bets $0.29
purplebux: folds 
Uncalled bet ($0.29) returned to Ebleco
Ebleco collected $0.29 from pot
Ebleco: doesn't show hand 
*** SUMMARY ***
Total pot $0.30 | Rake $0.01 
Board [6c Ts 2d]
Seat 1: Dorex2007 folded before Flop (didn't bet)
Seat 2: arianagray folded before Flop (didn't bet)
Seat 3: HSM29 folded before Flop (didn't bet)
Seat 4: kintail folded before Flop
Seat 5: IL ROSSOBRUNO folded before Flop
Seat 6: koroto2 folded before Flop (didn't bet)
Seat 7: purplebux (button) folded on the Flop
Seat 8: Ebleco (small blind) collected ($0.29)
Seat 9: INFINITY008800 (big blind) folded before Flop



PokerStars Hand #232939447119:  Hold'em No Limit ($0.01/$0.02 USD) - 2022/01/08 9:55:13 PT [2022/01/08 12:55:13 ET]
Table 'Thia V' 9-max Seat #8 is the button
Seat 1: Dorex2007 ($3.16 in chips) 
Seat 2: arianagray ($0.86 in chips) 
Seat 3: HSM29 ($1.63 in chips) 
Seat 4: kintail ($1.33 in chips) 
Seat 5: IL ROSSOBRUNO ($0.55 in chips) 
Seat 6: koroto2 ($1.97 in chips) 
Seat 7: purplebux ($2 in chips) 
Seat 8: Ebleco ($0.92 in chips) 
Seat 9: INFINITY008800 ($1.87 in chips) 
INFINITY008800: posts small blind $0.01
Dorex2007: posts big blind $0.02
*** HOLE CARDS ***
Dealt to Dorex2007 [4s 8h]
arianagray: folds 
HSM29: folds 
kintail: raises $0.04 to $0.06
IL ROSSOBRUNO: folds 
koroto2: folds 
purplebux: folds 
Ebleco: raises $0.12 to $0.18
INFINITY008800: folds 
Dorex2007: folds 
kintail: raises $1.15 to $1.33 and is all-in
Ebleco: calls $0.74 and is all-in
Uncalled bet ($0.41) returned to kintail
*** FLOP *** [Js 8c 2s]
*** TURN *** [Js 8c 2s] [Ts]
*** RIVER *** [Js 8c 2s Ts] [Ks]
*** SHOW DOWN ***
kintail: shows [Qd As] (a flush, Ace high)
Ebleco: shows [Ac Ad] (a pair of Aces)
kintail collected $1.80 from pot
Ebleco cashed out the hand for $1.65 | Cash Out Fee $0.02
*** SUMMARY ***
Total pot $1.87 | Rake $0.07 
Board [Js 8c 2s Ts Ks]
Seat 1: Dorex2007 (big blind) folded before Flop
Seat 2: arianagray folded before Flop (didn't bet)
Seat 3: HSM29 folded before Flop (didn't bet)
Seat 4: kintail showed [Qd As] and won ($1.80) with a flush, Ace high
Seat 5: IL ROSSOBRUNO folded before Flop (didn't bet)
Seat 6: koroto2 folded before Flop (didn't bet)
Seat 7: purplebux folded before Flop (didn't bet)
Seat 8: Ebleco (button) showed [Ac Ad] and lost with a pair of Aces (cashed out).
Seat 9: INFINITY008800 (small blind) folded before Flop



PokerStars Hand #232939461141:  Hold'em No Limit ($0.01/$0.02 USD) - 2022/01/08 9:55:49 PT [2022/01/08 12:55:49 ET]
Table 'Thia V' 9-max Seat #9 is the button
Seat 1: Dorex2007 ($3.14 in chips) 
Seat 2: arianagray ($0.86 in chips) 
Seat 3: HSM29 ($1.63 in chips) 
Seat 4: kintail ($2.21 in chips) 
Seat 5: IL ROSSOBRUNO ($2 in chips) 
Seat 6: koroto2 ($1.97 in chips) 
Seat 7: purplebux ($2 in chips) 
Seat 8: Ebleco ($1.65 in chips) 
Seat 9: INFINITY008800 ($1.86 in chips) 
Dorex2007: posts small blind $0.01
arianagray: posts big blind $0.02
*** HOLE CARDS ***
Dealt to Dorex2007 [5s 4s]
HSM29: folds 
kintail: folds 
IL ROSSOBRUNO: folds 
koroto2: folds 
purplebux: folds 
Ebleco: raises $0.04 to $0.06
INFINITY008800: folds 
Dorex2007: folds 
arianagray: folds 
Uncalled bet ($0.04) returned to Ebleco
Ebleco collected $0.05 from pot
Ebleco: doesn't show hand 
*** SUMMARY ***
Total pot $0.05 | Rake $0 
Seat 1: Dorex2007 (small blind) folded before Flop
Seat 2: arianagray (big blind) folded before Flop
Seat 3: HSM29 folded before Flop (didn't bet)
Seat 4: kintail folded before Flop (didn't bet)
Seat 5: IL ROSSOBRUNO folded before Flop (didn't bet)
Seat 6: koroto2 folded before Flop (didn't bet)
Seat 7: purplebux folded before Flop (didn't bet)
Seat 8: Ebleco collected ($0.05)
Seat 9: INFINITY008800 (button) folded before Flop (didn't bet)



PokerStars Hand #232939469697:  Hold'em No Limit ($0.01/$0.02 USD) - 2022/01/08 9:56:10 PT [2022/01/08 12:56:10 ET]
Table 'Thia V' 9-max Seat #1 is the button
Seat 1: Dorex2007 ($3.13 in chips) 
Seat 2: arianagray ($0.84 in chips) 
Seat 3: HSM29 ($1.63 in chips) 
Seat 4: kintail ($2.21 in chips) 
Seat 5: IL ROSSOBRUNO ($2 in chips) 
Seat 6: koroto2 ($1.97 in chips) 
Seat 7: purplebux ($2 in chips) 
Seat 8: Ebleco ($1.68 in chips) 
Seat 9: INFINITY008800 ($1.86 in chips) 
arianagray: posts small blind $0.01
HSM29: posts big blind $0.02
*** HOLE CARDS ***
Dealt to Dorex2007 [3d Td]
kintail: folds 
IL ROSSOBRUNO: folds 
koroto2: folds 
purplebux: raises $0.03 to $0.05
Ebleco: raises $0.13 to $0.18
INFINITY008800: folds 
Dorex2007: folds 
arianagray: folds 
HSM29: folds 
purplebux: folds 
Uncalled bet ($0.13) returned to Ebleco
Ebleco collected $0.13 from pot
Ebleco: doesn't show hand 
*** SUMMARY ***
Total pot $0.13 | Rake $0 
Seat 1: Dorex2007 (button) folded before Flop (didn't bet)
Seat 2: arianagray (small blind) folded before Flop
Seat 3: HSM29 (big blind) folded before Flop
Seat 4: kintail folded before Flop (didn't bet)
Seat 5: IL ROSSOBRUNO folded before Flop (didn't bet)
Seat 6: koroto2 folded before Flop (didn't bet)
Seat 7: purplebux folded before Flop
Seat 8: Ebleco collected ($0.13)
Seat 9: INFINITY008800 folded before Flop (didn't bet)



PokerStars Hand #232939480463:  Hold'em No Limit ($0.01/$0.02 USD) - 2022/01/08 9:56:36 PT [2022/01/08 12:56:36 ET]
Table 'Thia V' 9-max Seat #2 is the button
Seat 1: Dorex2007 ($3.13 in chips) 
Seat 2: arianagray ($0.83 in chips) 
Seat 3: HSM29 ($1.61 in chips) 
Seat 4: kintail ($2.21 in chips) 
Seat 5: IL ROSSOBRUNO ($2 in chips) 
Seat 6: koroto2 ($1.97 in chips) 
Seat 7: purplebux ($2 in chips) 
Seat 8: Ebleco ($1.76 in chips) 
Seat 9: INFINITY008800 ($1.86 in chips) 
HSM29: posts small blind $0.01
kintail: posts big blind $0.02
*** HOLE CARDS ***
Dealt to Dorex2007 [Qd 2s]
IL ROSSOBRUNO: folds 
koroto2: folds 
purplebux: folds 
Ebleco: folds 
INFINITY008800: folds 
Dorex2007: folds 
arianagray: folds 
HSM29: raises $0.04 to $0.06
kintail: folds 
Uncalled bet ($0.04) returned to HSM29
HSM29 collected $0.04 from pot
HSM29: doesn't show hand 
*** SUMMARY ***
Total pot $0.04 | Rake $0 
Seat 1: Dorex2007 folded before Flop (didn't bet)
Seat 2: arianagray (button) folded before Flop (didn't bet)
Seat 3: HSM29 (small blind) collected ($0.04)
Seat 4: kintail (big blind) folded before Flop
Seat 5: IL ROSSOBRUNO folded before Flop (didn't bet)
Seat 6: koroto2 folded before Flop (didn't bet)
Seat 7: purplebux folded before Flop (didn't bet)
Seat 8: Ebleco folded before Flop (didn't bet)
Seat 9: INFINITY008800 folded before Flop (didn't bet)



PokerStars Hand #232939489910:  Hold'em No Limit ($0.01/$0.02 USD) - 2022/01/08 9:57:00 PT [2022/01/08 12:57:00 ET]
Table 'Thia V' 9-max Seat #3 is the button
Seat 1: Dorex2007 ($3.13 in chips) 
Seat 2: arianagray ($0.83 in chips) 
Seat 3: HSM29 ($1.63 in chips) 
Seat 4: kintail ($2.19 in chips) 
Seat 5: IL ROSSOBRUNO ($2 in chips) 
Seat 6: koroto2 ($1.97 in chips) 
Seat 7: purplebux ($2 in chips) 
Seat 8: Ebleco ($1.76 in chips) 
Seat 9: INFINITY008800 ($1.86 in chips) 
kintail: posts small blind $0.01
IL ROSSOBRUNO: posts big blind $0.02
*** HOLE CARDS ***
Dealt to Dorex2007 [6s Ah]
koroto2: folds 
purplebux: folds 
Ebleco: folds 
INFINITY008800: calls $0.02
Dorex2007: folds 
arianagray: calls $0.02
HSM29: folds 
kintail: calls $0.01
IL ROSSOBRUNO: checks 
*** FLOP *** [Kd 7d 4s]
kintail: checks 
IL ROSSOBRUNO: checks 
INFINITY008800: bets $0.04
arianagray: calls $0.04
kintail: folds 
IL ROSSOBRUNO: folds 
*** TURN *** [Kd 7d 4s] [9d]
INFINITY008800: bets $0.08
arianagray: raises $0.69 to $0.77 and is all-in
INFINITY008800: calls $0.69
*** RIVER *** [Kd 7d 4s 9d] [5d]
*** SHOW DOWN ***
INFINITY008800: shows [4c 4d] (a flush, King high)
arianagray: shows [Jd Qd] (a flush, King high - Queen higher)
arianagray collected $1.64 from pot
*** SUMMARY ***
Total pot $1.70 | Rake $0.06 
Board [Kd 7d 4s 9d 5d]
Seat 1: Dorex2007 folded before Flop (didn't bet)
Seat 2: arianagray showed [Jd Qd] and won ($1.64) with a flush, King high
Seat 3: HSM29 (button) folded before Flop (didn't bet)
Seat 4: kintail (small blind) folded on the Flop
Seat 5: IL ROSSOBRUNO (big blind) folded on the Flop
Seat 6: koroto2 folded before Flop (didn't bet)
Seat 7: purplebux folded before Flop (didn't bet)
Seat 8: Ebleco folded before Flop (didn't bet)
Seat 9: INFINITY008800 showed [4c 4d] and lost with a flush, King high



PokerStars Hand #232939513931:  Hold'em No Limit ($0.01/$0.02 USD) - 2022/01/08 9:57:46 PT [2022/01/08 12:57:46 ET]
Table 'Thia V' 9-max Seat #4 is the button
Seat 1: Dorex2007 ($3.13 in chips) 
Seat 2: arianagray ($1.64 in chips) 
Seat 3: HSM29 ($1.63 in chips) 
Seat 4: kintail ($2.17 in chips) 
Seat 5: IL ROSSOBRUNO ($1.98 in chips) 
Seat 6: koroto2 ($1.97 in chips) 
Seat 7: purplebux ($2 in chips) 
Seat 8: Ebleco ($1.76 in chips) 
Seat 9: INFINITY008800 ($1.03 in chips) 
IL ROSSOBRUNO: posts small blind $0.01
koroto2: posts big blind $0.02
*** HOLE CARDS ***
Dealt to Dorex2007 [Td Ac]
purplebux: folds 
Ebleco: folds 
INFINITY008800: folds 
Dorex2007: folds 
arianagray: raises $0.04 to $0.06
HSM29: folds 
kintail: folds 
IL ROSSOBRUNO: calls $0.05
kintail leaves the table
koroto2: calls $0.04
*** FLOP *** [5s Qc Ks]
IL ROSSOBRUNO: checks 
koroto2: checks 
arianagray: checks 
*** TURN *** [5s Qc Ks] [Qd]
IL ROSSOBRUNO: bets $0.05
koroto2: calls $0.05
arianagray: calls $0.05
*** RIVER *** [5s Qc Ks Qd] [4s]
IL ROSSOBRUNO: bets $0.10
koroto2: folds 
arianagray: folds 
Uncalled bet ($0.10) returned to IL ROSSOBRUNO
IL ROSSOBRUNO collected $0.32 from pot
IL ROSSOBRUNO: doesn't show hand 
*** SUMMARY ***
Total pot $0.33 | Rake $0.01 
Board [5s Qc Ks Qd 4s]
Seat 1: Dorex2007 folded before Flop (didn't bet)
Seat 2: arianagray folded on the River
Seat 3: HSM29 folded before Flop (didn't bet)
Seat 4: kintail (button) folded before Flop (didn't bet)
Seat 5: IL ROSSOBRUNO (small blind) collected ($0.32)
Seat 6: koroto2 (big blind) folded on the River
Seat 7: purplebux folded before Flop (didn't bet)
Seat 8: Ebleco folded before Flop (didn't bet)
Seat 9: INFINITY008800 folded before Flop (didn't bet)



PokerStars Hand #232939532548:  Hold'em No Limit ($0.01/$0.02 USD) - 2022/01/08 9:58:32 PT [2022/01/08 12:58:32 ET]
Table 'Thia V' 9-max Seat #5 is the button
Seat 1: Dorex2007 ($3.13 in chips) 
Seat 2: arianagray ($1.53 in chips) 
Seat 3: HSM29 ($1.63 in chips) 
Seat 5: IL ROSSOBRUNO ($2.19 in chips) 
Seat 6: koroto2 ($1.86 in chips) 
Seat 7: purplebux ($2 in chips) 
Seat 8: Ebleco ($1.76 in chips) 
Seat 9: INFINITY008800 ($1.03 in chips) 
koroto2: posts small blind $0.01
purplebux: posts big blind $0.02
*** HOLE CARDS ***
Dealt to Dorex2007 [2h Qh]
Ebleco: folds 
Ebleco leaves the table
INFINITY008800: calls $0.02
Dorex2007: folds 
arianagray: folds 
HSM29: folds 
IL ROSSOBRUNO: folds 
koroto2: folds 
purplebux: checks 
*** FLOP *** [Kd 5s 5d]
purplebux: checks 
INFINITY008800: bets $0.04
purplebux: folds 
Uncalled bet ($0.04) returned to INFINITY008800
INFINITY008800 collected $0.05 from pot
INFINITY008800: doesn't show hand 
*** SUMMARY ***
Total pot $0.05 | Rake $0 
Board [Kd 5s 5d]
Seat 1: Dorex2007 folded before Flop (didn't bet)
Seat 2: arianagray folded before Flop (didn't bet)
Seat 3: HSM29 folded before Flop (didn't bet)
Seat 5: IL ROSSOBRUNO (button) folded before Flop (didn't bet)
Seat 6: koroto2 (small blind) folded before Flop
Seat 7: purplebux (big blind) folded on the Flop
Seat 8: Ebleco folded before Flop (didn't bet)
Seat 9: INFINITY008800 collected ($0.05)



PokerStars Hand #232939550021:  Hold'em No Limit ($0.01/$0.02 USD) - 2022/01/08 9:59:15 PT [2022/01/08 12:59:15 ET]
Table 'Thia V' 9-max Seat #6 is the button
Seat 1: Dorex2007 ($3.13 in chips) 
Seat 2: arianagray ($1.53 in chips) 
Seat 3: HSM29 ($1.63 in chips) 
Seat 5: IL ROSSOBRUNO ($2.19 in chips) 
Seat 6: koroto2 ($1.85 in chips) 
Seat 7: purplebux ($2 in chips) 
Seat 9: INFINITY008800 ($1.06 in chips) 
purplebux: posts small blind $0.01
INFINITY008800: posts big blind $0.02
*** HOLE CARDS ***
Dealt to Dorex2007 [6d 2d]
Dorex2007: folds 
arianagray: folds 
HSM29: folds 
IL ROSSOBRUNO: raises $0.04 to $0.06
koroto2: calls $0.06
purplebux: folds 
INFINITY008800: raises $1 to $1.06 and is all-in
IL ROSSOBRUNO: calls $1
koroto2: folds 
*** FLOP *** [Qs Ah 6h]
*** TURN *** [Qs Ah 6h] [2h]
*** RIVER *** [Qs Ah 6h 2h] [3c]
*** SHOW DOWN ***
INFINITY008800: shows [8h 8c] (a pair of Eights)
IL ROSSOBRUNO: shows [Qh Ad] (two pair, Aces and Queens)
IL ROSSOBRUNO cashed out the hand for $0.93 | Cash Out Fee $0.01
*** SUMMARY ***
Total pot $2.19 | Rake $0.08 
Board [Qs Ah 6h 2h 3c]
Seat 1: Dorex2007 folded before Flop (didn't bet)
Seat 2: arianagray folded before Flop (didn't bet)
Seat 3: HSM29 folded before Flop (didn't bet)
Seat 5: IL ROSSOBRUNO showed [Qh Ad] and won ($2.11) with two pair, Aces and Queens (pot not awarded as player cashed out)
Seat 6: koroto2 (button) folded before Flop
Seat 7: purplebux (small blind) folded before Flop
Seat 9: INFINITY008800 (big blind) showed [8h 8c] and lost with a pair of Eights



PokerStars Hand #232939566934:  Hold'em No Limit ($0.01/$0.02 USD) - 2022/01/08 9:59:57 PT [2022/01/08 12:59:57 ET]
Table 'Thia V' 9-max Seat #7 is the button
Seat 1: Dorex2007 ($3.13 in chips) 
Seat 2: arianagray ($1.53 in chips) 
Seat 3: HSM29 ($1.63 in chips) 
Seat 5: IL ROSSOBRUNO ($2.06 in chips) 
Seat 6: koroto2 ($1.79 in chips) 
Seat 7: purplebux ($2 in chips) 
Dorex2007: posts small blind $0.01
arianagray: posts big blind $0.02
*** HOLE CARDS ***
Dealt to Dorex2007 [Qh 4h]
HSM29: folds 
IL ROSSOBRUNO: calls $0.02
koroto2: folds 
purplebux: folds 
INFINITY008800 leaves the table
Dorex2007: folds 
arianagray: checks 
*** FLOP *** [4c 9c 3c]
HSM29 leaves the table
arianagray: checks 
IL ROSSOBRUNO: checks 
*** TURN *** [4c 9c 3c] [Ks]
arianagray: checks 
IL ROSSOBRUNO: checks 
*** RIVER *** [4c 9c 3c Ks] [3d]
arianagray: checks 
IL ROSSOBRUNO: checks 
*** SHOW DOWN ***
arianagray: shows [8h Jd] (a pair of Threes)
IL ROSSOBRUNO: shows [As 6h] (a pair of Threes - Ace kicker)
IL ROSSOBRUNO collected $0.05 from pot
*** SUMMARY ***
Total pot $0.05 | Rake $0 
Board [4c 9c 3c Ks 3d]
Seat 1: Dorex2007 (small blind) folded before Flop
Seat 2: arianagray (big blind) showed [8h Jd] and lost with a pair of Threes
Seat 3: HSM29 folded before Flop (didn't bet)
Seat 5: IL ROSSOBRUNO showed [As 6h] and won ($0.05) with a pair of Threes
Seat 6: koroto2 folded before Flop (didn't bet)
Seat 7: purplebux (button) folded before Flop (didn't bet)



PokerStars Hand #232939575476:  Hold'em No Limit ($0.01/$0.02 USD) - 2022/01/08 10:00:17 PT [2022/01/08 13:00:17 ET]
Table 'Thia V' 9-max Seat #1 is the button
Seat 1: Dorex2007 ($3.12 in chips) 
Seat 2: arianagray ($1.51 in chips) 
Seat 5: IL ROSSOBRUNO ($2.09 in chips) 
Seat 6: koroto2 ($1.79 in chips) 
Seat 7: purplebux ($2 in chips) 
arianagray: posts small blind $0.01
IL ROSSOBRUNO: posts big blind $0.02
*** HOLE CARDS ***
Dealt to Dorex2007 [Jh 8c]
koroto2: folds 
purplebux: folds 
Dorex2007: folds 
arianagray: folds 
Uncalled bet ($0.01) returned to IL ROSSOBRUNO
IL ROSSOBRUNO collected $0.02 from pot
IL ROSSOBRUNO: doesn't show hand 
*** SUMMARY ***
Total pot $0.02 | Rake $0 
Seat 1: Dorex2007 (button) folded before Flop (didn't bet)
Seat 2: arianagray (small blind) folded before Flop
Seat 5: IL ROSSOBRUNO (big blind) collected ($0.02)
Seat 6: koroto2 folded before Flop (didn't bet)
Seat 7: purplebux folded before Flop (didn't bet)



PokerStars Hand #232939578156:  Hold'em No Limit ($0.01/$0.02 USD) - 2022/01/08 10:00:23 PT [2022/01/08 13:00:23 ET]
Table 'Thia V' 9-max Seat #2 is the button
Seat 1: Dorex2007 ($3.12 in chips) 
Seat 2: arianagray ($1.50 in chips) 
Seat 5: IL ROSSOBRUNO ($2.10 in chips) 
IL ROSSOBRUNO: posts small blind $0.01
koroto2: is sitting out 
purplebux: is sitting out 
Dorex2007: posts big blind $0.02
*** HOLE CARDS ***
Dealt to Dorex2007 [Kd Kc]
arianagray: folds 
arianagray leaves the table
IL ROSSOBRUNO: calls $0.01
Dorex2007: raises $0.04 to $0.06
purplebux leaves the table
IL ROSSOBRUNO: calls $0.04
*** FLOP *** [5d 3c Ac]
IL ROSSOBRUNO: checks 
Dorex2007: checks 
*** TURN *** [5d 3c Ac] [9c]
IL ROSSOBRUNO: bets $0.04
Dorex2007: calls $0.04
*** RIVER *** [5d 3c Ac 9c] [8s]
IL ROSSOBRUNO: bets $0.06
Dorex2007: calls $0.06
*** SHOW DOWN ***
IL ROSSOBRUNO: shows [Jd 2h] (high card Ace)
Dorex2007: shows [Kd Kc] (a pair of Kings)
Dorex2007 collected $0.31 from pot
*** SUMMARY ***
Total pot $0.32 | Rake $0.01 
Board [5d 3c Ac 9c 8s]
Seat 1: Dorex2007 (big blind) showed [Kd Kc] and won ($0.31) with a pair of Kings
Seat 2: arianagray (button) folded before Flop (didn't bet)
Seat 5: IL ROSSOBRUNO (small blind) showed [Jd 2h] and lost with high card Ace



