PokerStars Hand #237405250188:  Hold'em No Limit ($0.01/$0.02 USD) - 2022/07/16 19:40:15 PT [2022/07/16 22:40:15 ET]
Table 'Etamin III' 9-max Seat #1 is the button
Seat 1: dboulay1979 ($2 in chips) 
Seat 2: Schmiddi51 ($1.90 in chips) 
Seat 3: Stun64 ($2.07 in chips) 
Seat 4: luciano7266 ($4.11 in chips) 
Seat 5: Dr.Caput ($1.64 in chips) 
Seat 6: 8138547 ($1.98 in chips) 
Seat 7: Tobiz89 ($2.01 in chips) 
Seat 8: BillyElliotNZ ($4.15 in chips) 
Seat 9: Dorex2007 ($2 in chips) 
Schmiddi51: posts small blind $0.01
Stun64: posts big blind $0.02
Dorex2007: posts big blind $0.02
*** HOLE CARDS ***
Dealt to Dorex2007 [2c 4d]
luciano7266: folds 
Dr.Caput: folds 
8138547: raises $0.04 to $0.06
Tobiz89: folds 
BillyElliotNZ: folds 
Dorex2007: folds 
dboulay1979: folds 
Schmiddi51: calls $0.05
Stun64: calls $0.04
*** FLOP *** [Jc Kc 9c]
Schmiddi51: checks 
Stun64: bets $0.09
8138547: calls $0.09
Schmiddi51: folds 
*** TURN *** [Jc Kc 9c] [Ks]
Stun64: checks 
8138547: checks 
*** RIVER *** [Jc Kc 9c Ks] [5c]
Stun64: bets $0.18
8138547: folds 
Uncalled bet ($0.18) returned to Stun64
Stun64 collected $0.37 from pot
*** SUMMARY ***
Total pot $0.38 | Rake $0.01 
Board [Jc Kc 9c Ks 5c]
Seat 1: dboulay1979 (button) folded before Flop (didn't bet)
Seat 2: Schmiddi51 (small blind) folded on the Flop
Seat 3: Stun64 (big blind) collected ($0.37)
Seat 4: luciano7266 folded before Flop (didn't bet)
Seat 5: Dr.Caput folded before Flop (didn't bet)
Seat 6: 8138547 folded on the River
Seat 7: Tobiz89 folded before Flop (didn't bet)
Seat 8: BillyElliotNZ folded before Flop (didn't bet)
Seat 9: Dorex2007 folded before Flop (didn't bet)



PokerStars Hand #237405259663:  Hold'em No Limit ($0.01/$0.02 USD) - 2022/07/16 19:41:11 PT [2022/07/16 22:41:11 ET]
Table 'Etamin III' 9-max Seat #2 is the button
Seat 1: dboulay1979 ($2 in chips) 
Seat 2: Schmiddi51 ($1.84 in chips) 
Seat 3: Stun64 ($2.29 in chips) 
Seat 4: luciano7266 ($4.11 in chips) 
Seat 5: Dr.Caput ($1.64 in chips) 
Seat 6: 8138547 ($1.83 in chips) 
Seat 7: Tobiz89 ($2.01 in chips) 
Seat 8: BillyElliotNZ ($4.15 in chips) 
Seat 9: Dorex2007 ($2 in chips) 
Stun64: posts small blind $0.01
luciano7266: posts big blind $0.02
*** HOLE CARDS ***
Dealt to Dorex2007 [9s 9h]
Dr.Caput: folds 
8138547: folds 
Tobiz89: folds 
BillyElliotNZ: raises $0.04 to $0.06
Dorex2007: raises $0.12 to $0.18
dboulay1979: folds 
Schmiddi51: calls $0.18
Stun64: folds 
luciano7266: folds 
BillyElliotNZ: folds 
*** FLOP *** [5h 9d Ts]
Dorex2007: bets $0.21
Schmiddi51: folds 
Uncalled bet ($0.21) returned to Dorex2007
Dorex2007 collected $0.43 from pot
*** SUMMARY ***
Total pot $0.45 | Rake $0.02 
Board [5h 9d Ts]
Seat 1: dboulay1979 folded before Flop (didn't bet)
Seat 2: Schmiddi51 (button) folded on the Flop
Seat 3: Stun64 (small blind) folded before Flop
Seat 4: luciano7266 (big blind) folded before Flop
Seat 5: Dr.Caput folded before Flop (didn't bet)
Seat 6: 8138547 folded before Flop (didn't bet)
Seat 7: Tobiz89 folded before Flop (didn't bet)
Seat 8: BillyElliotNZ folded before Flop
Seat 9: Dorex2007 collected ($0.43)



PokerStars Hand #237405266753:  Hold'em No Limit ($0.01/$0.02 USD) - 2022/07/16 19:41:54 PT [2022/07/16 22:41:54 ET]
Table 'Etamin III' 9-max Seat #3 is the button
Seat 1: dboulay1979 ($2 in chips) 
Seat 2: Schmiddi51 ($1.66 in chips) 
Seat 3: Stun64 ($2.28 in chips) 
Seat 4: luciano7266 ($4.09 in chips) 
Seat 5: Dr.Caput ($1.64 in chips) 
Seat 6: 8138547 ($1.83 in chips) 
Seat 7: Tobiz89 ($2.01 in chips) 
Seat 8: BillyElliotNZ ($4.09 in chips) 
Seat 9: Dorex2007 ($2.25 in chips) 
luciano7266: posts small blind $0.01
Dr.Caput: posts big blind $0.02
*** HOLE CARDS ***
Dealt to Dorex2007 [3h 4s]
8138547: folds 
Tobiz89: folds 
BillyElliotNZ: raises $0.06 to $0.08
Dorex2007: folds 
dboulay1979: folds 
Schmiddi51: calls $0.08
Stun64: calls $0.08
luciano7266: folds 
Dr.Caput: calls $0.06
*** FLOP *** [Kd 3c 8s]
Dr.Caput: checks 
BillyElliotNZ: bets $0.21
Schmiddi51: folds 
Stun64: calls $0.21
Dr.Caput: folds 
*** TURN *** [Kd 3c 8s] [Jh]
BillyElliotNZ: bets $0.36
Stun64: folds 
Uncalled bet ($0.36) returned to BillyElliotNZ
BillyElliotNZ collected $0.72 from pot
*** SUMMARY ***
Total pot $0.75 | Rake $0.03 
Board [Kd 3c 8s Jh]
Seat 1: dboulay1979 folded before Flop (didn't bet)
Seat 2: Schmiddi51 folded on the Flop
Seat 3: Stun64 (button) folded on the Turn
Seat 4: luciano7266 (small blind) folded before Flop
Seat 5: Dr.Caput (big blind) folded on the Flop
Seat 6: 8138547 folded before Flop (didn't bet)
Seat 7: Tobiz89 folded before Flop (didn't bet)
Seat 8: BillyElliotNZ collected ($0.72)
Seat 9: Dorex2007 folded before Flop (didn't bet)



PokerStars Hand #237405278498:  Hold'em No Limit ($0.01/$0.02 USD) - 2022/07/16 19:43:03 PT [2022/07/16 22:43:03 ET]
Table 'Etamin III' 9-max Seat #4 is the button
Seat 1: dboulay1979 ($2 in chips) 
Seat 2: Schmiddi51 ($1.58 in chips) 
Seat 3: Stun64 ($1.99 in chips) 
Seat 4: luciano7266 ($4.08 in chips) 
Seat 5: Dr.Caput ($1.56 in chips) 
Seat 6: 8138547 ($1.83 in chips) 
Seat 7: Tobiz89 ($2.01 in chips) 
Seat 8: BillyElliotNZ ($4.52 in chips) 
Seat 9: Dorex2007 ($2.25 in chips) 
Dr.Caput: posts small blind $0.01
8138547: posts big blind $0.02
*** HOLE CARDS ***
Dealt to Dorex2007 [2d Qc]
Tobiz89: folds 
BillyElliotNZ: folds 
Dorex2007: folds 
dboulay1979: folds 
Schmiddi51: calls $0.02
Stun64: raises $0.02 to $0.04
luciano7266: folds 
Dr.Caput: calls $0.03
8138547: folds 
Schmiddi51: calls $0.02
*** FLOP *** [2s Ks 5s]
Dr.Caput: checks 
Schmiddi51: bets $0.02
Stun64: raises $0.12 to $0.14
Dr.Caput: folds 
Schmiddi51: calls $0.12
*** TURN *** [2s Ks 5s] [6s]
Schmiddi51: checks 
Stun64: checks 
*** RIVER *** [2s Ks 5s 6s] [Qs]
Schmiddi51: checks 
Stun64: checks 
*** SHOW DOWN ***
Schmiddi51: shows [9s 3h] (a flush, King high)
Stun64: mucks hand 
Schmiddi51 collected $0.41 from pot
*** SUMMARY ***
Total pot $0.42 | Rake $0.01 
Board [2s Ks 5s 6s Qs]
Seat 1: dboulay1979 folded before Flop (didn't bet)
Seat 2: Schmiddi51 showed [9s 3h] and won ($0.41) with a flush, King high
Seat 3: Stun64 mucked [Kh Ah]
Seat 4: luciano7266 (button) folded before Flop (didn't bet)
Seat 5: Dr.Caput (small blind) folded on the Flop
Seat 6: 8138547 (big blind) folded before Flop
Seat 7: Tobiz89 folded before Flop (didn't bet)
Seat 8: BillyElliotNZ folded before Flop (didn't bet)
Seat 9: Dorex2007 folded before Flop (didn't bet)



PokerStars Hand #237405291162:  Hold'em No Limit ($0.01/$0.02 USD) - 2022/07/16 19:44:19 PT [2022/07/16 22:44:19 ET]
Table 'Etamin III' 9-max Seat #5 is the button
Seat 1: dboulay1979 ($2 in chips) 
Seat 2: Schmiddi51 ($1.81 in chips) 
Seat 3: Stun64 ($1.81 in chips) 
Seat 4: luciano7266 ($4.08 in chips) 
Seat 5: Dr.Caput ($1.52 in chips) 
Seat 6: 8138547 ($1.81 in chips) 
Seat 7: Tobiz89 ($2.01 in chips) 
Seat 8: BillyElliotNZ ($4.52 in chips) 
Seat 9: Dorex2007 ($2.25 in chips) 
8138547: posts small blind $0.01
Tobiz89: posts big blind $0.02
*** HOLE CARDS ***
Dealt to Dorex2007 [3d Jc]
BillyElliotNZ: folds 
Dorex2007: folds 
dboulay1979: folds 
Schmiddi51: calls $0.02
Stun64: folds 
luciano7266: folds 
Dr.Caput: raises $0.07 to $0.09
8138547: folds 
Tobiz89: folds 
Schmiddi51: raises $0.07 to $0.16
Dr.Caput: calls $0.07
*** FLOP *** [Ts 2c 7h]
Schmiddi51: checks 
Dr.Caput: bets $0.17
Schmiddi51: folds 
Uncalled bet ($0.17) returned to Dr.Caput
Dr.Caput collected $0.34 from pot
*** SUMMARY ***
Total pot $0.35 | Rake $0.01 
Board [Ts 2c 7h]
Seat 1: dboulay1979 folded before Flop (didn't bet)
Seat 2: Schmiddi51 folded on the Flop
Seat 3: Stun64 folded before Flop (didn't bet)
Seat 4: luciano7266 folded before Flop (didn't bet)
Seat 5: Dr.Caput (button) collected ($0.34)
Seat 6: 8138547 (small blind) folded before Flop
Seat 7: Tobiz89 (big blind) folded before Flop
Seat 8: BillyElliotNZ folded before Flop (didn't bet)
Seat 9: Dorex2007 folded before Flop (didn't bet)



PokerStars Hand #237405299783:  Hold'em No Limit ($0.01/$0.02 USD) - 2022/07/16 19:45:12 PT [2022/07/16 22:45:12 ET]
Table 'Etamin III' 9-max Seat #6 is the button
Seat 1: dboulay1979 ($2 in chips) 
Seat 2: Schmiddi51 ($1.65 in chips) 
Seat 3: Stun64 ($1.81 in chips) 
Seat 4: luciano7266 ($4.08 in chips) 
Seat 5: Dr.Caput ($1.70 in chips) 
Seat 6: 8138547 ($1.80 in chips) 
Seat 7: Tobiz89 ($2 in chips) 
Seat 8: BillyElliotNZ ($4.52 in chips) 
Seat 9: Dorex2007 ($2.25 in chips) 
Tobiz89: posts small blind $0.01
BillyElliotNZ: posts big blind $0.02
*** HOLE CARDS ***
Dealt to Dorex2007 [Jd 7h]
Dorex2007: folds 
dboulay1979: folds 
Schmiddi51 has timed out
Schmiddi51: folds 
Stun64: raises $0.02 to $0.04
luciano7266: folds 
Dr.Caput: folds 
8138547: folds 
Tobiz89: folds 
BillyElliotNZ: calls $0.02
*** FLOP *** [5s Ks 3s]
BillyElliotNZ: bets $0.05
Stun64: folds 
Uncalled bet ($0.05) returned to BillyElliotNZ
BillyElliotNZ collected $0.09 from pot
*** SUMMARY ***
Total pot $0.09 | Rake $0 
Board [5s Ks 3s]
Seat 1: dboulay1979 folded before Flop (didn't bet)
Seat 2: Schmiddi51 folded before Flop (didn't bet)
Seat 3: Stun64 folded on the Flop
Seat 4: luciano7266 folded before Flop (didn't bet)
Seat 5: Dr.Caput folded before Flop (didn't bet)
Seat 6: 8138547 (button) folded before Flop (didn't bet)
Seat 7: Tobiz89 (small blind) folded before Flop
Seat 8: BillyElliotNZ (big blind) collected ($0.09)
Seat 9: Dorex2007 folded before Flop (didn't bet)



PokerStars Hand #237405309682:  Hold'em No Limit ($0.01/$0.02 USD) - 2022/07/16 19:46:11 PT [2022/07/16 22:46:11 ET]
Table 'Etamin III' 9-max Seat #7 is the button
Seat 1: dboulay1979 ($2 in chips) 
Seat 2: Schmiddi51 ($1.65 in chips) 
Seat 3: Stun64 ($1.77 in chips) 
Seat 4: luciano7266 ($4.08 in chips) 
Seat 5: Dr.Caput ($1.70 in chips) 
Seat 6: 8138547 ($1.80 in chips) 
Seat 7: Tobiz89 ($2 in chips) 
Seat 8: BillyElliotNZ ($4.57 in chips) 
Seat 9: Dorex2007 ($2.25 in chips) 
BillyElliotNZ: posts small blind $0.01
Dorex2007: posts big blind $0.02
*** HOLE CARDS ***
Dealt to Dorex2007 [6c 8c]
dboulay1979: folds 
Schmiddi51: calls $0.02
Stun64: folds 
luciano7266: folds 
Dr.Caput: raises $0.04 to $0.06
8138547: calls $0.06
Tobiz89: folds 
BillyElliotNZ: raises $0.16 to $0.22
Dorex2007: folds 
Schmiddi51: calls $0.20
Dr.Caput: folds 
8138547: raises $1.58 to $1.80 and is all-in
BillyElliotNZ: folds 
Schmiddi51: calls $1.43 and is all-in
Uncalled bet ($0.15) returned to 8138547
*** FLOP *** [2s 9c 4h]
*** TURN *** [2s 9c 4h] [Qs]
*** RIVER *** [2s 9c 4h Qs] [Td]
*** SHOW DOWN ***
Schmiddi51: shows [8s 5c] (high card Queen)
8138547: shows [Ks As] (high card Ace)
8138547 collected $3.47 from pot
Schmiddi51 cashed out the hand for $1.17 | Cash Out Fee $0.01
*** SUMMARY ***
Total pot $3.60 | Rake $0.13 
Board [2s 9c 4h Qs Td]
Seat 1: dboulay1979 folded before Flop (didn't bet)
Seat 2: Schmiddi51 showed [8s 5c] and lost with high card Queen (cashed out).
Seat 3: Stun64 folded before Flop (didn't bet)
Seat 4: luciano7266 folded before Flop (didn't bet)
Seat 5: Dr.Caput folded before Flop
Seat 6: 8138547 showed [Ks As] and won ($3.47) with high card Ace
Seat 7: Tobiz89 (button) folded before Flop (didn't bet)
Seat 8: BillyElliotNZ (small blind) folded before Flop
Seat 9: Dorex2007 (big blind) folded before Flop



PokerStars Hand #237405319843:  Hold'em No Limit ($0.01/$0.02 USD) - 2022/07/16 19:47:13 PT [2022/07/16 22:47:13 ET]
Table 'Etamin III' 9-max Seat #8 is the button
Seat 1: dboulay1979 ($2 in chips) 
Seat 2: Schmiddi51 ($1.17 in chips) 
Seat 3: Stun64 ($1.77 in chips) 
Seat 4: luciano7266 ($4.08 in chips) 
Seat 5: Dr.Caput ($1.64 in chips) 
Seat 6: 8138547 ($3.62 in chips) 
Seat 8: BillyElliotNZ ($4.35 in chips) 
Seat 9: Dorex2007 ($2.23 in chips) 
Dorex2007: posts small blind $0.01
dboulay1979: posts big blind $0.02
*** HOLE CARDS ***
Dealt to Dorex2007 [5h 5s]
Schmiddi51: calls $0.02
Stun64: calls $0.02
luciano7266: folds 
Dr.Caput: folds 
8138547: folds 
BillyElliotNZ: raises $0.20 to $0.22
Dorex2007: folds 
dboulay1979: folds 
Schmiddi51: calls $0.20
Stun64: folds 
*** FLOP *** [Ts 7c Qc]
Schmiddi51: checks 
BillyElliotNZ: bets $0.24
Schmiddi51: folds 
Uncalled bet ($0.24) returned to BillyElliotNZ
BillyElliotNZ collected $0.47 from pot
*** SUMMARY ***
Total pot $0.49 | Rake $0.02 
Board [Ts 7c Qc]
Seat 1: dboulay1979 (big blind) folded before Flop
Seat 2: Schmiddi51 folded on the Flop
Seat 3: Stun64 folded before Flop
Seat 4: luciano7266 folded before Flop (didn't bet)
Seat 5: Dr.Caput folded before Flop (didn't bet)
Seat 6: 8138547 folded before Flop (didn't bet)
Seat 8: BillyElliotNZ (button) collected ($0.47)
Seat 9: Dorex2007 (small blind) folded before Flop



PokerStars Hand #237405327746:  Hold'em No Limit ($0.01/$0.02 USD) - 2022/07/16 19:48:00 PT [2022/07/16 22:48:00 ET]
Table 'Etamin III' 9-max Seat #9 is the button
Seat 1: dboulay1979 ($2 in chips) 
Seat 2: Schmiddi51 ($0.95 in chips) 
Seat 3: Stun64 ($1.75 in chips) 
Seat 4: luciano7266 ($4.08 in chips) 
Seat 5: Dr.Caput ($1.64 in chips) 
Seat 6: 8138547 ($3.62 in chips) 
Seat 8: BillyElliotNZ ($4.60 in chips) 
Seat 9: Dorex2007 ($2.22 in chips) 
dboulay1979: posts small blind $0.01
Schmiddi51: posts big blind $0.02
*** HOLE CARDS ***
Dealt to Dorex2007 [6s 8s]
Stun64: folds 
luciano7266: folds 
Dr.Caput: folds 
8138547: folds 
BillyElliotNZ: folds 
Dorex2007: folds 
dboulay1979: folds 
Uncalled bet ($0.01) returned to Schmiddi51
Schmiddi51 collected $0.02 from pot
*** SUMMARY ***
Total pot $0.02 | Rake $0 
Seat 1: dboulay1979 (small blind) folded before Flop
Seat 2: Schmiddi51 (big blind) collected ($0.02)
Seat 3: Stun64 folded before Flop (didn't bet)
Seat 4: luciano7266 folded before Flop (didn't bet)
Seat 5: Dr.Caput folded before Flop (didn't bet)
Seat 6: 8138547 folded before Flop (didn't bet)
Seat 8: BillyElliotNZ folded before Flop (didn't bet)
Seat 9: Dorex2007 (button) folded before Flop (didn't bet)



PokerStars Hand #237405330905:  Hold'em No Limit ($0.01/$0.02 USD) - 2022/07/16 19:48:20 PT [2022/07/16 22:48:20 ET]
Table 'Etamin III' 9-max Seat #1 is the button
Seat 1: dboulay1979 ($2 in chips) 
Seat 2: Schmiddi51 ($0.96 in chips) 
Seat 3: Stun64 ($1.75 in chips) 
Seat 4: luciano7266 ($4.08 in chips) 
Seat 5: Dr.Caput ($1.64 in chips) 
Seat 6: 8138547 ($3.62 in chips) 
Seat 8: BillyElliotNZ ($4.60 in chips) 
Seat 9: Dorex2007 ($2.22 in chips) 
Schmiddi51: posts small blind $0.01
Stun64: posts big blind $0.02
*** HOLE CARDS ***
Dealt to Dorex2007 [6s 4c]
luciano7266: raises $0.02 to $0.04
Dr.Caput: calls $0.04
8138547: folds 
BillyElliotNZ: folds 
Dorex2007: folds 
dboulay1979: folds 
Schmiddi51: calls $0.03
Stun64: calls $0.02
*** FLOP *** [7h 5d Jc]
Schmiddi51: bets $0.02
Stun64: folds 
luciano7266: calls $0.02
Dr.Caput: calls $0.02
*** TURN *** [7h 5d Jc] [Kh]
Schmiddi51: bets $0.20
luciano7266: calls $0.20
Dr.Caput: folds 
*** RIVER *** [7h 5d Jc Kh] [2d]
Schmiddi51: bets $0.22
luciano7266: calls $0.22
*** SHOW DOWN ***
Schmiddi51: shows [5h Jd] (two pair, Jacks and Fives)
luciano7266: mucks hand 
Schmiddi51 collected $1.01 from pot
*** SUMMARY ***
Total pot $1.06 | Rake $0.05 
Board [7h 5d Jc Kh 2d]
Seat 1: dboulay1979 (button) folded before Flop (didn't bet)
Seat 2: Schmiddi51 (small blind) showed [5h Jd] and won ($1.01) with two pair, Jacks and Fives
Seat 3: Stun64 (big blind) folded on the Flop
Seat 4: luciano7266 mucked [Kc Qd]
Seat 5: Dr.Caput folded on the Turn
Seat 6: 8138547 folded before Flop (didn't bet)
Seat 8: BillyElliotNZ folded before Flop (didn't bet)
Seat 9: Dorex2007 folded before Flop (didn't bet)



PokerStars Hand #237405346704:  Hold'em No Limit ($0.01/$0.02 USD) - 2022/07/16 19:49:53 PT [2022/07/16 22:49:53 ET]
Table 'Etamin III' 9-max Seat #2 is the button
Seat 1: dboulay1979 ($2 in chips) 
Seat 2: Schmiddi51 ($1.49 in chips) 
Seat 3: Stun64 ($1.71 in chips) 
Seat 4: luciano7266 ($3.60 in chips) 
Seat 5: Dr.Caput ($1.58 in chips) 
Seat 6: 8138547 ($3.62 in chips) 
Seat 8: BillyElliotNZ ($4.60 in chips) 
Seat 9: Dorex2007 ($2.22 in chips) 
Stun64: posts small blind $0.01
luciano7266: posts big blind $0.02
*** HOLE CARDS ***
Dealt to Dorex2007 [3h Jd]
Dr.Caput: calls $0.02
8138547: folds 
BillyElliotNZ: folds 
Dorex2007: folds 
dboulay1979: folds 
Schmiddi51: calls $0.02
Stun64: raises $0.02 to $0.04
luciano7266: folds 
Dr.Caput: calls $0.02
Schmiddi51: raises $0.02 to $0.06
Stun64: raises $1.65 to $1.71 and is all-in
Dr.Caput: folds 
Schmiddi51: calls $1.43 and is all-in
Uncalled bet ($0.22) returned to Stun64
*** FLOP *** [Jh Ks 7c]
*** TURN *** [Jh Ks 7c] [Kh]
*** RIVER *** [Jh Ks 7c Kh] [2s]
*** SHOW DOWN ***
Stun64: shows [As Ad] (two pair, Aces and Kings)
Schmiddi51: shows [3s Ac] (a pair of Kings)
Schmiddi51 cashed out the hand for $0.20
Stun64 cashed out the hand for $2.70 | Cash Out Fee $0.03
*** SUMMARY ***
Total pot $3.04 | Rake $0.11 
Board [Jh Ks 7c Kh 2s]
Seat 1: dboulay1979 folded before Flop (didn't bet)
Seat 2: Schmiddi51 (button) showed [3s Ac] and lost with a pair of Kings (cashed out).
Seat 3: Stun64 (small blind) showed [As Ad] and won ($2.93) with two pair, Aces and Kings (pot not awarded as player cashed out)
Seat 4: luciano7266 (big blind) folded before Flop
Seat 5: Dr.Caput folded before Flop
Seat 6: 8138547 folded before Flop (didn't bet)
Seat 8: BillyElliotNZ folded before Flop (didn't bet)
Seat 9: Dorex2007 folded before Flop (didn't bet)



PokerStars Hand #237405361208:  Hold'em No Limit ($0.01/$0.02 USD) - 2022/07/16 19:51:21 PT [2022/07/16 22:51:21 ET]
Table 'Etamin III' 9-max Seat #3 is the button
Seat 1: dboulay1979 ($2 in chips) 
Seat 2: Schmiddi51 ($0.20 in chips) 
Seat 3: Stun64 ($2.92 in chips) 
Seat 4: luciano7266 ($3.58 in chips) 
Seat 5: Dr.Caput ($1.54 in chips) 
Seat 6: 8138547 ($3.62 in chips) 
Seat 8: BillyElliotNZ ($4.60 in chips) 
Seat 9: Dorex2007 ($2.22 in chips) 
luciano7266: posts small blind $0.01
Dr.Caput: posts big blind $0.02
*** HOLE CARDS ***
Dealt to Dorex2007 [2h 7s]
8138547: folds 
BillyElliotNZ: folds 
Dorex2007: folds 
dboulay1979: folds 
Schmiddi51: folds 
Stun64: raises $0.02 to $0.04
luciano7266: folds 
Dr.Caput: raises $0.09 to $0.13
Stun64: calls $0.09
*** FLOP *** [Th Qd Qs]
Dr.Caput: checks 
Stun64: checks 
*** TURN *** [Th Qd Qs] [Jd]
Dr.Caput: bets $0.02
Stun64: raises $0.24 to $0.26
Dr.Caput: calls $0.24
*** RIVER *** [Th Qd Qs Jd] [6c]
Dr.Caput: checks 
Stun64: bets $0.38
Dr.Caput: raises $0.38 to $0.76
Stun64: raises $1.77 to $2.53 and is all-in
Dr.Caput: calls $0.39 and is all-in
Uncalled bet ($1.38) returned to Stun64
*** SHOW DOWN ***
Stun64: shows [9c Qc] (three of a kind, Queens)
Dr.Caput: shows [Qh Ad] (three of a kind, Queens - Ace kicker)
Dr.Caput collected $2.98 from pot
*** SUMMARY ***
Total pot $3.09 | Rake $0.11 
Board [Th Qd Qs Jd 6c]
Seat 1: dboulay1979 folded before Flop (didn't bet)
Seat 2: Schmiddi51 folded before Flop (didn't bet)
Seat 3: Stun64 (button) showed [9c Qc] and lost with three of a kind, Queens
Seat 4: luciano7266 (small blind) folded before Flop
Seat 5: Dr.Caput (big blind) showed [Qh Ad] and won ($2.98) with three of a kind, Queens
Seat 6: 8138547 folded before Flop (didn't bet)
Seat 8: BillyElliotNZ folded before Flop (didn't bet)
Seat 9: Dorex2007 folded before Flop (didn't bet)



PokerStars Hand #237405375620:  Hold'em No Limit ($0.01/$0.02 USD) - 2022/07/16 19:52:49 PT [2022/07/16 22:52:49 ET]
Table 'Etamin III' 9-max Seat #4 is the button
Seat 1: dboulay1979 ($2 in chips) 
Seat 2: Schmiddi51 ($0.20 in chips) 
Seat 3: Stun64 ($1.38 in chips) 
Seat 4: luciano7266 ($3.57 in chips) 
Seat 5: Dr.Caput ($2.98 in chips) 
Seat 6: 8138547 ($3.62 in chips) 
Seat 8: BillyElliotNZ ($4.60 in chips) 
Seat 9: Dorex2007 ($2.22 in chips) 
Dr.Caput: posts small blind $0.01
8138547: posts big blind $0.02
*** HOLE CARDS ***
Dealt to Dorex2007 [2h Kh]
BillyElliotNZ: folds 
Dorex2007: folds 
dboulay1979: folds 
Schmiddi51 has timed out
Schmiddi51: folds 
Stun64: raises $0.02 to $0.04
luciano7266: raises $0.08 to $0.12
Dr.Caput: folds 
8138547: folds 
Stun64: folds 
Uncalled bet ($0.08) returned to luciano7266
luciano7266 collected $0.11 from pot
*** SUMMARY ***
Total pot $0.11 | Rake $0 
Seat 1: dboulay1979 folded before Flop (didn't bet)
Seat 2: Schmiddi51 folded before Flop (didn't bet)
Seat 3: Stun64 folded before Flop
Seat 4: luciano7266 (button) collected ($0.11)
Seat 5: Dr.Caput (small blind) folded before Flop
Seat 6: 8138547 (big blind) folded before Flop
Seat 8: BillyElliotNZ folded before Flop (didn't bet)
Seat 9: Dorex2007 folded before Flop (didn't bet)



PokerStars Hand #237405382979:  Hold'em No Limit ($0.01/$0.02 USD) - 2022/07/16 19:53:34 PT [2022/07/16 22:53:34 ET]
Table 'Etamin III' 9-max Seat #5 is the button
Seat 1: dboulay1979 ($2 in chips) 
Seat 2: Schmiddi51 ($0.20 in chips) 
Seat 3: Stun64 ($1.34 in chips) 
Seat 4: luciano7266 ($3.64 in chips) 
Seat 5: Dr.Caput ($2.97 in chips) 
Seat 6: 8138547 ($3.60 in chips) 
Seat 8: BillyElliotNZ ($4.60 in chips) 
Seat 9: Dorex2007 ($2.22 in chips) 
8138547: posts small blind $0.01
BillyElliotNZ: posts big blind $0.02
*** HOLE CARDS ***
Dealt to Dorex2007 [7s Tc]
Dorex2007: folds 
dboulay1979: folds 
Schmiddi51: calls $0.02
Stun64: folds 
luciano7266: folds 
Dr.Caput: folds 
8138547: raises $0.06 to $0.08
BillyElliotNZ: raises $0.16 to $0.24
Schmiddi51: calls $0.18 and is all-in
8138547: folds 
Uncalled bet ($0.04) returned to BillyElliotNZ
*** FLOP *** [3h 3d 8h]
*** TURN *** [3h 3d 8h] [7d]
*** RIVER *** [3h 3d 8h 7d] [2d]
*** SHOW DOWN ***
BillyElliotNZ: shows [Kh Qc] (a pair of Threes)
Schmiddi51: shows [Th 2c] (two pair, Threes and Deuces)
Schmiddi51 cashed out the hand for $0.13
*** SUMMARY ***
Total pot $0.48 | Rake $0.02 
Board [3h 3d 8h 7d 2d]
Seat 1: dboulay1979 folded before Flop (didn't bet)
Seat 2: Schmiddi51 showed [Th 2c] and won ($0.46) with two pair, Threes and Deuces (pot not awarded as player cashed out)
Seat 3: Stun64 folded before Flop (didn't bet)
Seat 4: luciano7266 folded before Flop (didn't bet)
Seat 5: Dr.Caput (button) folded before Flop (didn't bet)
Seat 6: 8138547 (small blind) folded before Flop
Seat 8: BillyElliotNZ (big blind) showed [Kh Qc] and lost with a pair of Threes
Seat 9: Dorex2007 folded before Flop (didn't bet)



PokerStars Hand #237405391732:  Hold'em No Limit ($0.01/$0.02 USD) - 2022/07/16 19:54:27 PT [2022/07/16 22:54:27 ET]
Table 'Etamin III' 9-max Seat #6 is the button
Seat 1: dboulay1979 ($2 in chips) 
Seat 2: Schmiddi51 ($0.13 in chips) 
Seat 3: Stun64 ($1.34 in chips) 
Seat 4: luciano7266 ($3.64 in chips) 
Seat 5: Dr.Caput ($2.97 in chips) 
Seat 6: 8138547 ($3.52 in chips) 
Seat 8: BillyElliotNZ ($4.40 in chips) 
Seat 9: Dorex2007 ($2.22 in chips) 
BillyElliotNZ: posts small blind $0.01
Dorex2007: posts big blind $0.02
*** HOLE CARDS ***
Dealt to Dorex2007 [5d 8s]
dboulay1979: calls $0.02
Schmiddi51: calls $0.02
Stun64: calls $0.02
luciano7266: folds 
Dr.Caput: folds 
8138547: folds 
BillyElliotNZ: raises $0.08 to $0.10
Dorex2007: folds 
dboulay1979: folds 
Schmiddi51: calls $0.08
Stun64: calls $0.08
*** FLOP *** [5s Ad 2c]
BillyElliotNZ: bets $0.22
Schmiddi51: calls $0.03 and is all-in
Stun64: folds 
Uncalled bet ($0.19) returned to BillyElliotNZ
*** TURN *** [5s Ad 2c] [Tc]
*** RIVER *** [5s Ad 2c Tc] [Kc]
*** SHOW DOWN ***
BillyElliotNZ: shows [5c Kh] (two pair, Kings and Fives)
Schmiddi51: shows [Jc 7c] (a flush, King high)
Schmiddi51 cashed out the hand for $0.10
*** SUMMARY ***
Total pot $0.40 | Rake $0.01 
Board [5s Ad 2c Tc Kc]
Seat 1: dboulay1979 folded before Flop
Seat 2: Schmiddi51 showed [Jc 7c] and won ($0.39) with a flush, King high (pot not awarded as player cashed out)
Seat 3: Stun64 folded on the Flop
Seat 4: luciano7266 folded before Flop (didn't bet)
Seat 5: Dr.Caput folded before Flop (didn't bet)
Seat 6: 8138547 (button) folded before Flop (didn't bet)
Seat 8: BillyElliotNZ (small blind) showed [5c Kh] and lost with two pair, Kings and Fives
Seat 9: Dorex2007 (big blind) folded before Flop



PokerStars Hand #237405399885:  Hold'em No Limit ($0.01/$0.02 USD) - 2022/07/16 19:55:19 PT [2022/07/16 22:55:19 ET]
Table 'Etamin III' 9-max Seat #8 is the button
Seat 1: dboulay1979 ($2 in chips) 
Seat 2: Schmiddi51 ($0.10 in chips) 
Seat 3: Stun64 ($1.24 in chips) 
Seat 4: luciano7266 ($3.64 in chips) 
Seat 5: Dr.Caput ($2.97 in chips) 
Seat 6: 8138547 ($3.52 in chips) 
Seat 8: BillyElliotNZ ($4.27 in chips) 
Seat 9: Dorex2007 ($2.20 in chips) 
Dorex2007: posts small blind $0.01
dboulay1979: posts big blind $0.02
*** HOLE CARDS ***
Dealt to Dorex2007 [7h 8d]
Schmiddi51: calls $0.02
Stun64: raises $0.02 to $0.04
luciano7266: folds 
Dr.Caput: folds 
8138547: folds 
BillyElliotNZ: folds 
Dorex2007: folds 
dboulay1979: calls $0.02
Schmiddi51: calls $0.02
*** FLOP *** [Kh Qh 4d]
dboulay1979: bets $0.13
Schmiddi51: calls $0.06 and is all-in
Stun64: calls $0.13
*** TURN *** [Kh Qh 4d] [As]
dboulay1979: bets $0.43
Stun64: calls $0.43
*** RIVER *** [Kh Qh 4d As] [6s]
dboulay1979: bets $1.26
Stun64: calls $0.64 and is all-in
Uncalled bet ($0.62) returned to dboulay1979
*** SHOW DOWN ***
dboulay1979: shows [4h 4c] (three of a kind, Fours)
Stun64: shows [9d Ad] (a pair of Aces)
dboulay1979 collected $2.20 from side pot
Schmiddi51: shows [Jh 5d] (high card Ace)
dboulay1979 collected $0.30 from main pot
*** SUMMARY ***
Total pot $2.59 Main pot $0.30. Side pot $2.20. | Rake $0.09 
Board [Kh Qh 4d As 6s]
Seat 1: dboulay1979 (big blind) showed [4h 4c] and won ($2.50) with three of a kind, Fours
Seat 2: Schmiddi51 showed [Jh 5d] and lost with high card Ace
Seat 3: Stun64 showed [9d Ad] and lost with a pair of Aces
Seat 4: luciano7266 folded before Flop (didn't bet)
Seat 5: Dr.Caput folded before Flop (didn't bet)
Seat 6: 8138547 folded before Flop (didn't bet)
Seat 8: BillyElliotNZ (button) folded before Flop (didn't bet)
Seat 9: Dorex2007 (small blind) folded before Flop



PokerStars Hand #237405415464:  Hold'em No Limit ($0.01/$0.02 USD) - 2022/07/16 19:56:29 PT [2022/07/16 22:56:29 ET]
Table 'Etamin III' 9-max Seat #9 is the button
Seat 1: dboulay1979 ($3.26 in chips) 
Seat 4: luciano7266 ($3.64 in chips) 
Seat 5: Dr.Caput ($2.97 in chips) 
Seat 6: 8138547 ($3.52 in chips) 
Seat 8: BillyElliotNZ ($4.27 in chips) 
Seat 9: Dorex2007 ($2.19 in chips) 
dboulay1979: posts small blind $0.01
luciano7266: posts big blind $0.02
Tobiz89: sits out 
*** HOLE CARDS ***
Dealt to Dorex2007 [Qd 3d]
Dr.Caput: calls $0.02
Stun64 leaves the table
8138547: folds 
BillyElliotNZ: raises $0.06 to $0.08
Dorex2007: folds 
dboulay1979: folds 
DirkBlack08 joins the table at seat #3 
luciano7266: folds 
Dr.Caput: calls $0.06
*** FLOP *** [7s 6d 7d]
Dr.Caput: checks 
BillyElliotNZ: bets $0.12
Dr.Caput: folds 
Uncalled bet ($0.12) returned to BillyElliotNZ
BillyElliotNZ collected $0.18 from pot
*** SUMMARY ***
Total pot $0.19 | Rake $0.01 
Board [7s 6d 7d]
Seat 1: dboulay1979 (small blind) folded before Flop
Seat 4: luciano7266 (big blind) folded before Flop
Seat 5: Dr.Caput folded on the Flop
Seat 6: 8138547 folded before Flop (didn't bet)
Seat 8: BillyElliotNZ collected ($0.18)
Seat 9: Dorex2007 (button) folded before Flop (didn't bet)



PokerStars Hand #237405424539:  Hold'em No Limit ($0.01/$0.02 USD) - 2022/07/16 19:57:35 PT [2022/07/16 22:57:35 ET]
Table 'Etamin III' 9-max Seat #1 is the button
Seat 1: dboulay1979 ($3.25 in chips) 
Seat 4: luciano7266 ($3.62 in chips) 
Seat 5: Dr.Caput ($2.89 in chips) 
Seat 6: 8138547 ($3.52 in chips) 
Seat 8: BillyElliotNZ ($4.37 in chips) 
Seat 9: Dorex2007 ($2.19 in chips) 
luciano7266: posts small blind $0.01
Dr.Caput: posts big blind $0.02
Tobiz89: sits out 
*** HOLE CARDS ***
Dealt to Dorex2007 [Ad 8s]
8138547: folds 
BillyElliotNZ: folds 
Dorex2007: folds 
dboulay1979: folds 
luciano7266: folds 
Uncalled bet ($0.01) returned to Dr.Caput
Dr.Caput collected $0.02 from pot
*** SUMMARY ***
Total pot $0.02 | Rake $0 
Seat 1: dboulay1979 (button) folded before Flop (didn't bet)
Seat 4: luciano7266 (small blind) folded before Flop
Seat 5: Dr.Caput (big blind) collected ($0.02)
Seat 6: 8138547 folded before Flop (didn't bet)
Seat 8: BillyElliotNZ folded before Flop (didn't bet)
Seat 9: Dorex2007 folded before Flop (didn't bet)



PokerStars Hand #237405426145:  Hold'em No Limit ($0.01/$0.02 USD) - 2022/07/16 19:57:47 PT [2022/07/16 22:57:47 ET]
Table 'Etamin III' 9-max Seat #4 is the button
Seat 1: dboulay1979 ($3.25 in chips) 
Seat 2: Schmiddi51 ($2 in chips) 
Seat 4: luciano7266 ($3.61 in chips) 
Seat 5: Dr.Caput ($2.90 in chips) 
Seat 6: 8138547 ($3.52 in chips) 
Seat 8: BillyElliotNZ ($4.37 in chips) 
Seat 9: Dorex2007 ($2.19 in chips) 
Dr.Caput: posts small blind $0.01
8138547: posts big blind $0.02
Tobiz89: sits out 
Schmiddi51: posts small & big blinds $0.03
DirkBlack08: sits out 
*** HOLE CARDS ***
Dealt to Dorex2007 [3d 8s]
BillyElliotNZ: folds 
Dorex2007: folds 
dboulay1979: folds 
Schmiddi51: checks 
luciano7266: folds 
Dr.Caput: raises $0.07 to $0.09
8138547: folds 
Schmiddi51: calls $0.07
*** FLOP *** [9c Ah Jh]
Dr.Caput: bets $0.10
Schmiddi51: calls $0.10
*** TURN *** [9c Ah Jh] [9h]
Dr.Caput: bets $0.12
Schmiddi51: calls $0.12
*** RIVER *** [9c Ah Jh 9h] [Qs]
Dr.Caput: bets $0.12
Schmiddi51: folds 
Uncalled bet ($0.12) returned to Dr.Caput
Dr.Caput collected $0.63 from pot
*** SUMMARY ***
Total pot $0.65 | Rake $0.02 
Board [9c Ah Jh 9h Qs]
Seat 1: dboulay1979 folded before Flop (didn't bet)
Seat 2: Schmiddi51 folded on the River
Seat 4: luciano7266 (button) folded before Flop (didn't bet)
Seat 5: Dr.Caput (small blind) collected ($0.63)
Seat 6: 8138547 (big blind) folded before Flop
Seat 8: BillyElliotNZ folded before Flop (didn't bet)
Seat 9: Dorex2007 folded before Flop (didn't bet)



PokerStars Hand #237405442778:  Hold'em No Limit ($0.01/$0.02 USD) - 2022/07/16 19:59:22 PT [2022/07/16 22:59:22 ET]
Table 'Etamin III' 9-max Seat #5 is the button
Seat 1: dboulay1979 ($3.25 in chips) 
Seat 2: Schmiddi51 ($1.68 in chips) 
Seat 4: luciano7266 ($3.61 in chips) 
Seat 5: Dr.Caput ($3.22 in chips) 
Seat 6: 8138547 ($3.50 in chips) 
Seat 7: Tobiz89 ($2 in chips) 
Seat 8: BillyElliotNZ ($4.37 in chips) 
Seat 9: Dorex2007 ($2.19 in chips) 
8138547: posts small blind $0.01
Tobiz89: posts big blind $0.02
DirkBlack08: sits out 
*** HOLE CARDS ***
Dealt to Dorex2007 [3s 4s]
BillyElliotNZ: folds 
Dorex2007: folds 
dboulay1979: folds 
Schmiddi51 has timed out
Schmiddi51: folds 
luciano7266: folds 
Dr.Caput: raises $0.04 to $0.06
8138547: folds 
Tobiz89: folds 
Uncalled bet ($0.04) returned to Dr.Caput
Dr.Caput collected $0.05 from pot
*** SUMMARY ***
Total pot $0.05 | Rake $0 
Seat 1: dboulay1979 folded before Flop (didn't bet)
Seat 2: Schmiddi51 folded before Flop (didn't bet)
Seat 4: luciano7266 folded before Flop (didn't bet)
Seat 5: Dr.Caput (button) collected ($0.05)
Seat 6: 8138547 (small blind) folded before Flop
Seat 7: Tobiz89 (big blind) folded before Flop
Seat 8: BillyElliotNZ folded before Flop (didn't bet)
Seat 9: Dorex2007 folded before Flop (didn't bet)



PokerStars Hand #237405525148:  Hold'em No Limit ($0.01/$0.02 USD) - 2022/07/16 20:07:52 PT [2022/07/16 23:07:52 ET]
Table 'Etamin III' 9-max Seat #1 is the button
Seat 1: dboulay1979 ($3.17 in chips) 
Seat 3: DirkBlack08 ($1.84 in chips) 
Seat 4: luciano7266 ($3.49 in chips) 
Seat 5: AkirisDL ($0.94 in chips) 
Seat 6: 8138547 ($3.56 in chips) 
Seat 9: Dorex2007 ($2.19 in chips) 
DirkBlack08: posts small blind $0.01
luciano7266: posts big blind $0.02
joustjohn1: sits out 
Dorex2007: posts small & big blinds $0.03
*** HOLE CARDS ***
Dealt to Dorex2007 [Qd 2h]
Tobiz89 joins the table at seat #8 
AkirisDL: calls $0.02
8138547: folds 
Dorex2007: checks 
dboulay1979: folds 
DirkBlack08: calls $0.01
luciano7266: checks 
*** FLOP *** [Ah Th 3h]
DirkBlack08: checks 
luciano7266: checks 
AkirisDL: bets $0.04
Dorex2007: folds 
DirkBlack08: folds 
luciano7266: folds 
Uncalled bet ($0.04) returned to AkirisDL
AkirisDL collected $0.09 from pot
*** SUMMARY ***
Total pot $0.09 | Rake $0 
Board [Ah Th 3h]
Seat 1: dboulay1979 (button) folded before Flop (didn't bet)
Seat 3: DirkBlack08 (small blind) folded on the Flop
Seat 4: luciano7266 (big blind) folded on the Flop
Seat 5: AkirisDL collected ($0.09)
Seat 6: 8138547 folded before Flop (didn't bet)
Seat 9: Dorex2007 folded on the Flop (didn't bet)



PokerStars Hand #237405531147:  Hold'em No Limit ($0.01/$0.02 USD) - 2022/07/16 20:08:30 PT [2022/07/16 23:08:30 ET]
Table 'Etamin III' 9-max Seat #3 is the button
Seat 1: dboulay1979 ($3.17 in chips) 
Seat 3: DirkBlack08 ($1.82 in chips) 
Seat 4: luciano7266 ($3.47 in chips) 
Seat 5: AkirisDL ($1.01 in chips) 
Seat 6: 8138547 ($3.56 in chips) 
Seat 9: Dorex2007 ($2.16 in chips) 
luciano7266: posts small blind $0.01
AkirisDL: posts big blind $0.02
joustjohn1: sits out 
Tobiz89: sits out 
*** HOLE CARDS ***
Dealt to Dorex2007 [Ad Jc]
8138547: raises $0.04 to $0.06
Dorex2007: folds 
dboulay1979: folds 
DirkBlack08: folds 
luciano7266: folds 
AkirisDL: calls $0.04
*** FLOP *** [6c Ac 7s]
AkirisDL: checks 
8138547: bets $0.08
AkirisDL: folds 
Uncalled bet ($0.08) returned to 8138547
8138547 collected $0.13 from pot
*** SUMMARY ***
Total pot $0.13 | Rake $0 
Board [6c Ac 7s]
Seat 1: dboulay1979 folded before Flop (didn't bet)
Seat 3: DirkBlack08 (button) folded before Flop (didn't bet)
Seat 4: luciano7266 (small blind) folded before Flop
Seat 5: AkirisDL (big blind) folded on the Flop
Seat 6: 8138547 collected ($0.13)
Seat 9: Dorex2007 folded before Flop (didn't bet)



PokerStars Hand #237405536566:  Hold'em No Limit ($0.01/$0.02 USD) - 2022/07/16 20:09:04 PT [2022/07/16 23:09:04 ET]
Table 'Etamin III' 9-max Seat #4 is the button
Seat 1: dboulay1979 ($3.17 in chips) 
Seat 3: DirkBlack08 ($1.82 in chips) 
Seat 4: luciano7266 ($3.46 in chips) 
Seat 5: AkirisDL ($0.95 in chips) 
Seat 6: 8138547 ($3.63 in chips) 
Seat 9: Dorex2007 ($2.16 in chips) 
AkirisDL: posts small blind $0.01
8138547: posts big blind $0.02
joustjohn1: sits out 
Tobiz89: sits out 
*** HOLE CARDS ***
Dealt to Dorex2007 [As 3s]
Dorex2007: folds 
dboulay1979: folds 
DirkBlack08: raises $0.03 to $0.05
luciano7266: calls $0.05
AkirisDL: folds 
8138547: folds 
*** FLOP *** [Ts Td 5d]
DirkBlack08: checks 
luciano7266: bets $0.06
DirkBlack08: calls $0.06
*** TURN *** [Ts Td 5d] [8c]
DirkBlack08: checks 
luciano7266: checks 
*** RIVER *** [Ts Td 5d 8c] [7d]
DirkBlack08: checks 
luciano7266: checks 
*** SHOW DOWN ***
DirkBlack08: shows [9h 9d] (two pair, Tens and Nines)
luciano7266: mucks hand 
DirkBlack08 collected $0.24 from pot
*** SUMMARY ***
Total pot $0.25 | Rake $0.01 
Board [Ts Td 5d 8c 7d]
Seat 1: dboulay1979 folded before Flop (didn't bet)
Seat 3: DirkBlack08 showed [9h 9d] and won ($0.24) with two pair, Tens and Nines
Seat 4: luciano7266 (button) mucked [Kc Jc]
Seat 5: AkirisDL (small blind) folded before Flop
Seat 6: 8138547 (big blind) folded before Flop
Seat 9: Dorex2007 folded before Flop (didn't bet)



PokerStars Hand #237405544252:  Hold'em No Limit ($0.01/$0.02 USD) - 2022/07/16 20:09:54 PT [2022/07/16 23:09:54 ET]
Table 'Etamin III' 9-max Seat #5 is the button
Seat 1: dboulay1979 ($3.17 in chips) 
Seat 3: DirkBlack08 ($1.95 in chips) 
Seat 4: luciano7266 ($3.35 in chips) 
Seat 5: AkirisDL ($0.94 in chips) 
Seat 6: 8138547 ($3.61 in chips) 
Seat 7: joustjohn1 ($1.60 in chips) 
Seat 9: Dorex2007 ($2.16 in chips) 
8138547: posts small blind $0.01
joustjohn1: posts big blind $0.02
Tobiz89: sits out 
*** HOLE CARDS ***
Dealt to Dorex2007 [Ad Qc]
Dorex2007: raises $0.06 to $0.08
dboulay1979: folds 
DirkBlack08: folds 
luciano7266: folds 
AkirisDL: calls $0.08
8138547: folds 
joustjohn1: folds 
*** FLOP *** [Th 7s 6h]
Dorex2007: checks 
AkirisDL: bets $0.09
Dorex2007: folds 
Uncalled bet ($0.09) returned to AkirisDL
AkirisDL collected $0.18 from pot
*** SUMMARY ***
Total pot $0.19 | Rake $0.01 
Board [Th 7s 6h]
Seat 1: dboulay1979 folded before Flop (didn't bet)
Seat 3: DirkBlack08 folded before Flop (didn't bet)
Seat 4: luciano7266 folded before Flop (didn't bet)
Seat 5: AkirisDL (button) collected ($0.18)
Seat 6: 8138547 (small blind) folded before Flop
Seat 7: joustjohn1 (big blind) folded before Flop
Seat 9: Dorex2007 folded on the Flop



PokerStars Hand #237405549169:  Hold'em No Limit ($0.01/$0.02 USD) - 2022/07/16 20:10:25 PT [2022/07/16 23:10:25 ET]
Table 'Etamin III' 9-max Seat #6 is the button
Seat 1: dboulay1979 ($3.17 in chips) 
Seat 3: DirkBlack08 ($1.95 in chips) 
Seat 4: luciano7266 ($3.35 in chips) 
Seat 5: AkirisDL ($1.04 in chips) 
Seat 6: 8138547 ($3.60 in chips) 
Seat 7: joustjohn1 ($1.58 in chips) 
Seat 8: Tobiz89 ($2 in chips) 
Seat 9: Dorex2007 ($2.08 in chips) 
joustjohn1: posts small blind $0.01
Tobiz89: posts big blind $0.02
*** HOLE CARDS ***
Dealt to Dorex2007 [7c Jd]
Dorex2007: folds 
dboulay1979: folds 
DirkBlack08: folds 
luciano7266: raises $0.04 to $0.06
AkirisDL: calls $0.06
8138547: folds 
joustjohn1: folds 
Tobiz89: folds 
*** FLOP *** [5d 7d 8d]
luciano7266: bets $0.06
AkirisDL: folds 
Uncalled bet ($0.06) returned to luciano7266
luciano7266 collected $0.14 from pot
*** SUMMARY ***
Total pot $0.15 | Rake $0.01 
Board [5d 7d 8d]
Seat 1: dboulay1979 folded before Flop (didn't bet)
Seat 3: DirkBlack08 folded before Flop (didn't bet)
Seat 4: luciano7266 collected ($0.14)
Seat 5: AkirisDL folded on the Flop
Seat 6: 8138547 (button) folded before Flop (didn't bet)
Seat 7: joustjohn1 (small blind) folded before Flop
Seat 8: Tobiz89 (big blind) folded before Flop
Seat 9: Dorex2007 folded before Flop (didn't bet)



PokerStars Hand #237405556104:  Hold'em No Limit ($0.01/$0.02 USD) - 2022/07/16 20:11:09 PT [2022/07/16 23:11:09 ET]
Table 'Etamin III' 9-max Seat #7 is the button
Seat 1: dboulay1979 ($3.17 in chips) 
Seat 3: DirkBlack08 ($1.95 in chips) 
Seat 4: luciano7266 ($3.43 in chips) 
Seat 5: AkirisDL ($0.98 in chips) 
Seat 6: 8138547 ($3.60 in chips) 
Seat 7: joustjohn1 ($1.57 in chips) 
Seat 8: Tobiz89 ($2 in chips) 
Seat 9: Dorex2007 ($2.08 in chips) 
Tobiz89: posts small blind $0.01
Dorex2007: posts big blind $0.02
*** HOLE CARDS ***
Dealt to Dorex2007 [4h 8s]
dboulay1979: folds 
DirkBlack08: raises $0.06 to $0.08
luciano7266: folds 
AkirisDL: folds 
8138547: folds 
joustjohn1: folds 
Tobiz89: folds 
Dorex2007: folds 
Uncalled bet ($0.06) returned to DirkBlack08
DirkBlack08 collected $0.05 from pot
*** SUMMARY ***
Total pot $0.05 | Rake $0 
Seat 1: dboulay1979 folded before Flop (didn't bet)
Seat 3: DirkBlack08 collected ($0.05)
Seat 4: luciano7266 folded before Flop (didn't bet)
Seat 5: AkirisDL folded before Flop (didn't bet)
Seat 6: 8138547 folded before Flop (didn't bet)
Seat 7: joustjohn1 (button) folded before Flop (didn't bet)
Seat 8: Tobiz89 (small blind) folded before Flop
Seat 9: Dorex2007 (big blind) folded before Flop



PokerStars Hand #237405559066:  Hold'em No Limit ($0.01/$0.02 USD) - 2022/07/16 20:11:28 PT [2022/07/16 23:11:28 ET]
Table 'Etamin III' 9-max Seat #8 is the button
Seat 1: dboulay1979 ($3.17 in chips) 
Seat 3: DirkBlack08 ($1.98 in chips) 
Seat 4: luciano7266 ($3.43 in chips) 
Seat 5: AkirisDL ($0.98 in chips) 
Seat 6: 8138547 ($3.60 in chips) 
Seat 7: joustjohn1 ($1.57 in chips) 
Seat 8: Tobiz89 ($2 in chips) 
Seat 9: Dorex2007 ($2.06 in chips) 
Dorex2007: posts small blind $0.01
dboulay1979: posts big blind $0.02
*** HOLE CARDS ***
Dealt to Dorex2007 [6c 6h]
DirkBlack08: folds 
luciano7266: folds 
AkirisDL: calls $0.02
8138547: folds 
joustjohn1: calls $0.02
Tobiz89: raises $0.10 to $0.12
Dorex2007: folds 
dboulay1979: folds 
AkirisDL: folds 
joustjohn1: calls $0.10
*** FLOP *** [5d 4d 9c]
joustjohn1: checks 
Tobiz89: bets $0.18
joustjohn1: folds 
Uncalled bet ($0.18) returned to Tobiz89
Tobiz89 collected $0.28 from pot
*** SUMMARY ***
Total pot $0.29 | Rake $0.01 
Board [5d 4d 9c]
Seat 1: dboulay1979 (big blind) folded before Flop
Seat 3: DirkBlack08 folded before Flop (didn't bet)
Seat 4: luciano7266 folded before Flop (didn't bet)
Seat 5: AkirisDL folded before Flop
Seat 6: 8138547 folded before Flop (didn't bet)
Seat 7: joustjohn1 folded on the Flop
Seat 8: Tobiz89 (button) collected ($0.28)
Seat 9: Dorex2007 (small blind) folded before Flop



PokerStars Hand #237405566798:  Hold'em No Limit ($0.01/$0.02 USD) - 2022/07/16 20:12:17 PT [2022/07/16 23:12:17 ET]
Table 'Etamin III' 9-max Seat #9 is the button
Seat 1: dboulay1979 ($3.15 in chips) 
Seat 3: DirkBlack08 ($1.98 in chips) 
Seat 4: luciano7266 ($3.43 in chips) 
Seat 5: AkirisDL ($0.96 in chips) 
Seat 6: 8138547 ($3.60 in chips) 
Seat 7: joustjohn1 ($1.45 in chips) 
Seat 8: Tobiz89 ($2.16 in chips) 
Seat 9: Dorex2007 ($2.05 in chips) 
dboulay1979: posts small blind $0.01
DirkBlack08: posts big blind $0.02
*** HOLE CARDS ***
Dealt to Dorex2007 [6s 9h]
luciano7266: folds 
AkirisDL: calls $0.02
8138547: raises $0.04 to $0.06
joustjohn1: folds 
Tobiz89: folds 
Dorex2007: folds 
dboulay1979: folds 
DirkBlack08: calls $0.04
AkirisDL: calls $0.04
*** FLOP *** [2c Ad As]
DirkBlack08: checks 
AkirisDL: checks 
8138547: checks 
*** TURN *** [2c Ad As] [Qh]
DirkBlack08: checks 
AkirisDL: checks 
8138547: checks 
*** RIVER *** [2c Ad As Qh] [7c]
DirkBlack08: bets $0.09
AkirisDL: calls $0.09
8138547: folds 
*** SHOW DOWN ***
DirkBlack08: shows [Qd Jc] (two pair, Aces and Queens)
AkirisDL: mucks hand 
DirkBlack08 collected $0.36 from pot
*** SUMMARY ***
Total pot $0.37 | Rake $0.01 
Board [2c Ad As Qh 7c]
Seat 1: dboulay1979 (small blind) folded before Flop
Seat 3: DirkBlack08 (big blind) showed [Qd Jc] and won ($0.36) with two pair, Aces and Queens
Seat 4: luciano7266 folded before Flop (didn't bet)
Seat 5: AkirisDL mucked [Th Kh]
Seat 6: 8138547 folded on the River
Seat 7: joustjohn1 folded before Flop (didn't bet)
Seat 8: Tobiz89 folded before Flop (didn't bet)
Seat 9: Dorex2007 (button) folded before Flop (didn't bet)



PokerStars Hand #237405576115:  Hold'em No Limit ($0.01/$0.02 USD) - 2022/07/16 20:13:16 PT [2022/07/16 23:13:16 ET]
Table 'Etamin III' 9-max Seat #1 is the button
Seat 1: dboulay1979 ($3.14 in chips) 
Seat 3: DirkBlack08 ($2.19 in chips) 
Seat 4: luciano7266 ($3.43 in chips) 
Seat 5: AkirisDL ($0.81 in chips) 
Seat 6: 8138547 ($3.54 in chips) 
Seat 7: joustjohn1 ($1.45 in chips) 
Seat 8: Tobiz89 ($2.16 in chips) 
Seat 9: Dorex2007 ($2.05 in chips) 
DirkBlack08: posts small blind $0.01
luciano7266: posts big blind $0.02
*** HOLE CARDS ***
Dealt to Dorex2007 [2c Jh]
AkirisDL: calls $0.02
8138547: folds 
joustjohn1: calls $0.02
Tobiz89: folds 
Dorex2007: folds 
dboulay1979: calls $0.02
DirkBlack08: calls $0.01
luciano7266: checks 
*** FLOP *** [6c 7d 3d]
DirkBlack08: checks 
luciano7266: checks 
AkirisDL: checks 
joustjohn1: checks 
dboulay1979: checks 
*** TURN *** [6c 7d 3d] [Ad]
DirkBlack08: checks 
luciano7266: checks 
AkirisDL: checks 
joustjohn1: bets $0.05
dboulay1979: calls $0.05
DirkBlack08: folds 
luciano7266: folds 
AkirisDL: folds 
*** RIVER *** [6c 7d 3d Ad] [8s]
joustjohn1: bets $0.09
dboulay1979: calls $0.09
*** SHOW DOWN ***
joustjohn1: shows [9h Ac] (a pair of Aces)
dboulay1979: shows [As Td] (a pair of Aces - Ten kicker)
dboulay1979 collected $0.37 from pot
*** SUMMARY ***
Total pot $0.38 | Rake $0.01 
Board [6c 7d 3d Ad 8s]
Seat 1: dboulay1979 (button) showed [As Td] and won ($0.37) with a pair of Aces
Seat 3: DirkBlack08 (small blind) folded on the Turn
Seat 4: luciano7266 (big blind) folded on the Turn
Seat 5: AkirisDL folded on the Turn
Seat 6: 8138547 folded before Flop (didn't bet)
Seat 7: joustjohn1 showed [9h Ac] and lost with a pair of Aces
Seat 8: Tobiz89 folded before Flop (didn't bet)
Seat 9: Dorex2007 folded before Flop (didn't bet)



PokerStars Hand #237405594785:  Hold'em No Limit ($0.01/$0.02 USD) - 2022/07/16 20:14:24 PT [2022/07/16 23:14:24 ET]
Table 'Etamin III' 9-max Seat #3 is the button
Seat 1: dboulay1979 ($3.35 in chips) 
Seat 3: DirkBlack08 ($2.17 in chips) 
Seat 4: luciano7266 ($3.41 in chips) 
Seat 5: AkirisDL ($0.79 in chips) 
Seat 6: 8138547 ($3.54 in chips) 
Seat 7: joustjohn1 ($1.29 in chips) 
Seat 8: Tobiz89 ($2.16 in chips) 
Seat 9: Dorex2007 ($2.05 in chips) 
luciano7266: posts small blind $0.01
AkirisDL: posts big blind $0.02
*** HOLE CARDS ***
Dealt to Dorex2007 [5c 7h]
8138547: folds 
joustjohn1: calls $0.02
Tobiz89: raises $0.08 to $0.10
Dorex2007: folds 
dboulay1979: folds 
DirkBlack08: folds 
luciano7266: folds 
AkirisDL: folds 
joustjohn1: folds 
Uncalled bet ($0.08) returned to Tobiz89
Tobiz89 collected $0.07 from pot
*** SUMMARY ***
Total pot $0.07 | Rake $0 
Seat 1: dboulay1979 folded before Flop (didn't bet)
Seat 3: DirkBlack08 (button) folded before Flop (didn't bet)
Seat 4: luciano7266 (small blind) folded before Flop
Seat 5: AkirisDL (big blind) folded before Flop
Seat 6: 8138547 folded before Flop (didn't bet)
Seat 7: joustjohn1 folded before Flop
Seat 8: Tobiz89 collected ($0.07)
Seat 9: Dorex2007 folded before Flop (didn't bet)



PokerStars Hand #237405601210:  Hold'em No Limit ($0.01/$0.02 USD) - 2022/07/16 20:15:05 PT [2022/07/16 23:15:05 ET]
Table 'Etamin III' 9-max Seat #4 is the button
Seat 1: dboulay1979 ($3.35 in chips) 
Seat 3: DirkBlack08 ($2.17 in chips) 
Seat 4: luciano7266 ($3.40 in chips) 
Seat 5: AkirisDL ($0.77 in chips) 
Seat 6: 8138547 ($3.54 in chips) 
Seat 7: joustjohn1 ($1.27 in chips) 
Seat 8: Tobiz89 ($2.21 in chips) 
Seat 9: Dorex2007 ($2.05 in chips) 
AkirisDL: posts small blind $0.01
8138547: posts big blind $0.02
*** HOLE CARDS ***
Dealt to Dorex2007 [7d 7h]
joustjohn1: folds 
Tobiz89: folds 
Dorex2007: calls $0.02
dboulay1979: folds 
DirkBlack08: raises $0.04 to $0.06
luciano7266: folds 
AkirisDL: folds 
8138547: folds 
Dorex2007: calls $0.04
*** FLOP *** [7c 9s Ks]
Dorex2007: bets $0.14
DirkBlack08: calls $0.14
*** TURN *** [7c 9s Ks] [Ts]
Dorex2007: bets $0.20
DirkBlack08: calls $0.20
*** RIVER *** [7c 9s Ks Ts] [9c]
Dorex2007: bets $0.80
DirkBlack08: calls $0.80
*** SHOW DOWN ***
Dorex2007: shows [7d 7h] (a full house, Sevens full of Nines)
DirkBlack08: mucks hand 
Dorex2007 collected $2.34 from pot
*** SUMMARY ***
Total pot $2.43 | Rake $0.09 
Board [7c 9s Ks Ts 9c]
Seat 1: dboulay1979 folded before Flop (didn't bet)
Seat 3: DirkBlack08 mucked [8d Js]
Seat 4: luciano7266 (button) folded before Flop (didn't bet)
Seat 5: AkirisDL (small blind) folded before Flop
Seat 6: 8138547 (big blind) folded before Flop
Seat 7: joustjohn1 folded before Flop (didn't bet)
Seat 8: Tobiz89 folded before Flop (didn't bet)
Seat 9: Dorex2007 showed [7d 7h] and won ($2.34) with a full house, Sevens full of Nines



PokerStars Hand #237405612081:  Hold'em No Limit ($0.01/$0.02 USD) - 2022/07/16 20:16:12 PT [2022/07/16 23:16:12 ET]
Table 'Etamin III' 9-max Seat #5 is the button
Seat 3: DirkBlack08 ($2 in chips) 
Seat 4: luciano7266 ($3.40 in chips) 
Seat 5: AkirisDL ($0.76 in chips) 
Seat 6: 8138547 ($3.52 in chips) 
Seat 8: Tobiz89 ($2.21 in chips) 
Seat 9: Dorex2007 ($3.19 in chips) 
8138547: posts small blind $0.01
joustjohn1: is sitting out 
Tobiz89: posts big blind $0.02
*** HOLE CARDS ***
Dealt to Dorex2007 [Td Jd]
Dorex2007: calls $0.02
DirkBlack08: raises $0.06 to $0.08
luciano7266: folds 
AkirisDL: folds 
8138547: calls $0.07
Tobiz89: folds 
Dorex2007: folds 
*** FLOP *** [Kh 7c 3c]
8138547: checks 
DirkBlack08: checks 
*** TURN *** [Kh 7c 3c] [8s]
8138547: bets $0.06
DirkBlack08: calls $0.06
*** RIVER *** [Kh 7c 3c 8s] [Jc]
8138547: bets $0.20
DirkBlack08: calls $0.20
*** SHOW DOWN ***
8138547: shows [8d 8h] (three of a kind, Eights)
DirkBlack08: mucks hand 
8138547 collected $0.69 from pot
*** SUMMARY ***
Total pot $0.72 | Rake $0.03 
Board [Kh 7c 3c 8s Jc]
Seat 3: DirkBlack08 mucked [Ts Kd]
Seat 4: luciano7266 folded before Flop (didn't bet)
Seat 5: AkirisDL (button) folded before Flop (didn't bet)
Seat 6: 8138547 (small blind) showed [8d 8h] and won ($0.69) with three of a kind, Eights
Seat 8: Tobiz89 (big blind) folded before Flop
Seat 9: Dorex2007 folded before Flop



PokerStars Hand #237405621811:  Hold'em No Limit ($0.01/$0.02 USD) - 2022/07/16 20:17:15 PT [2022/07/16 23:17:15 ET]
Table 'Etamin III' 9-max Seat #6 is the button
Seat 1: dboulay1979 ($3.35 in chips) 
Seat 3: DirkBlack08 ($1.66 in chips) 
Seat 4: luciano7266 ($3.40 in chips) 
Seat 5: AkirisDL ($0.76 in chips) 
Seat 6: 8138547 ($3.87 in chips) 
Seat 8: Tobiz89 ($2.19 in chips) 
Seat 9: Dorex2007 ($3.17 in chips) 
Tobiz89: posts small blind $0.01
Dorex2007: posts big blind $0.02
*** HOLE CARDS ***
Dealt to Dorex2007 [3c 6s]
dboulay1979: calls $0.02
DirkBlack08: raises $0.06 to $0.08
luciano7266: folds 
AkirisDL: folds 
8138547: folds 
Tobiz89: folds 
Dorex2007: folds 
dboulay1979: folds 
Uncalled bet ($0.06) returned to DirkBlack08
DirkBlack08 collected $0.07 from pot
*** SUMMARY ***
Total pot $0.07 | Rake $0 
Seat 1: dboulay1979 folded before Flop
Seat 3: DirkBlack08 collected ($0.07)
Seat 4: luciano7266 folded before Flop (didn't bet)
Seat 5: AkirisDL folded before Flop (didn't bet)
Seat 6: 8138547 (button) folded before Flop (didn't bet)
Seat 8: Tobiz89 (small blind) folded before Flop
Seat 9: Dorex2007 (big blind) folded before Flop



PokerStars Hand #237405627329:  Hold'em No Limit ($0.01/$0.02 USD) - 2022/07/16 20:17:50 PT [2022/07/16 23:17:50 ET]
Table 'Etamin III' 9-max Seat #8 is the button
Seat 1: dboulay1979 ($3.33 in chips) 
Seat 3: DirkBlack08 ($1.71 in chips) 
Seat 4: luciano7266 ($3.40 in chips) 
Seat 5: AkirisDL ($0.76 in chips) 
Seat 6: 8138547 ($3.87 in chips) 
Seat 8: Tobiz89 ($2.18 in chips) 
Seat 9: Dorex2007 ($3.15 in chips) 
Dorex2007: posts small blind $0.01
dboulay1979: posts big blind $0.02
*** HOLE CARDS ***
Dealt to Dorex2007 [Kh Ad]
DirkBlack08: folds 
luciano7266: folds 
AkirisDL: calls $0.02
8138547: folds 
Tobiz89 has timed out
Tobiz89: folds 
Dorex2007: raises $0.06 to $0.08
dboulay1979: folds 
AkirisDL: calls $0.06
*** FLOP *** [Js 6h 7c]
Dorex2007: bets $0.08
AkirisDL: folds 
Uncalled bet ($0.08) returned to Dorex2007
Dorex2007 collected $0.17 from pot
*** SUMMARY ***
Total pot $0.18 | Rake $0.01 
Board [Js 6h 7c]
Seat 1: dboulay1979 (big blind) folded before Flop
Seat 3: DirkBlack08 folded before Flop (didn't bet)
Seat 4: luciano7266 folded before Flop (didn't bet)
Seat 5: AkirisDL folded on the Flop
Seat 6: 8138547 folded before Flop (didn't bet)
Seat 8: Tobiz89 (button) folded before Flop (didn't bet)
Seat 9: Dorex2007 (small blind) collected ($0.17)



PokerStars Hand #237405635585:  Hold'em No Limit ($0.01/$0.02 USD) - 2022/07/16 20:18:43 PT [2022/07/16 23:18:43 ET]
Table 'Etamin III' 9-max Seat #9 is the button
Seat 1: dboulay1979 ($3.31 in chips) 
Seat 4: luciano7266 ($3.40 in chips) 
Seat 5: AkirisDL ($0.68 in chips) 
Seat 6: 8138547 ($3.87 in chips) 
Seat 8: Tobiz89 ($2.18 in chips) 
Seat 9: Dorex2007 ($3.24 in chips) 
dboulay1979: posts small blind $0.01
DirkBlack08: is sitting out 
DirkBlack08 leaves the table
luciano7266: posts big blind $0.02
*** HOLE CARDS ***
Dealt to Dorex2007 [9c 9d]
AkirisDL: calls $0.02
8138547: folds 
Tobiz89: folds 
Dorex2007: raises $0.04 to $0.06
dboulay1979: calls $0.05
cubicroot joins the table at seat #3 
luciano7266: folds 
AkirisDL: folds 
*** FLOP *** [4d Td 6c]
dboulay1979: checks 
Dorex2007: bets $0.07
dboulay1979: folds 
Uncalled bet ($0.07) returned to Dorex2007
Dorex2007 collected $0.15 from pot
Schmiddi51 leaves the table
*** SUMMARY ***
Total pot $0.16 | Rake $0.01 
Board [4d Td 6c]
Seat 1: dboulay1979 (small blind) folded on the Flop
Seat 4: luciano7266 (big blind) folded before Flop
Seat 5: AkirisDL folded before Flop
Seat 6: 8138547 folded before Flop (didn't bet)
Seat 8: Tobiz89 folded before Flop (didn't bet)
Seat 9: Dorex2007 (button) collected ($0.15)



PokerStars Hand #237405639992:  Hold'em No Limit ($0.01/$0.02 USD) - 2022/07/16 20:19:12 PT [2022/07/16 23:19:12 ET]
Table 'Etamin III' 9-max Seat #1 is the button
Seat 1: dboulay1979 ($3.25 in chips) 
Seat 4: luciano7266 ($3.38 in chips) 
Seat 5: AkirisDL ($0.66 in chips) 
Seat 6: 8138547 ($3.87 in chips) 
Seat 8: Tobiz89 ($2.18 in chips) 
Seat 9: Dorex2007 ($3.33 in chips) 
luciano7266: posts small blind $0.01
AkirisDL: posts big blind $0.02
*** HOLE CARDS ***
Dealt to Dorex2007 [Ts Ad]
8138547: folds 
tomhodgson123 joins the table at seat #2 
Tobiz89: folds 
Dorex2007: raises $0.02 to $0.04
dboulay1979: raises $0.14 to $0.18
luciano7266: calls $0.17
AkirisDL: folds 
Dorex2007: folds 
*** FLOP *** [Kc 9h 7c]
luciano7266: checks 
dboulay1979: bets $0.20
luciano7266: folds 
Uncalled bet ($0.20) returned to dboulay1979
dboulay1979 collected $0.41 from pot
*** SUMMARY ***
Total pot $0.42 | Rake $0.01 
Board [Kc 9h 7c]
Seat 1: dboulay1979 (button) collected ($0.41)
Seat 4: luciano7266 (small blind) folded on the Flop
Seat 5: AkirisDL (big blind) folded before Flop
Seat 6: 8138547 folded before Flop (didn't bet)
Seat 8: Tobiz89 folded before Flop (didn't bet)
Seat 9: Dorex2007 folded before Flop



PokerStars Hand #237405645994:  Hold'em No Limit ($0.01/$0.02 USD) - 2022/07/16 20:19:50 PT [2022/07/16 23:19:50 ET]
Table 'Etamin III' 9-max Seat #4 is the button
Seat 1: dboulay1979 ($3.48 in chips) 
Seat 2: tomhodgson123 ($2 in chips) 
Seat 4: luciano7266 ($3.20 in chips) 
Seat 5: AkirisDL ($0.64 in chips) 
Seat 6: 8138547 ($3.87 in chips) 
Seat 8: Tobiz89 ($2.18 in chips) 
Seat 9: Dorex2007 ($3.29 in chips) 
AkirisDL: posts small blind $0.01
8138547: posts big blind $0.02
tomhodgson123: posts big blind $0.02
cubicroot: sits out 
*** HOLE CARDS ***
Dealt to Dorex2007 [6d 5d]
Tobiz89: folds 
Dorex2007: folds 
dboulay1979: folds 
tomhodgson123: checks 
luciano7266: raises $0.12 to $0.14
AkirisDL: folds 
8138547: folds 
tomhodgson123: calls $0.12
*** FLOP *** [7h Js 8h]
tomhodgson123: bets $0.15
luciano7266: folds 
Uncalled bet ($0.15) returned to tomhodgson123
tomhodgson123 collected $0.30 from pot
*** SUMMARY ***
Total pot $0.31 | Rake $0.01 
Board [7h Js 8h]
Seat 1: dboulay1979 folded before Flop (didn't bet)
Seat 2: tomhodgson123 collected ($0.30)
Seat 4: luciano7266 (button) folded on the Flop
Seat 5: AkirisDL (small blind) folded before Flop
Seat 6: 8138547 (big blind) folded before Flop
Seat 8: Tobiz89 folded before Flop (didn't bet)
Seat 9: Dorex2007 folded before Flop (didn't bet)



PokerStars Hand #237405652663:  Hold'em No Limit ($0.01/$0.02 USD) - 2022/07/16 20:20:33 PT [2022/07/16 23:20:33 ET]
Table 'Etamin III' 9-max Seat #5 is the button
Seat 1: dboulay1979 ($3.48 in chips) 
Seat 2: tomhodgson123 ($2.16 in chips) 
Seat 4: luciano7266 ($3.06 in chips) 
Seat 5: AkirisDL ($0.63 in chips) 
Seat 6: 8138547 ($3.85 in chips) 
Seat 8: Tobiz89 ($2.18 in chips) 
Seat 9: Dorex2007 ($3.29 in chips) 
8138547: posts small blind $0.01
Tobiz89: posts big blind $0.02
cubicroot: sits out 
*** HOLE CARDS ***
Dealt to Dorex2007 [Qc 7c]
Dorex2007: folds 
dboulay1979: raises $0.06 to $0.08
tomhodgson123: calls $0.08
luciano7266: folds 
AkirisDL: folds 
8138547: folds 
Tobiz89: calls $0.06
*** FLOP *** [4s Tc 5s]
Tobiz89: checks 
dboulay1979: checks 
tomhodgson123: checks 
*** TURN *** [4s Tc 5s] [6h]
Tobiz89: checks 
dboulay1979: checks 
tomhodgson123: bets $0.12
Tobiz89: folds 
dboulay1979: folds 
Uncalled bet ($0.12) returned to tomhodgson123
tomhodgson123 collected $0.24 from pot
*** SUMMARY ***
Total pot $0.25 | Rake $0.01 
Board [4s Tc 5s 6h]
Seat 1: dboulay1979 folded on the Turn
Seat 2: tomhodgson123 collected ($0.24)
Seat 4: luciano7266 folded before Flop (didn't bet)
Seat 5: AkirisDL (button) folded before Flop (didn't bet)
Seat 6: 8138547 (small blind) folded before Flop
Seat 8: Tobiz89 (big blind) folded on the Turn
Seat 9: Dorex2007 folded before Flop (didn't bet)



PokerStars Hand #237405668192:  Hold'em No Limit ($0.01/$0.02 USD) - 2022/07/16 20:21:31 PT [2022/07/16 23:21:31 ET]
Table 'Etamin III' 9-max Seat #6 is the button
Seat 1: dboulay1979 ($3.40 in chips) 
Seat 2: tomhodgson123 ($2.32 in chips) 
Seat 4: luciano7266 ($3.06 in chips) 
Seat 5: AkirisDL ($0.63 in chips) 
Seat 6: 8138547 ($3.84 in chips) 
Seat 8: Tobiz89 ($2.10 in chips) 
Seat 9: Dorex2007 ($3.29 in chips) 
Tobiz89: posts small blind $0.01
Dorex2007: posts big blind $0.02
cubicroot: sits out 
*** HOLE CARDS ***
Dealt to Dorex2007 [Qh Jd]
dboulay1979: folds 
tomhodgson123: calls $0.02
luciano7266: folds 
AkirisDL: calls $0.02
8138547: folds 
Tobiz89: folds 
Dorex2007: checks 
*** FLOP *** [3s 3h 3d]
Dorex2007: checks 
tomhodgson123: checks 
AkirisDL: checks 
*** TURN *** [3s 3h 3d] [2d]
Dorex2007: bets $0.07
tomhodgson123: calls $0.07
AkirisDL: calls $0.07
*** RIVER *** [3s 3h 3d 2d] [Kh]
Dorex2007: checks 
tomhodgson123: bets $0.02
AkirisDL: calls $0.02
Dorex2007: folds 
*** SHOW DOWN ***
tomhodgson123: shows [7d Ad] (three of a kind, Threes)
AkirisDL: shows [Js Ah] (three of a kind, Threes)
tomhodgson123 collected $0.16 from pot
AkirisDL collected $0.15 from pot
*** SUMMARY ***
Total pot $0.32 | Rake $0.01 
Board [3s 3h 3d 2d Kh]
Seat 1: dboulay1979 folded before Flop (didn't bet)
Seat 2: tomhodgson123 showed [7d Ad] and won ($0.16) with three of a kind, Threes
Seat 4: luciano7266 folded before Flop (didn't bet)
Seat 5: AkirisDL showed [Js Ah] and won ($0.15) with three of a kind, Threes
Seat 6: 8138547 (button) folded before Flop (didn't bet)
Seat 8: Tobiz89 (small blind) folded before Flop
Seat 9: Dorex2007 (big blind) folded on the River



PokerStars Hand #237405675612:  Hold'em No Limit ($0.01/$0.02 USD) - 2022/07/16 20:22:19 PT [2022/07/16 23:22:19 ET]
Table 'Etamin III' 9-max Seat #8 is the button
Seat 1: dboulay1979 ($3.40 in chips) 
Seat 2: tomhodgson123 ($2.37 in chips) 
Seat 4: luciano7266 ($3.06 in chips) 
Seat 5: AkirisDL ($0.67 in chips) 
Seat 6: 8138547 ($3.84 in chips) 
Seat 8: Tobiz89 ($2.09 in chips) 
Seat 9: Dorex2007 ($3.20 in chips) 
Dorex2007: posts small blind $0.01
dboulay1979: posts big blind $0.02
cubicroot: sits out 
*** HOLE CARDS ***
Dealt to Dorex2007 [6h As]
tomhodgson123: calls $0.02
luciano7266: folds 
AkirisDL: calls $0.02
8138547: folds 
Tobiz89: folds 
Dorex2007: folds 
dboulay1979: checks 
*** FLOP *** [8h Jd Jh]
dboulay1979: checks 
tomhodgson123: bets $0.03
AkirisDL: folds 
dboulay1979: folds 
Uncalled bet ($0.03) returned to tomhodgson123
tomhodgson123 collected $0.07 from pot
*** SUMMARY ***
Total pot $0.07 | Rake $0 
Board [8h Jd Jh]
Seat 1: dboulay1979 (big blind) folded on the Flop
Seat 2: tomhodgson123 collected ($0.07)
Seat 4: luciano7266 folded before Flop (didn't bet)
Seat 5: AkirisDL folded on the Flop
Seat 6: 8138547 folded before Flop (didn't bet)
Seat 8: Tobiz89 (button) folded before Flop (didn't bet)
Seat 9: Dorex2007 (small blind) folded before Flop



PokerStars Hand #237405685439:  Hold'em No Limit ($0.01/$0.02 USD) - 2022/07/16 20:23:23 PT [2022/07/16 23:23:23 ET]
Table 'Etamin III' 9-max Seat #9 is the button
Seat 1: dboulay1979 ($3.38 in chips) 
Seat 2: tomhodgson123 ($2.42 in chips) 
Seat 4: luciano7266 ($3.06 in chips) 
Seat 5: AkirisDL ($0.65 in chips) 
Seat 6: 8138547 ($3.84 in chips) 
Seat 8: Tobiz89 ($2.09 in chips) 
Seat 9: Dorex2007 ($3.19 in chips) 
dboulay1979: posts small blind $0.01
tomhodgson123: posts big blind $0.02
cubicroot: sits out 
*** HOLE CARDS ***
Dealt to Dorex2007 [5s Ad]
luciano7266: folds 
AkirisDL: folds 
8138547: folds 
Tobiz89: folds 
Dorex2007: folds 
dboulay1979: folds 
Uncalled bet ($0.01) returned to tomhodgson123
tomhodgson123 collected $0.02 from pot
*** SUMMARY ***
Total pot $0.02 | Rake $0 
Seat 1: dboulay1979 (small blind) folded before Flop
Seat 2: tomhodgson123 (big blind) collected ($0.02)
Seat 4: luciano7266 folded before Flop (didn't bet)
Seat 5: AkirisDL folded before Flop (didn't bet)
Seat 6: 8138547 folded before Flop (didn't bet)
Seat 8: Tobiz89 folded before Flop (didn't bet)
Seat 9: Dorex2007 (button) folded before Flop (didn't bet)



PokerStars Hand #237405687409:  Hold'em No Limit ($0.01/$0.02 USD) - 2022/07/16 20:23:36 PT [2022/07/16 23:23:36 ET]
Table 'Etamin III' 9-max Seat #1 is the button
Seat 1: dboulay1979 ($3.37 in chips) 
Seat 2: tomhodgson123 ($2.43 in chips) 
Seat 3: cubicroot ($2 in chips) 
Seat 4: luciano7266 ($3.06 in chips) 
Seat 5: AkirisDL ($0.65 in chips) 
Seat 6: 8138547 ($3.84 in chips) 
Seat 8: Tobiz89 ($2.09 in chips) 
Seat 9: Dorex2007 ($3.19 in chips) 
tomhodgson123: posts small blind $0.01
cubicroot: posts big blind $0.02
*** HOLE CARDS ***
Dealt to Dorex2007 [3s Ad]
luciano7266: folds 
AkirisDL: calls $0.02
8138547: folds 
Tobiz89: raises $0.10 to $0.12
Dorex2007: folds 
dboulay1979: folds 
tomhodgson123: calls $0.11
cubicroot: folds 
AkirisDL: folds 
*** FLOP *** [Js 9h 5c]
tomhodgson123: checks 
Tobiz89: bets $0.18
tomhodgson123: calls $0.18
*** TURN *** [Js 9h 5c] [6s]
tomhodgson123: checks 
Tobiz89: checks 
*** RIVER *** [Js 9h 5c 6s] [Th]
tomhodgson123: bets $0.02
Tobiz89: folds 
Uncalled bet ($0.02) returned to tomhodgson123
tomhodgson123 collected $0.62 from pot
*** SUMMARY ***
Total pot $0.64 | Rake $0.02 
Board [Js 9h 5c 6s Th]
Seat 1: dboulay1979 (button) folded before Flop (didn't bet)
Seat 2: tomhodgson123 (small blind) collected ($0.62)
Seat 3: cubicroot (big blind) folded before Flop
Seat 4: luciano7266 folded before Flop (didn't bet)
Seat 5: AkirisDL folded before Flop
Seat 6: 8138547 folded before Flop (didn't bet)
Seat 8: Tobiz89 folded on the River
Seat 9: Dorex2007 folded before Flop (didn't bet)



PokerStars Hand #237405695796:  Hold'em No Limit ($0.01/$0.02 USD) - 2022/07/16 20:24:32 PT [2022/07/16 23:24:32 ET]
Table 'Etamin III' 9-max Seat #2 is the button
Seat 1: dboulay1979 ($3.37 in chips) 
Seat 2: tomhodgson123 ($2.75 in chips) 
Seat 3: cubicroot ($1.98 in chips) 
Seat 4: luciano7266 ($3.06 in chips) 
Seat 5: AkirisDL ($0.63 in chips) 
Seat 6: 8138547 ($3.84 in chips) 
Seat 8: Tobiz89 ($2 in chips) 
Seat 9: Dorex2007 ($3.19 in chips) 
cubicroot: posts small blind $0.01
luciano7266: posts big blind $0.02
*** HOLE CARDS ***
Dealt to Dorex2007 [4c 7c]
AkirisDL: calls $0.02
8138547: folds 
Tobiz89: folds 
Dorex2007: folds 
dboulay1979: folds 
tomhodgson123: calls $0.02
cubicroot: raises $0.06 to $0.08
luciano7266: folds 
AkirisDL: folds 
tomhodgson123: calls $0.06
*** FLOP *** [6d Ts 9s]
AkirisDL leaves the table
cubicroot: bets $0.10
tomhodgson123: calls $0.10
*** TURN *** [6d Ts 9s] [Th]
Susenka76 joins the table at seat #5 
cubicroot: checks 
tomhodgson123: bets $0.19
cubicroot: folds 
Uncalled bet ($0.19) returned to tomhodgson123
tomhodgson123 collected $0.39 from pot
*** SUMMARY ***
Total pot $0.40 | Rake $0.01 
Board [6d Ts 9s Th]
Seat 1: dboulay1979 folded before Flop (didn't bet)
Seat 2: tomhodgson123 (button) collected ($0.39)
Seat 3: cubicroot (small blind) folded on the Turn
Seat 4: luciano7266 (big blind) folded before Flop
Seat 5: AkirisDL folded before Flop
Seat 6: 8138547 folded before Flop (didn't bet)
Seat 8: Tobiz89 folded before Flop (didn't bet)
Seat 9: Dorex2007 folded before Flop (didn't bet)



PokerStars Hand #237405706732:  Hold'em No Limit ($0.01/$0.02 USD) - 2022/07/16 20:25:44 PT [2022/07/16 23:25:44 ET]
Table 'Etamin III' 9-max Seat #3 is the button
Seat 1: dboulay1979 ($3.37 in chips) 
Seat 2: tomhodgson123 ($2.96 in chips) 
Seat 3: cubicroot ($1.80 in chips) 
Seat 4: luciano7266 ($3.04 in chips) 
Seat 5: Susenka76 ($1.60 in chips) 
Seat 6: 8138547 ($3.84 in chips) 
Seat 8: Tobiz89 ($2 in chips) 
Seat 9: Dorex2007 ($3.19 in chips) 
luciano7266: posts small blind $0.01
Susenka76: posts big blind $0.02
*** HOLE CARDS ***
Dealt to Dorex2007 [2h 6s]
8138547: folds 
Tobiz89: folds 
Dorex2007: folds 
dboulay1979: folds 
tomhodgson123: folds 
cubicroot: folds 
luciano7266: folds 
Uncalled bet ($0.01) returned to Susenka76
Susenka76 collected $0.02 from pot
*** SUMMARY ***
Total pot $0.02 | Rake $0 
Seat 1: dboulay1979 folded before Flop (didn't bet)
Seat 2: tomhodgson123 folded before Flop (didn't bet)
Seat 3: cubicroot (button) folded before Flop (didn't bet)
Seat 4: luciano7266 (small blind) folded before Flop
Seat 5: Susenka76 (big blind) collected ($0.02)
Seat 6: 8138547 folded before Flop (didn't bet)
Seat 8: Tobiz89 folded before Flop (didn't bet)
Seat 9: Dorex2007 folded before Flop (didn't bet)



PokerStars Hand #237405708961:  Hold'em No Limit ($0.01/$0.02 USD) - 2022/07/16 20:25:59 PT [2022/07/16 23:25:59 ET]
Table 'Etamin III' 9-max Seat #4 is the button
Seat 1: dboulay1979 ($3.37 in chips) 
Seat 2: tomhodgson123 ($2.96 in chips) 
Seat 3: cubicroot ($1.80 in chips) 
Seat 4: luciano7266 ($3.03 in chips) 
Seat 5: Susenka76 ($1.61 in chips) 
Seat 6: 8138547 ($3.84 in chips) 
Seat 8: Tobiz89 ($2 in chips) 
Seat 9: Dorex2007 ($3.19 in chips) 
Susenka76: posts small blind $0.01
8138547: posts big blind $0.02
*** HOLE CARDS ***
Dealt to Dorex2007 [Ah Kh]
Tobiz89: folds 
Dorex2007: raises $0.10 to $0.12
dboulay1979: folds 
tomhodgson123: calls $0.12
cubicroot: folds 
luciano7266: calls $0.12
Susenka76: folds 
8138547: folds 
*** FLOP *** [6s 5h 2c]
Dorex2007: checks 
tomhodgson123: checks 
luciano7266: checks 
*** TURN *** [6s 5h 2c] [Ac]
Dorex2007: bets $0.38
tomhodgson123: calls $0.38
luciano7266: folds 
*** RIVER *** [6s 5h 2c Ac] [Js]
Dorex2007: bets $1.11
tomhodgson123: calls $1.11
*** SHOW DOWN ***
Dorex2007: shows [Ah Kh] (a pair of Aces)
tomhodgson123: mucks hand 
Dorex2007 collected $3.25 from pot
*** SUMMARY ***
Total pot $3.37 | Rake $0.12 
Board [6s 5h 2c Ac Js]
Seat 1: dboulay1979 folded before Flop (didn't bet)
Seat 2: tomhodgson123 mucked [Ad 8s]
Seat 3: cubicroot folded before Flop (didn't bet)
Seat 4: luciano7266 (button) folded on the Turn
Seat 5: Susenka76 (small blind) folded before Flop
Seat 6: 8138547 (big blind) folded before Flop
Seat 8: Tobiz89 folded before Flop (didn't bet)
Seat 9: Dorex2007 showed [Ah Kh] and won ($3.25) with a pair of Aces



PokerStars Hand #237405715700:  Hold'em No Limit ($0.01/$0.02 USD) - 2022/07/16 20:26:44 PT [2022/07/16 23:26:44 ET]
Table 'Etamin III' 9-max Seat #5 is the button
Seat 1: dboulay1979 ($3.37 in chips) 
Seat 2: tomhodgson123 ($1.35 in chips) 
Seat 3: cubicroot ($1.80 in chips) 
Seat 4: luciano7266 ($2.91 in chips) 
Seat 5: Susenka76 ($1.60 in chips) 
Seat 6: 8138547 ($3.82 in chips) 
Seat 8: Tobiz89 ($2 in chips) 
Seat 9: Dorex2007 ($4.83 in chips) 
8138547: posts small blind $0.01
Tobiz89: posts big blind $0.02
*** HOLE CARDS ***
Dealt to Dorex2007 [7s 5s]
Dorex2007: folds 
dboulay1979: folds 
tomhodgson123: calls $0.02
cubicroot: folds 
luciano7266: folds 
Susenka76: folds 
8138547: folds 
Tobiz89: checks 
*** FLOP *** [As Ah Kh]
Tobiz89: checks 
tomhodgson123: checks 
*** TURN *** [As Ah Kh] [Kd]
Tobiz89: checks 
tomhodgson123: bets $0.02
Tobiz89: folds 
Uncalled bet ($0.02) returned to tomhodgson123
tomhodgson123 collected $0.05 from pot
*** SUMMARY ***
Total pot $0.05 | Rake $0 
Board [As Ah Kh Kd]
Seat 1: dboulay1979 folded before Flop (didn't bet)
Seat 2: tomhodgson123 collected ($0.05)
Seat 3: cubicroot folded before Flop (didn't bet)
Seat 4: luciano7266 folded before Flop (didn't bet)
Seat 5: Susenka76 (button) folded before Flop (didn't bet)
Seat 6: 8138547 (small blind) folded before Flop
Seat 8: Tobiz89 (big blind) folded on the Turn
Seat 9: Dorex2007 folded before Flop (didn't bet)



PokerStars Hand #237405720904:  Hold'em No Limit ($0.01/$0.02 USD) - 2022/07/16 20:27:18 PT [2022/07/16 23:27:18 ET]
Table 'Etamin III' 9-max Seat #6 is the button
Seat 1: dboulay1979 ($3.37 in chips) 
Seat 2: tomhodgson123 ($1.38 in chips) 
Seat 3: cubicroot ($1.80 in chips) 
Seat 4: luciano7266 ($2.91 in chips) 
Seat 5: Susenka76 ($1.60 in chips) 
Seat 6: 8138547 ($3.81 in chips) 
Seat 8: Tobiz89 ($2 in chips) 
Seat 9: Dorex2007 ($4.83 in chips) 
Tobiz89: posts small blind $0.01
Dorex2007: posts big blind $0.02
*** HOLE CARDS ***
Dealt to Dorex2007 [Ks 9h]
dboulay1979: calls $0.02
tomhodgson123: calls $0.02
cubicroot: calls $0.02
luciano7266: calls $0.02
Susenka76: folds 
8138547: calls $0.02
Tobiz89: folds 
Dorex2007: checks 
*** FLOP *** [Ts Tc Th]
Dorex2007: checks 
dboulay1979: checks 
tomhodgson123: checks 
cubicroot: checks 
luciano7266: checks 
8138547: bets $0.08
Dorex2007: folds 
dboulay1979: folds 
tomhodgson123: raises $0.15 to $0.23
cubicroot: folds 
cubicroot leaves the table
luciano7266: folds 
vero2610 joins the table at seat #3 
8138547: raises $0.37 to $0.60
tomhodgson123: raises $0.37 to $0.97
8138547: raises $0.69 to $1.66
tomhodgson123: calls $0.39 and is all-in
Uncalled bet ($0.30) returned to 8138547
*** TURN *** [Ts Tc Th] [8d]
*** RIVER *** [Ts Tc Th 8d] [3h]
*** SHOW DOWN ***
tomhodgson123: shows [3d 6s] (a full house, Tens full of Threes)
8138547: shows [9d 9c] (a full house, Tens full of Nines)
8138547 collected $2.75 from pot
*** SUMMARY ***
Total pot $2.85 | Rake $0.10 
Board [Ts Tc Th 8d 3h]
Seat 1: dboulay1979 folded on the Flop
Seat 2: tomhodgson123 showed [3d 6s] and lost with a full house, Tens full of Threes
Seat 3: cubicroot folded on the Flop
Seat 4: luciano7266 folded on the Flop
Seat 5: Susenka76 folded before Flop (didn't bet)
Seat 6: 8138547 (button) showed [9d 9c] and won ($2.75) with a full house, Tens full of Nines
Seat 8: Tobiz89 (small blind) folded before Flop
Seat 9: Dorex2007 (big blind) folded on the Flop



PokerStars Hand #237405738521:  Hold'em No Limit ($0.01/$0.02 USD) - 2022/07/16 20:29:16 PT [2022/07/16 23:29:16 ET]
Table 'Etamin III' 9-max Seat #8 is the button
Seat 1: dboulay1979 ($3.35 in chips) 
Seat 3: vero2610 ($2 in chips) 
Seat 4: luciano7266 ($2.89 in chips) 
Seat 5: Susenka76 ($1.60 in chips) 
Seat 6: 8138547 ($5.18 in chips) 
Seat 8: Tobiz89 ($2 in chips) 
Seat 9: Dorex2007 ($4.81 in chips) 
Dorex2007: posts small blind $0.01
dboulay1979: posts big blind $0.02
vero2610: posts big blind $0.02
*** HOLE CARDS ***
Dealt to Dorex2007 [8s 2h]
vero2610: checks 
tomhodgson123 leaves the table
luciano7266: folds 
Susenka76: calls $0.02
8138547: folds 
Tobiz89: folds 
Dorex2007: folds 
dboulay1979: checks 
*** FLOP *** [8c 6d 9h]
dboulay1979: checks 
vero2610: checks 
Susenka76: bets $0.02
dboulay1979: folds 
vero2610: folds 
Uncalled bet ($0.02) returned to Susenka76
Susenka76 collected $0.07 from pot
*** SUMMARY ***
Total pot $0.07 | Rake $0 
Board [8c 6d 9h]
Seat 1: dboulay1979 (big blind) folded on the Flop
Seat 3: vero2610 folded on the Flop (didn't bet)
Seat 4: luciano7266 folded before Flop (didn't bet)
Seat 5: Susenka76 collected ($0.07)
Seat 6: 8138547 folded before Flop (didn't bet)
Seat 8: Tobiz89 (button) folded before Flop (didn't bet)
Seat 9: Dorex2007 (small blind) folded before Flop



PokerStars Hand #237405742547:  Hold'em No Limit ($0.01/$0.02 USD) - 2022/07/16 20:29:43 PT [2022/07/16 23:29:43 ET]
Table 'Etamin III' 9-max Seat #9 is the button
Seat 1: dboulay1979 ($3.33 in chips) 
Seat 3: vero2610 ($1.98 in chips) 
Seat 4: luciano7266 ($2.89 in chips) 
Seat 5: Susenka76 ($1.65 in chips) 
Seat 6: 8138547 ($5.18 in chips) 
Seat 8: Tobiz89 ($2 in chips) 
Seat 9: Dorex2007 ($4.80 in chips) 
dboulay1979: posts small blind $0.01
vero2610: posts big blind $0.02
*** HOLE CARDS ***
Dealt to Dorex2007 [Js 7s]
Lucky_Sue_111 joins the table at seat #2 
luciano7266 has timed out
luciano7266: folds 
Susenka76: folds 
8138547: folds 
Tobiz89: raises $0.03 to $0.05
Dorex2007: folds 
dboulay1979: folds 
vero2610: calls $0.03
*** FLOP *** [2s 7d 7h]
vero2610: checks 
Tobiz89: checks 
*** TURN *** [2s 7d 7h] [Jc]
vero2610: checks 
Tobiz89: bets $0.06
vero2610: folds 
Uncalled bet ($0.06) returned to Tobiz89
Tobiz89 collected $0.11 from pot
*** SUMMARY ***
Total pot $0.11 | Rake $0 
Board [2s 7d 7h Jc]
Seat 1: dboulay1979 (small blind) folded before Flop
Seat 3: vero2610 (big blind) folded on the Turn
Seat 4: luciano7266 folded before Flop (didn't bet)
Seat 5: Susenka76 folded before Flop (didn't bet)
Seat 6: 8138547 folded before Flop (didn't bet)
Seat 8: Tobiz89 collected ($0.11)
Seat 9: Dorex2007 (button) folded before Flop (didn't bet)



PokerStars Hand #237405748814:  Hold'em No Limit ($0.01/$0.02 USD) - 2022/07/16 20:30:26 PT [2022/07/16 23:30:26 ET]
Table 'Etamin III' 9-max Seat #1 is the button
Seat 1: dboulay1979 ($3.32 in chips) 
Seat 3: vero2610 ($1.93 in chips) 
Seat 4: luciano7266 ($2.89 in chips) 
Seat 5: Susenka76 ($1.65 in chips) 
Seat 6: 8138547 ($5.18 in chips) 
Seat 8: Tobiz89 ($2.06 in chips) 
Seat 9: Dorex2007 ($4.80 in chips) 
vero2610: posts small blind $0.01
luciano7266: posts big blind $0.02
*** HOLE CARDS ***
Dealt to Dorex2007 [2s Qh]
Susenka76: calls $0.02
8138547: calls $0.02
Tobiz89: folds 
Dorex2007: folds 
dboulay1979: raises $0.10 to $0.12
vero2610: folds 
luciano7266: folds 
Susenka76: folds 
8138547: calls $0.10
*** FLOP *** [Jh 7d 6h]
8138547: checks 
dboulay1979: checks 
*** TURN *** [Jh 7d 6h] [5d]
8138547: bets $0.12
dboulay1979: calls $0.12
*** RIVER *** [Jh 7d 6h 5d] [8c]
8138547: bets $0.30
dboulay1979: folds 
Uncalled bet ($0.30) returned to 8138547
8138547 collected $0.51 from pot
*** SUMMARY ***
Total pot $0.53 | Rake $0.02 
Board [Jh 7d 6h 5d 8c]
Seat 1: dboulay1979 (button) folded on the River
Seat 3: vero2610 (small blind) folded before Flop
Seat 4: luciano7266 (big blind) folded before Flop
Seat 5: Susenka76 folded before Flop
Seat 6: 8138547 collected ($0.51)
Seat 8: Tobiz89 folded before Flop (didn't bet)
Seat 9: Dorex2007 folded before Flop (didn't bet)



PokerStars Hand #237405759019:  Hold'em No Limit ($0.01/$0.02 USD) - 2022/07/16 20:31:35 PT [2022/07/16 23:31:35 ET]
Table 'Etamin III' 9-max Seat #3 is the button
Seat 1: dboulay1979 ($3.08 in chips) 
Seat 3: vero2610 ($1.92 in chips) 
Seat 4: luciano7266 ($2.87 in chips) 
Seat 5: Susenka76 ($1.63 in chips) 
Seat 6: 8138547 ($5.45 in chips) 
Seat 8: Tobiz89 ($2.06 in chips) 
Seat 9: Dorex2007 ($4.80 in chips) 
luciano7266: posts small blind $0.01
Susenka76: posts big blind $0.02
*** HOLE CARDS ***
Dealt to Dorex2007 [Ac 6h]
8138547: folds 
Tobiz89: folds 
Dorex2007: folds 
dboulay1979: raises $0.04 to $0.06
vero2610: folds 
luciano7266: folds 
Susenka76: calls $0.04
*** FLOP *** [Ts Jd 4s]
Susenka76: checks 
dboulay1979: bets $0.06
Susenka76: folds 
Uncalled bet ($0.06) returned to dboulay1979
dboulay1979 collected $0.13 from pot
*** SUMMARY ***
Total pot $0.13 | Rake $0 
Board [Ts Jd 4s]
Seat 1: dboulay1979 collected ($0.13)
Seat 3: vero2610 (button) folded before Flop (didn't bet)
Seat 4: luciano7266 (small blind) folded before Flop
Seat 5: Susenka76 (big blind) folded on the Flop
Seat 6: 8138547 folded before Flop (didn't bet)
Seat 8: Tobiz89 folded before Flop (didn't bet)
Seat 9: Dorex2007 folded before Flop (didn't bet)



PokerStars Hand #237405763988:  Hold'em No Limit ($0.01/$0.02 USD) - 2022/07/16 20:32:09 PT [2022/07/16 23:32:09 ET]
Table 'Etamin III' 9-max Seat #4 is the button
Seat 1: dboulay1979 ($3.15 in chips) 
Seat 2: Lucky_Sue_111 ($1.60 in chips) 
Seat 3: vero2610 ($1.92 in chips) 
Seat 4: luciano7266 ($2.86 in chips) 
Seat 5: Susenka76 ($1.57 in chips) 
Seat 6: 8138547 ($5.45 in chips) 
Seat 8: Tobiz89 ($2.06 in chips) 
Seat 9: Dorex2007 ($4.80 in chips) 
Susenka76: posts small blind $0.01
8138547: posts big blind $0.02
Lucky_Sue_111: posts big blind $0.02
*** HOLE CARDS ***
Dealt to Dorex2007 [5h 3c]
Tobiz89: folds 
Dorex2007: folds 
dboulay1979: folds 
Lucky_Sue_111: checks 
vero2610: folds 
luciano7266: raises $0.06 to $0.08
Susenka76: folds 
8138547: folds 
Lucky_Sue_111: folds 
Uncalled bet ($0.06) returned to luciano7266
luciano7266 collected $0.07 from pot
*** SUMMARY ***
Total pot $0.07 | Rake $0 
Seat 1: dboulay1979 folded before Flop (didn't bet)
Seat 2: Lucky_Sue_111 folded before Flop (didn't bet)
Seat 3: vero2610 folded before Flop (didn't bet)
Seat 4: luciano7266 (button) collected ($0.07)
Seat 5: Susenka76 (small blind) folded before Flop
Seat 6: 8138547 (big blind) folded before Flop
Seat 8: Tobiz89 folded before Flop (didn't bet)
Seat 9: Dorex2007 folded before Flop (didn't bet)



PokerStars Hand #237405767896:  Hold'em No Limit ($0.01/$0.02 USD) - 2022/07/16 20:32:35 PT [2022/07/16 23:32:35 ET]
Table 'Etamin III' 9-max Seat #5 is the button
Seat 1: dboulay1979 ($3.15 in chips) 
Seat 2: Lucky_Sue_111 ($1.58 in chips) 
Seat 3: vero2610 ($1.92 in chips) 
Seat 4: luciano7266 ($2.91 in chips) 
Seat 5: Susenka76 ($1.56 in chips) 
Seat 6: 8138547 ($5.43 in chips) 
Seat 9: Dorex2007 ($4.80 in chips) 
8138547: posts small blind $0.01
Tobiz89: is sitting out 
Dorex2007: posts big blind $0.02
*** HOLE CARDS ***
Dealt to Dorex2007 [Qc Js]
Tobiz89 leaves the table
dboulay1979: folds 
Lucky_Sue_111: calls $0.02
vero2610: folds 
luciano7266: folds 
givemeaaorkk joins the table at seat #8 
Susenka76: calls $0.02
8138547: calls $0.01
Dorex2007: raises $0.04 to $0.06
Lucky_Sue_111: calls $0.04
Susenka76: calls $0.04
8138547: calls $0.04
*** FLOP *** [Jd Qd Kd]
8138547: checks 
Dorex2007: bets $0.23
Lucky_Sue_111: calls $0.23
Susenka76: calls $0.23
8138547: folds 
*** TURN *** [Jd Qd Kd] [5s]
Dorex2007: checks 
Lucky_Sue_111: checks 
Susenka76: checks 
*** RIVER *** [Jd Qd Kd 5s] [Ah]
Dorex2007: checks 
Lucky_Sue_111: bets $0.04
Susenka76: raises $0.14 to $0.18
Dorex2007: calls $0.18
Lucky_Sue_111: raises $0.14 to $0.32
Susenka76: raises $0.84 to $1.16
Dorex2007: folds 
Lucky_Sue_111: calls $0.84
*** SHOW DOWN ***
Susenka76: shows [9d Td] (a straight flush, Nine to King)
Lucky_Sue_111: mucks hand 
Susenka76 collected $3.31 from pot
joustjohn1 leaves the table
*** SUMMARY ***
Total pot $3.43 | Rake $0.12 
Board [Jd Qd Kd 5s Ah]
Seat 1: dboulay1979 folded before Flop (didn't bet)
Seat 2: Lucky_Sue_111 mucked [Tc Qs]
Seat 3: vero2610 folded before Flop (didn't bet)
Seat 4: luciano7266 folded before Flop (didn't bet)
Seat 5: Susenka76 (button) showed [9d Td] and won ($3.31) with a straight flush, Nine to King
Seat 6: 8138547 (small blind) folded on the Flop
Seat 9: Dorex2007 (big blind) folded on the River



PokerStars Hand #237405780033:  Hold'em No Limit ($0.01/$0.02 USD) - 2022/07/16 20:33:57 PT [2022/07/16 23:33:57 ET]
Table 'Etamin III' 9-max Seat #6 is the button
Seat 1: dboulay1979 ($3.15 in chips) 
Seat 2: Lucky_Sue_111 ($0.13 in chips) 
Seat 3: vero2610 ($1.92 in chips) 
Seat 4: luciano7266 ($2.91 in chips) 
Seat 5: Susenka76 ($3.42 in chips) 
Seat 6: 8138547 ($5.37 in chips) 
Seat 9: Dorex2007 ($4.33 in chips) 
Dorex2007: posts small blind $0.01
dboulay1979: posts big blind $0.02
*** HOLE CARDS ***
Dealt to Dorex2007 [2s 9h]
Lucky_Sue_111: raises $0.11 to $0.13 and is all-in
vero2610: folds 
luciano7266: folds 
Susenka76: folds 
8138547: calls $0.13
Dorex2007: folds 
dboulay1979: folds 
*** FLOP *** [2h 4c 9d]
*** TURN *** [2h 4c 9d] [9c]
*** RIVER *** [2h 4c 9d 9c] [7c]
*** SHOW DOWN ***
Lucky_Sue_111: shows [5c 5s] (two pair, Nines and Fives)
8138547: shows [Tc As] (a pair of Nines)
Lucky_Sue_111 collected $0.28 from pot
*** SUMMARY ***
Total pot $0.29 | Rake $0.01 
Board [2h 4c 9d 9c 7c]
Seat 1: dboulay1979 (big blind) folded before Flop
Seat 2: Lucky_Sue_111 showed [5c 5s] and won ($0.28) with two pair, Nines and Fives
Seat 3: vero2610 folded before Flop (didn't bet)
Seat 4: luciano7266 folded before Flop (didn't bet)
Seat 5: Susenka76 folded before Flop (didn't bet)
Seat 6: 8138547 (button) showed [Tc As] and lost with a pair of Nines
Seat 9: Dorex2007 (small blind) folded before Flop



PokerStars Hand #237405785636:  Hold'em No Limit ($0.01/$0.02 USD) - 2022/07/16 20:34:35 PT [2022/07/16 23:34:35 ET]
Table 'Etamin III' 9-max Seat #9 is the button
Seat 1: dboulay1979 ($3.13 in chips) 
Seat 2: Lucky_Sue_111 ($0.28 in chips) 
Seat 3: vero2610 ($1.92 in chips) 
Seat 4: luciano7266 ($2.91 in chips) 
Seat 5: Susenka76 ($3.42 in chips) 
Seat 6: 8138547 ($5.24 in chips) 
Seat 9: Dorex2007 ($4.32 in chips) 
dboulay1979: posts small blind $0.01
Lucky_Sue_111: posts big blind $0.02
givemeaaorkk: sits out 
*** HOLE CARDS ***
Dealt to Dorex2007 [3c Jh]
vero2610: folds 
luciano7266: raises $0.02 to $0.04
Susenka76: calls $0.04
8138547: folds 
Dorex2007: folds 
dboulay1979: folds 
Lucky_Sue_111: calls $0.02
*** FLOP *** [Tc 6c 7d]
Lucky_Sue_111: checks 
AJR HOLDINGS joins the table at seat #7 
luciano7266: checks 
Susenka76: checks 
*** TURN *** [Tc 6c 7d] [9c]
Lucky_Sue_111: checks 
luciano7266: checks 
Susenka76: checks 
*** RIVER *** [Tc 6c 7d 9c] [8s]
Lucky_Sue_111: bets $0.24 and is all-in
luciano7266: folds 
Susenka76: folds 
Uncalled bet ($0.24) returned to Lucky_Sue_111
Lucky_Sue_111 collected $0.13 from pot
*** SUMMARY ***
Total pot $0.13 | Rake $0 
Board [Tc 6c 7d 9c 8s]
Seat 1: dboulay1979 (small blind) folded before Flop
Seat 2: Lucky_Sue_111 (big blind) collected ($0.13)
Seat 3: vero2610 folded before Flop (didn't bet)
Seat 4: luciano7266 folded on the River
Seat 5: Susenka76 folded on the River
Seat 6: 8138547 folded before Flop (didn't bet)
Seat 9: Dorex2007 (button) folded before Flop (didn't bet)



PokerStars Hand #237405801508:  Hold'em No Limit ($0.01/$0.02 USD) - 2022/07/16 20:35:29 PT [2022/07/16 23:35:29 ET]
Table 'Etamin III' 9-max Seat #1 is the button
Seat 1: dboulay1979 ($3.12 in chips) 
Seat 2: Lucky_Sue_111 ($0.37 in chips) 
Seat 3: vero2610 ($1.92 in chips) 
Seat 4: luciano7266 ($2.87 in chips) 
Seat 5: Susenka76 ($3.38 in chips) 
Seat 6: 8138547 ($5.24 in chips) 
Seat 9: Dorex2007 ($4.32 in chips) 
Lucky_Sue_111: posts small blind $0.01
vero2610: posts big blind $0.02
AJR HOLDINGS: sits out 
givemeaaorkk: sits out 
*** HOLE CARDS ***
Dealt to Dorex2007 [8c Jh]
luciano7266: folds 
Susenka76: folds 
8138547: calls $0.02
Dorex2007: folds 
dboulay1979: folds 
Lucky_Sue_111: raises $0.02 to $0.04
vero2610: folds 
8138547: raises $0.08 to $0.12
Lucky_Sue_111: raises $0.08 to $0.20
8138547: raises $0.12 to $0.32
Lucky_Sue_111: raises $0.05 to $0.37 and is all-in
8138547: calls $0.05
*** FLOP *** [7c 4h Kc]
*** TURN *** [7c 4h Kc] [6c]
*** RIVER *** [7c 4h Kc 6c] [Ts]
*** SHOW DOWN ***
Lucky_Sue_111: shows [As Ad] (a pair of Aces)
8138547: shows [5d 5c] (a pair of Fives)
Lucky_Sue_111 collected $0.73 from pot
*** SUMMARY ***
Total pot $0.76 | Rake $0.03 
Board [7c 4h Kc 6c Ts]
Seat 1: dboulay1979 (button) folded before Flop (didn't bet)
Seat 2: Lucky_Sue_111 (small blind) showed [As Ad] and won ($0.73) with a pair of Aces
Seat 3: vero2610 (big blind) folded before Flop
Seat 4: luciano7266 folded before Flop (didn't bet)
Seat 5: Susenka76 folded before Flop (didn't bet)
Seat 6: 8138547 showed [5d 5c] and lost with a pair of Fives
Seat 9: Dorex2007 folded before Flop (didn't bet)



PokerStars Hand #237405808086:  Hold'em No Limit ($0.01/$0.02 USD) - 2022/07/16 20:36:12 PT [2022/07/16 23:36:12 ET]
Table 'Etamin III' 9-max Seat #2 is the button
Seat 1: dboulay1979 ($3.12 in chips) 
Seat 2: Lucky_Sue_111 ($0.73 in chips) 
Seat 3: vero2610 ($1.90 in chips) 
Seat 4: luciano7266 ($2.87 in chips) 
Seat 5: Susenka76 ($3.38 in chips) 
Seat 6: 8138547 ($4.87 in chips) 
Seat 7: AJR HOLDINGS ($1.60 in chips) 
Seat 9: Dorex2007 ($4.32 in chips) 
vero2610: posts small blind $0.01
luciano7266: posts big blind $0.02
AJR HOLDINGS: posts big blind $0.02
givemeaaorkk: sits out 
*** HOLE CARDS ***
Dealt to Dorex2007 [2c 7c]
Susenka76: calls $0.02
8138547: raises $0.04 to $0.06
AJR HOLDINGS: calls $0.04
Dorex2007: folds 
dboulay1979: folds 
Lucky_Sue_111: calls $0.06
vero2610: calls $0.05
luciano7266: folds 
Susenka76: calls $0.04
*** FLOP *** [6s 2h 4h]
vero2610: checks 
Susenka76: checks 
8138547: bets $0.18
AJR HOLDINGS: folds 
Lucky_Sue_111: calls $0.18
vero2610: folds 
Susenka76: folds 
*** TURN *** [6s 2h 4h] [2d]
8138547: bets $0.42
Lucky_Sue_111: raises $0.07 to $0.49 and is all-in
8138547: calls $0.07
*** RIVER *** [6s 2h 4h 2d] [8d]
*** SHOW DOWN ***
8138547: shows [Kh Qs] (a pair of Deuces)
Lucky_Sue_111: shows [Ks 5h] (a pair of Deuces - lower kicker)
8138547 collected $1.60 from pot
*** SUMMARY ***
Total pot $1.66 | Rake $0.06 
Board [6s 2h 4h 2d 8d]
Seat 1: dboulay1979 folded before Flop (didn't bet)
Seat 2: Lucky_Sue_111 (button) showed [Ks 5h] and lost with a pair of Deuces
Seat 3: vero2610 (small blind) folded on the Flop
Seat 4: luciano7266 (big blind) folded before Flop
Seat 5: Susenka76 folded on the Flop
Seat 6: 8138547 showed [Kh Qs] and won ($1.60) with a pair of Deuces
Seat 7: AJR HOLDINGS folded on the Flop
Seat 9: Dorex2007 folded before Flop (didn't bet)



PokerStars Hand #237405820001:  Hold'em No Limit ($0.01/$0.02 USD) - 2022/07/16 20:37:32 PT [2022/07/16 23:37:32 ET]
Table 'Etamin III' 9-max Seat #3 is the button
Seat 1: dboulay1979 ($3.12 in chips) 
Seat 3: vero2610 ($1.84 in chips) 
Seat 4: luciano7266 ($2.85 in chips) 
Seat 5: Susenka76 ($3.32 in chips) 
Seat 6: 8138547 ($5.74 in chips) 
Seat 7: AJR HOLDINGS ($1.54 in chips) 
Seat 9: Dorex2007 ($4.32 in chips) 
luciano7266: posts small blind $0.01
Susenka76: posts big blind $0.02
givemeaaorkk: sits out 
*** HOLE CARDS ***
Dealt to Dorex2007 [Kd 3s]
Lucky_Sue_111 leaves the table
8138547: calls $0.02
AJR HOLDINGS: folds 
Dorex2007: folds 
dboulay1979: folds 
vero2610: folds 
luciano7266: folds 
tomhodgson123 joins the table at seat #2 
Susenka76: checks 
*** FLOP *** [6c Qh 5s]
Susenka76: checks 
8138547: checks 
*** TURN *** [6c Qh 5s] [Tc]
Susenka76: checks 
8138547: bets $0.02
Susenka76: folds 
Uncalled bet ($0.02) returned to 8138547
8138547 collected $0.05 from pot
*** SUMMARY ***
Total pot $0.05 | Rake $0 
Board [6c Qh 5s Tc]
Seat 1: dboulay1979 folded before Flop (didn't bet)
Seat 3: vero2610 (button) folded before Flop (didn't bet)
Seat 4: luciano7266 (small blind) folded before Flop
Seat 5: Susenka76 (big blind) folded on the Turn
Seat 6: 8138547 collected ($0.05)
Seat 7: AJR HOLDINGS folded before Flop (didn't bet)
Seat 9: Dorex2007 folded before Flop (didn't bet)



PokerStars Hand #237405824723:  Hold'em No Limit ($0.01/$0.02 USD) - 2022/07/16 20:38:04 PT [2022/07/16 23:38:04 ET]
Table 'Etamin III' 9-max Seat #4 is the button
Seat 1: dboulay1979 ($3.12 in chips) 
Seat 2: tomhodgson123 ($2 in chips) 
Seat 3: vero2610 ($1.84 in chips) 
Seat 4: luciano7266 ($2.84 in chips) 
Seat 5: Susenka76 ($3.30 in chips) 
Seat 6: 8138547 ($5.77 in chips) 
Seat 7: AJR HOLDINGS ($1.54 in chips) 
Seat 9: Dorex2007 ($4.32 in chips) 
Susenka76: posts small blind $0.01
8138547: posts big blind $0.02
givemeaaorkk: sits out 
tomhodgson123: posts big blind $0.02
*** HOLE CARDS ***
Dealt to Dorex2007 [Qh Ah]
AJR HOLDINGS: folds 
Dorex2007: raises $0.06 to $0.08
dboulay1979: folds 
tomhodgson123: calls $0.06
vero2610: folds 
luciano7266: folds 
Susenka76: folds 
8138547: calls $0.06
*** FLOP *** [Ac 8d Jh]
8138547: checks 
Dorex2007: bets $0.24
tomhodgson123: raises $0.24 to $0.48
8138547: folds 
Dorex2007: raises $3.76 to $4.24 and is all-in
tomhodgson123: calls $1.44 and is all-in
Uncalled bet ($2.32) returned to Dorex2007
*** TURN *** [Ac 8d Jh] [Qc]
*** RIVER *** [Ac 8d Jh Qc] [Jd]
*** SHOW DOWN ***
Dorex2007: shows [Qh Ah] (two pair, Aces and Queens)
tomhodgson123: shows [5s Ad] (two pair, Aces and Jacks)
Dorex2007 cashed out the hand for $3.47 | Cash Out Fee $0.04
*** SUMMARY ***
Total pot $4.09 | Rake $0.14 
Board [Ac 8d Jh Qc Jd]
Seat 1: dboulay1979 folded before Flop (didn't bet)
Seat 2: tomhodgson123 showed [5s Ad] and lost with two pair, Aces and Jacks
Seat 3: vero2610 folded before Flop (didn't bet)
Seat 4: luciano7266 (button) folded before Flop (didn't bet)
Seat 5: Susenka76 (small blind) folded before Flop
Seat 6: 8138547 (big blind) folded on the Flop
Seat 7: AJR HOLDINGS folded before Flop (didn't bet)
Seat 9: Dorex2007 showed [Qh Ah] and won ($3.95) with two pair, Aces and Queens (pot not awarded as player cashed out)



PokerStars Hand #237405833889:  Hold'em No Limit ($0.01/$0.02 USD) - 2022/07/16 20:39:06 PT [2022/07/16 23:39:06 ET]
Table 'Etamin III' 9-max Seat #5 is the button
Seat 1: dboulay1979 ($3.12 in chips) 
Seat 3: vero2610 ($1.84 in chips) 
Seat 4: luciano7266 ($2.84 in chips) 
Seat 5: Susenka76 ($3.29 in chips) 
Seat 6: 8138547 ($5.69 in chips) 
Seat 7: AJR HOLDINGS ($1.54 in chips) 
Seat 9: Dorex2007 ($5.79 in chips) 
8138547: posts small blind $0.01
AJR HOLDINGS: posts big blind $0.02
givemeaaorkk: sits out 
*** HOLE CARDS ***
Dealt to Dorex2007 [5c 8c]
tomhodgson123 leaves the table
Dorex2007 has timed out
Dorex2007: folds 
dboulay1979: folds 
vero2610: folds 
luciano7266: folds 
Susenka76: calls $0.02
8138547: raises $0.04 to $0.06
AJR HOLDINGS: folds 
Susenka76: folds 
Uncalled bet ($0.04) returned to 8138547
8138547 collected $0.06 from pot
*** SUMMARY ***
Total pot $0.06 | Rake $0 
Seat 1: dboulay1979 folded before Flop (didn't bet)
Seat 3: vero2610 folded before Flop (didn't bet)
Seat 4: luciano7266 folded before Flop (didn't bet)
Seat 5: Susenka76 (button) folded before Flop
Seat 6: 8138547 (small blind) collected ($0.06)
Seat 7: AJR HOLDINGS (big blind) folded before Flop
Seat 9: Dorex2007 folded before Flop (didn't bet)



PokerStars Hand #237405839364:  Hold'em No Limit ($0.01/$0.02 USD) - 2022/07/16 20:39:43 PT [2022/07/16 23:39:43 ET]
Table 'Etamin III' 9-max Seat #6 is the button
Seat 1: dboulay1979 ($3.12 in chips) 
Seat 3: vero2610 ($1.84 in chips) 
Seat 4: luciano7266 ($2.84 in chips) 
Seat 5: Susenka76 ($3.27 in chips) 
Seat 6: 8138547 ($5.73 in chips) 
Seat 7: AJR HOLDINGS ($1.52 in chips) 
Seat 8: givemeaaorkk ($2 in chips) 
Seat 9: Dorex2007 ($5.79 in chips) 
AJR HOLDINGS: posts small blind $0.01
givemeaaorkk: posts big blind $0.02
*** HOLE CARDS ***
Dealt to Dorex2007 [6h 8s]
Dorex2007: folds 
dboulay1979: folds 
vero2610: folds 
luciano7266: raises $0.04 to $0.06
Susenka76: folds 
8138547: calls $0.06
AJR HOLDINGS: folds 
givemeaaorkk: calls $0.04
*** FLOP *** [Ac 9s Qh]
givemeaaorkk: checks 
luciano7266: checks 
8138547: bets $0.11
givemeaaorkk: folds 
luciano7266: calls $0.11
*** TURN *** [Ac 9s Qh] [5d]
luciano7266: checks 
8138547: bets $0.26
luciano7266: folds 
Uncalled bet ($0.26) returned to 8138547
8138547 collected $0.40 from pot
*** SUMMARY ***
Total pot $0.41 | Rake $0.01 
Board [Ac 9s Qh 5d]
Seat 1: dboulay1979 folded before Flop (didn't bet)
Seat 3: vero2610 folded before Flop (didn't bet)
Seat 4: luciano7266 folded on the Turn
Seat 5: Susenka76 folded before Flop (didn't bet)
Seat 6: 8138547 (button) collected ($0.40)
Seat 7: AJR HOLDINGS (small blind) folded before Flop
Seat 8: givemeaaorkk (big blind) folded on the Flop
Seat 9: Dorex2007 folded before Flop (didn't bet)



PokerStars Hand #237405848134:  Hold'em No Limit ($0.01/$0.02 USD) - 2022/07/16 20:40:43 PT [2022/07/16 23:40:43 ET]
Table 'Etamin III' 9-max Seat #7 is the button
Seat 1: dboulay1979 ($3.12 in chips) 
Seat 3: vero2610 ($1.84 in chips) 
Seat 4: luciano7266 ($2.67 in chips) 
Seat 5: Susenka76 ($3.27 in chips) 
Seat 6: 8138547 ($5.96 in chips) 
Seat 7: AJR HOLDINGS ($1.51 in chips) 
Seat 8: givemeaaorkk ($1.94 in chips) 
Seat 9: Dorex2007 ($5.79 in chips) 
givemeaaorkk: posts small blind $0.01
Dorex2007: posts big blind $0.02
*** HOLE CARDS ***
Dealt to Dorex2007 [5d 3s]
dboulay1979: folds 
vero2610: folds 
luciano7266: folds 
Susenka76: calls $0.02
8138547: folds 
AJR HOLDINGS: folds 
givemeaaorkk: calls $0.01
Dorex2007: checks 
*** FLOP *** [2c 2h 9s]
givemeaaorkk: checks 
Dorex2007: checks 
Susenka76: bets $0.02
givemeaaorkk: folds 
Dorex2007: folds 
Uncalled bet ($0.02) returned to Susenka76
Susenka76 collected $0.06 from pot
*** SUMMARY ***
Total pot $0.06 | Rake $0 
Board [2c 2h 9s]
Seat 1: dboulay1979 folded before Flop (didn't bet)
Seat 3: vero2610 folded before Flop (didn't bet)
Seat 4: luciano7266 folded before Flop (didn't bet)
Seat 5: Susenka76 collected ($0.06)
Seat 6: 8138547 folded before Flop (didn't bet)
Seat 7: AJR HOLDINGS (button) folded before Flop (didn't bet)
Seat 8: givemeaaorkk (small blind) folded on the Flop
Seat 9: Dorex2007 (big blind) folded on the Flop



PokerStars Hand #237405853186:  Hold'em No Limit ($0.01/$0.02 USD) - 2022/07/16 20:41:18 PT [2022/07/16 23:41:18 ET]
Table 'Etamin III' 9-max Seat #8 is the button
Seat 1: dboulay1979 ($3.12 in chips) 
Seat 3: vero2610 ($1.84 in chips) 
Seat 4: luciano7266 ($2.67 in chips) 
Seat 5: Susenka76 ($3.31 in chips) 
Seat 6: 8138547 ($5.96 in chips) 
Seat 7: AJR HOLDINGS ($1.51 in chips) 
Seat 8: givemeaaorkk ($1.92 in chips) 
Seat 9: Dorex2007 ($5.77 in chips) 
Dorex2007: posts small blind $0.01
dboulay1979: posts big blind $0.02
*** HOLE CARDS ***
Dealt to Dorex2007 [3s 3d]
vero2610: raises $0.05 to $0.07
luciano7266: folds 
Susenka76: calls $0.07
8138547: folds 
erlis82 joins the table at seat #2 
AJR HOLDINGS: folds 
givemeaaorkk: folds 
Dorex2007: calls $0.06
dboulay1979: folds 
*** FLOP *** [Jh 6d Kc]
Dorex2007: checks 
vero2610: bets $0.11
Susenka76: folds 
Dorex2007: folds 
Uncalled bet ($0.11) returned to vero2610
vero2610 collected $0.22 from pot
*** SUMMARY ***
Total pot $0.23 | Rake $0.01 
Board [Jh 6d Kc]
Seat 1: dboulay1979 (big blind) folded before Flop
Seat 3: vero2610 collected ($0.22)
Seat 4: luciano7266 folded before Flop (didn't bet)
Seat 5: Susenka76 folded on the Flop
Seat 6: 8138547 folded before Flop (didn't bet)
Seat 7: AJR HOLDINGS folded before Flop (didn't bet)
Seat 8: givemeaaorkk (button) folded before Flop (didn't bet)
Seat 9: Dorex2007 (small blind) folded on the Flop



PokerStars Hand #237405858720:  Hold'em No Limit ($0.01/$0.02 USD) - 2022/07/16 20:41:55 PT [2022/07/16 23:41:55 ET]
Table 'Etamin III' 9-max Seat #9 is the button
Seat 1: dboulay1979 ($3.10 in chips) 
Seat 2: erlis82 ($1.60 in chips) 
Seat 3: vero2610 ($1.99 in chips) 
Seat 4: luciano7266 ($2.67 in chips) 
Seat 5: Susenka76 ($3.24 in chips) 
Seat 6: 8138547 ($5.96 in chips) 
Seat 7: AJR HOLDINGS ($1.51 in chips) 
Seat 8: givemeaaorkk ($1.92 in chips) 
Seat 9: Dorex2007 ($5.70 in chips) 
dboulay1979: posts small blind $0.01
erlis82: posts big blind $0.02
*** HOLE CARDS ***
Dealt to Dorex2007 [Qs Ts]
vero2610: raises $0.04 to $0.06
luciano7266: folds 
Susenka76: folds 
8138547: folds 
AJR HOLDINGS: folds 
givemeaaorkk: calls $0.06
Dorex2007: calls $0.06
dboulay1979: folds 
erlis82: folds 
*** FLOP *** [3c 2c 4h]
vero2610: bets $0.10
givemeaaorkk: calls $0.10
Dorex2007: folds 
*** TURN *** [3c 2c 4h] [2h]
vero2610: bets $0.20
givemeaaorkk: calls $0.20
*** RIVER *** [3c 2c 4h 2h] [Th]
vero2610: bets $0.39
givemeaaorkk: raises $0.39 to $0.78
vero2610: calls $0.39
*** SHOW DOWN ***
givemeaaorkk: shows [7h 8h] (a flush, Ten high)
vero2610: mucks hand 
givemeaaorkk collected $2.29 from pot
*** SUMMARY ***
Total pot $2.37 | Rake $0.08 
Board [3c 2c 4h 2h Th]
Seat 1: dboulay1979 (small blind) folded before Flop
Seat 2: erlis82 (big blind) folded before Flop
Seat 3: vero2610 mucked [Kd Ks]
Seat 4: luciano7266 folded before Flop (didn't bet)
Seat 5: Susenka76 folded before Flop (didn't bet)
Seat 6: 8138547 folded before Flop (didn't bet)
Seat 7: AJR HOLDINGS folded before Flop (didn't bet)
Seat 8: givemeaaorkk showed [7h 8h] and won ($2.29) with a flush, Ten high
Seat 9: Dorex2007 (button) folded on the Flop



PokerStars Hand #237405866187:  Hold'em No Limit ($0.01/$0.02 USD) - 2022/07/16 20:42:46 PT [2022/07/16 23:42:46 ET]
Table 'Etamin III' 9-max Seat #1 is the button
Seat 1: dboulay1979 ($3.09 in chips) 
Seat 2: erlis82 ($1.58 in chips) 
Seat 3: vero2610 ($0.85 in chips) 
Seat 4: luciano7266 ($2.67 in chips) 
Seat 5: Susenka76 ($3.24 in chips) 
Seat 6: 8138547 ($5.96 in chips) 
Seat 7: AJR HOLDINGS ($1.51 in chips) 
Seat 8: givemeaaorkk ($3.07 in chips) 
Seat 9: Dorex2007 ($5.64 in chips) 
erlis82: posts small blind $0.01
vero2610: posts big blind $0.02
*** HOLE CARDS ***
Dealt to Dorex2007 [9s 3c]
luciano7266: folds 
Susenka76: calls $0.02
8138547: folds 
AJR HOLDINGS: folds 
givemeaaorkk: raises $0.04 to $0.06
Dorex2007: folds 
dboulay1979: folds 
erlis82: folds 
vero2610: calls $0.04
Susenka76: calls $0.04
*** FLOP *** [5d 8c Ad]
vero2610: checks 
Susenka76: checks 
givemeaaorkk: bets $0.11
vero2610: folds 
Susenka76: folds 
Uncalled bet ($0.11) returned to givemeaaorkk
givemeaaorkk collected $0.18 from pot
*** SUMMARY ***
Total pot $0.19 | Rake $0.01 
Board [5d 8c Ad]
Seat 1: dboulay1979 (button) folded before Flop (didn't bet)
Seat 2: erlis82 (small blind) folded before Flop
Seat 3: vero2610 (big blind) folded on the Flop
Seat 4: luciano7266 folded before Flop (didn't bet)
Seat 5: Susenka76 folded on the Flop
Seat 6: 8138547 folded before Flop (didn't bet)
Seat 7: AJR HOLDINGS folded before Flop (didn't bet)
Seat 8: givemeaaorkk collected ($0.18)
Seat 9: Dorex2007 folded before Flop (didn't bet)



PokerStars Hand #237405871652:  Hold'em No Limit ($0.01/$0.02 USD) - 2022/07/16 20:43:24 PT [2022/07/16 23:43:24 ET]
Table 'Etamin III' 9-max Seat #2 is the button
Seat 1: dboulay1979 ($3.09 in chips) 
Seat 2: erlis82 ($1.57 in chips) 
Seat 3: vero2610 ($0.79 in chips) 
Seat 4: luciano7266 ($2.67 in chips) 
Seat 5: Susenka76 ($3.18 in chips) 
Seat 6: 8138547 ($5.96 in chips) 
Seat 7: AJR HOLDINGS ($1.51 in chips) 
Seat 8: givemeaaorkk ($3.19 in chips) 
Seat 9: Dorex2007 ($5.64 in chips) 
vero2610: posts small blind $0.01
luciano7266: posts big blind $0.02
*** HOLE CARDS ***
Dealt to Dorex2007 [Ad 9d]
Susenka76: folds 
8138547: folds 
AJR HOLDINGS: calls $0.02
givemeaaorkk: folds 
Dorex2007: raises $0.08 to $0.10
dboulay1979: folds 
Susenka76 leaves the table
erlis82 has timed out
erlis82: folds 
Kurinight joins the table at seat #5 
vero2610: folds 
luciano7266: folds 
AJR HOLDINGS: folds 
Uncalled bet ($0.08) returned to Dorex2007
Dorex2007 collected $0.07 from pot
*** SUMMARY ***
Total pot $0.07 | Rake $0 
Seat 1: dboulay1979 folded before Flop (didn't bet)
Seat 2: erlis82 (button) folded before Flop (didn't bet)
Seat 3: vero2610 (small blind) folded before Flop
Seat 4: luciano7266 (big blind) folded before Flop
Seat 5: Susenka76 folded before Flop (didn't bet)
Seat 6: 8138547 folded before Flop (didn't bet)
Seat 7: AJR HOLDINGS folded before Flop
Seat 8: givemeaaorkk folded before Flop (didn't bet)
Seat 9: Dorex2007 collected ($0.07)



PokerStars Hand #237405877759:  Hold'em No Limit ($0.01/$0.02 USD) - 2022/07/16 20:44:07 PT [2022/07/16 23:44:07 ET]
Table 'Etamin III' 9-max Seat #3 is the button
Seat 1: dboulay1979 ($3.09 in chips) 
Seat 2: erlis82 ($1.57 in chips) 
Seat 3: vero2610 ($1.58 in chips) 
Seat 4: luciano7266 ($2.65 in chips) 
Seat 5: Kurinight ($0.80 in chips) 
Seat 6: 8138547 ($5.96 in chips) 
Seat 7: AJR HOLDINGS ($1.49 in chips) 
Seat 8: givemeaaorkk ($3.19 in chips) 
Seat 9: Dorex2007 ($5.69 in chips) 
luciano7266: posts small blind $0.01
Kurinight: posts big blind $0.02
*** HOLE CARDS ***
Dealt to Dorex2007 [Td Jc]
8138547: folds 
AJR HOLDINGS: folds 
givemeaaorkk: raises $0.04 to $0.06
Dorex2007: folds 
dboulay1979: folds 
erlis82: folds 
vero2610: folds 
luciano7266: folds 
Kurinight: calls $0.04
*** FLOP *** [Kc 5h 7d]
Kurinight: checks 
givemeaaorkk: bets $0.06
Kurinight: calls $0.06
*** TURN *** [Kc 5h 7d] [Jd]
Kurinight: checks 
givemeaaorkk: bets $0.12
Kurinight: calls $0.12
*** RIVER *** [Kc 5h 7d Jd] [9s]
Kurinight: checks 
givemeaaorkk: bets $0.57
Kurinight: calls $0.56 and is all-in
Uncalled bet ($0.01) returned to givemeaaorkk
*** SHOW DOWN ***
givemeaaorkk: shows [Kh Kd] (three of a kind, Kings)
Kurinight: shows [Qc Qs] (a pair of Queens)
givemeaaorkk collected $1.55 from pot
*** SUMMARY ***
Total pot $1.61 | Rake $0.06 
Board [Kc 5h 7d Jd 9s]
Seat 1: dboulay1979 folded before Flop (didn't bet)
Seat 2: erlis82 folded before Flop (didn't bet)
Seat 3: vero2610 (button) folded before Flop (didn't bet)
Seat 4: luciano7266 (small blind) folded before Flop
Seat 5: Kurinight (big blind) showed [Qc Qs] and lost with a pair of Queens
Seat 6: 8138547 folded before Flop (didn't bet)
Seat 7: AJR HOLDINGS folded before Flop (didn't bet)
Seat 8: givemeaaorkk showed [Kh Kd] and won ($1.55) with three of a kind, Kings
Seat 9: Dorex2007 folded before Flop (didn't bet)



PokerStars Hand #237405886514:  Hold'em No Limit ($0.01/$0.02 USD) - 2022/07/16 20:45:08 PT [2022/07/16 23:45:08 ET]
Table 'Etamin III' 9-max Seat #4 is the button
Seat 1: dboulay1979 ($3.09 in chips) 
Seat 2: erlis82 ($1.57 in chips) 
Seat 3: vero2610 ($1.58 in chips) 
Seat 4: luciano7266 ($2.64 in chips) 
Seat 6: 8138547 ($5.96 in chips) 
Seat 7: AJR HOLDINGS ($1.49 in chips) 
Seat 8: givemeaaorkk ($3.94 in chips) 
Seat 9: Dorex2007 ($5.69 in chips) 
8138547: posts small blind $0.01
AJR HOLDINGS: posts big blind $0.02
*** HOLE CARDS ***
Dealt to Dorex2007 [9h 7d]
givemeaaorkk: folds 
Dorex2007: folds 
dboulay1979: folds 
erlis82: folds 
vero2610: folds 
luciano7266: raises $0.02 to $0.04
8138547: folds 
AJR HOLDINGS: folds 
Uncalled bet ($0.02) returned to luciano7266
luciano7266 collected $0.05 from pot
*** SUMMARY ***
Total pot $0.05 | Rake $0 
Seat 1: dboulay1979 folded before Flop (didn't bet)
Seat 2: erlis82 folded before Flop (didn't bet)
Seat 3: vero2610 folded before Flop (didn't bet)
Seat 4: luciano7266 (button) collected ($0.05)
Seat 6: 8138547 (small blind) folded before Flop
Seat 7: AJR HOLDINGS (big blind) folded before Flop
Seat 8: givemeaaorkk folded before Flop (didn't bet)
Seat 9: Dorex2007 folded before Flop (didn't bet)



PokerStars Hand #237405888432:  Hold'em No Limit ($0.01/$0.02 USD) - 2022/07/16 20:45:21 PT [2022/07/16 23:45:21 ET]
Table 'Etamin III' 9-max Seat #6 is the button
Seat 1: dboulay1979 ($3.09 in chips) 
Seat 2: erlis82 ($1.57 in chips) 
Seat 3: vero2610 ($1.58 in chips) 
Seat 4: luciano7266 ($2.67 in chips) 
Seat 6: 8138547 ($5.95 in chips) 
Seat 7: AJR HOLDINGS ($1.47 in chips) 
Seat 8: givemeaaorkk ($3.94 in chips) 
Seat 9: Dorex2007 ($5.69 in chips) 
AJR HOLDINGS: posts small blind $0.01
givemeaaorkk: posts big blind $0.02
*** HOLE CARDS ***
Dealt to Dorex2007 [Qh 3s]
Dorex2007: folds 
dboulay1979: folds 
erlis82: folds 
Kurinight leaves the table
vero2610: folds 
luciano7266: folds 
8138547: raises $0.04 to $0.06
AJR HOLDINGS: folds 
givemeaaorkk: calls $0.04
*** FLOP *** [8c 9c 9d]
givemeaaorkk: checks 
8138547: bets $0.10
givemeaaorkk: folds 
Uncalled bet ($0.10) returned to 8138547
8138547 collected $0.13 from pot
*** SUMMARY ***
Total pot $0.13 | Rake $0 
Board [8c 9c 9d]
Seat 1: dboulay1979 folded before Flop (didn't bet)
Seat 2: erlis82 folded before Flop (didn't bet)
Seat 3: vero2610 folded before Flop (didn't bet)
Seat 4: luciano7266 folded before Flop (didn't bet)
Seat 6: 8138547 (button) collected ($0.13)
Seat 7: AJR HOLDINGS (small blind) folded before Flop
Seat 8: givemeaaorkk (big blind) folded on the Flop
Seat 9: Dorex2007 folded before Flop (didn't bet)



PokerStars Hand #237405895470:  Hold'em No Limit ($0.01/$0.02 USD) - 2022/07/16 20:46:10 PT [2022/07/16 23:46:10 ET]
Table 'Etamin III' 9-max Seat #7 is the button
Seat 1: dboulay1979 ($3.09 in chips) 
Seat 2: erlis82 ($1.57 in chips) 
Seat 3: vero2610 ($1.58 in chips) 
Seat 4: luciano7266 ($2.67 in chips) 
Seat 6: 8138547 ($6.02 in chips) 
Seat 7: AJR HOLDINGS ($1.46 in chips) 
Seat 8: givemeaaorkk ($3.88 in chips) 
Seat 9: Dorex2007 ($5.69 in chips) 
givemeaaorkk: posts small blind $0.01
Dorex2007: posts big blind $0.02
*** HOLE CARDS ***
Dealt to Dorex2007 [Th 5s]
dboulay1979: folds 
erlis82: folds 
vero2610: folds 
luciano7266: folds 
8138547: folds 
AJR HOLDINGS: folds 
givemeaaorkk: calls $0.01
Dorex2007: checks 
*** FLOP *** [Ac Kc 4d]
givemeaaorkk: checks 
Dorex2007: checks 
*** TURN *** [Ac Kc 4d] [9s]
givemeaaorkk: bets $0.04
Dorex2007: folds 
Uncalled bet ($0.04) returned to givemeaaorkk
givemeaaorkk collected $0.04 from pot
*** SUMMARY ***
Total pot $0.04 | Rake $0 
Board [Ac Kc 4d 9s]
Seat 1: dboulay1979 folded before Flop (didn't bet)
Seat 2: erlis82 folded before Flop (didn't bet)
Seat 3: vero2610 folded before Flop (didn't bet)
Seat 4: luciano7266 folded before Flop (didn't bet)
Seat 6: 8138547 folded before Flop (didn't bet)
Seat 7: AJR HOLDINGS (button) folded before Flop (didn't bet)
Seat 8: givemeaaorkk (small blind) collected ($0.04)
Seat 9: Dorex2007 (big blind) folded on the Turn



PokerStars Hand #237405900667:  Hold'em No Limit ($0.01/$0.02 USD) - 2022/07/16 20:46:46 PT [2022/07/16 23:46:46 ET]
Table 'Etamin III' 9-max Seat #8 is the button
Seat 1: dboulay1979 ($3.09 in chips) 
Seat 2: erlis82 ($1.57 in chips) 
Seat 3: vero2610 ($1.58 in chips) 
Seat 4: luciano7266 ($2.67 in chips) 
Seat 6: 8138547 ($6.02 in chips) 
Seat 7: AJR HOLDINGS ($1.46 in chips) 
Seat 8: givemeaaorkk ($3.90 in chips) 
Seat 9: Dorex2007 ($5.67 in chips) 
Dorex2007: posts small blind $0.01
dboulay1979: posts big blind $0.02
*** HOLE CARDS ***
Dealt to Dorex2007 [Th 9d]
erlis82: folds 
vero2610: folds 
luciano7266: folds 
8138547: folds 
AJR HOLDINGS: folds 
givemeaaorkk: raises $0.02 to $0.04
Dorex2007: folds 
dboulay1979: folds 
Uncalled bet ($0.02) returned to givemeaaorkk
givemeaaorkk collected $0.05 from pot
*** SUMMARY ***
Total pot $0.05 | Rake $0 
Seat 1: dboulay1979 (big blind) folded before Flop
Seat 2: erlis82 folded before Flop (didn't bet)
Seat 3: vero2610 folded before Flop (didn't bet)
Seat 4: luciano7266 folded before Flop (didn't bet)
Seat 6: 8138547 folded before Flop (didn't bet)
Seat 7: AJR HOLDINGS folded before Flop (didn't bet)
Seat 8: givemeaaorkk (button) collected ($0.05)
Seat 9: Dorex2007 (small blind) folded before Flop



PokerStars Hand #237405904795:  Hold'em No Limit ($0.01/$0.02 USD) - 2022/07/16 20:47:15 PT [2022/07/16 23:47:15 ET]
Table 'Etamin III' 9-max Seat #9 is the button
Seat 1: dboulay1979 ($3.07 in chips) 
Seat 2: erlis82 ($1.57 in chips) 
Seat 3: vero2610 ($1.58 in chips) 
Seat 4: luciano7266 ($2.67 in chips) 
Seat 6: 8138547 ($6.02 in chips) 
Seat 7: AJR HOLDINGS ($1.46 in chips) 
Seat 8: givemeaaorkk ($3.93 in chips) 
Seat 9: Dorex2007 ($5.66 in chips) 
dboulay1979: posts small blind $0.01
erlis82: posts big blind $0.02
*** HOLE CARDS ***
Dealt to Dorex2007 [2c Ks]
vero2610: folds 
luciano7266: folds 
8138547: folds 
AJR HOLDINGS: folds 
givemeaaorkk: folds 
Dorex2007: folds 
dboulay1979: calls $0.01
erlis82: checks 
*** FLOP *** [Td Ac Qd]
dboulay1979: checks 
erlis82: checks 
*** TURN *** [Td Ac Qd] [8d]
dboulay1979: checks 
erlis82: checks 
*** RIVER *** [Td Ac Qd 8d] [6h]
dboulay1979: checks 
erlis82: checks 
*** SHOW DOWN ***
dboulay1979: shows [3c 3s] (a pair of Threes)
erlis82: mucks hand 
dboulay1979 collected $0.04 from pot
*** SUMMARY ***
Total pot $0.04 | Rake $0 
Board [Td Ac Qd 8d 6h]
Seat 1: dboulay1979 (small blind) showed [3c 3s] and won ($0.04) with a pair of Threes
Seat 2: erlis82 (big blind) mucked [9h 4h]
Seat 3: vero2610 folded before Flop (didn't bet)
Seat 4: luciano7266 folded before Flop (didn't bet)
Seat 6: 8138547 folded before Flop (didn't bet)
Seat 7: AJR HOLDINGS folded before Flop (didn't bet)
Seat 8: givemeaaorkk folded before Flop (didn't bet)
Seat 9: Dorex2007 (button) folded before Flop (didn't bet)



PokerStars Hand #237405920234:  Hold'em No Limit ($0.01/$0.02 USD) - 2022/07/16 20:48:13 PT [2022/07/16 23:48:13 ET]
Table 'Etamin III' 9-max Seat #1 is the button
Seat 1: dboulay1979 ($3.09 in chips) 
Seat 2: erlis82 ($1.55 in chips) 
Seat 3: vero2610 ($1.58 in chips) 
Seat 4: luciano7266 ($2.67 in chips) 
Seat 6: 8138547 ($6.02 in chips) 
Seat 7: AJR HOLDINGS ($1.46 in chips) 
Seat 8: givemeaaorkk ($3.93 in chips) 
Seat 9: Dorex2007 ($5.66 in chips) 
erlis82: posts small blind $0.01
vero2610: posts big blind $0.02
*** HOLE CARDS ***
Dealt to Dorex2007 [8d 8s]
luciano7266: raises $0.02 to $0.04
8138547: folds 
AJR HOLDINGS: folds 
givemeaaorkk: calls $0.04
Dorex2007: calls $0.04
dboulay1979: folds 
erlis82: calls $0.03
vero2610: calls $0.02
*** FLOP *** [Kh 5s 5c]
erlis82: checks 
vero2610: checks 
luciano7266: checks 
givemeaaorkk: checks 
Dorex2007: bets $0.13
AJR HOLDINGS leaves the table
erlis82: folds 
vero2610: folds 
luciano7266: folds 
givemeaaorkk: folds 
Uncalled bet ($0.13) returned to Dorex2007
Dorex2007 collected $0.19 from pot
*** SUMMARY ***
Total pot $0.20 | Rake $0.01 
Board [Kh 5s 5c]
Seat 1: dboulay1979 (button) folded before Flop (didn't bet)
Seat 2: erlis82 (small blind) folded on the Flop
Seat 3: vero2610 (big blind) folded on the Flop
Seat 4: luciano7266 folded on the Flop
Seat 6: 8138547 folded before Flop (didn't bet)
Seat 7: AJR HOLDINGS folded before Flop (didn't bet)
Seat 8: givemeaaorkk folded on the Flop
Seat 9: Dorex2007 collected ($0.19)



PokerStars Hand #237405929966:  Hold'em No Limit ($0.01/$0.02 USD) - 2022/07/16 20:49:21 PT [2022/07/16 23:49:21 ET]
Table 'Etamin III' 9-max Seat #2 is the button
Seat 1: dboulay1979 ($3.09 in chips) 
Seat 2: erlis82 ($1.51 in chips) 
Seat 3: vero2610 ($1.54 in chips) 
Seat 4: luciano7266 ($2.63 in chips) 
Seat 6: 8138547 ($6.02 in chips) 
Seat 8: givemeaaorkk ($3.89 in chips) 
Seat 9: Dorex2007 ($5.81 in chips) 
vero2610: posts small blind $0.01
luciano7266: posts big blind $0.02
*** HOLE CARDS ***
Dealt to Dorex2007 [3c Kd]
8138547: folds 
givemeaaorkk: raises $0.04 to $0.06
Dorex2007: folds 
dboulay1979: folds 
erlis82: folds 
vero2610: calls $0.05
luciano7266: folds 
*** FLOP *** [5h Qd Td]
vero2610: checks 
givemeaaorkk: bets $0.14
vero2610: calls $0.14
*** TURN *** [5h Qd Td] [Jd]
vero2610: checks 
givemeaaorkk: bets $0.20
vero2610: folds 
Uncalled bet ($0.20) returned to givemeaaorkk
givemeaaorkk collected $0.41 from pot
*** SUMMARY ***
Total pot $0.42 | Rake $0.01 
Board [5h Qd Td Jd]
Seat 1: dboulay1979 folded before Flop (didn't bet)
Seat 2: erlis82 (button) folded before Flop (didn't bet)
Seat 3: vero2610 (small blind) folded on the Turn
Seat 4: luciano7266 (big blind) folded before Flop
Seat 6: 8138547 folded before Flop (didn't bet)
Seat 8: givemeaaorkk collected ($0.41)
Seat 9: Dorex2007 folded before Flop (didn't bet)



PokerStars Hand #237405936147:  Hold'em No Limit ($0.01/$0.02 USD) - 2022/07/16 20:50:05 PT [2022/07/16 23:50:05 ET]
Table 'Etamin III' 9-max Seat #3 is the button
Seat 1: dboulay1979 ($3.09 in chips) 
Seat 2: erlis82 ($1.51 in chips) 
Seat 3: vero2610 ($1.34 in chips) 
Seat 4: luciano7266 ($2.61 in chips) 
Seat 6: 8138547 ($6.02 in chips) 
Seat 8: givemeaaorkk ($4.10 in chips) 
Seat 9: Dorex2007 ($5.81 in chips) 
luciano7266: posts small blind $0.01
8138547: posts big blind $0.02
*** HOLE CARDS ***
Dealt to Dorex2007 [7c Qs]
givemeaaorkk: folds 
Dorex2007: folds 
dboulay1979: folds 
erlis82: raises $0.02 to $0.04
vero2610: calls $0.04
luciano7266: folds 
8138547: calls $0.02
*** FLOP *** [6h 9s Ks]
8138547: checks 
erlis82: bets $0.06
vero2610: calls $0.06
8138547: calls $0.06
*** TURN *** [6h 9s Ks] [3s]
8138547: checks 
erlis82: bets $0.12
vero2610: calls $0.12
8138547: folds 
*** RIVER *** [6h 9s Ks 3s] [9c]
erlis82: bets $0.12
vero2610: calls $0.12
*** SHOW DOWN ***
erlis82: shows [As Kd] (two pair, Kings and Nines)
vero2610: mucks hand 
erlis82 collected $0.76 from pot
*** SUMMARY ***
Total pot $0.79 | Rake $0.03 
Board [6h 9s Ks 3s 9c]
Seat 1: dboulay1979 folded before Flop (didn't bet)
Seat 2: erlis82 showed [As Kd] and won ($0.76) with two pair, Kings and Nines
Seat 3: vero2610 (button) mucked [Kc Qd]
Seat 4: luciano7266 (small blind) folded before Flop
Seat 6: 8138547 (big blind) folded on the Turn
Seat 8: givemeaaorkk folded before Flop (didn't bet)
Seat 9: Dorex2007 folded before Flop (didn't bet)



PokerStars Hand #237405944730:  Hold'em No Limit ($0.01/$0.02 USD) - 2022/07/16 20:51:04 PT [2022/07/16 23:51:04 ET]
Table 'Etamin III' 9-max Seat #4 is the button
Seat 1: dboulay1979 ($3.09 in chips) 
Seat 2: erlis82 ($1.93 in chips) 
Seat 3: vero2610 ($1.66 in chips) 
Seat 4: luciano7266 ($2.60 in chips) 
Seat 6: 8138547 ($5.92 in chips) 
Seat 8: givemeaaorkk ($4.10 in chips) 
Seat 9: Dorex2007 ($5.81 in chips) 
8138547: posts small blind $0.01
givemeaaorkk: posts big blind $0.02
*** HOLE CARDS ***
Dealt to Dorex2007 [8d Jd]
Dorex2007: folds 
dboulay1979: folds 
erlis82: folds 
vero2610: folds 
luciano7266: folds 
8138547: folds 
Uncalled bet ($0.01) returned to givemeaaorkk
givemeaaorkk collected $0.02 from pot
*** SUMMARY ***
Total pot $0.02 | Rake $0 
Seat 1: dboulay1979 folded before Flop (didn't bet)
Seat 2: erlis82 folded before Flop (didn't bet)
Seat 3: vero2610 folded before Flop (didn't bet)
Seat 4: luciano7266 (button) folded before Flop (didn't bet)
Seat 6: 8138547 (small blind) folded before Flop
Seat 8: givemeaaorkk (big blind) collected ($0.02)
Seat 9: Dorex2007 folded before Flop (didn't bet)



PokerStars Hand #237405947846:  Hold'em No Limit ($0.01/$0.02 USD) - 2022/07/16 20:51:25 PT [2022/07/16 23:51:25 ET]
Table 'Etamin III' 9-max Seat #6 is the button
Seat 1: dboulay1979 ($3.09 in chips) 
Seat 2: erlis82 ($1.93 in chips) 
Seat 3: vero2610 ($1.66 in chips) 
Seat 4: luciano7266 ($2.60 in chips) 
Seat 6: 8138547 ($5.91 in chips) 
Seat 8: givemeaaorkk ($4.11 in chips) 
Seat 9: Dorex2007 ($5.81 in chips) 
givemeaaorkk: posts small blind $0.01
Dorex2007: posts big blind $0.02
*** HOLE CARDS ***
Dealt to Dorex2007 [8h Js]
dboulay1979: folds 
erlis82: folds 
vero2610: raises $0.02 to $0.04
luciano7266: folds 
8138547: folds 
givemeaaorkk: folds 
Dorex2007: folds 
Uncalled bet ($0.02) returned to vero2610
vero2610 collected $0.05 from pot
*** SUMMARY ***
Total pot $0.05 | Rake $0 
Seat 1: dboulay1979 folded before Flop (didn't bet)
Seat 2: erlis82 folded before Flop (didn't bet)
Seat 3: vero2610 collected ($0.05)
Seat 4: luciano7266 folded before Flop (didn't bet)
Seat 6: 8138547 (button) folded before Flop (didn't bet)
Seat 8: givemeaaorkk (small blind) folded before Flop
Seat 9: Dorex2007 (big blind) folded before Flop



PokerStars Hand #237405951525:  Hold'em No Limit ($0.01/$0.02 USD) - 2022/07/16 20:51:51 PT [2022/07/16 23:51:51 ET]
Table 'Etamin III' 9-max Seat #8 is the button
Seat 1: dboulay1979 ($3.09 in chips) 
Seat 2: erlis82 ($1.93 in chips) 
Seat 3: vero2610 ($1.69 in chips) 
Seat 4: luciano7266 ($2.60 in chips) 
Seat 6: 8138547 ($5.91 in chips) 
Seat 8: givemeaaorkk ($4.10 in chips) 
Seat 9: Dorex2007 ($5.79 in chips) 
Dorex2007: posts small blind $0.01
dboulay1979: posts big blind $0.02
*** HOLE CARDS ***
Dealt to Dorex2007 [Kh 2h]
erlis82: calls $0.02
vero2610: calls $0.02
luciano7266: folds 
8138547: raises $0.06 to $0.08
givemeaaorkk: folds 
Dorex2007: folds 
dboulay1979: folds 
erlis82: calls $0.06
vero2610: calls $0.06
*** FLOP *** [Ts 8c 2d]
Schwanke2017 joins the table at seat #5 
erlis82: checks 
vero2610: checks 
8138547: bets $0.18
erlis82: folds 
vero2610: folds 
Uncalled bet ($0.18) returned to 8138547
8138547 collected $0.26 from pot
*** SUMMARY ***
Total pot $0.27 | Rake $0.01 
Board [Ts 8c 2d]
Seat 1: dboulay1979 (big blind) folded before Flop
Seat 2: erlis82 folded on the Flop
Seat 3: vero2610 folded on the Flop
Seat 4: luciano7266 folded before Flop (didn't bet)
Seat 6: 8138547 collected ($0.26)
Seat 8: givemeaaorkk (button) folded before Flop (didn't bet)
Seat 9: Dorex2007 (small blind) folded before Flop



PokerStars Hand #237405960365:  Hold'em No Limit ($0.01/$0.02 USD) - 2022/07/16 20:52:34 PT [2022/07/16 23:52:34 ET]
Table 'Etamin III' 9-max Seat #9 is the button
Seat 1: dboulay1979 ($3.07 in chips) 
Seat 2: erlis82 ($1.85 in chips) 
Seat 3: vero2610 ($1.92 in chips) 
Seat 4: luciano7266 ($2.60 in chips) 
Seat 5: Schwanke2017 ($0.84 in chips) 
Seat 6: 8138547 ($6.09 in chips) 
Seat 8: givemeaaorkk ($4.10 in chips) 
Seat 9: Dorex2007 ($5.78 in chips) 
dboulay1979: posts small blind $0.01
erlis82: posts big blind $0.02
Schwanke2017: posts big blind $0.02
*** HOLE CARDS ***
Dealt to Dorex2007 [Qs 7h]
vero2610: calls $0.02
0kDen joins the table at seat #7 
luciano7266: folds 
Schwanke2017: checks 
8138547: folds 
givemeaaorkk: folds 
Dorex2007: folds 
dboulay1979: calls $0.01
erlis82: checks 
*** FLOP *** [9s 4c 3d]
dboulay1979: checks 
erlis82: checks 
vero2610: checks 
Schwanke2017: checks 
*** TURN *** [9s 4c 3d] [Js]
dboulay1979: checks 
erlis82: checks 
vero2610: checks 
Schwanke2017: checks 
*** RIVER *** [9s 4c 3d Js] [9d]
dboulay1979: checks 
erlis82: checks 
vero2610: bets $0.06
Schwanke2017: folds 
dboulay1979: folds 
erlis82: folds 
Uncalled bet ($0.06) returned to vero2610
vero2610 collected $0.08 from pot
*** SUMMARY ***
Total pot $0.08 | Rake $0 
Board [9s 4c 3d Js 9d]
Seat 1: dboulay1979 (small blind) folded on the River
Seat 2: erlis82 (big blind) folded on the River
Seat 3: vero2610 collected ($0.08)
Seat 4: luciano7266 folded before Flop (didn't bet)
Seat 5: Schwanke2017 folded on the River (didn't bet)
Seat 6: 8138547 folded before Flop (didn't bet)
Seat 8: givemeaaorkk folded before Flop (didn't bet)
Seat 9: Dorex2007 (button) folded before Flop (didn't bet)



PokerStars Hand #237405978926:  Hold'em No Limit ($0.01/$0.02 USD) - 2022/07/16 20:53:49 PT [2022/07/16 23:53:49 ET]
Table 'Etamin III' 9-max Seat #1 is the button
Seat 1: dboulay1979 ($3.05 in chips) 
Seat 2: erlis82 ($1.83 in chips) 
Seat 3: vero2610 ($1.98 in chips) 
Seat 4: luciano7266 ($2.60 in chips) 
Seat 5: Schwanke2017 ($0.82 in chips) 
Seat 6: 8138547 ($6.09 in chips) 
Seat 7: 0kDen ($0.80 in chips) 
Seat 8: givemeaaorkk ($4.10 in chips) 
Seat 9: Dorex2007 ($5.78 in chips) 
erlis82: posts small blind $0.01
vero2610: posts big blind $0.02
0kDen: posts big blind $0.02
*** HOLE CARDS ***
Dealt to Dorex2007 [2c 5s]
luciano7266: folds 
Schwanke2017: folds 
8138547: raises $0.06 to $0.08
0kDen: folds 
givemeaaorkk: folds 
Dorex2007: folds 
dboulay1979: calls $0.08
erlis82: folds 
vero2610: folds 
*** FLOP *** [3h 3d Qc]
8138547: checks 
dboulay1979: checks 
*** TURN *** [3h 3d Qc] [6h]
8138547: bets $0.12
dboulay1979: folds 
Uncalled bet ($0.12) returned to 8138547
8138547 collected $0.20 from pot
*** SUMMARY ***
Total pot $0.21 | Rake $0.01 
Board [3h 3d Qc 6h]
Seat 1: dboulay1979 (button) folded on the Turn
Seat 2: erlis82 (small blind) folded before Flop
Seat 3: vero2610 (big blind) folded before Flop
Seat 4: luciano7266 folded before Flop (didn't bet)
Seat 5: Schwanke2017 folded before Flop (didn't bet)
Seat 6: 8138547 collected ($0.20)
Seat 7: 0kDen folded before Flop (didn't bet)
Seat 8: givemeaaorkk folded before Flop (didn't bet)
Seat 9: Dorex2007 folded before Flop (didn't bet)



PokerStars Hand #237405986636:  Hold'em No Limit ($0.01/$0.02 USD) - 2022/07/16 20:54:44 PT [2022/07/16 23:54:44 ET]
Table 'Etamin III' 9-max Seat #2 is the button
Seat 1: dboulay1979 ($2.97 in chips) 
Seat 2: erlis82 ($1.82 in chips) 
Seat 3: vero2610 ($1.96 in chips) 
Seat 4: luciano7266 ($2.60 in chips) 
Seat 5: Schwanke2017 ($0.82 in chips) 
Seat 6: 8138547 ($6.21 in chips) 
Seat 7: 0kDen ($0.78 in chips) 
Seat 8: givemeaaorkk ($4.10 in chips) 
Seat 9: Dorex2007 ($5.78 in chips) 
vero2610: posts small blind $0.01
luciano7266: posts big blind $0.02
*** HOLE CARDS ***
Dealt to Dorex2007 [Jd 8d]
Schwanke2017: raises $0.03 to $0.05
8138547: folds 
0kDen: raises $0.03 to $0.08
givemeaaorkk: folds 
Dorex2007: folds 
dboulay1979: folds 
erlis82: folds 
vero2610: calls $0.07
luciano7266: folds 
Schwanke2017: calls $0.03
*** FLOP *** [Js Ac 6h]
vero2610: checks 
Schwanke2017: checks 
0kDen: bets $0.12
vero2610: calls $0.12
Schwanke2017: folds 
*** TURN *** [Js Ac 6h] [6d]
vero2610: checks 
0kDen: bets $0.24
vero2610: folds 
Uncalled bet ($0.24) returned to 0kDen
0kDen collected $0.48 from pot
*** SUMMARY ***
Total pot $0.50 | Rake $0.02 
Board [Js Ac 6h 6d]
Seat 1: dboulay1979 folded before Flop (didn't bet)
Seat 2: erlis82 (button) folded before Flop (didn't bet)
Seat 3: vero2610 (small blind) folded on the Turn
Seat 4: luciano7266 (big blind) folded before Flop
Seat 5: Schwanke2017 folded on the Flop
Seat 6: 8138547 folded before Flop (didn't bet)
Seat 7: 0kDen collected ($0.48)
Seat 8: givemeaaorkk folded before Flop (didn't bet)
Seat 9: Dorex2007 folded before Flop (didn't bet)



PokerStars Hand #237405993183:  Hold'em No Limit ($0.01/$0.02 USD) - 2022/07/16 20:55:34 PT [2022/07/16 23:55:34 ET]
Table 'Etamin III' 9-max Seat #3 is the button
Seat 1: dboulay1979 ($2.97 in chips) 
Seat 2: erlis82 ($1.82 in chips) 
Seat 3: vero2610 ($1.76 in chips) 
Seat 4: luciano7266 ($2.58 in chips) 
Seat 5: Schwanke2017 ($0.74 in chips) 
Seat 6: 8138547 ($6.21 in chips) 
Seat 7: 0kDen ($1.06 in chips) 
Seat 8: givemeaaorkk ($4.10 in chips) 
Seat 9: Dorex2007 ($5.78 in chips) 
luciano7266: posts small blind $0.01
Schwanke2017: posts big blind $0.02
*** HOLE CARDS ***
Dealt to Dorex2007 [4h 2s]
8138547: folds 
8138547 leaves the table
0kDen: folds 
givemeaaorkk: folds 
Dorex2007: folds 
dboulay1979: folds 
erlis82: calls $0.02
vero2610: calls $0.02
fuealejandro joins the table at seat #6 
luciano7266: folds 
Schwanke2017: raises $0.12 to $0.14
erlis82: calls $0.12
vero2610: calls $0.12
*** FLOP *** [6s 4s Tc]
Schwanke2017: bets $0.60 and is all-in
erlis82: folds 
vero2610: calls $0.60
*** TURN *** [6s 4s Tc] [Qs]
*** RIVER *** [6s 4s Tc Qs] [6c]
*** SHOW DOWN ***
Schwanke2017: shows [9h 9s] (two pair, Nines and Sixes)
vero2610: shows [Ts Qh] (two pair, Queens and Tens)
vero2610 collected $1.57 from pot
*** SUMMARY ***
Total pot $1.63 | Rake $0.06 
Board [6s 4s Tc Qs 6c]
Seat 1: dboulay1979 folded before Flop (didn't bet)
Seat 2: erlis82 folded on the Flop
Seat 3: vero2610 (button) showed [Ts Qh] and won ($1.57) with two pair, Queens and Tens
Seat 4: luciano7266 (small blind) folded before Flop
Seat 5: Schwanke2017 (big blind) showed [9h 9s] and lost with two pair, Nines and Sixes
Seat 6: 8138547 folded before Flop (didn't bet)
Seat 7: 0kDen folded before Flop (didn't bet)
Seat 8: givemeaaorkk folded before Flop (didn't bet)
Seat 9: Dorex2007 folded before Flop (didn't bet)



PokerStars Hand #237406000000:  Hold'em No Limit ($0.01/$0.02 USD) - 2022/07/16 20:56:32 PT [2022/07/16 23:56:32 ET]
Table 'Etamin III' 9-max Seat #4 is the button
Seat 1: dboulay1979 ($2.97 in chips) 
Seat 2: erlis82 ($1.68 in chips) 
Seat 3: vero2610 ($2.59 in chips) 
Seat 4: luciano7266 ($2.57 in chips) 
Seat 7: 0kDen ($1.06 in chips) 
Seat 8: givemeaaorkk ($4.10 in chips) 
Seat 9: Dorex2007 ($5.78 in chips) 
0kDen: posts small blind $0.01
givemeaaorkk: posts big blind $0.02
*** HOLE CARDS ***
Dealt to Dorex2007 [7d Tc]
Schwanke2017 leaves the table
Dorex2007 has timed out
Dorex2007: folds 
dboulay1979: folds 
erlis82: folds 
vero2610: folds 
luciano7266: folds 
0kDen: calls $0.01
givemeaaorkk: raises $0.04 to $0.06
samurai_z79 joins the table at seat #5 
0kDen: folds 
Uncalled bet ($0.04) returned to givemeaaorkk
givemeaaorkk collected $0.04 from pot
*** SUMMARY ***
Total pot $0.04 | Rake $0 
Seat 1: dboulay1979 folded before Flop (didn't bet)
Seat 2: erlis82 folded before Flop (didn't bet)
Seat 3: vero2610 folded before Flop (didn't bet)
Seat 4: luciano7266 (button) folded before Flop (didn't bet)
Seat 7: 0kDen (small blind) folded before Flop
Seat 8: givemeaaorkk (big blind) collected ($0.04)
Seat 9: Dorex2007 folded before Flop (didn't bet)



PokerStars Hand #237406005938:  Hold'em No Limit ($0.01/$0.02 USD) - 2022/07/16 20:57:24 PT [2022/07/16 23:57:24 ET]
Table 'Etamin III' 9-max Seat #7 is the button
Seat 1: dboulay1979 ($2.97 in chips) 
Seat 2: erlis82 ($1.68 in chips) 
Seat 3: vero2610 ($2.59 in chips) 
Seat 7: 0kDen ($1.04 in chips) 
Seat 8: givemeaaorkk ($4.12 in chips) 
Seat 9: Dorex2007 ($5.78 in chips) 
givemeaaorkk: posts small blind $0.01
Dorex2007: posts big blind $0.02
samurai_z79: sits out 
fuealejandro: sits out 
*** HOLE CARDS ***
Dealt to Dorex2007 [Jh 2h]
dboulay1979: folds 
erlis82: folds 
vero2610: folds 
0kDen: calls $0.02
givemeaaorkk: folds 
Dorex2007: checks 
*** FLOP *** [2c 5s 8s]
Dorex2007: checks 
0kDen: bets $0.04
Dorex2007: folds 
Uncalled bet ($0.04) returned to 0kDen
0kDen collected $0.05 from pot
*** SUMMARY ***
Total pot $0.05 | Rake $0 
Board [2c 5s 8s]
Seat 1: dboulay1979 folded before Flop (didn't bet)
Seat 2: erlis82 folded before Flop (didn't bet)
Seat 3: vero2610 folded before Flop (didn't bet)
Seat 7: 0kDen (button) collected ($0.05)
Seat 8: givemeaaorkk (small blind) folded before Flop
Seat 9: Dorex2007 (big blind) folded on the Flop



PokerStars Hand #237406008729:  Hold'em No Limit ($0.01/$0.02 USD) - 2022/07/16 20:57:47 PT [2022/07/16 23:57:47 ET]
Table 'Etamin III' 9-max Seat #8 is the button
Seat 1: dboulay1979 ($2.97 in chips) 
Seat 2: erlis82 ($1.68 in chips) 
Seat 3: vero2610 ($2.59 in chips) 
Seat 5: samurai_z79 ($1.06 in chips) 
Seat 7: 0kDen ($1.07 in chips) 
Seat 8: givemeaaorkk ($4.11 in chips) 
Seat 9: Dorex2007 ($5.76 in chips) 
Dorex2007: posts small blind $0.01
dboulay1979: posts big blind $0.02
samurai_z79: posts big blind $0.02
fuealejandro: sits out 
*** HOLE CARDS ***
Dealt to Dorex2007 [4c 5s]
erlis82: folds 
vero2610: calls $0.02
samurai_z79: checks 
0kDen: raises $0.02 to $0.04
givemeaaorkk: calls $0.04
Dorex2007: folds 
dboulay1979: folds 
vero2610: calls $0.02
samurai_z79: calls $0.02
*** FLOP *** [Ks 7c 2s]
vero2610: checks 
samurai_z79: checks 
0kDen: bets $0.09
givemeaaorkk: folds 
vero2610: calls $0.09
samurai_z79: folds 
*** TURN *** [Ks 7c 2s] [6c]
vero2610: checks 
0kDen: bets $0.20
vero2610: calls $0.20
*** RIVER *** [Ks 7c 2s 6c] [Jh]
vero2610: checks 
0kDen: checks 
*** SHOW DOWN ***
vero2610: shows [5c Kc] (a pair of Kings)
0kDen: mucks hand 
vero2610 collected $0.74 from pot
*** SUMMARY ***
Total pot $0.77 | Rake $0.03 
Board [Ks 7c 2s 6c Jh]
Seat 1: dboulay1979 (big blind) folded before Flop
Seat 2: erlis82 folded before Flop (didn't bet)
Seat 3: vero2610 showed [5c Kc] and won ($0.74) with a pair of Kings
Seat 5: samurai_z79 folded on the Flop
Seat 7: 0kDen mucked [2h Ts]
Seat 8: givemeaaorkk (button) folded on the Flop
Seat 9: Dorex2007 (small blind) folded before Flop



PokerStars Hand #237406014946:  Hold'em No Limit ($0.01/$0.02 USD) - 2022/07/16 20:58:39 PT [2022/07/16 23:58:39 ET]
Table 'Etamin III' 9-max Seat #9 is the button
Seat 1: dboulay1979 ($2.95 in chips) 
Seat 2: erlis82 ($1.68 in chips) 
Seat 3: vero2610 ($3 in chips) 
Seat 5: samurai_z79 ($1.02 in chips) 
Seat 7: 0kDen ($0.74 in chips) 
Seat 8: givemeaaorkk ($4.07 in chips) 
Seat 9: Dorex2007 ($5.75 in chips) 
dboulay1979: posts small blind $0.01
erlis82: posts big blind $0.02
fuealejandro: sits out 
*** HOLE CARDS ***
Dealt to Dorex2007 [9s 2h]
vero2610: calls $0.02
samurai_z79: calls $0.02
0kDen: raises $0.04 to $0.06
givemeaaorkk: calls $0.06
Dorex2007: folds 
dboulay1979: folds 
erlis82: calls $0.04
vero2610: calls $0.04
samurai_z79: calls $0.04
*** FLOP *** [Ks 2d 7s]
erlis82: checks 
vero2610: checks 
samurai_z79: checks 
0kDen: checks 
givemeaaorkk: bets $0.15
erlis82: folds 
vero2610: calls $0.15
samurai_z79: folds 
0kDen: folds 
*** TURN *** [Ks 2d 7s] [2s]
vero2610: checks 
givemeaaorkk: checks 
*** RIVER *** [Ks 2d 7s 2s] [3h]
vero2610: checks 
givemeaaorkk: checks 
*** SHOW DOWN ***
vero2610: shows [Kh Qs] (two pair, Kings and Deuces)
givemeaaorkk: mucks hand 
vero2610 collected $0.59 from pot
*** SUMMARY ***
Total pot $0.61 | Rake $0.02 
Board [Ks 2d 7s 2s 3h]
Seat 1: dboulay1979 (small blind) folded before Flop
Seat 2: erlis82 (big blind) folded on the Flop
Seat 3: vero2610 showed [Kh Qs] and won ($0.59) with two pair, Kings and Deuces
Seat 5: samurai_z79 folded on the Flop
Seat 7: 0kDen folded on the Flop
Seat 8: givemeaaorkk mucked [Ts Td]
Seat 9: Dorex2007 (button) folded before Flop (didn't bet)



PokerStars Hand #237406023419:  Hold'em No Limit ($0.01/$0.02 USD) - 2022/07/16 20:59:52 PT [2022/07/16 23:59:52 ET]
Table 'Etamin III' 9-max Seat #1 is the button
Seat 1: dboulay1979 ($2.94 in chips) 
Seat 2: erlis82 ($1.62 in chips) 
Seat 3: vero2610 ($3.38 in chips) 
Seat 5: samurai_z79 ($0.96 in chips) 
Seat 7: 0kDen ($0.68 in chips) 
Seat 8: givemeaaorkk ($3.86 in chips) 
Seat 9: Dorex2007 ($5.75 in chips) 
erlis82: posts small blind $0.01
vero2610: posts big blind $0.02
fuealejandro: sits out 
*** HOLE CARDS ***
Dealt to Dorex2007 [2c 3h]
samurai_z79: folds 
0kDen: raises $0.04 to $0.06
givemeaaorkk: folds 
Dorex2007: folds 
dboulay1979: folds 
erlis82: folds 
vero2610: calls $0.04
*** FLOP *** [6h Ad 7d]
vero2610: checks 
0kDen: bets $0.13
vero2610: raises $0.13 to $0.26
0kDen: raises $0.13 to $0.39
vero2610: raises $0.13 to $0.52
0kDen: raises $0.10 to $0.62 and is all-in
vero2610: calls $0.10
*** TURN *** [6h Ad 7d] [Td]
*** RIVER *** [6h Ad 7d Td] [6c]
*** SHOW DOWN ***
vero2610: shows [7s 7c] (a full house, Sevens full of Sixes)
0kDen: shows [Qc Tc] (two pair, Tens and Sixes)
vero2610 collected $1.32 from pot
*** SUMMARY ***
Total pot $1.37 | Rake $0.05 
Board [6h Ad 7d Td 6c]
Seat 1: dboulay1979 (button) folded before Flop (didn't bet)
Seat 2: erlis82 (small blind) folded before Flop
Seat 3: vero2610 (big blind) showed [7s 7c] and won ($1.32) with a full house, Sevens full of Sixes
Seat 5: samurai_z79 folded before Flop (didn't bet)
Seat 7: 0kDen showed [Qc Tc] and lost with two pair, Tens and Sixes
Seat 8: givemeaaorkk folded before Flop (didn't bet)
Seat 9: Dorex2007 folded before Flop (didn't bet)



