PokerStars Hand #237494594051:  Hold'em No Limit ($0.01/$0.02 USD) - 2022/07/21 9:20:47 PT [2022/07/21 12:20:47 ET]
Table 'Xenia' 9-max Seat #4 is the button
Seat 1: El Cocasmx ($7.57 in chips) 
Seat 2: Dorex2007 ($2 in chips) 
Seat 3: bubutos69 ($2 in chips) 
Seat 4: jasia1943 ($1.95 in chips) 
Seat 5: gambitl1 ($1.90 in chips) 
Seat 6: harbaka ($0.80 in chips) 
Seat 7: SHARK3301 ($0.70 in chips) 
Seat 8: beatlepool ($1.08 in chips) 
Seat 9: K!lr4y ($2.41 in chips) 
gambitl1: posts small blind $0.01
harbaka: posts big blind $0.02
Dorex2007: posts big blind $0.02
*** HOLE CARDS ***
Dealt to Dorex2007 [Js Ad]
SHARK3301: folds 
beatlepool: folds 
K!lr4y: folds 
El Cocasmx: raises $0.04 to $0.06
Dorex2007: calls $0.04
bubutos69: folds 
jasia1943: folds 
gambitl1: folds 
harbaka: folds 
*** FLOP *** [5h 8h 7s]
El Cocasmx: bets $0.14
Dorex2007: folds 
Uncalled bet ($0.14) returned to El Cocasmx
El Cocasmx collected $0.14 from pot
*** SUMMARY ***
Total pot $0.15 | Rake $0.01 
Board [5h 8h 7s]
Seat 1: El Cocasmx collected ($0.14)
Seat 2: Dorex2007 folded on the Flop
Seat 3: bubutos69 folded before Flop (didn't bet)
Seat 4: jasia1943 (button) folded before Flop (didn't bet)
Seat 5: gambitl1 (small blind) folded before Flop
Seat 6: harbaka (big blind) folded before Flop
Seat 7: SHARK3301 folded before Flop (didn't bet)
Seat 8: beatlepool folded before Flop (didn't bet)
Seat 9: K!lr4y folded before Flop (didn't bet)



PokerStars Hand #237494607768:  Hold'em No Limit ($0.01/$0.02 USD) - 2022/07/21 9:21:31 PT [2022/07/21 12:21:31 ET]
Table 'Xenia' 9-max Seat #5 is the button
Seat 1: El Cocasmx ($7.65 in chips) 
Seat 2: Dorex2007 ($2 in chips) 
Seat 3: bubutos69 ($2 in chips) 
Seat 4: jasia1943 ($1.95 in chips) 
Seat 5: gambitl1 ($1.89 in chips) 
Seat 6: harbaka ($0.78 in chips) 
Seat 7: SHARK3301 ($0.70 in chips) 
Seat 8: beatlepool ($1.08 in chips) 
Seat 9: K!lr4y ($2.41 in chips) 
harbaka: posts small blind $0.01
SHARK3301: posts big blind $0.02
*** HOLE CARDS ***
Dealt to Dorex2007 [2s 2c]
beatlepool: folds 
K!lr4y: folds 
El Cocasmx: calls $0.02
Dorex2007: calls $0.02
bubutos69: raises $0.10 to $0.12
jasia1943: folds 
gambitl1: folds 
harbaka: folds 
SHARK3301: calls $0.10
El Cocasmx: calls $0.10
Dorex2007: folds 
*** FLOP *** [Qc Kh 6h]
SHARK3301: checks 
El Cocasmx: checks 
bubutos69: bets $0.16
SHARK3301: folds 
El Cocasmx: folds 
Uncalled bet ($0.16) returned to bubutos69
bubutos69 collected $0.38 from pot
*** SUMMARY ***
Total pot $0.39 | Rake $0.01 
Board [Qc Kh 6h]
Seat 1: El Cocasmx folded on the Flop
Seat 2: Dorex2007 folded before Flop
Seat 3: bubutos69 collected ($0.38)
Seat 4: jasia1943 folded before Flop (didn't bet)
Seat 5: gambitl1 (button) folded before Flop (didn't bet)
Seat 6: harbaka (small blind) folded before Flop
Seat 7: SHARK3301 (big blind) folded on the Flop
Seat 8: beatlepool folded before Flop (didn't bet)
Seat 9: K!lr4y folded before Flop (didn't bet)



PokerStars Hand #237494622473:  Hold'em No Limit ($0.01/$0.02 USD) - 2022/07/21 9:22:18 PT [2022/07/21 12:22:18 ET]
Table 'Xenia' 9-max Seat #6 is the button
Seat 1: El Cocasmx ($7.53 in chips) 
Seat 2: Dorex2007 ($2 in chips) 
Seat 3: bubutos69 ($2.26 in chips) 
Seat 4: jasia1943 ($1.95 in chips) 
Seat 5: gambitl1 ($1.89 in chips) 
Seat 6: harbaka ($0.77 in chips) 
Seat 7: SHARK3301 ($0.58 in chips) 
Seat 8: beatlepool ($1.08 in chips) 
Seat 9: K!lr4y ($2.41 in chips) 
SHARK3301: posts small blind $0.01
beatlepool: posts big blind $0.02
*** HOLE CARDS ***
Dealt to Dorex2007 [4c Qd]
K!lr4y: folds 
El Cocasmx: calls $0.02
Dorex2007: folds 
bubutos69: raises $0.04 to $0.06
jasia1943: folds 
gambitl1: folds 
harbaka: folds 
SHARK3301: folds 
beatlepool: folds 
El Cocasmx: calls $0.04
*** FLOP *** [Qs 8s Th]
El Cocasmx: checks 
bubutos69: bets $0.07
El Cocasmx: folds 
Uncalled bet ($0.07) returned to bubutos69
bubutos69 collected $0.14 from pot
*** SUMMARY ***
Total pot $0.15 | Rake $0.01 
Board [Qs 8s Th]
Seat 1: El Cocasmx folded on the Flop
Seat 2: Dorex2007 folded before Flop (didn't bet)
Seat 3: bubutos69 collected ($0.14)
Seat 4: jasia1943 folded before Flop (didn't bet)
Seat 5: gambitl1 folded before Flop (didn't bet)
Seat 6: harbaka (button) folded before Flop (didn't bet)
Seat 7: SHARK3301 (small blind) folded before Flop
Seat 8: beatlepool (big blind) folded before Flop
Seat 9: K!lr4y folded before Flop (didn't bet)



PokerStars Hand #237494637187:  Hold'em No Limit ($0.01/$0.02 USD) - 2022/07/21 9:23:06 PT [2022/07/21 12:23:06 ET]
Table 'Xenia' 9-max Seat #7 is the button
Seat 1: El Cocasmx ($7.47 in chips) 
Seat 2: Dorex2007 ($2 in chips) 
Seat 3: bubutos69 ($2.34 in chips) 
Seat 4: jasia1943 ($1.95 in chips) 
Seat 5: gambitl1 ($1.89 in chips) 
Seat 6: harbaka ($0.77 in chips) 
Seat 7: SHARK3301 ($0.57 in chips) 
Seat 8: beatlepool ($1.06 in chips) 
Seat 9: K!lr4y ($2.41 in chips) 
beatlepool: posts small blind $0.01
K!lr4y: posts big blind $0.02
*** HOLE CARDS ***
Dealt to Dorex2007 [Ks Ac]
El Cocasmx: calls $0.02
Dorex2007: raises $0.04 to $0.06
bubutos69: calls $0.06
jasia1943: folds 
gambitl1: folds 
harbaka: folds 
SHARK3301: folds 
beatlepool: folds 
K!lr4y: raises $0.12 to $0.18
El Cocasmx: calls $0.16
Dorex2007: calls $0.12
bubutos69: calls $0.12
*** FLOP *** [3h 6s 5d]
K!lr4y: bets $0.70
El Cocasmx: folds 
Dorex2007: folds 
bubutos69: folds 
Uncalled bet ($0.70) returned to K!lr4y
K!lr4y collected $0.69 from pot
*** SUMMARY ***
Total pot $0.73 | Rake $0.04 
Board [3h 6s 5d]
Seat 1: El Cocasmx folded on the Flop
Seat 2: Dorex2007 folded on the Flop
Seat 3: bubutos69 folded on the Flop
Seat 4: jasia1943 folded before Flop (didn't bet)
Seat 5: gambitl1 folded before Flop (didn't bet)
Seat 6: harbaka folded before Flop (didn't bet)
Seat 7: SHARK3301 (button) folded before Flop (didn't bet)
Seat 8: beatlepool (small blind) folded before Flop
Seat 9: K!lr4y (big blind) collected ($0.69)



