PokerStars Hand #225787582496:  Hold'em No Limit ($0.01/$0.02 USD) - 2021/04/12 19:20:15 PT [2021/04/12 22:20:15 ET]
Table 'Botein III' 9-max Seat #2 is the button
Seat 1: Dorex2007 ($1.50 in chips) 
Seat 2: vasmit ($2 in chips) 
Seat 3: haris62 ($2.09 in chips) 
Seat 4: Dav1d010 ($2.26 in chips) 
Seat 5: Redmag666 ($4.91 in chips) 
Seat 6: cberto09 ($2 in chips) 
Seat 7: fdsstail ($2.04 in chips) 
Seat 8: vagoneta16 ($3.42 in chips) 
Seat 9: MistopherWB ($1.96 in chips) 
haris62: posts small blind $0.01
Dav1d010: posts big blind $0.02
Dorex2007: posts big blind $0.02
*** HOLE CARDS ***
Dealt to Dorex2007 [3d 6c]
Redmag666: folds 
cberto09: folds 
fdsstail: folds 
vagoneta16: folds 
MistopherWB: folds 
Dorex2007: checks 
vasmit: folds 
haris62: calls $0.01
Dav1d010: checks 
*** FLOP *** [7d Js Ts]
fdsstail leaves the table
haris62: checks 
Dav1d010: checks 
Dorex2007: checks 
*** TURN *** [7d Js Ts] [7h]
haris62: checks 
Dav1d010: checks 
Dorex2007: checks 
*** RIVER *** [7d Js Ts 7h] [5h]
haris62: checks 
Dav1d010: checks 
Dorex2007: bets $0.02
haris62: folds 
Dav1d010: folds 
Uncalled bet ($0.02) returned to Dorex2007
Dorex2007 collected $0.06 from pot
Dorex2007: doesn't show hand 
*** SUMMARY ***
Total pot $0.06 | Rake $0 
Board [7d Js Ts 7h 5h]
Seat 1: Dorex2007 collected ($0.06)
Seat 2: vasmit (button) folded before Flop (didn't bet)
Seat 3: haris62 (small blind) folded on the River
Seat 4: Dav1d010 (big blind) folded on the River
Seat 5: Redmag666 folded before Flop (didn't bet)
Seat 6: cberto09 folded before Flop (didn't bet)
Seat 7: fdsstail folded before Flop (didn't bet)
Seat 8: vagoneta16 folded before Flop (didn't bet)
Seat 9: MistopherWB folded before Flop (didn't bet)



PokerStars Hand #225787604419:  Hold'em No Limit ($0.01/$0.02 USD) - 2021/04/12 19:21:38 PT [2021/04/12 22:21:38 ET]
Table 'Botein III' 9-max Seat #3 is the button
Seat 1: Dorex2007 ($1.54 in chips) 
Seat 2: vasmit ($2 in chips) 
Seat 3: haris62 ($2.07 in chips) 
Seat 4: Dav1d010 ($2.24 in chips) 
Seat 5: Redmag666 ($4.91 in chips) 
Seat 6: cberto09 ($2 in chips) 
Seat 8: vagoneta16 ($3.42 in chips) 
Seat 9: MistopherWB ($1.96 in chips) 
Dav1d010: posts small blind $0.01
Redmag666: posts big blind $0.02
*** HOLE CARDS ***
Dealt to Dorex2007 [8s Th]
cberto09: raises $0.04 to $0.06
vagoneta16: folds 
MistopherWB: folds 
Dorex2007: folds 
vasmit: calls $0.06
haris62: folds 
Dav1d010: folds 
Redmag666: folds 
*** FLOP *** [Qd 8d Qh]
cberto09: bets $0.05
vasmit: raises $0.07 to $0.12
cberto09: folds 
Uncalled bet ($0.07) returned to vasmit
vasmit collected $0.24 from pot
vasmit: doesn't show hand 
*** SUMMARY ***
Total pot $0.25 | Rake $0.01 
Board [Qd 8d Qh]
Seat 1: Dorex2007 folded before Flop (didn't bet)
Seat 2: vasmit collected ($0.24)
Seat 3: haris62 (button) folded before Flop (didn't bet)
Seat 4: Dav1d010 (small blind) folded before Flop
Seat 5: Redmag666 (big blind) folded before Flop
Seat 6: cberto09 folded on the Flop
Seat 8: vagoneta16 folded before Flop (didn't bet)
Seat 9: MistopherWB folded before Flop (didn't bet)



PokerStars Hand #225787615990:  Hold'em No Limit ($0.01/$0.02 USD) - 2021/04/12 19:22:22 PT [2021/04/12 22:22:22 ET]
Table 'Botein III' 9-max Seat #4 is the button
Seat 1: Dorex2007 ($1.54 in chips) 
Seat 2: vasmit ($2.13 in chips) 
Seat 3: haris62 ($2.07 in chips) 
Seat 4: Dav1d010 ($2.23 in chips) 
Seat 5: Redmag666 ($4.89 in chips) 
Seat 6: cberto09 ($2 in chips) 
Seat 8: vagoneta16 ($3.42 in chips) 
Seat 9: MistopherWB ($1.96 in chips) 
Redmag666: posts small blind $0.01
cberto09: posts big blind $0.02
*** HOLE CARDS ***
Dealt to Dorex2007 [5c 3h]
vagoneta16: raises $0.04 to $0.06
MistopherWB: folds 
Dorex2007: folds 
vasmit: folds 
GasLighter316 joins the table at seat #7 
haris62: raises $0.15 to $0.21
Dav1d010: calls $0.21
Redmag666: folds 
cberto09: folds 
vagoneta16: calls $0.15
*** FLOP *** [6s 3c 9h]
vagoneta16: checks 
haris62: bets $1.86 and is all-in
Dav1d010: folds 
vagoneta16: calls $1.86
*** TURN *** [6s 3c 9h] [Ah]
*** RIVER *** [6s 3c 9h Ah] [9s]
*** SHOW DOWN ***
vagoneta16: shows [Qh Qc] (two pair, Queens and Nines)
haris62: shows [9d As] (a full house, Nines full of Aces)
haris62 collected $4.23 from pot
*** SUMMARY ***
Total pot $4.38 | Rake $0.15 
Board [6s 3c 9h Ah 9s]
Seat 1: Dorex2007 folded before Flop (didn't bet)
Seat 2: vasmit folded before Flop (didn't bet)
Seat 3: haris62 showed [9d As] and won ($4.23) with a full house, Nines full of Aces
Seat 4: Dav1d010 (button) folded on the Flop
Seat 5: Redmag666 (small blind) folded before Flop
Seat 6: cberto09 (big blind) folded before Flop
Seat 8: vagoneta16 showed [Qh Qc] and lost with two pair, Queens and Nines
Seat 9: MistopherWB folded before Flop (didn't bet)



PokerStars Hand #225787634605:  Hold'em No Limit ($0.01/$0.02 USD) - 2021/04/12 19:23:34 PT [2021/04/12 22:23:34 ET]
Table 'Botein III' 9-max Seat #5 is the button
Seat 1: Dorex2007 ($1.54 in chips) 
Seat 2: vasmit ($2.13 in chips) 
Seat 3: haris62 ($4.23 in chips) 
Seat 4: Dav1d010 ($2.02 in chips) 
Seat 5: Redmag666 ($4.88 in chips) 
Seat 6: cberto09 ($2 in chips) 
Seat 7: GasLighter316 ($1.60 in chips) 
Seat 8: vagoneta16 ($1.35 in chips) 
Seat 9: MistopherWB ($1.96 in chips) 
cberto09: posts small blind $0.01
GasLighter316: posts big blind $0.02
*** HOLE CARDS ***
Dealt to Dorex2007 [5d Jc]
vagoneta16: folds 
MistopherWB: folds 
Dorex2007: folds 
vasmit: folds 
haris62: folds 
Dav1d010: folds 
Redmag666: folds 
cberto09: raises $0.04 to $0.06
GasLighter316: folds 
Uncalled bet ($0.04) returned to cberto09
cberto09 collected $0.04 from pot
cberto09: doesn't show hand 
*** SUMMARY ***
Total pot $0.04 | Rake $0 
Seat 1: Dorex2007 folded before Flop (didn't bet)
Seat 2: vasmit folded before Flop (didn't bet)
Seat 3: haris62 folded before Flop (didn't bet)
Seat 4: Dav1d010 folded before Flop (didn't bet)
Seat 5: Redmag666 (button) folded before Flop (didn't bet)
Seat 6: cberto09 (small blind) collected ($0.04)
Seat 7: GasLighter316 (big blind) folded before Flop
Seat 8: vagoneta16 folded before Flop (didn't bet)
Seat 9: MistopherWB folded before Flop (didn't bet)



PokerStars Hand #225787643572:  Hold'em No Limit ($0.01/$0.02 USD) - 2021/04/12 19:23:59 PT [2021/04/12 22:23:59 ET]
Table 'Botein III' 9-max Seat #6 is the button
Seat 1: Dorex2007 ($1.54 in chips) 
Seat 2: vasmit ($2.13 in chips) 
Seat 3: haris62 ($4.23 in chips) 
Seat 4: Dav1d010 ($2.02 in chips) 
Seat 5: Redmag666 ($4.88 in chips) 
Seat 6: cberto09 ($2.02 in chips) 
Seat 7: GasLighter316 ($1.58 in chips) 
Seat 8: vagoneta16 ($1.35 in chips) 
Seat 9: MistopherWB ($1.96 in chips) 
GasLighter316: posts small blind $0.01
vagoneta16: posts big blind $0.02
*** HOLE CARDS ***
Dealt to Dorex2007 [2h 8s]
MistopherWB: raises $0.04 to $0.06
Dorex2007: folds 
vasmit: folds 
haris62: calls $0.06
Dav1d010: folds 
Redmag666: folds 
cberto09: calls $0.06
GasLighter316: calls $0.05
vagoneta16: folds 
*** FLOP *** [8h 6h Jd]
GasLighter316: checks 
MistopherWB: checks 
haris62: checks 
cberto09: bets $0.13
GasLighter316: folds 
MistopherWB: calls $0.13
haris62: folds 
*** TURN *** [8h 6h Jd] [6c]
MistopherWB: checks 
cberto09: bets $0.18
MistopherWB: calls $0.18
*** RIVER *** [8h 6h Jd 6c] [5d]
MistopherWB: checks 
cberto09: checks 
*** SHOW DOWN ***
MistopherWB: shows [Qc Tc] (a pair of Sixes)
cberto09: shows [Qd Js] (two pair, Jacks and Sixes)
cberto09 collected $0.85 from pot
*** SUMMARY ***
Total pot $0.88 | Rake $0.03 
Board [8h 6h Jd 6c 5d]
Seat 1: Dorex2007 folded before Flop (didn't bet)
Seat 2: vasmit folded before Flop (didn't bet)
Seat 3: haris62 folded on the Flop
Seat 4: Dav1d010 folded before Flop (didn't bet)
Seat 5: Redmag666 folded before Flop (didn't bet)
Seat 6: cberto09 (button) showed [Qd Js] and won ($0.85) with two pair, Jacks and Sixes
Seat 7: GasLighter316 (small blind) folded on the Flop
Seat 8: vagoneta16 (big blind) folded before Flop
Seat 9: MistopherWB showed [Qc Tc] and lost with a pair of Sixes



PokerStars Hand #225787682385:  Hold'em No Limit ($0.01/$0.02 USD) - 2021/04/12 19:25:50 PT [2021/04/12 22:25:50 ET]
Table 'Botein III' 9-max Seat #7 is the button
Seat 1: Dorex2007 ($1.54 in chips) 
Seat 2: vasmit ($2.13 in chips) 
Seat 3: haris62 ($4.17 in chips) 
Seat 4: Dav1d010 ($2.02 in chips) 
Seat 5: Redmag666 ($4.88 in chips) 
Seat 6: cberto09 ($2.50 in chips) 
Seat 7: GasLighter316 ($1.52 in chips) 
Seat 8: vagoneta16 ($1.33 in chips) 
Seat 9: MistopherWB ($1.59 in chips) 
vagoneta16: posts small blind $0.01
MistopherWB: posts big blind $0.02
*** HOLE CARDS ***
Dealt to Dorex2007 [Kh Ah]
Dorex2007: raises $0.04 to $0.06
vasmit has timed out
vasmit: folds 
haris62: raises $0.04 to $0.10
Dav1d010: folds 
Redmag666: folds 
cberto09: folds 
GasLighter316: calls $0.10
vagoneta16: folds 
MistopherWB: folds 
Dorex2007: raises $0.30 to $0.40
haris62: calls $0.30
GasLighter316: calls $0.30
*** FLOP *** [Qc Js 5c]
Dorex2007: bets $1.14 and is all-in
haris62: calls $1.14
GasLighter316: calls $1.12 and is all-in
haris62 has timed out
*** TURN *** [Qc Js 5c] [6s]
*** RIVER *** [Qc Js 5c 6s] [Ac]
*** SHOW DOWN ***
Dorex2007: shows [Kh Ah] (a pair of Aces)
haris62: shows [Th Jc] (a pair of Jacks)
Dorex2007 collected $0.04 from side pot
GasLighter316: shows [Ks Qs] (a pair of Queens)
Dorex2007 collected $4.43 from main pot
*** SUMMARY ***
Total pot $4.63 Main pot $4.43. Side pot $0.04. | Rake $0.16 
Board [Qc Js 5c 6s Ac]
Seat 1: Dorex2007 showed [Kh Ah] and won ($4.47) with a pair of Aces
Seat 2: vasmit folded before Flop (didn't bet)
Seat 3: haris62 showed [Th Jc] and lost with a pair of Jacks
Seat 4: Dav1d010 folded before Flop (didn't bet)
Seat 5: Redmag666 folded before Flop (didn't bet)
Seat 6: cberto09 folded before Flop (didn't bet)
Seat 7: GasLighter316 (button) showed [Ks Qs] and lost with a pair of Queens
Seat 8: vagoneta16 (small blind) folded before Flop
Seat 9: MistopherWB (big blind) folded before Flop



PokerStars Hand #225787710360:  Hold'em No Limit ($0.01/$0.02 USD) - 2021/04/12 19:27:37 PT [2021/04/12 22:27:37 ET]
Table 'Botein III' 9-max Seat #8 is the button
Seat 1: Dorex2007 ($4.47 in chips) 
Seat 3: haris62 ($2.63 in chips) 
Seat 4: Dav1d010 ($2.02 in chips) 
Seat 5: Redmag666 ($4.88 in chips) 
Seat 6: cberto09 ($2.50 in chips) 
Seat 8: vagoneta16 ($1.32 in chips) 
Seat 9: MistopherWB ($1.57 in chips) 
MistopherWB: posts small blind $0.01
Dorex2007: posts big blind $0.02
*** HOLE CARDS ***
Dealt to Dorex2007 [4s 3c]
haris62 has timed out
haris62: folds 
Dav1d010: folds 
Redmag666: folds 
cberto09: raises $0.04 to $0.06
vagoneta16: calls $0.06
MistopherWB: folds 
Dorex2007: folds 
*** FLOP *** [Td 6d 3s]
cberto09: checks 
vagoneta16: bets $0.07
cberto09: folds 
Uncalled bet ($0.07) returned to vagoneta16
vagoneta16 said, "que pescado hijo de puta. y a mi me pelan..."
vagoneta16 collected $0.14 from pot
vagoneta16: doesn't show hand 
*** SUMMARY ***
Total pot $0.15 | Rake $0.01 
Board [Td 6d 3s]
Seat 1: Dorex2007 (big blind) folded before Flop
Seat 3: haris62 folded before Flop (didn't bet)
Seat 4: Dav1d010 folded before Flop (didn't bet)
Seat 5: Redmag666 folded before Flop (didn't bet)
Seat 6: cberto09 folded on the Flop
Seat 8: vagoneta16 (button) collected ($0.14)
Seat 9: MistopherWB (small blind) folded before Flop



PokerStars Hand #225787731329:  Hold'em No Limit ($0.01/$0.02 USD) - 2021/04/12 19:28:21 PT [2021/04/12 22:28:21 ET]
Table 'Botein III' 9-max Seat #9 is the button
Seat 1: Dorex2007 ($4.45 in chips) 
Seat 5: Redmag666 ($4.88 in chips) 
Seat 6: cberto09 ($2.44 in chips) 
Seat 7: GasLighter316 ($2 in chips) 
Seat 8: vagoneta16 ($1.40 in chips) 
Seat 9: MistopherWB ($1.56 in chips) 
Dorex2007: posts small blind $0.01
Dav1d010: is sitting out 
Redmag666: posts big blind $0.02
*** HOLE CARDS ***
Dealt to Dorex2007 [7c 9d]
haris62 is disconnected 
cberto09: folds 
GasLighter316 said, "well done Dorex"
GasLighter316: calls $0.02
Dav1d010 leaves the table
vagoneta16: folds 
Dorex2007 said, "it was luck. ;)  it was dumb going all in wiht nothing"
MistopherWB: raises $0.06 to $0.08
vagoneta16 said, "me las sacan a mi y las reparten en la mesa. increíble "
Dorex2007: folds 
Redmag666: folds 
GasLighter316: calls $0.06
*** FLOP *** [Td Ks 9h]
GasLighter316: bets $0.02
MistopherWB: raises $0.08 to $0.10
GasLighter316: calls $0.08
*** TURN *** [Td Ks 9h] [5d]
GasLighter316: bets $0.38
MistopherWB: folds 
Uncalled bet ($0.38) returned to GasLighter316
GasLighter316 collected $0.38 from pot
GasLighter316: doesn't show hand 
*** SUMMARY ***
Total pot $0.39 | Rake $0.01 
Board [Td Ks 9h 5d]
Seat 1: Dorex2007 (small blind) folded before Flop
Seat 5: Redmag666 (big blind) folded before Flop
Seat 6: cberto09 folded before Flop (didn't bet)
Seat 7: GasLighter316 collected ($0.38)
Seat 8: vagoneta16 folded before Flop (didn't bet)
Seat 9: MistopherWB (button) folded on the Turn



PokerStars Hand #225787751552:  Hold'em No Limit ($0.01/$0.02 USD) - 2021/04/12 19:29:40 PT [2021/04/12 22:29:40 ET]
Table 'Botein III' 9-max Seat #1 is the button
Seat 1: Dorex2007 ($4.44 in chips) 
Seat 5: Redmag666 ($4.86 in chips) 
Seat 6: cberto09 ($2.44 in chips) 
Seat 7: GasLighter316 ($2.20 in chips) 
Seat 8: vagoneta16 ($1.40 in chips) 
Seat 9: MistopherWB ($1.38 in chips) 
Redmag666: posts small blind $0.01
cberto09: posts big blind $0.02
*** HOLE CARDS ***
Dealt to Dorex2007 [Kc 5d]
GasLighter316: calls $0.02
vagoneta16: raises $0.06 to $0.08
MistopherWB: folds 
MistopherWB leaves the table
Dorex2007: folds 
Redmag666: folds 
cberto09: folds 
GasLighter316: calls $0.06
*** FLOP *** [Qd 4c Td]
GasLighter316: checks 
vagoneta16: checks 
*** TURN *** [Qd 4c Td] [2s]
GasLighter316: bets $0.02
vagoneta16: calls $0.02
*** RIVER *** [Qd 4c Td 2s] [Qh]
GasLighter316: checks 
vagoneta16: checks 
*** SHOW DOWN ***
GasLighter316: shows [Ts 7h] (two pair, Queens and Tens)
vagoneta16: mucks hand 
GasLighter316 collected $0.22 from pot
*** SUMMARY ***
Total pot $0.23 | Rake $0.01 
Board [Qd 4c Td 2s Qh]
Seat 1: Dorex2007 (button) folded before Flop (didn't bet)
Seat 5: Redmag666 (small blind) folded before Flop
Seat 6: cberto09 (big blind) folded before Flop
Seat 7: GasLighter316 showed [Ts 7h] and won ($0.22) with two pair, Queens and Tens
Seat 8: vagoneta16 mucked [Ah Jh]
Seat 9: MistopherWB folded before Flop (didn't bet)



PokerStars Hand #225787763564:  Hold'em No Limit ($0.01/$0.02 USD) - 2021/04/12 19:30:27 PT [2021/04/12 22:30:27 ET]
Table 'Botein III' 9-max Seat #5 is the button
Seat 1: Dorex2007 ($4.44 in chips) 
Seat 5: Redmag666 ($4.85 in chips) 
Seat 6: cberto09 ($2.42 in chips) 
Seat 7: GasLighter316 ($2.32 in chips) 
Seat 8: vagoneta16 ($1.30 in chips) 
cberto09: posts small blind $0.01
GasLighter316: posts big blind $0.02
*** HOLE CARDS ***
Dealt to Dorex2007 [Jh Ts]
vagoneta16: raises $0.04 to $0.06
vagoneta16 said, "...."
Dorex2007: folds 
Redmag666: folds 
cberto09: folds 
GasLighter316: calls $0.04
*** FLOP *** [6c Ks 3h]
GasLighter316: checks 
vagoneta16: bets $0.06
GasLighter316: folds 
Uncalled bet ($0.06) returned to vagoneta16
vagoneta16 collected $0.13 from pot
vagoneta16: doesn't show hand 
*** SUMMARY ***
Total pot $0.13 | Rake $0 
Board [6c Ks 3h]
Seat 1: Dorex2007 folded before Flop (didn't bet)
Seat 5: Redmag666 (button) folded before Flop (didn't bet)
Seat 6: cberto09 (small blind) folded before Flop
Seat 7: GasLighter316 (big blind) folded on the Flop
Seat 8: vagoneta16 collected ($0.13)



PokerStars Hand #225787772562:  Hold'em No Limit ($0.01/$0.02 USD) - 2021/04/12 19:31:03 PT [2021/04/12 22:31:03 ET]
Table 'Botein III' 9-max Seat #6 is the button
Seat 1: Dorex2007 ($4.44 in chips) 
Seat 5: Redmag666 ($4.85 in chips) 
Seat 6: cberto09 ($2.41 in chips) 
Seat 7: GasLighter316 ($2.26 in chips) 
Seat 8: vagoneta16 ($1.37 in chips) 
GasLighter316: posts small blind $0.01
vagoneta16: posts big blind $0.02
vasmit: sits out 
haris62: sits out 
*** HOLE CARDS ***
Dealt to Dorex2007 [Tc 6c]
Dorex2007: folds 
Redmag666: folds 
cberto09: folds 
GasLighter316: calls $0.01
vagoneta16: checks 
*** FLOP *** [2d 4c Jd]
haris62 leaves the table
GasLighter316: checks 
vagoneta16: checks 
*** TURN *** [2d 4c Jd] [6d]
GasLighter316: checks 
vagoneta16: checks 
*** RIVER *** [2d 4c Jd 6d] [8c]
GasLighter316: checks 
vagoneta16: checks 
*** SHOW DOWN ***
GasLighter316: shows [Qs 5h] (high card Queen)
vagoneta16: shows [7c Ks] (high card King)
zhendos989 joins the table at seat #3 
vagoneta16 collected $0.04 from pot
*** SUMMARY ***
Total pot $0.04 | Rake $0 
Board [2d 4c Jd 6d 8c]
Seat 1: Dorex2007 folded before Flop (didn't bet)
Seat 5: Redmag666 folded before Flop (didn't bet)
Seat 6: cberto09 (button) folded before Flop (didn't bet)
Seat 7: GasLighter316 (small blind) showed [Qs 5h] and lost with high card Queen
Seat 8: vagoneta16 (big blind) showed [7c Ks] and won ($0.04) with high card King



PokerStars Hand #225787781329:  Hold'em No Limit ($0.01/$0.02 USD) - 2021/04/12 19:31:38 PT [2021/04/12 22:31:38 ET]
Table 'Botein III' 9-max Seat #7 is the button
Seat 1: Dorex2007 ($4.44 in chips) 
Seat 5: Redmag666 ($4.85 in chips) 
Seat 6: cberto09 ($2.41 in chips) 
Seat 7: GasLighter316 ($2.24 in chips) 
Seat 8: vagoneta16 ($1.39 in chips) 
vagoneta16: posts small blind $0.01
Dorex2007: posts big blind $0.02
vasmit: sits out 
zhendos989: sits out 
*** HOLE CARDS ***
Dealt to Dorex2007 [5s Th]
Redmag666: folds 
DIMON 1514 joins the table at seat #4 
cberto09: folds 
GasLighter316: calls $0.02
vagoneta16: calls $0.01
Dorex2007: checks 
*** FLOP *** [2c Js Ah]
vagoneta16: checks 
Dorex2007: checks 
GasLighter316: checks 
*** TURN *** [2c Js Ah] [Qd]
TaseevoInva joins the table at seat #9 
vagoneta16: checks 
Dorex2007: checks 
GasLighter316: checks 
*** RIVER *** [2c Js Ah Qd] [2s]
vagoneta16: bets $0.03
Dorex2007: folds 
GasLighter316: folds 
Uncalled bet ($0.03) returned to vagoneta16
vagoneta16 collected $0.06 from pot
vagoneta16: doesn't show hand 
*** SUMMARY ***
Total pot $0.06 | Rake $0 
Board [2c Js Ah Qd 2s]
Seat 1: Dorex2007 (big blind) folded on the River
Seat 5: Redmag666 folded before Flop (didn't bet)
Seat 6: cberto09 folded before Flop (didn't bet)
Seat 7: GasLighter316 (button) folded on the River
Seat 8: vagoneta16 (small blind) collected ($0.06)



PokerStars Hand #225787798312:  Hold'em No Limit ($0.01/$0.02 USD) - 2021/04/12 19:32:45 PT [2021/04/12 22:32:45 ET]
Table 'Botein III' 9-max Seat #8 is the button
Seat 1: Dorex2007 ($4.42 in chips) 
Seat 2: vasmit ($2.13 in chips) 
Seat 5: Redmag666 ($4.85 in chips) 
Seat 6: cberto09 ($2.41 in chips) 
Seat 7: GasLighter316 ($2.22 in chips) 
Seat 8: vagoneta16 ($1.43 in chips) 
Dorex2007: posts small blind $0.01
vasmit: posts big blind $0.02
zhendos989: sits out 
DIMON 1514: sits out 
*** HOLE CARDS ***
Dealt to Dorex2007 [Jc Jd]
Redmag666: folds 
cberto09: folds 
GasLighter316: calls $0.02
vagoneta16: folds 
Dorex2007: raises $0.04 to $0.06
vasmit: folds 
GasLighter316: calls $0.04
*** FLOP *** [5h 6s Qd]
Dorex2007: bets $0.09
GasLighter316: folds 
Uncalled bet ($0.09) returned to Dorex2007
Dorex2007 collected $0.14 from pot
Dorex2007: doesn't show hand 
*** SUMMARY ***
Total pot $0.14 | Rake $0 
Board [5h 6s Qd]
Seat 1: Dorex2007 (small blind) collected ($0.14)
Seat 2: vasmit (big blind) folded before Flop
Seat 5: Redmag666 folded before Flop (didn't bet)
Seat 6: cberto09 folded before Flop (didn't bet)
Seat 7: GasLighter316 folded on the Flop
Seat 8: vagoneta16 (button) folded before Flop (didn't bet)



PokerStars Hand #225787804400:  Hold'em No Limit ($0.01/$0.02 USD) - 2021/04/12 19:33:09 PT [2021/04/12 22:33:09 ET]
Table 'Botein III' 9-max Seat #1 is the button
Seat 1: Dorex2007 ($4.50 in chips) 
Seat 2: vasmit ($2.11 in chips) 
Seat 3: zhendos989 ($0.80 in chips) 
Seat 5: Redmag666 ($4.85 in chips) 
Seat 6: cberto09 ($2.41 in chips) 
Seat 7: GasLighter316 ($2.16 in chips) 
Seat 8: vagoneta16 ($1.43 in chips) 
vasmit: posts small blind $0.01
zhendos989: posts big blind $0.02
DIMON 1514: sits out 
TaseevoInva: sits out 
*** HOLE CARDS ***
Dealt to Dorex2007 [Kh 9d]
Redmag666: folds 
cberto09: folds 
GasLighter316: folds 
vagoneta16: folds 
Dorex2007: raises $0.04 to $0.06
vasmit: folds 
zhendos989: folds 
Uncalled bet ($0.04) returned to Dorex2007
Dorex2007 collected $0.05 from pot
Dorex2007: doesn't show hand 
*** SUMMARY ***
Total pot $0.05 | Rake $0 
Seat 1: Dorex2007 (button) collected ($0.05)
Seat 2: vasmit (small blind) folded before Flop
Seat 3: zhendos989 (big blind) folded before Flop
Seat 5: Redmag666 folded before Flop (didn't bet)
Seat 6: cberto09 folded before Flop (didn't bet)
Seat 7: GasLighter316 folded before Flop (didn't bet)
Seat 8: vagoneta16 folded before Flop (didn't bet)



PokerStars Hand #225787812748:  Hold'em No Limit ($0.01/$0.02 USD) - 2021/04/12 19:33:42 PT [2021/04/12 22:33:42 ET]
Table 'Botein III' 9-max Seat #2 is the button
Seat 1: Dorex2007 ($4.53 in chips) 
Seat 2: vasmit ($2.10 in chips) 
Seat 3: zhendos989 ($0.78 in chips) 
Seat 4: DIMON 1514 ($2 in chips) 
Seat 5: Redmag666 ($4.85 in chips) 
Seat 6: cberto09 ($2.41 in chips) 
Seat 7: GasLighter316 ($2.16 in chips) 
Seat 8: vagoneta16 ($1.43 in chips) 
zhendos989: posts small blind $0.01
DIMON 1514: posts big blind $0.02
TaseevoInva: sits out 
*** HOLE CARDS ***
Dealt to Dorex2007 [8h Th]
Redmag666: raises $0.04 to $0.06
cberto09: folds 
GasLighter316: calls $0.06
vagoneta16: folds 
Dorex2007: folds 
vasmit: calls $0.06
zhendos989: folds 
DIMON 1514: folds 
*** FLOP *** [Tc 3h 4d]
Redmag666: checks 
GasLighter316: checks 
vasmit: checks 
*** TURN *** [Tc 3h 4d] [8c]
Redmag666: checks 
GasLighter316: checks 
vasmit: checks 
*** RIVER *** [Tc 3h 4d 8c] [Ts]
Redmag666: checks 
GasLighter316: checks 
vasmit: checks 
*** SHOW DOWN ***
Redmag666: shows [As Jh] (a pair of Tens)
GasLighter316: mucks hand 
vasmit: shows [Ac Jd] (a pair of Tens)
Redmag666 collected $0.10 from pot
vasmit collected $0.10 from pot
*** SUMMARY ***
Total pot $0.21 | Rake $0.01 
Board [Tc 3h 4d 8c Ts]
Seat 1: Dorex2007 folded before Flop (didn't bet)
Seat 2: vasmit (button) showed [Ac Jd] and won ($0.10) with a pair of Tens
Seat 3: zhendos989 (small blind) folded before Flop
Seat 4: DIMON 1514 (big blind) folded before Flop
Seat 5: Redmag666 showed [As Jh] and won ($0.10) with a pair of Tens
Seat 6: cberto09 folded before Flop (didn't bet)
Seat 7: GasLighter316 mucked [Ad 7h]
Seat 8: vagoneta16 folded before Flop (didn't bet)



PokerStars Hand #225787826104:  Hold'em No Limit ($0.01/$0.02 USD) - 2021/04/12 19:34:35 PT [2021/04/12 22:34:35 ET]
Table 'Botein III' 9-max Seat #3 is the button
Seat 1: Dorex2007 ($4.53 in chips) 
Seat 2: vasmit ($2.14 in chips) 
Seat 3: zhendos989 ($0.77 in chips) 
Seat 4: DIMON 1514 ($1.98 in chips) 
Seat 5: Redmag666 ($4.89 in chips) 
Seat 6: cberto09 ($2.41 in chips) 
Seat 7: GasLighter316 ($2.10 in chips) 
Seat 8: vagoneta16 ($1.43 in chips) 
DIMON 1514: posts small blind $0.01
Redmag666: posts big blind $0.02
TaseevoInva: sits out 
*** HOLE CARDS ***
Dealt to Dorex2007 [4c 9d]
cberto09: folds 
GasLighter316: folds 
vagoneta16 has timed out
vagoneta16: folds 
Dorex2007: folds 
vasmit: raises $0.02 to $0.04
zhendos989: folds 
DIMON 1514: folds 
Redmag666: folds 
Uncalled bet ($0.02) returned to vasmit
vasmit collected $0.05 from pot
vasmit: doesn't show hand 
*** SUMMARY ***
Total pot $0.05 | Rake $0 
Seat 1: Dorex2007 folded before Flop (didn't bet)
Seat 2: vasmit collected ($0.05)
Seat 3: zhendos989 (button) folded before Flop (didn't bet)
Seat 4: DIMON 1514 (small blind) folded before Flop
Seat 5: Redmag666 (big blind) folded before Flop
Seat 6: cberto09 folded before Flop (didn't bet)
Seat 7: GasLighter316 folded before Flop (didn't bet)
Seat 8: vagoneta16 folded before Flop (didn't bet)



PokerStars Hand #225787856232:  Hold'em No Limit ($0.01/$0.02 USD) - 2021/04/12 19:36:35 PT [2021/04/12 22:36:35 ET]
Table 'Botein III' 9-max Seat #5 is the button
Seat 1: Dorex2007 ($4.53 in chips) 
Seat 2: vasmit ($2.17 in chips) 
Seat 3: zhendos989 ($0.73 in chips) 
Seat 4: DIMON 1514 ($1.97 in chips) 
Seat 5: Redmag666 ($4.86 in chips) 
Seat 6: cberto09 ($2.37 in chips) 
Seat 7: GasLighter316 ($2.19 in chips) 
Seat 8: vagoneta16 ($1.43 in chips) 
cberto09: posts small blind $0.01
GasLighter316: posts big blind $0.02
TaseevoInva: sits out 
*** HOLE CARDS ***
Dealt to Dorex2007 [6d 5s]
vagoneta16: folds 
Dorex2007: folds 
vasmit: folds 
zhendos989: raises $0.04 to $0.06
DIMON 1514: calls $0.06
Redmag666: folds 
cberto09: calls $0.05
GasLighter316: calls $0.04
*** FLOP *** [As 8h 2c]
cberto09: checks 
GasLighter316: checks 
zhendos989: bets $0.19
DIMON 1514: folds 
cberto09: folds 
GasLighter316: folds 
Uncalled bet ($0.19) returned to zhendos989
zhendos989 collected $0.23 from pot
zhendos989: doesn't show hand 
*** SUMMARY ***
Total pot $0.24 | Rake $0.01 
Board [As 8h 2c]
Seat 1: Dorex2007 folded before Flop (didn't bet)
Seat 2: vasmit folded before Flop (didn't bet)
Seat 3: zhendos989 collected ($0.23)
Seat 4: DIMON 1514 folded on the Flop
Seat 5: Redmag666 (button) folded before Flop (didn't bet)
Seat 6: cberto09 (small blind) folded on the Flop
Seat 7: GasLighter316 (big blind) folded on the Flop
Seat 8: vagoneta16 folded before Flop (didn't bet)



PokerStars Hand #225787873470:  Hold'em No Limit ($0.01/$0.02 USD) - 2021/04/12 19:37:44 PT [2021/04/12 22:37:44 ET]
Table 'Botein III' 9-max Seat #6 is the button
Seat 1: Dorex2007 ($4.53 in chips) 
Seat 2: vasmit ($2.17 in chips) 
Seat 3: zhendos989 ($0.90 in chips) 
Seat 4: DIMON 1514 ($1.91 in chips) 
Seat 5: Redmag666 ($4.86 in chips) 
Seat 6: cberto09 ($2.31 in chips) 
Seat 7: GasLighter316 ($2.13 in chips) 
Seat 8: vagoneta16 ($1.43 in chips) 
GasLighter316: posts small blind $0.01
vagoneta16: posts big blind $0.02
TaseevoInva: sits out 
*** HOLE CARDS ***
Dealt to Dorex2007 [7s 9c]
Dorex2007: folds 
vasmit: folds 
zhendos989: raises $0.04 to $0.06
DIMON 1514: folds 
Redmag666: folds 
cberto09: folds 
GasLighter316: calls $0.05
vagoneta16: folds 
*** FLOP *** [2d 8c 5h]
GasLighter316: checks 
zhendos989: bets $0.07
GasLighter316: folds 
Uncalled bet ($0.07) returned to zhendos989
zhendos989 collected $0.14 from pot
zhendos989: doesn't show hand 
*** SUMMARY ***
Total pot $0.14 | Rake $0 
Board [2d 8c 5h]
Seat 1: Dorex2007 folded before Flop (didn't bet)
Seat 2: vasmit folded before Flop (didn't bet)
Seat 3: zhendos989 collected ($0.14)
Seat 4: DIMON 1514 folded before Flop (didn't bet)
Seat 5: Redmag666 folded before Flop (didn't bet)
Seat 6: cberto09 (button) folded before Flop (didn't bet)
Seat 7: GasLighter316 (small blind) folded on the Flop
Seat 8: vagoneta16 (big blind) folded before Flop



PokerStars Hand #225787884506:  Hold'em No Limit ($0.01/$0.02 USD) - 2021/04/12 19:38:29 PT [2021/04/12 22:38:29 ET]
Table 'Botein III' 9-max Seat #7 is the button
Seat 1: Dorex2007 ($4.53 in chips) 
Seat 2: vasmit ($2.17 in chips) 
Seat 3: zhendos989 ($0.98 in chips) 
Seat 4: DIMON 1514 ($1.91 in chips) 
Seat 5: Redmag666 ($4.86 in chips) 
Seat 6: cberto09 ($2.31 in chips) 
Seat 7: GasLighter316 ($2.07 in chips) 
Seat 8: vagoneta16 ($1.41 in chips) 
Seat 9: TaseevoInva ($2 in chips) 
vagoneta16: posts small blind $0.01
TaseevoInva: posts big blind $0.02
*** HOLE CARDS ***
Dealt to Dorex2007 [4h 4d]
Dorex2007: folds 
vasmit: folds 
zhendos989: folds 
DIMON 1514: folds 
Redmag666: folds 
cberto09: folds 
GasLighter316: folds 
vagoneta16: raises $0.04 to $0.06
TaseevoInva: calls $0.04
*** FLOP *** [5h 8s Ac]
vagoneta16: checks 
TaseevoInva: checks 
*** TURN *** [5h 8s Ac] [Th]
vagoneta16: bets $0.06
TaseevoInva: calls $0.06
*** RIVER *** [5h 8s Ac Th] [Qs]
vagoneta16: bets $0.23
TaseevoInva: calls $0.23
*** SHOW DOWN ***
vagoneta16: shows [3h Jd] (high card Ace)
TaseevoInva: shows [Qc Js] (a pair of Queens)
TaseevoInva collected $0.68 from pot
*** SUMMARY ***
Total pot $0.70 | Rake $0.02 
Board [5h 8s Ac Th Qs]
Seat 1: Dorex2007 folded before Flop (didn't bet)
Seat 2: vasmit folded before Flop (didn't bet)
Seat 3: zhendos989 folded before Flop (didn't bet)
Seat 4: DIMON 1514 folded before Flop (didn't bet)
Seat 5: Redmag666 folded before Flop (didn't bet)
Seat 6: cberto09 folded before Flop (didn't bet)
Seat 7: GasLighter316 (button) folded before Flop (didn't bet)
Seat 8: vagoneta16 (small blind) showed [3h Jd] and lost with high card Ace
Seat 9: TaseevoInva (big blind) showed [Qc Js] and won ($0.68) with a pair of Queens



PokerStars Hand #225787897962:  Hold'em No Limit ($0.01/$0.02 USD) - 2021/04/12 19:39:23 PT [2021/04/12 22:39:23 ET]
Table 'Botein III' 9-max Seat #8 is the button
Seat 1: Dorex2007 ($4.53 in chips) 
Seat 2: vasmit ($2.17 in chips) 
Seat 3: zhendos989 ($0.98 in chips) 
Seat 4: DIMON 1514 ($1.91 in chips) 
Seat 5: Redmag666 ($4.86 in chips) 
Seat 6: cberto09 ($2.31 in chips) 
Seat 7: GasLighter316 ($2.07 in chips) 
Seat 8: vagoneta16 ($1.06 in chips) 
Seat 9: TaseevoInva ($2.33 in chips) 
TaseevoInva: posts small blind $0.01
Dorex2007: posts big blind $0.02
*** HOLE CARDS ***
Dealt to Dorex2007 [6s 3c]
vasmit: folds 
zhendos989: raises $0.04 to $0.06
DIMON 1514: folds 
Redmag666: folds 
cberto09: folds 
GasLighter316: calls $0.06
vagoneta16: calls $0.06
TaseevoInva: folds 
Dorex2007: folds 
*** FLOP *** [Jd 9d Ts]
zhendos989: bets $0.18
GasLighter316: folds 
vagoneta16: folds 
Uncalled bet ($0.18) returned to zhendos989
zhendos989 collected $0.20 from pot
zhendos989: doesn't show hand 
*** SUMMARY ***
Total pot $0.21 | Rake $0.01 
Board [Jd 9d Ts]
Seat 1: Dorex2007 (big blind) folded before Flop
Seat 2: vasmit folded before Flop (didn't bet)
Seat 3: zhendos989 collected ($0.20)
Seat 4: DIMON 1514 folded before Flop (didn't bet)
Seat 5: Redmag666 folded before Flop (didn't bet)
Seat 6: cberto09 folded before Flop (didn't bet)
Seat 7: GasLighter316 folded on the Flop
Seat 8: vagoneta16 (button) folded on the Flop
Seat 9: TaseevoInva (small blind) folded before Flop



PokerStars Hand #225787909176:  Hold'em No Limit ($0.01/$0.02 USD) - 2021/04/12 19:40:08 PT [2021/04/12 22:40:08 ET]
Table 'Botein III' 9-max Seat #9 is the button
Seat 1: Dorex2007 ($4.51 in chips) 
Seat 2: vasmit ($2.17 in chips) 
Seat 3: zhendos989 ($1.12 in chips) 
Seat 4: DIMON 1514 ($1.91 in chips) 
Seat 5: Redmag666 ($4.86 in chips) 
Seat 6: cberto09 ($2.31 in chips) 
Seat 7: GasLighter316 ($2.01 in chips) 
Seat 8: vagoneta16 ($1 in chips) 
Seat 9: TaseevoInva ($2.32 in chips) 
Dorex2007: posts small blind $0.01
vasmit: posts big blind $0.02
*** HOLE CARDS ***
Dealt to Dorex2007 [Qc 2h]
zhendos989: raises $0.04 to $0.06
DIMON 1514: folds 
Redmag666: folds 
cberto09: folds 
GasLighter316: calls $0.06
vagoneta16: folds 
TaseevoInva: folds 
Dorex2007: folds 
vasmit: folds 
*** FLOP *** [Jd 8s 9d]
zhendos989: bets $0.08
GasLighter316: calls $0.08
*** TURN *** [Jd 8s 9d] [6h]
zhendos989: bets $0.28
GasLighter316: calls $0.28
*** RIVER *** [Jd 8s 9d 6h] [7s]
zhendos989: checks 
GasLighter316: checks 
*** SHOW DOWN ***
zhendos989: shows [8h 8c] (three of a kind, Eights)
GasLighter316: mucks hand 
zhendos989 collected $0.84 from pot
*** SUMMARY ***
Total pot $0.87 | Rake $0.03 
Board [Jd 8s 9d 6h 7s]
Seat 1: Dorex2007 (small blind) folded before Flop
Seat 2: vasmit (big blind) folded before Flop
Seat 3: zhendos989 showed [8h 8c] and won ($0.84) with three of a kind, Eights
Seat 4: DIMON 1514 folded before Flop (didn't bet)
Seat 5: Redmag666 folded before Flop (didn't bet)
Seat 6: cberto09 folded before Flop (didn't bet)
Seat 7: GasLighter316 mucked [Ac 9s]
Seat 8: vagoneta16 folded before Flop (didn't bet)
Seat 9: TaseevoInva (button) folded before Flop (didn't bet)



PokerStars Hand #225787931257:  Hold'em No Limit ($0.01/$0.02 USD) - 2021/04/12 19:41:09 PT [2021/04/12 22:41:09 ET]
Table 'Botein III' 9-max Seat #1 is the button
Seat 1: Dorex2007 ($4.50 in chips) 
Seat 2: vasmit ($2.15 in chips) 
Seat 3: zhendos989 ($1.54 in chips) 
Seat 4: DIMON 1514 ($1.91 in chips) 
Seat 5: Redmag666 ($4.86 in chips) 
Seat 6: cberto09 ($2.31 in chips) 
Seat 7: GasLighter316 ($1.59 in chips) 
Seat 8: vagoneta16 ($1 in chips) 
Seat 9: TaseevoInva ($2.32 in chips) 
vasmit: posts small blind $0.01
zhendos989: posts big blind $0.02
*** HOLE CARDS ***
Dealt to Dorex2007 [5d Ts]
DIMON 1514: folds 
Redmag666: folds 
cberto09: raises $0.04 to $0.06
GasLighter316: calls $0.06
vagoneta16: folds 
TaseevoInva: folds 
Dorex2007: folds 
vasmit: folds 
zhendos989: folds 
*** FLOP *** [As 5c 6s]
cberto09: bets $0.04
GasLighter316: folds 
Uncalled bet ($0.04) returned to cberto09
cberto09 collected $0.14 from pot
cberto09: doesn't show hand 
*** SUMMARY ***
Total pot $0.15 | Rake $0.01 
Board [As 5c 6s]
Seat 1: Dorex2007 (button) folded before Flop (didn't bet)
Seat 2: vasmit (small blind) folded before Flop
Seat 3: zhendos989 (big blind) folded before Flop
Seat 4: DIMON 1514 folded before Flop (didn't bet)
Seat 5: Redmag666 folded before Flop (didn't bet)
Seat 6: cberto09 collected ($0.14)
Seat 7: GasLighter316 folded on the Flop
Seat 8: vagoneta16 folded before Flop (didn't bet)
Seat 9: TaseevoInva folded before Flop (didn't bet)



PokerStars Hand #225787942035:  Hold'em No Limit ($0.01/$0.02 USD) - 2021/04/12 19:41:53 PT [2021/04/12 22:41:53 ET]
Table 'Botein III' 9-max Seat #2 is the button
Seat 1: Dorex2007 ($4.50 in chips) 
Seat 2: vasmit ($2.14 in chips) 
Seat 3: zhendos989 ($1.52 in chips) 
Seat 4: DIMON 1514 ($1.91 in chips) 
Seat 5: Redmag666 ($4.86 in chips) 
Seat 6: cberto09 ($2.39 in chips) 
Seat 7: GasLighter316 ($1.53 in chips) 
Seat 8: vagoneta16 ($1 in chips) 
Seat 9: TaseevoInva ($2.32 in chips) 
zhendos989: posts small blind $0.01
DIMON 1514: posts big blind $0.02
*** HOLE CARDS ***
Dealt to Dorex2007 [3h 4s]
Redmag666: folds 
cberto09: folds 
GasLighter316: folds 
vagoneta16 has timed out
vagoneta16: folds 
TaseevoInva: folds 
Dorex2007: folds 
vasmit: folds 
zhendos989: raises $0.04 to $0.06
DIMON 1514: folds 
Uncalled bet ($0.04) returned to zhendos989
zhendos989 collected $0.04 from pot
zhendos989: doesn't show hand 
*** SUMMARY ***
Total pot $0.04 | Rake $0 
Seat 1: Dorex2007 folded before Flop (didn't bet)
Seat 2: vasmit (button) folded before Flop (didn't bet)
Seat 3: zhendos989 (small blind) collected ($0.04)
Seat 4: DIMON 1514 (big blind) folded before Flop
Seat 5: Redmag666 folded before Flop (didn't bet)
Seat 6: cberto09 folded before Flop (didn't bet)
Seat 7: GasLighter316 folded before Flop (didn't bet)
Seat 8: vagoneta16 folded before Flop (didn't bet)
Seat 9: TaseevoInva folded before Flop (didn't bet)



PokerStars Hand #225787948722:  Hold'em No Limit ($0.01/$0.02 USD) - 2021/04/12 19:42:22 PT [2021/04/12 22:42:22 ET]
Table 'Botein III' 9-max Seat #3 is the button
Seat 1: Dorex2007 ($4.50 in chips) 
Seat 2: vasmit ($2.14 in chips) 
Seat 3: zhendos989 ($1.54 in chips) 
Seat 4: DIMON 1514 ($1.89 in chips) 
Seat 6: cberto09 ($2.39 in chips) 
Seat 7: GasLighter316 ($1.53 in chips) 
Seat 9: TaseevoInva ($2.32 in chips) 
DIMON 1514: posts small blind $0.01
Redmag666: is sitting out 
cberto09: posts big blind $0.02
*** HOLE CARDS ***
Dealt to Dorex2007 [2d 5h]
GasLighter316: calls $0.02
TaseevoInva: folds 
Dorex2007: folds 
vasmit: raises $0.02 to $0.04
zhendos989: folds 
DIMON 1514: folds 
cberto09: folds 
Redmag666 leaves the table
GasLighter316: calls $0.02
*** FLOP *** [Td Kd Tc]
baligo666 joins the table at seat #5 
GasLighter316: checks 
vasmit: bets $0.06
GasLighter316: folds 
Uncalled bet ($0.06) returned to vasmit
vasmit collected $0.11 from pot
vasmit: doesn't show hand 
*** SUMMARY ***
Total pot $0.11 | Rake $0 
Board [Td Kd Tc]
Seat 1: Dorex2007 folded before Flop (didn't bet)
Seat 2: vasmit collected ($0.11)
Seat 3: zhendos989 (button) folded before Flop (didn't bet)
Seat 4: DIMON 1514 (small blind) folded before Flop
Seat 6: cberto09 (big blind) folded before Flop
Seat 7: GasLighter316 folded on the Flop
Seat 9: TaseevoInva folded before Flop (didn't bet)



PokerStars Hand #225787959135:  Hold'em No Limit ($0.01/$0.02 USD) - 2021/04/12 19:43:05 PT [2021/04/12 22:43:05 ET]
Table 'Botein III' 9-max Seat #4 is the button
Seat 1: Dorex2007 ($4.50 in chips) 
Seat 2: vasmit ($2.21 in chips) 
Seat 3: zhendos989 ($1.54 in chips) 
Seat 4: DIMON 1514 ($1.88 in chips) 
Seat 6: cberto09 ($2.37 in chips) 
Seat 7: GasLighter316 ($1.49 in chips) 
Seat 8: vagoneta16 ($1 in chips) 
Seat 9: TaseevoInva ($2.32 in chips) 
cberto09: posts small blind $0.01
GasLighter316: posts big blind $0.02
*** HOLE CARDS ***
Dealt to Dorex2007 [Qd 8h]
vagoneta16 has timed out
vagoneta16: folds 
TaseevoInva: folds 
Dorex2007: folds 
vasmit: folds 
zhendos989: raises $0.02 to $0.04
DIMON 1514: folds 
cberto09: folds 
GasLighter316: folds 
Uncalled bet ($0.02) returned to zhendos989
zhendos989 collected $0.05 from pot
zhendos989: doesn't show hand 
*** SUMMARY ***
Total pot $0.05 | Rake $0 
Seat 1: Dorex2007 folded before Flop (didn't bet)
Seat 2: vasmit folded before Flop (didn't bet)
Seat 3: zhendos989 collected ($0.05)
Seat 4: DIMON 1514 (button) folded before Flop (didn't bet)
Seat 6: cberto09 (small blind) folded before Flop
Seat 7: GasLighter316 (big blind) folded before Flop
Seat 8: vagoneta16 folded before Flop (didn't bet)
Seat 9: TaseevoInva folded before Flop (didn't bet)



PokerStars Hand #225787964491:  Hold'em No Limit ($0.01/$0.02 USD) - 2021/04/12 19:43:27 PT [2021/04/12 22:43:27 ET]
Table 'Botein III' 9-max Seat #6 is the button
Seat 1: Dorex2007 ($4.50 in chips) 
Seat 2: vasmit ($2.21 in chips) 
Seat 3: zhendos989 ($1.57 in chips) 
Seat 4: DIMON 1514 ($1.88 in chips) 
Seat 6: cberto09 ($2.36 in chips) 
Seat 7: GasLighter316 ($1.47 in chips) 
Seat 9: TaseevoInva ($2.32 in chips) 
GasLighter316: posts small blind $0.01
TaseevoInva: posts big blind $0.02
baligo666: sits out 
*** HOLE CARDS ***
Dealt to Dorex2007 [3c Ac]
Dorex2007: raises $0.04 to $0.06
vasmit: folds 
zhendos989: folds 
DIMON 1514: folds 
cberto09: folds 
GasLighter316: calls $0.05
TaseevoInva: folds 
*** FLOP *** [Ah Js 4h]
GasLighter316: bets $0.07
Dorex2007: raises $0.07 to $0.14
GasLighter316: raises $0.07 to $0.21
Dorex2007: calls $0.07
*** TURN *** [Ah Js 4h] [Qh]
GasLighter316: bets $0.54
Dorex2007: folds 
Uncalled bet ($0.54) returned to GasLighter316
GasLighter316 collected $0.54 from pot
GasLighter316: doesn't show hand 
*** SUMMARY ***
Total pot $0.56 | Rake $0.02 
Board [Ah Js 4h Qh]
Seat 1: Dorex2007 folded on the Turn
Seat 2: vasmit folded before Flop (didn't bet)
Seat 3: zhendos989 folded before Flop (didn't bet)
Seat 4: DIMON 1514 folded before Flop (didn't bet)
Seat 6: cberto09 (button) folded before Flop (didn't bet)
Seat 7: GasLighter316 (small blind) collected ($0.54)
Seat 9: TaseevoInva (big blind) folded before Flop



PokerStars Hand #225787980269:  Hold'em No Limit ($0.01/$0.02 USD) - 2021/04/12 19:44:34 PT [2021/04/12 22:44:34 ET]
Table 'Botein III' 9-max Seat #7 is the button
Seat 1: Dorex2007 ($4.23 in chips) 
Seat 2: vasmit ($2.21 in chips) 
Seat 3: zhendos989 ($1.57 in chips) 
Seat 4: DIMON 1514 ($1.88 in chips) 
Seat 6: cberto09 ($2.36 in chips) 
Seat 7: GasLighter316 ($1.74 in chips) 
Seat 9: TaseevoInva ($2.30 in chips) 
TaseevoInva: posts small blind $0.01
Dorex2007: posts big blind $0.02
baligo666: sits out 
*** HOLE CARDS ***
Dealt to Dorex2007 [3h 7s]
vasmit: folds 
zhendos989: folds 
DIMON 1514: raises $0.04 to $0.06
cberto09: folds 
Dorex2007 said, "you're lying ;)"
GasLighter316: calls $0.06
TaseevoInva: folds 
Dorex2007: folds 
*** FLOP *** [Ks Ts 3c]
DIMON 1514: bets $0.07
GasLighter316: calls $0.07
*** TURN *** [Ks Ts 3c] [6c]
DIMON 1514: checks 
GasLighter316: checks 
*** RIVER *** [Ks Ts 3c 6c] [7d]
DIMON 1514: checks 
GasLighter316: checks 
*** SHOW DOWN ***
DIMON 1514: shows [8h 8d] (a pair of Eights)
GasLighter316: mucks hand 
DIMON 1514 collected $0.28 from pot
*** SUMMARY ***
Total pot $0.29 | Rake $0.01 
Board [Ks Ts 3c 6c 7d]
Seat 1: Dorex2007 (big blind) folded before Flop
Seat 2: vasmit folded before Flop (didn't bet)
Seat 3: zhendos989 folded before Flop (didn't bet)
Seat 4: DIMON 1514 showed [8h 8d] and won ($0.28) with a pair of Eights
Seat 6: cberto09 folded before Flop (didn't bet)
Seat 7: GasLighter316 (button) mucked [Qd 9d]
Seat 9: TaseevoInva (small blind) folded before Flop



PokerStars Hand #225787994829:  Hold'em No Limit ($0.01/$0.02 USD) - 2021/04/12 19:45:35 PT [2021/04/12 22:45:35 ET]
Table 'Botein III' 9-max Seat #9 is the button
Seat 1: Dorex2007 ($4.21 in chips) 
Seat 3: zhendos989 ($1.57 in chips) 
Seat 4: DIMON 1514 ($2.03 in chips) 
Seat 6: cberto09 ($2.36 in chips) 
Seat 7: GasLighter316 ($1.61 in chips) 
Seat 9: TaseevoInva ($2.29 in chips) 
Dorex2007: posts small blind $0.01
vasmit: is sitting out 
zhendos989: posts big blind $0.02
baligo666: sits out 
vagoneta16: sits out 
*** HOLE CARDS ***
Dealt to Dorex2007 [Js 6s]
DIMON 1514: folds 
cberto09: folds 
GasLighter316: folds 
TaseevoInva: folds 
Dorex2007: calls $0.01
zhendos989: checks 
*** FLOP *** [3c As Qh]
Dorex2007: checks 
zhendos989: bets $0.04
Dorex2007: folds 
Uncalled bet ($0.04) returned to zhendos989
zhendos989 collected $0.04 from pot
zhendos989: doesn't show hand 
*** SUMMARY ***
Total pot $0.04 | Rake $0 
Board [3c As Qh]
Seat 1: Dorex2007 (small blind) folded on the Flop
Seat 3: zhendos989 (big blind) collected ($0.04)
Seat 4: DIMON 1514 folded before Flop (didn't bet)
Seat 6: cberto09 folded before Flop (didn't bet)
Seat 7: GasLighter316 folded before Flop (didn't bet)
Seat 9: TaseevoInva (button) folded before Flop (didn't bet)



PokerStars Hand #225788003354:  Hold'em No Limit ($0.01/$0.02 USD) - 2021/04/12 19:46:12 PT [2021/04/12 22:46:12 ET]
Table 'Botein III' 9-max Seat #1 is the button
Seat 1: Dorex2007 ($4.19 in chips) 
Seat 3: zhendos989 ($1.59 in chips) 
Seat 4: DIMON 1514 ($2.03 in chips) 
Seat 6: cberto09 ($2.36 in chips) 
Seat 7: GasLighter316 ($1.61 in chips) 
Seat 9: TaseevoInva ($2.29 in chips) 
zhendos989: posts small blind $0.01
DIMON 1514: posts big blind $0.02
baligo666: sits out 
vagoneta16: sits out 
*** HOLE CARDS ***
Dealt to Dorex2007 [8c 4c]
cberto09: folds 
GasLighter316: calls $0.02
TaseevoInva: folds 
Dorex2007: folds 
zhendos989: folds 
DIMON 1514: checks 
*** FLOP *** [4s Qh 4d]
DIMON 1514: checks 
GasLighter316: checks 
*** TURN *** [4s Qh 4d] [7d]
DIMON 1514: checks 
GasLighter316: checks 
*** RIVER *** [4s Qh 4d 7d] [8h]
DIMON 1514: checks 
GasLighter316: checks 
*** SHOW DOWN ***
DIMON 1514: shows [2d Jc] (a pair of Fours)
GasLighter316: shows [Jd 2c] (a pair of Fours)
DIMON 1514 collected $0.03 from pot
GasLighter316 collected $0.02 from pot
*** SUMMARY ***
Total pot $0.05 | Rake $0 
Board [4s Qh 4d 7d 8h]
Seat 1: Dorex2007 (button) folded before Flop (didn't bet)
Seat 3: zhendos989 (small blind) folded before Flop
Seat 4: DIMON 1514 (big blind) showed [2d Jc] and won ($0.03) with a pair of Fours
Seat 6: cberto09 folded before Flop (didn't bet)
Seat 7: GasLighter316 showed [Jd 2c] and won ($0.02) with a pair of Fours
Seat 9: TaseevoInva folded before Flop (didn't bet)



PokerStars Hand #225788020033:  Hold'em No Limit ($0.01/$0.02 USD) - 2021/04/12 19:47:15 PT [2021/04/12 22:47:15 ET]
Table 'Botein III' 9-max Seat #3 is the button
Seat 1: Dorex2007 ($4.19 in chips) 
Seat 3: zhendos989 ($1.58 in chips) 
Seat 4: DIMON 1514 ($2.04 in chips) 
Seat 5: baligo666 ($2 in chips) 
Seat 6: cberto09 ($2.36 in chips) 
Seat 7: GasLighter316 ($1.61 in chips) 
Seat 9: TaseevoInva ($2.29 in chips) 
DIMON 1514: posts small blind $0.01
baligo666: posts big blind $0.02
vagoneta16: sits out 
*** HOLE CARDS ***
Dealt to Dorex2007 [Ad 9d]
cberto09: folds 
GasLighter316: calls $0.02
TaseevoInva: folds 
Dorex2007: calls $0.02
zhendos989: folds 
DIMON 1514: folds 
baligo666: checks 
*** FLOP *** [8d Js 2d]
baligo666: bets $0.07
GasLighter316: folds 
Dorex2007: raises $0.17 to $0.24
baligo666: calls $0.17
*** TURN *** [8d Js 2d] [6d]
baligo666: bets $0.53
Dorex2007: raises $3.40 to $3.93 and is all-in
baligo666 has timed out
baligo666: folds 
Uncalled bet ($3.40) returned to Dorex2007
Dorex2007 collected $1.55 from pot
Dorex2007: doesn't show hand 
*** SUMMARY ***
Total pot $1.61 | Rake $0.06 
Board [8d Js 2d 6d]
Seat 1: Dorex2007 collected ($1.55)
Seat 3: zhendos989 (button) folded before Flop (didn't bet)
Seat 4: DIMON 1514 (small blind) folded before Flop
Seat 5: baligo666 (big blind) folded on the Turn
Seat 6: cberto09 folded before Flop (didn't bet)
Seat 7: GasLighter316 folded on the Flop
Seat 9: TaseevoInva folded before Flop (didn't bet)



PokerStars Hand #225788056368:  Hold'em No Limit ($0.01/$0.02 USD) - 2021/04/12 19:49:11 PT [2021/04/12 22:49:11 ET]
Table 'Botein III' 9-max Seat #4 is the button
Seat 1: Dorex2007 ($4.95 in chips) 
Seat 3: zhendos989 ($1.58 in chips) 
Seat 4: DIMON 1514 ($2.03 in chips) 
Seat 5: baligo666 ($2 in chips) 
Seat 7: GasLighter316 ($1.59 in chips) 
Seat 9: TaseevoInva ($2.29 in chips) 
baligo666: posts small blind $0.01
cberto09: is sitting out 
GasLighter316: posts big blind $0.02
vagoneta16: sits out 
*** HOLE CARDS ***
Dealt to Dorex2007 [2s 2d]
TaseevoInva: folds 
Dorex2007: calls $0.02
zhendos989: calls $0.02
DIMON 1514: folds 
baligo666: folds 
GasLighter316: checks 
*** FLOP *** [Qc Qs 2h]
GasLighter316: checks 
Dorex2007: checks 
zhendos989: bets $0.05
GasLighter316: folds 
Dorex2007: calls $0.05
*** TURN *** [Qc Qs 2h] [7c]
Dorex2007: checks 
zhendos989: checks 
*** RIVER *** [Qc Qs 2h 7c] [Ts]
Dorex2007: bets $0.16
zhendos989: folds 
Uncalled bet ($0.16) returned to Dorex2007
Dorex2007 collected $0.16 from pot
Dorex2007: doesn't show hand 
*** SUMMARY ***
Total pot $0.17 | Rake $0.01 
Board [Qc Qs 2h 7c Ts]
Seat 1: Dorex2007 collected ($0.16)
Seat 3: zhendos989 folded on the River
Seat 4: DIMON 1514 (button) folded before Flop (didn't bet)
Seat 5: baligo666 (small blind) folded before Flop
Seat 7: GasLighter316 (big blind) folded on the Flop
Seat 9: TaseevoInva folded before Flop (didn't bet)



PokerStars Hand #225788070649:  Hold'em No Limit ($0.01/$0.02 USD) - 2021/04/12 19:50:13 PT [2021/04/12 22:50:13 ET]
Table 'Botein III' 9-max Seat #5 is the button
Seat 1: Dorex2007 ($5.04 in chips) 
Seat 3: zhendos989 ($1.51 in chips) 
Seat 4: DIMON 1514 ($2.03 in chips) 
Seat 5: baligo666 ($1.99 in chips) 
Seat 7: GasLighter316 ($1.57 in chips) 
Seat 8: vagoneta16 ($1 in chips) 
Seat 9: TaseevoInva ($2.29 in chips) 
GasLighter316: posts small blind $0.01
vagoneta16: posts big blind $0.02
vasmit: sits out 
*** HOLE CARDS ***
Dealt to Dorex2007 [Ad Qc]
TaseevoInva: folds 
Dorex2007: raises $0.04 to $0.06
zhendos989: folds 
DIMON 1514: calls $0.06
baligo666: folds 
GasLighter316: folds 
vagoneta16: raises $0.19 to $0.25
cberto09 leaves the table
Dorex2007: calls $0.19
DIMON 1514: calls $0.19
*** FLOP *** [3c 5s 6h]
FCS.AR joins the table at seat #6 
zhendos989 leaves the table
vagoneta16: bets $0.75 and is all-in
Dorex2007: folds 
NoRisk66 joins the table at seat #3 
DIMON 1514: calls $0.75
*** TURN *** [3c 5s 6h] [3d]
*** RIVER *** [3c 5s 6h 3d] [5d]
*** SHOW DOWN ***
vagoneta16: shows [As Kd] (two pair, Fives and Threes)
DIMON 1514: shows [Jd Js] (two pair, Jacks and Fives)
DIMON 1514 collected $2.18 from pot
*** SUMMARY ***
Total pot $2.26 | Rake $0.08 
Board [3c 5s 6h 3d 5d]
Seat 1: Dorex2007 folded on the Flop
Seat 3: zhendos989 folded before Flop (didn't bet)
Seat 4: DIMON 1514 showed [Jd Js] and won ($2.18) with two pair, Jacks and Fives
Seat 5: baligo666 (button) folded before Flop (didn't bet)
Seat 7: GasLighter316 (small blind) folded before Flop
Seat 8: vagoneta16 (big blind) showed [As Kd] and lost with two pair, Fives and Threes
Seat 9: TaseevoInva folded before Flop (didn't bet)



PokerStars Hand #225788092866:  Hold'em No Limit ($0.01/$0.02 USD) - 2021/04/12 19:51:10 PT [2021/04/12 22:51:10 ET]
Table 'Botein III' 9-max Seat #9 is the button
Seat 1: Dorex2007 ($4.79 in chips) 
Seat 2: vasmit ($2.21 in chips) 
Seat 3: NoRisk66 ($1.60 in chips) 
Seat 4: DIMON 1514 ($3.21 in chips) 
Seat 5: baligo666 ($1.99 in chips) 
Seat 9: TaseevoInva ($2.29 in chips) 
Dorex2007: posts small blind $0.01
vasmit: posts big blind $0.02
NoRisk66: posts big blind $0.02
FCS.AR: sits out 
*** HOLE CARDS ***
Dealt to Dorex2007 [9h Kc]
NoRisk66: checks 
DIMON 1514: folds 
baligo666: calls $0.02
vagoneta16 leaves the table
TaseevoInva: raises $0.04 to $0.06
Dorex2007: folds 
vasmit: folds 
NoRisk66: folds 
baligo666: calls $0.04
*** FLOP *** [2s 2h 6c]
baligo666: checks 
TaseevoInva: checks 
*** TURN *** [2s 2h 6c] [7d]
baligo666: checks 
TaseevoInva: checks 
*** RIVER *** [2s 2h 6c 7d] [Jd]
baligo666: checks 
TaseevoInva: checks 
*** SHOW DOWN ***
baligo666: shows [Qs Tc] (a pair of Deuces)
TaseevoInva: shows [Qd Ah] (a pair of Deuces - Ace kicker)
TaseevoInva collected $0.16 from pot
*** SUMMARY ***
Total pot $0.17 | Rake $0.01 
Board [2s 2h 6c 7d Jd]
Seat 1: Dorex2007 (small blind) folded before Flop
Seat 2: vasmit (big blind) folded before Flop
Seat 3: NoRisk66 folded before Flop (didn't bet)
Seat 4: DIMON 1514 folded before Flop (didn't bet)
Seat 5: baligo666 showed [Qs Tc] and lost with a pair of Deuces
Seat 9: TaseevoInva (button) showed [Qd Ah] and won ($0.16) with a pair of Deuces



PokerStars Hand #225788103442:  Hold'em No Limit ($0.01/$0.02 USD) - 2021/04/12 19:51:56 PT [2021/04/12 22:51:56 ET]
Table 'Botein III' 9-max Seat #1 is the button
Seat 1: Dorex2007 ($4.78 in chips) 
Seat 2: vasmit ($2.19 in chips) 
Seat 3: NoRisk66 ($1.58 in chips) 
Seat 4: DIMON 1514 ($3.21 in chips) 
Seat 5: baligo666 ($1.93 in chips) 
Seat 7: GasLighter316 ($1.56 in chips) 
Seat 9: TaseevoInva ($2.39 in chips) 
vasmit: posts small blind $0.01
NoRisk66: posts big blind $0.02
FCS.AR: sits out 
*** HOLE CARDS ***
Dealt to Dorex2007 [Kc Ah]
DIMON 1514: folds 
baligo666: folds 
GasLighter316: folds 
TaseevoInva: folds 
Dorex2007: raises $0.04 to $0.06
vasmit: folds 
ricrl joins the table at seat #8 
NoRisk66: folds 
Uncalled bet ($0.04) returned to Dorex2007
Dorex2007 collected $0.05 from pot
Dorex2007: doesn't show hand 
*** SUMMARY ***
Total pot $0.05 | Rake $0 
Seat 1: Dorex2007 (button) collected ($0.05)
Seat 2: vasmit (small blind) folded before Flop
Seat 3: NoRisk66 (big blind) folded before Flop
Seat 4: DIMON 1514 folded before Flop (didn't bet)
Seat 5: baligo666 folded before Flop (didn't bet)
Seat 7: GasLighter316 folded before Flop (didn't bet)
Seat 9: TaseevoInva folded before Flop (didn't bet)



PokerStars Hand #225788107357:  Hold'em No Limit ($0.01/$0.02 USD) - 2021/04/12 19:52:13 PT [2021/04/12 22:52:13 ET]
Table 'Botein III' 9-max Seat #2 is the button
Seat 1: Dorex2007 ($4.81 in chips) 
Seat 2: vasmit ($2.18 in chips) 
Seat 3: NoRisk66 ($1.56 in chips) 
Seat 4: DIMON 1514 ($3.21 in chips) 
Seat 5: baligo666 ($1.93 in chips) 
Seat 7: GasLighter316 ($1.56 in chips) 
Seat 9: TaseevoInva ($2.39 in chips) 
NoRisk66: posts small blind $0.01
DIMON 1514: posts big blind $0.02
FCS.AR: sits out 
ricrl: sits out 
*** HOLE CARDS ***
Dealt to Dorex2007 [Qd 8s]
baligo666: folds 
GasLighter316: calls $0.02
TaseevoInva: raises $0.02 to $0.04
Dorex2007: folds 
vasmit: folds 
NoRisk66: folds 
DIMON 1514: folds 
GasLighter316: calls $0.02
*** FLOP *** [Jc 8h Th]
GasLighter316: checks 
TaseevoInva: bets $0.06
GasLighter316: calls $0.06
*** TURN *** [Jc 8h Th] [Td]
GasLighter316: checks 
TaseevoInva: checks 
*** RIVER *** [Jc 8h Th Td] [5c]
GasLighter316: checks 
TaseevoInva: checks 
*** SHOW DOWN ***
GasLighter316: shows [7s 7c] (two pair, Tens and Sevens)
TaseevoInva: mucks hand 
GasLighter316 collected $0.22 from pot
*** SUMMARY ***
Total pot $0.23 | Rake $0.01 
Board [Jc 8h Th Td 5c]
Seat 1: Dorex2007 folded before Flop (didn't bet)
Seat 2: vasmit (button) folded before Flop (didn't bet)
Seat 3: NoRisk66 (small blind) folded before Flop
Seat 4: DIMON 1514 (big blind) folded before Flop
Seat 5: baligo666 folded before Flop (didn't bet)
Seat 7: GasLighter316 showed [7s 7c] and won ($0.22) with two pair, Tens and Sevens
Seat 9: TaseevoInva mucked [Ah 4h]



PokerStars Hand #225788118833:  Hold'em No Limit ($0.01/$0.02 USD) - 2021/04/12 19:53:03 PT [2021/04/12 22:53:03 ET]
Table 'Botein III' 9-max Seat #3 is the button
Seat 1: Dorex2007 ($4.81 in chips) 
Seat 2: vasmit ($2.18 in chips) 
Seat 3: NoRisk66 ($1.55 in chips) 
Seat 4: DIMON 1514 ($3.19 in chips) 
Seat 5: baligo666 ($1.93 in chips) 
Seat 7: GasLighter316 ($1.68 in chips) 
Seat 8: ricrl ($2 in chips) 
Seat 9: TaseevoInva ($2.29 in chips) 
DIMON 1514: posts small blind $0.01
baligo666: posts big blind $0.02
FCS.AR: sits out 
ricrl: posts big blind $0.02
*** HOLE CARDS ***
Dealt to Dorex2007 [2h 5d]
GasLighter316 has timed out
GasLighter316: folds 
ricrl: checks 
TaseevoInva: folds 
Dorex2007: folds 
vasmit: folds 
NoRisk66: folds 
DIMON 1514: folds 
baligo666: checks 
*** FLOP *** [4c 6d 7s]
baligo666: bets $0.03
ricrl: calls $0.03
*** TURN *** [4c 6d 7s] [7d]
baligo666: bets $0.06
ricrl: calls $0.06
*** RIVER *** [4c 6d 7s 7d] [Jc]
baligo666: bets $0.11
ricrl: folds 
Uncalled bet ($0.11) returned to baligo666
baligo666 collected $0.22 from pot
baligo666: doesn't show hand 
*** SUMMARY ***
Total pot $0.23 | Rake $0.01 
Board [4c 6d 7s 7d Jc]
Seat 1: Dorex2007 folded before Flop (didn't bet)
Seat 2: vasmit folded before Flop (didn't bet)
Seat 3: NoRisk66 (button) folded before Flop (didn't bet)
Seat 4: DIMON 1514 (small blind) folded before Flop
Seat 5: baligo666 (big blind) collected ($0.22)
Seat 7: GasLighter316 folded before Flop (didn't bet)
Seat 8: ricrl folded on the River
Seat 9: TaseevoInva folded before Flop (didn't bet)



PokerStars Hand #225788130845:  Hold'em No Limit ($0.01/$0.02 USD) - 2021/04/12 19:53:55 PT [2021/04/12 22:53:55 ET]
Table 'Botein III' 9-max Seat #4 is the button
Seat 1: Dorex2007 ($4.81 in chips) 
Seat 2: vasmit ($2.18 in chips) 
Seat 3: NoRisk66 ($1.55 in chips) 
Seat 4: DIMON 1514 ($3.18 in chips) 
Seat 5: baligo666 ($2.04 in chips) 
Seat 6: FCS.AR ($1.24 in chips) 
Seat 7: GasLighter316 ($1.68 in chips) 
Seat 8: ricrl ($1.89 in chips) 
Seat 9: TaseevoInva ($2.29 in chips) 
baligo666: posts small blind $0.01
FCS.AR: posts big blind $0.02
*** HOLE CARDS ***
Dealt to Dorex2007 [8s 6h]
GasLighter316 has timed out
GasLighter316: folds 
ricrl: folds 
TaseevoInva: folds 
Dorex2007: folds 
vasmit: calls $0.02
NoRisk66: calls $0.02
DIMON 1514: folds 
baligo666: raises $0.04 to $0.06
FCS.AR: calls $0.04
vasmit: calls $0.04
NoRisk66: calls $0.04
*** FLOP *** [5h 2h 6s]
baligo666: bets $0.12
FCS.AR: folds 
vasmit: folds 
NoRisk66: calls $0.12
*** TURN *** [5h 2h 6s] [3c]
baligo666: bets $0.23
NoRisk66: calls $0.23
*** RIVER *** [5h 2h 6s 3c] [4d]
baligo666: bets $1.63 and is all-in
NoRisk66: calls $1.14 and is all-in
Uncalled bet ($0.49) returned to baligo666
*** SHOW DOWN ***
baligo666: shows [Jd As] (a straight, Deuce to Six)
NoRisk66: shows [5d 5c] (a straight, Deuce to Six)
baligo666 collected $1.56 from pot
NoRisk66 collected $1.55 from pot
*** SUMMARY ***
Total pot $3.22 | Rake $0.11 
Board [5h 2h 6s 3c 4d]
Seat 1: Dorex2007 folded before Flop (didn't bet)
Seat 2: vasmit folded on the Flop
Seat 3: NoRisk66 showed [5d 5c] and won ($1.55) with a straight, Deuce to Six
Seat 4: DIMON 1514 (button) folded before Flop (didn't bet)
Seat 5: baligo666 (small blind) showed [Jd As] and won ($1.56) with a straight, Deuce to Six
Seat 6: FCS.AR (big blind) folded on the Flop
Seat 7: GasLighter316 folded before Flop (didn't bet)
Seat 8: ricrl folded before Flop (didn't bet)
Seat 9: TaseevoInva folded before Flop (didn't bet)



PokerStars Hand #225788149168:  Hold'em No Limit ($0.01/$0.02 USD) - 2021/04/12 19:55:17 PT [2021/04/12 22:55:17 ET]
Table 'Botein III' 9-max Seat #5 is the button
Seat 1: Dorex2007 ($4.81 in chips) 
Seat 2: vasmit ($2.12 in chips) 
Seat 3: NoRisk66 ($1.55 in chips) 
Seat 4: DIMON 1514 ($3.18 in chips) 
Seat 5: baligo666 ($2.05 in chips) 
Seat 6: FCS.AR ($1.18 in chips) 
Seat 8: ricrl ($1.89 in chips) 
Seat 9: TaseevoInva ($2.29 in chips) 
FCS.AR: posts small blind $0.01
ricrl: posts big blind $0.02
*** HOLE CARDS ***
Dealt to Dorex2007 [5s Tc]
TaseevoInva: folds 
Dorex2007: folds 
vasmit: folds 
NoRisk66: calls $0.02
DIMON 1514: folds 
baligo666: raises $0.02 to $0.04
FCS.AR: calls $0.03
ricrl: calls $0.02
NoRisk66: calls $0.02
*** FLOP *** [2h Jc 5h]
FCS.AR: bets $0.08
ricrl: raises $1.77 to $1.85 and is all-in
NoRisk66: folds 
baligo666: folds 
FCS.AR: folds 
Uncalled bet ($1.77) returned to ricrl
ricrl collected $0.31 from pot
ricrl: doesn't show hand 
*** SUMMARY ***
Total pot $0.32 | Rake $0.01 
Board [2h Jc 5h]
Seat 1: Dorex2007 folded before Flop (didn't bet)
Seat 2: vasmit folded before Flop (didn't bet)
Seat 3: NoRisk66 folded on the Flop
Seat 4: DIMON 1514 folded before Flop (didn't bet)
Seat 5: baligo666 (button) folded on the Flop
Seat 6: FCS.AR (small blind) folded on the Flop
Seat 8: ricrl (big blind) collected ($0.31)
Seat 9: TaseevoInva folded before Flop (didn't bet)



PokerStars Hand #225788157381:  Hold'em No Limit ($0.01/$0.02 USD) - 2021/04/12 19:56:00 PT [2021/04/12 22:56:00 ET]
Table 'Botein III' 9-max Seat #6 is the button
Seat 1: Dorex2007 ($4.81 in chips) 
Seat 2: vasmit ($2.12 in chips) 
Seat 3: NoRisk66 ($1.51 in chips) 
Seat 4: DIMON 1514 ($3.18 in chips) 
Seat 5: baligo666 ($2.01 in chips) 
Seat 6: FCS.AR ($1.06 in chips) 
Seat 8: ricrl ($2.08 in chips) 
Seat 9: TaseevoInva ($2.29 in chips) 
ricrl: posts small blind $0.01
TaseevoInva: posts big blind $0.02
*** HOLE CARDS ***
Dealt to Dorex2007 [Qd Ts]
Dorex2007: folds 
vasmit: folds 
NoRisk66: calls $0.02
DIMON 1514: folds 
baligo666: raises $0.04 to $0.06
FCS.AR: calls $0.06
ricrl: calls $0.05
TaseevoInva: folds 
NoRisk66: calls $0.04
*** FLOP *** [7h 7c 5d]
ricrl: checks 
NoRisk66: checks 
baligo666: bets $0.25
FCS.AR: folds 
ricrl: folds 
NoRisk66: folds 
Uncalled bet ($0.25) returned to baligo666
baligo666 collected $0.25 from pot
baligo666: doesn't show hand 
*** SUMMARY ***
Total pot $0.26 | Rake $0.01 
Board [7h 7c 5d]
Seat 1: Dorex2007 folded before Flop (didn't bet)
Seat 2: vasmit folded before Flop (didn't bet)
Seat 3: NoRisk66 folded on the Flop
Seat 4: DIMON 1514 folded before Flop (didn't bet)
Seat 5: baligo666 collected ($0.25)
Seat 6: FCS.AR (button) folded on the Flop
Seat 8: ricrl (small blind) folded on the Flop
Seat 9: TaseevoInva (big blind) folded before Flop



PokerStars Hand #225788164546:  Hold'em No Limit ($0.01/$0.02 USD) - 2021/04/12 19:56:39 PT [2021/04/12 22:56:39 ET]
Table 'Botein III' 9-max Seat #8 is the button
Seat 1: Dorex2007 ($4.81 in chips) 
Seat 2: vasmit ($2.12 in chips) 
Seat 3: NoRisk66 ($1.45 in chips) 
Seat 4: DIMON 1514 ($3.18 in chips) 
Seat 5: baligo666 ($2.20 in chips) 
Seat 6: FCS.AR ($1 in chips) 
Seat 7: GasLighter316 ($1.68 in chips) 
Seat 8: ricrl ($2.02 in chips) 
Seat 9: TaseevoInva ($2.27 in chips) 
TaseevoInva: posts small blind $0.01
Dorex2007: posts big blind $0.02
GasLighter316: posts small & big blinds $0.03
*** HOLE CARDS ***
Dealt to Dorex2007 [8c Ac]
vasmit: calls $0.02
NoRisk66: folds 
DIMON 1514: folds 
baligo666: folds 
FCS.AR: folds 
GasLighter316: checks 
ricrl: calls $0.02
TaseevoInva: folds 
Dorex2007: checks 
*** FLOP *** [Ks 2c Jh]
Dorex2007: checks 
vasmit: checks 
GasLighter316: checks 
ricrl: bets $0.10
Dorex2007: folds 
vasmit: folds 
GasLighter316: folds 
Uncalled bet ($0.10) returned to ricrl
ricrl collected $0.10 from pot
ricrl: doesn't show hand 
*** SUMMARY ***
Total pot $0.10 | Rake $0 
Board [Ks 2c Jh]
Seat 1: Dorex2007 (big blind) folded on the Flop
Seat 2: vasmit folded on the Flop
Seat 3: NoRisk66 folded before Flop (didn't bet)
Seat 4: DIMON 1514 folded before Flop (didn't bet)
Seat 5: baligo666 folded before Flop (didn't bet)
Seat 6: FCS.AR folded before Flop (didn't bet)
Seat 7: GasLighter316 folded on the Flop (didn't bet)
Seat 8: ricrl (button) collected ($0.10)
Seat 9: TaseevoInva (small blind) folded before Flop



PokerStars Hand #225788175198:  Hold'em No Limit ($0.01/$0.02 USD) - 2021/04/12 19:57:35 PT [2021/04/12 22:57:35 ET]
Table 'Botein III' 9-max Seat #9 is the button
Seat 1: Dorex2007 ($4.79 in chips) 
Seat 3: NoRisk66 ($1.45 in chips) 
Seat 4: DIMON 1514 ($3.18 in chips) 
Seat 5: baligo666 ($2.20 in chips) 
Seat 6: FCS.AR ($1 in chips) 
Seat 7: GasLighter316 ($1.65 in chips) 
Seat 8: ricrl ($2.10 in chips) 
Seat 9: TaseevoInva ($2.26 in chips) 
Dorex2007: posts small blind $0.01
vasmit: is sitting out 
NoRisk66: posts big blind $0.02
*** HOLE CARDS ***
Dealt to Dorex2007 [Ks 4d]
DIMON 1514: raises $0.04 to $0.06
baligo666: folds 
FCS.AR: calls $0.06
GasLighter316: calls $0.06
ricrl: calls $0.06
TaseevoInva: folds 
Dorex2007: folds 
NoRisk66: folds 
*** FLOP *** [6h 2h 6c]
DIMON 1514: checks 
FCS.AR: bets $0.18
GasLighter316: calls $0.18
ricrl: folds 
DIMON 1514: folds 
*** TURN *** [6h 2h 6c] [9c]
FCS.AR: bets $0.31
GasLighter316: raises $0.67 to $0.98
FCS.AR: calls $0.45 and is all-in
Uncalled bet ($0.22) returned to GasLighter316
*** RIVER *** [6h 2h 6c 9c] [Ts]
*** SHOW DOWN ***
FCS.AR: shows [7h 7d] (two pair, Sevens and Sixes)
GasLighter316: shows [Qh 6d] (three of a kind, Sixes)
GasLighter316 collected $2.07 from pot
*** SUMMARY ***
Total pot $2.15 | Rake $0.08 
Board [6h 2h 6c 9c Ts]
Seat 1: Dorex2007 (small blind) folded before Flop
Seat 3: NoRisk66 (big blind) folded before Flop
Seat 4: DIMON 1514 folded on the Flop
Seat 5: baligo666 folded before Flop (didn't bet)
Seat 6: FCS.AR showed [7h 7d] and lost with two pair, Sevens and Sixes
Seat 7: GasLighter316 showed [Qh 6d] and won ($2.07) with three of a kind, Sixes
Seat 8: ricrl folded on the Flop
Seat 9: TaseevoInva (button) folded before Flop (didn't bet)



PokerStars Hand #225788191517:  Hold'em No Limit ($0.01/$0.02 USD) - 2021/04/12 19:59:02 PT [2021/04/12 22:59:02 ET]
Table 'Botein III' 9-max Seat #1 is the button
Seat 1: Dorex2007 ($4.78 in chips) 
Seat 3: NoRisk66 ($1.43 in chips) 
Seat 4: DIMON 1514 ($3.12 in chips) 
Seat 5: baligo666 ($2.20 in chips) 
Seat 7: GasLighter316 ($2.72 in chips) 
Seat 8: ricrl ($2.04 in chips) 
Seat 9: TaseevoInva ($2.26 in chips) 
NoRisk66: posts small blind $0.01
DIMON 1514: posts big blind $0.02
*** HOLE CARDS ***
Dealt to Dorex2007 [9h Kd]
baligo666: calls $0.02
GasLighter316: calls $0.02
ricrl: folds 
TaseevoInva: folds 
Dorex2007: raises $0.04 to $0.06
NoRisk66: folds 
DIMON 1514: folds 
FCS.AR leaves the table
baligo666: calls $0.04
GasLighter316: calls $0.04
*** FLOP *** [9d 8c 4d]
DIMON 1514 leaves the table
baligo666: checks 
GasLighter316: checks 
Dorex2007: checks 
*** TURN *** [9d 8c 4d] [2c]
baligo666: checks 
GasLighter316: checks 
Dorex2007: bets $0.20
baligo666: calls $0.20
GasLighter316: folds 
*** RIVER *** [9d 8c 4d 2c] [Td]
baligo666: checks 
Dorex2007: checks 
*** SHOW DOWN ***
baligo666: shows [Jh Qc] (a straight, Eight to Queen)
Dorex2007: mucks hand 
baligo666 collected $0.59 from pot
*** SUMMARY ***
Total pot $0.61 | Rake $0.02 
Board [9d 8c 4d 2c Td]
Seat 1: Dorex2007 (button) mucked [9h Kd]
Seat 3: NoRisk66 (small blind) folded before Flop
Seat 4: DIMON 1514 (big blind) folded before Flop
Seat 5: baligo666 showed [Jh Qc] and won ($0.59) with a straight, Eight to Queen
Seat 7: GasLighter316 folded on the Turn
Seat 8: ricrl folded before Flop (didn't bet)
Seat 9: TaseevoInva folded before Flop (didn't bet)



PokerStars Hand #225788203156:  Hold'em No Limit ($0.01/$0.02 USD) - 2021/04/12 20:00:06 PT [2021/04/12 23:00:06 ET]
Table 'Botein III' 9-max Seat #3 is the button
Seat 1: Dorex2007 ($4.52 in chips) 
Seat 3: NoRisk66 ($1.42 in chips) 
Seat 5: baligo666 ($2.53 in chips) 
Seat 7: GasLighter316 ($2.66 in chips) 
Seat 8: ricrl ($2.04 in chips) 
Seat 9: TaseevoInva ($2.26 in chips) 
baligo666: posts small blind $0.01
GasLighter316: posts big blind $0.02
vasmit: sits out 
*** HOLE CARDS ***
Dealt to Dorex2007 [Th Jd]
ricrl: calls $0.02
TaseevoInva: folds 
Dorex2007: calls $0.02
NoRisk66: folds 
baligo666: calls $0.01
GasLighter316: checks 
*** FLOP *** [Kc 2d 2c]
baligo666: checks 
GasLighter316: checks 
ricrl: checks 
Dorex2007: checks 
*** TURN *** [Kc 2d 2c] [4s]
baligo666: checks 
GasLighter316: checks 
ricrl: checks 
Dorex2007: checks 
*** RIVER *** [Kc 2d 2c 4s] [9d]
baligo666: checks 
GasLighter316: bets $0.38
ricrl: folds 
Dorex2007: folds 
baligo666: folds 
Uncalled bet ($0.38) returned to GasLighter316
GasLighter316 collected $0.08 from pot
GasLighter316: doesn't show hand 
*** SUMMARY ***
Total pot $0.08 | Rake $0 
Board [Kc 2d 2c 4s 9d]
Seat 1: Dorex2007 folded on the River
Seat 3: NoRisk66 (button) folded before Flop (didn't bet)
Seat 5: baligo666 (small blind) folded on the River
Seat 7: GasLighter316 (big blind) collected ($0.08)
Seat 8: ricrl folded on the River
Seat 9: TaseevoInva folded before Flop (didn't bet)



PokerStars Hand #225788213499:  Hold'em No Limit ($0.01/$0.02 USD) - 2021/04/12 20:00:56 PT [2021/04/12 23:00:56 ET]
Table 'Botein III' 9-max Seat #5 is the button
Seat 1: Dorex2007 ($4.50 in chips) 
Seat 3: NoRisk66 ($1.42 in chips) 
Seat 5: baligo666 ($2.51 in chips) 
Seat 7: GasLighter316 ($2.72 in chips) 
Seat 8: ricrl ($2.02 in chips) 
Seat 9: TaseevoInva ($2.26 in chips) 
GasLighter316: posts small blind $0.01
ricrl: posts big blind $0.02
vasmit: sits out 
*** HOLE CARDS ***
Dealt to Dorex2007 [4d Qs]
TaseevoInva: folds 
Dorex2007: folds 
NoRisk66: folds 
baligo666: raises $0.04 to $0.06
GasLighter316: folds 
ricrl: folds 
Uncalled bet ($0.04) returned to baligo666
baligo666 collected $0.05 from pot
baligo666: doesn't show hand 
*** SUMMARY ***
Total pot $0.05 | Rake $0 
Seat 1: Dorex2007 folded before Flop (didn't bet)
Seat 3: NoRisk66 folded before Flop (didn't bet)
Seat 5: baligo666 (button) collected ($0.05)
Seat 7: GasLighter316 (small blind) folded before Flop
Seat 8: ricrl (big blind) folded before Flop
Seat 9: TaseevoInva folded before Flop (didn't bet)



PokerStars Hand #225788219219:  Hold'em No Limit ($0.01/$0.02 USD) - 2021/04/12 20:01:23 PT [2021/04/12 23:01:23 ET]
Table 'Botein III' 9-max Seat #7 is the button
Seat 1: Dorex2007 ($4.50 in chips) 
Seat 3: NoRisk66 ($1.42 in chips) 
Seat 5: baligo666 ($2.54 in chips) 
Seat 7: GasLighter316 ($2.71 in chips) 
Seat 8: ricrl ($2 in chips) 
Seat 9: TaseevoInva ($2.26 in chips) 
ricrl: posts small blind $0.01
TaseevoInva: posts big blind $0.02
vasmit: sits out 
*** HOLE CARDS ***
Dealt to Dorex2007 [2c Qd]
Dorex2007: folds 
NoRisk66: folds 
baligo666: calls $0.02
GasLighter316: folds 
ricrl: folds 
TaseevoInva: checks 
*** FLOP *** [Jc 9s 7d]
Pokkerjedi joins the table at seat #4 
TaseevoInva: checks 
baligo666: checks 
*** TURN *** [Jc 9s 7d] [9c]
TaseevoInva: checks 
baligo666: checks 
*** RIVER *** [Jc 9s 7d 9c] [4s]
TaseevoInva: checks 
baligo666: checks 
*** SHOW DOWN ***
TaseevoInva: shows [7c 5h] (two pair, Nines and Sevens)
baligo666: mucks hand 
TaseevoInva collected $0.05 from pot
*** SUMMARY ***
Total pot $0.05 | Rake $0 
Board [Jc 9s 7d 9c 4s]
Seat 1: Dorex2007 folded before Flop (didn't bet)
Seat 3: NoRisk66 folded before Flop (didn't bet)
Seat 5: baligo666 mucked [3c 3h]
Seat 7: GasLighter316 (button) folded before Flop (didn't bet)
Seat 8: ricrl (small blind) folded before Flop
Seat 9: TaseevoInva (big blind) showed [7c 5h] and won ($0.05) with two pair, Nines and Sevens



PokerStars Hand #225788226450:  Hold'em No Limit ($0.01/$0.02 USD) - 2021/04/12 20:01:56 PT [2021/04/12 23:01:56 ET]
Table 'Botein III' 9-max Seat #8 is the button
Seat 1: Dorex2007 ($4.50 in chips) 
Seat 3: NoRisk66 ($1.42 in chips) 
Seat 5: baligo666 ($2.52 in chips) 
Seat 7: GasLighter316 ($2.71 in chips) 
Seat 8: ricrl ($1.99 in chips) 
Seat 9: TaseevoInva ($2.29 in chips) 
TaseevoInva: posts small blind $0.01
Dorex2007: posts big blind $0.02
vasmit: sits out 
Pokkerjedi: sits out 
*** HOLE CARDS ***
Dealt to Dorex2007 [Tc Qh]
NoRisk66: folds 
baligo666: folds 
GasLighter316: calls $0.02
ricrl: folds 
TaseevoInva: folds 
Dorex2007: checks 
*** FLOP *** [7h 9s 5d]
Dorex2007: checks 
GasLighter316: checks 
*** TURN *** [7h 9s 5d] [5c]
Dorex2007: checks 
GasLighter316: checks 
*** RIVER *** [7h 9s 5d 5c] [Qd]
Dorex2007: checks 
GasLighter316: checks 
*** SHOW DOWN ***
Dorex2007: shows [Tc Qh] (two pair, Queens and Fives)
GasLighter316: mucks hand 
Dorex2007 collected $0.05 from pot
*** SUMMARY ***
Total pot $0.05 | Rake $0 
Board [7h 9s 5d 5c Qd]
Seat 1: Dorex2007 (big blind) showed [Tc Qh] and won ($0.05) with two pair, Queens and Fives
Seat 3: NoRisk66 folded before Flop (didn't bet)
Seat 5: baligo666 folded before Flop (didn't bet)
Seat 7: GasLighter316 mucked [Kc 6s]
Seat 8: ricrl (button) folded before Flop (didn't bet)
Seat 9: TaseevoInva (small blind) folded before Flop



PokerStars Hand #225788234568:  Hold'em No Limit ($0.01/$0.02 USD) - 2021/04/12 20:02:32 PT [2021/04/12 23:02:32 ET]
Table 'Botein III' 9-max Seat #9 is the button
Seat 1: Dorex2007 ($4.53 in chips) 
Seat 2: vasmit ($2.10 in chips) 
Seat 3: NoRisk66 ($1.42 in chips) 
Seat 5: baligo666 ($2.52 in chips) 
Seat 7: GasLighter316 ($2.69 in chips) 
Seat 8: ricrl ($1.99 in chips) 
Seat 9: TaseevoInva ($2.28 in chips) 
Dorex2007: posts small blind $0.01
vasmit: posts big blind $0.02
Pokkerjedi: sits out 
*** HOLE CARDS ***
Dealt to Dorex2007 [Qs 5c]
NoRisk66: calls $0.02
baligo666: folds 
GasLighter316: folds 
ricrl: calls $0.02
TaseevoInva: folds 
Dorex2007: calls $0.01
vasmit: checks 
*** FLOP *** [Ac 9c Kh]
Dorex2007: checks 
vasmit: checks 
NoRisk66: bets $0.08
ricrl: calls $0.08
Dorex2007: folds 
vasmit: folds 
*** TURN *** [Ac 9c Kh] [As]
NoRisk66: checks 
ricrl: checks 
*** RIVER *** [Ac 9c Kh As] [2s]
NoRisk66: bets $0.14
ricrl: calls $0.14
*** SHOW DOWN ***
NoRisk66: shows [Jh Ad] (three of a kind, Aces)
ricrl: mucks hand 
NoRisk66 collected $0.50 from pot
*** SUMMARY ***
Total pot $0.52 | Rake $0.02 
Board [Ac 9c Kh As 2s]
Seat 1: Dorex2007 (small blind) folded on the Flop
Seat 2: vasmit (big blind) folded on the Flop
Seat 3: NoRisk66 showed [Jh Ad] and won ($0.50) with three of a kind, Aces
Seat 5: baligo666 folded before Flop (didn't bet)
Seat 7: GasLighter316 folded before Flop (didn't bet)
Seat 8: ricrl mucked [8c Kd]
Seat 9: TaseevoInva (button) folded before Flop (didn't bet)



PokerStars Hand #225788245386:  Hold'em No Limit ($0.01/$0.02 USD) - 2021/04/12 20:03:21 PT [2021/04/12 23:03:21 ET]
Table 'Botein III' 9-max Seat #1 is the button
Seat 1: Dorex2007 ($4.51 in chips) 
Seat 2: vasmit ($2.08 in chips) 
Seat 3: NoRisk66 ($1.68 in chips) 
Seat 5: baligo666 ($2.52 in chips) 
Seat 7: GasLighter316 ($2.69 in chips) 
Seat 8: ricrl ($1.75 in chips) 
Seat 9: TaseevoInva ($2.28 in chips) 
vasmit: posts small blind $0.01
NoRisk66: posts big blind $0.02
Pokkerjedi: sits out 
*** HOLE CARDS ***
Dealt to Dorex2007 [2c 6d]
baligo666: folds 
GasLighter316: calls $0.02
ricrl: folds 
TaseevoInva: folds 
Dorex2007: folds 
vasmit: calls $0.01
NoRisk66: checks 
*** FLOP *** [Qd Tc 9d]
ricrl leaves the table
vasmit: checks 
NoRisk66: bets $0.04
GasLighter316: calls $0.04
vasmit: calls $0.04
*** TURN *** [Qd Tc 9d] [Td]
vasmit: checks 
NoRisk66: checks 
GasLighter316: bets $0.17
vasmit: folds 
NoRisk66: folds 
Uncalled bet ($0.17) returned to GasLighter316
GasLighter316 collected $0.17 from pot
GasLighter316: doesn't show hand 
*** SUMMARY ***
Total pot $0.18 | Rake $0.01 
Board [Qd Tc 9d Td]
Seat 1: Dorex2007 (button) folded before Flop (didn't bet)
Seat 2: vasmit (small blind) folded on the Turn
Seat 3: NoRisk66 (big blind) folded on the Turn
Seat 5: baligo666 folded before Flop (didn't bet)
Seat 7: GasLighter316 collected ($0.17)
Seat 8: ricrl folded before Flop (didn't bet)
Seat 9: TaseevoInva folded before Flop (didn't bet)



PokerStars Hand #225788255534:  Hold'em No Limit ($0.01/$0.02 USD) - 2021/04/12 20:04:07 PT [2021/04/12 23:04:07 ET]
Table 'Botein III' 9-max Seat #2 is the button
Seat 1: Dorex2007 ($4.51 in chips) 
Seat 2: vasmit ($2.02 in chips) 
Seat 3: NoRisk66 ($1.62 in chips) 
Seat 4: Pokkerjedi ($2 in chips) 
Seat 5: baligo666 ($2.52 in chips) 
Seat 7: GasLighter316 ($2.80 in chips) 
Seat 9: TaseevoInva ($2.28 in chips) 
NoRisk66: posts small blind $0.01
cabelo6c joins the table at seat #6 
Pokkerjedi: posts big blind $0.02
*** HOLE CARDS ***
Dealt to Dorex2007 [Th Ac]
baligo666: raises $0.04 to $0.06
GasLighter316: calls $0.06
TaseevoInva: folds 
Dorex2007: calls $0.06
vasmit: folds 
NoRisk66: folds 
Pokkerjedi: calls $0.04
*** FLOP *** [4h Qd 8s]
Pokkerjedi: checks 
baligo666: bets $0.12
GasLighter316: folds 
Dorex2007: folds 
Pokkerjedi: folds 
Uncalled bet ($0.12) returned to baligo666
GasLighter316 leaves the table
baligo666 collected $0.24 from pot
baligo666: doesn't show hand 
*** SUMMARY ***
Total pot $0.25 | Rake $0.01 
Board [4h Qd 8s]
Seat 1: Dorex2007 folded on the Flop
Seat 2: vasmit (button) folded before Flop (didn't bet)
Seat 3: NoRisk66 (small blind) folded before Flop
Seat 4: Pokkerjedi (big blind) folded on the Flop
Seat 5: baligo666 collected ($0.24)
Seat 7: GasLighter316 folded on the Flop
Seat 9: TaseevoInva folded before Flop (didn't bet)



PokerStars Hand #225788267662:  Hold'em No Limit ($0.01/$0.02 USD) - 2021/04/12 20:05:01 PT [2021/04/12 23:05:01 ET]
Table 'Botein III' 9-max Seat #3 is the button
Seat 1: Dorex2007 ($4.45 in chips) 
Seat 2: vasmit ($2.02 in chips) 
Seat 3: NoRisk66 ($1.61 in chips) 
Seat 4: Pokkerjedi ($1.94 in chips) 
Seat 5: baligo666 ($2.70 in chips) 
Seat 6: cabelo6c ($0.86 in chips) 
Seat 9: TaseevoInva ($2.28 in chips) 
Pokkerjedi: posts small blind $0.01
baligo666: posts big blind $0.02
cabelo6c: posts big blind $0.02
*** HOLE CARDS ***
Dealt to Dorex2007 [8s Ac]
cabelo6c: checks 
TaseevoInva: folds 
Dorex2007: folds 
vasmit: folds 
franceildob2 joins the table at seat #7 
NoRisk66: folds 
Pokkerjedi: folds 
baligo666: checks 
*** FLOP *** [Qc Kd Jc]
baligo666: checks 
cabelo6c: bets $0.02
baligo666: folds 
Uncalled bet ($0.02) returned to cabelo6c
cabelo6c collected $0.05 from pot
cabelo6c: doesn't show hand 
*** SUMMARY ***
Total pot $0.05 | Rake $0 
Board [Qc Kd Jc]
Seat 1: Dorex2007 folded before Flop (didn't bet)
Seat 2: vasmit folded before Flop (didn't bet)
Seat 3: NoRisk66 (button) folded before Flop (didn't bet)
Seat 4: Pokkerjedi (small blind) folded before Flop
Seat 5: baligo666 (big blind) folded on the Flop
Seat 6: cabelo6c collected ($0.05)
Seat 9: TaseevoInva folded before Flop (didn't bet)



PokerStars Hand #225788281845:  Hold'em No Limit ($0.01/$0.02 USD) - 2021/04/12 20:06:06 PT [2021/04/12 23:06:06 ET]
Table 'Botein III' 9-max Seat #4 is the button
Seat 1: Dorex2007 ($4.45 in chips) 
Seat 2: vasmit ($2.02 in chips) 
Seat 3: NoRisk66 ($1.61 in chips) 
Seat 4: Pokkerjedi ($1.93 in chips) 
Seat 5: baligo666 ($2.68 in chips) 
Seat 6: cabelo6c ($0.89 in chips) 
Seat 9: TaseevoInva ($2.28 in chips) 
baligo666: posts small blind $0.01
cabelo6c: posts big blind $0.02
franceildob2: sits out 
*** HOLE CARDS ***
Dealt to Dorex2007 [5h 7c]
TaseevoInva: folds 
Dorex2007: folds 
vasmit: folds 
NoRisk66: folds 
Pokkerjedi: calls $0.02
baligo666: calls $0.01
cabelo6c: checks 
*** FLOP *** [4s 3d 3s]
baligo666: checks 
cabelo6c: bets $0.06
Pokkerjedi: folds 
baligo666: calls $0.06
*** TURN *** [4s 3d 3s] [9d]
baligo666: checks 
cabelo6c: bets $0.17
cala23 joins the table at seat #8 
baligo666: calls $0.17
*** RIVER *** [4s 3d 3s 9d] [3h]
franceildob2 leaves the table
baligo666: checks 
cabelo6c: bets $0.50
baligo666: calls $0.50
*** SHOW DOWN ***
cabelo6c: shows [4h 6c] (a full house, Threes full of Fours)
baligo666: shows [4c 5d] (a full house, Threes full of Fours)
baligo666 collected $0.74 from pot
cabelo6c collected $0.73 from pot
*** SUMMARY ***
Total pot $1.52 | Rake $0.05 
Board [4s 3d 3s 9d 3h]
Seat 1: Dorex2007 folded before Flop (didn't bet)
Seat 2: vasmit folded before Flop (didn't bet)
Seat 3: NoRisk66 folded before Flop (didn't bet)
Seat 4: Pokkerjedi (button) folded on the Flop
Seat 5: baligo666 (small blind) showed [4c 5d] and won ($0.74) with a full house, Threes full of Fours
Seat 6: cabelo6c (big blind) showed [4h 6c] and won ($0.73) with a full house, Threes full of Fours
Seat 9: TaseevoInva folded before Flop (didn't bet)



PokerStars Hand #225788297883:  Hold'em No Limit ($0.01/$0.02 USD) - 2021/04/12 20:07:18 PT [2021/04/12 23:07:18 ET]
Table 'Botein III' 9-max Seat #5 is the button
Seat 1: Dorex2007 ($4.45 in chips) 
Seat 2: vasmit ($2.02 in chips) 
Seat 3: NoRisk66 ($1.61 in chips) 
Seat 4: Pokkerjedi ($1.91 in chips) 
Seat 5: baligo666 ($2.67 in chips) 
Seat 6: cabelo6c ($0.87 in chips) 
Seat 8: cala23 ($0.80 in chips) 
Seat 9: TaseevoInva ($2.28 in chips) 
cabelo6c: posts small blind $0.01
cala23: posts big blind $0.02
*** HOLE CARDS ***
Dealt to Dorex2007 [2h 7c]
TaseevoInva: folds 
Dorex2007: folds 
vasmit: folds 
NoRisk66: folds 
Pokkerjedi: folds 
baligo666: calls $0.02
cabelo6c: raises $0.02 to $0.04
cala23: calls $0.02
baligo666: calls $0.02
*** FLOP *** [2d 9c Kh]
cabelo6c: bets $0.12
cala23: folds 
baligo666: calls $0.12
*** TURN *** [2d 9c Kh] [Qd]
cabelo6c: bets $0.35
baligo666: folds 
Uncalled bet ($0.35) returned to cabelo6c
cabelo6c collected $0.35 from pot
cabelo6c: doesn't show hand 
*** SUMMARY ***
Total pot $0.36 | Rake $0.01 
Board [2d 9c Kh Qd]
Seat 1: Dorex2007 folded before Flop (didn't bet)
Seat 2: vasmit folded before Flop (didn't bet)
Seat 3: NoRisk66 folded before Flop (didn't bet)
Seat 4: Pokkerjedi folded before Flop (didn't bet)
Seat 5: baligo666 (button) folded on the Turn
Seat 6: cabelo6c (small blind) collected ($0.35)
Seat 8: cala23 (big blind) folded on the Flop
Seat 9: TaseevoInva folded before Flop (didn't bet)



PokerStars Hand #225788312545:  Hold'em No Limit ($0.01/$0.02 USD) - 2021/04/12 20:08:24 PT [2021/04/12 23:08:24 ET]
Table 'Botein III' 9-max Seat #6 is the button
Seat 1: Dorex2007 ($4.45 in chips) 
Seat 2: vasmit ($2.02 in chips) 
Seat 3: NoRisk66 ($1.61 in chips) 
Seat 4: Pokkerjedi ($1.91 in chips) 
Seat 5: baligo666 ($2.51 in chips) 
Seat 6: cabelo6c ($1.06 in chips) 
Seat 8: cala23 ($0.76 in chips) 
Seat 9: TaseevoInva ($2.28 in chips) 
cala23: posts small blind $0.01
TaseevoInva: posts big blind $0.02
*** HOLE CARDS ***
Dealt to Dorex2007 [2h Qh]
Dorex2007: folds 
vasmit: folds 
edoschenko joins the table at seat #7 
NoRisk66: folds 
Pokkerjedi: calls $0.02
baligo666: folds 
cabelo6c: calls $0.02
cala23: calls $0.01
TaseevoInva: checks 
*** FLOP *** [5c Qc 6c]
cala23: checks 
TaseevoInva: checks 
Pokkerjedi: checks 
cabelo6c: bets $0.02
cala23: folds 
TaseevoInva: folds 
Pokkerjedi: calls $0.02
*** TURN *** [5c Qc 6c] [8c]
Pokkerjedi: checks 
cabelo6c: bets $0.12
Pokkerjedi: calls $0.12
*** RIVER *** [5c Qc 6c 8c] [Jc]
Pokkerjedi: checks 
cabelo6c: checks 
*** SHOW DOWN ***
Pokkerjedi: shows [Ac Js] (a flush, Ace high)
cabelo6c: mucks hand 
Pokkerjedi collected $0.35 from pot
*** SUMMARY ***
Total pot $0.36 | Rake $0.01 
Board [5c Qc 6c 8c Jc]
Seat 1: Dorex2007 folded before Flop (didn't bet)
Seat 2: vasmit folded before Flop (didn't bet)
Seat 3: NoRisk66 folded before Flop (didn't bet)
Seat 4: Pokkerjedi showed [Ac Js] and won ($0.35) with a flush, Ace high
Seat 5: baligo666 folded before Flop (didn't bet)
Seat 6: cabelo6c (button) mucked [5h 9d]
Seat 8: cala23 (small blind) folded on the Flop
Seat 9: TaseevoInva (big blind) folded on the Flop



PokerStars Hand #225788330442:  Hold'em No Limit ($0.01/$0.02 USD) - 2021/04/12 20:09:46 PT [2021/04/12 23:09:46 ET]
Table 'Botein III' 9-max Seat #8 is the button
Seat 1: Dorex2007 ($4.45 in chips) 
Seat 2: vasmit ($2.02 in chips) 
Seat 3: NoRisk66 ($1.61 in chips) 
Seat 4: Pokkerjedi ($2.10 in chips) 
Seat 6: cabelo6c ($0.90 in chips) 
Seat 8: cala23 ($0.74 in chips) 
Seat 9: TaseevoInva ($2.26 in chips) 
TaseevoInva: posts small blind $0.01
Dorex2007: posts big blind $0.02
edoschenko: sits out 
*** HOLE CARDS ***
Dealt to Dorex2007 [5c Qc]
vasmit: folds 
NoRisk66: folds 
Pokkerjedi: calls $0.02
cabelo6c: folds 
cala23: raises $0.04 to $0.06
TaseevoInva: folds 
Dorex2007: calls $0.04
Pokkerjedi: calls $0.04
*** FLOP *** [5s Qs Tc]
Dorex2007: bets $0.18
Pokkerjedi: folds 
cala23: folds 
Uncalled bet ($0.18) returned to Dorex2007
Dorex2007 collected $0.18 from pot
Dorex2007: doesn't show hand 
*** SUMMARY ***
Total pot $0.19 | Rake $0.01 
Board [5s Qs Tc]
Seat 1: Dorex2007 (big blind) collected ($0.18)
Seat 2: vasmit folded before Flop (didn't bet)
Seat 3: NoRisk66 folded before Flop (didn't bet)
Seat 4: Pokkerjedi folded on the Flop
Seat 6: cabelo6c folded before Flop (didn't bet)
Seat 8: cala23 (button) folded on the Flop
Seat 9: TaseevoInva (small blind) folded before Flop



PokerStars Hand #225788339523:  Hold'em No Limit ($0.01/$0.02 USD) - 2021/04/12 20:10:28 PT [2021/04/12 23:10:28 ET]
Table 'Botein III' 9-max Seat #9 is the button
Seat 1: Dorex2007 ($4.57 in chips) 
Seat 2: vasmit ($2.02 in chips) 
Seat 3: NoRisk66 ($1.61 in chips) 
Seat 4: Pokkerjedi ($2.04 in chips) 
Seat 6: cabelo6c ($0.90 in chips) 
Seat 8: cala23 ($0.68 in chips) 
Seat 9: TaseevoInva ($2.25 in chips) 
Dorex2007: posts small blind $0.01
vasmit: posts big blind $0.02
edoschenko: sits out 
*** HOLE CARDS ***
Dealt to Dorex2007 [3h Th]
NoRisk66: folds 
Pokkerjedi: folds 
cabelo6c: folds 
cala23: calls $0.02
TaseevoInva: folds 
Dorex2007: folds 
vasmit: checks 
*** FLOP *** [5h 8h Ts]
vasmit: checks 
cala23: bets $0.02
vasmit: calls $0.02
*** TURN *** [5h 8h Ts] [Kd]
vasmit: checks 
cala23: bets $0.02
TaseevoInva leaves the table
vasmit: calls $0.02
*** RIVER *** [5h 8h Ts Kd] [9s]
vasmit: checks 
SiMiRu joins the table at seat #9 
cala23: checks 
*** SHOW DOWN ***
vasmit: shows [As 8s] (a pair of Eights)
cala23: shows [7c Kh] (a pair of Kings)
cala23 collected $0.13 from pot
*** SUMMARY ***
Total pot $0.13 | Rake $0 
Board [5h 8h Ts Kd 9s]
Seat 1: Dorex2007 (small blind) folded before Flop
Seat 2: vasmit (big blind) showed [As 8s] and lost with a pair of Eights
Seat 3: NoRisk66 folded before Flop (didn't bet)
Seat 4: Pokkerjedi folded before Flop (didn't bet)
Seat 6: cabelo6c folded before Flop (didn't bet)
Seat 8: cala23 showed [7c Kh] and won ($0.13) with a pair of Kings
Seat 9: TaseevoInva (button) folded before Flop (didn't bet)



PokerStars Hand #225788358650:  Hold'em No Limit ($0.01/$0.02 USD) - 2021/04/12 20:11:30 PT [2021/04/12 23:11:30 ET]
Table 'Botein III' 9-max Seat #1 is the button
Seat 1: Dorex2007 ($4.56 in chips) 
Seat 2: vasmit ($2 in chips) 
Seat 3: NoRisk66 ($1.61 in chips) 
Seat 4: Pokkerjedi ($2.04 in chips) 
Seat 5: baligo666 ($2.51 in chips) 
Seat 6: cabelo6c ($0.90 in chips) 
Seat 8: cala23 ($0.75 in chips) 
vasmit: posts small blind $0.01
NoRisk66: posts big blind $0.02
edoschenko: sits out 
SiMiRu: sits out 
*** HOLE CARDS ***
Dealt to Dorex2007 [Qc Kd]
Pokkerjedi: folds 
baligo666: folds 
cabelo6c: calls $0.02
cala23: folds 
Dorex2007: raises $0.04 to $0.06
vasmit: folds 
NoRisk66: folds 
cabelo6c: calls $0.04
*** FLOP *** [3s 6c 2h]
cabelo6c: bets $0.02
Dorex2007: raises $0.08 to $0.10
cabelo6c: calls $0.08
*** TURN *** [3s 6c 2h] [Qh]
cabelo6c: checks 
Dorex2007: bets $0.34
cabelo6c: folds 
Uncalled bet ($0.34) returned to Dorex2007
Dorex2007 collected $0.34 from pot
Dorex2007: doesn't show hand 
*** SUMMARY ***
Total pot $0.35 | Rake $0.01 
Board [3s 6c 2h Qh]
Seat 1: Dorex2007 (button) collected ($0.34)
Seat 2: vasmit (small blind) folded before Flop
Seat 3: NoRisk66 (big blind) folded before Flop
Seat 4: Pokkerjedi folded before Flop (didn't bet)
Seat 5: baligo666 folded before Flop (didn't bet)
Seat 6: cabelo6c folded on the Turn
Seat 8: cala23 folded before Flop (didn't bet)



PokerStars Hand #225788374365:  Hold'em No Limit ($0.01/$0.02 USD) - 2021/04/12 20:12:43 PT [2021/04/12 23:12:43 ET]
Table 'Botein III' 9-max Seat #2 is the button
Seat 1: Dorex2007 ($4.74 in chips) 
Seat 2: vasmit ($2 in chips) 
Seat 3: NoRisk66 ($1.59 in chips) 
Seat 4: Pokkerjedi ($2.04 in chips) 
Seat 5: baligo666 ($2.51 in chips) 
Seat 6: cabelo6c ($0.74 in chips) 
Seat 8: cala23 ($0.75 in chips) 
NoRisk66: posts small blind $0.01
Pokkerjedi: posts big blind $0.02
edoschenko: sits out 
SiMiRu: sits out 
*** HOLE CARDS ***
Dealt to Dorex2007 [3h Ac]
baligo666: raises $0.05 to $0.07
cabelo6c: folds 
cala23: folds 
Dorex2007: folds 
vasmit: folds 
NoRisk66: folds 
Pokkerjedi: calls $0.05
*** FLOP *** [4c 9d Js]
Pokkerjedi: checks 
baligo666: bets $0.07
Pokkerjedi: folds 
Uncalled bet ($0.07) returned to baligo666
baligo666 collected $0.14 from pot
baligo666: doesn't show hand 
*** SUMMARY ***
Total pot $0.15 | Rake $0.01 
Board [4c 9d Js]
Seat 1: Dorex2007 folded before Flop (didn't bet)
Seat 2: vasmit (button) folded before Flop (didn't bet)
Seat 3: NoRisk66 (small blind) folded before Flop
Seat 4: Pokkerjedi (big blind) folded on the Flop
Seat 5: baligo666 collected ($0.14)
Seat 6: cabelo6c folded before Flop (didn't bet)
Seat 8: cala23 folded before Flop (didn't bet)



PokerStars Hand #225788384028:  Hold'em No Limit ($0.01/$0.02 USD) - 2021/04/12 20:13:27 PT [2021/04/12 23:13:27 ET]
Table 'Botein III' 9-max Seat #3 is the button
Seat 1: Dorex2007 ($4.74 in chips) 
Seat 2: vasmit ($2 in chips) 
Seat 3: NoRisk66 ($1.58 in chips) 
Seat 4: Pokkerjedi ($1.97 in chips) 
Seat 5: baligo666 ($2.58 in chips) 
Seat 6: cabelo6c ($0.74 in chips) 
Seat 8: cala23 ($0.75 in chips) 
Pokkerjedi: posts small blind $0.01
baligo666: posts big blind $0.02
edoschenko: sits out 
SiMiRu: sits out 
*** HOLE CARDS ***
Dealt to Dorex2007 [Ah Qc]
cabelo6c: raises $0.02 to $0.04
cala23: calls $0.04
Dorex2007: raises $0.10 to $0.14
vasmit: folds 
NoRisk66: folds 
Pokkerjedi: folds 
baligo666: folds 
cabelo6c: calls $0.10
cala23: calls $0.10
*** FLOP *** [7c Kd Qd]
cabelo6c: checks 
cala23: checks 
Dorex2007: bets $0.43
cabelo6c: folds 
cala23: folds 
Uncalled bet ($0.43) returned to Dorex2007
Dorex2007 collected $0.43 from pot
Dorex2007: doesn't show hand 
*** SUMMARY ***
Total pot $0.45 | Rake $0.02 
Board [7c Kd Qd]
Seat 1: Dorex2007 collected ($0.43)
Seat 2: vasmit folded before Flop (didn't bet)
Seat 3: NoRisk66 (button) folded before Flop (didn't bet)
Seat 4: Pokkerjedi (small blind) folded before Flop
Seat 5: baligo666 (big blind) folded before Flop
Seat 6: cabelo6c folded on the Flop
Seat 8: cala23 folded on the Flop



PokerStars Hand #225788401002:  Hold'em No Limit ($0.01/$0.02 USD) - 2021/04/12 20:14:47 PT [2021/04/12 23:14:47 ET]
Table 'Botein III' 9-max Seat #4 is the button
Seat 1: Dorex2007 ($5.03 in chips) 
Seat 2: vasmit ($2 in chips) 
Seat 3: NoRisk66 ($1.58 in chips) 
Seat 4: Pokkerjedi ($1.96 in chips) 
Seat 5: baligo666 ($2.56 in chips) 
Seat 6: cabelo6c ($0.60 in chips) 
Seat 8: cala23 ($0.61 in chips) 
baligo666: posts small blind $0.01
cabelo6c: posts big blind $0.02
edoschenko: sits out 
SiMiRu: sits out 
*** HOLE CARDS ***
Dealt to Dorex2007 [9s 8s]
cala23: folds 
Dorex2007: raises $0.04 to $0.06
cala23 leaves the table
vasmit: folds 
NoRisk66: folds 
Pokkerjedi: folds 
baligo666: calls $0.05
cabelo6c: calls $0.04
*** FLOP *** [Ts Kd 7c]
baligo666: checks 
cabelo6c: checks 
Dorex2007: bets $0.17
baligo666: folds 
cabelo6c: raises $0.37 to $0.54 and is all-in
Dorex2007: calls $0.37
ChiguireJr joins the table at seat #8 
*** TURN *** [Ts Kd 7c] [Jd]
*** RIVER *** [Ts Kd 7c Jd] [Ah]
*** SHOW DOWN ***
cabelo6c: shows [Td Ks] (two pair, Kings and Tens)
Dorex2007: shows [9s 8s] (a straight, Seven to Jack)
Dorex2007 collected $1.22 from pot
*** SUMMARY ***
Total pot $1.26 | Rake $0.04 
Board [Ts Kd 7c Jd Ah]
Seat 1: Dorex2007 showed [9s 8s] and won ($1.22) with a straight, Seven to Jack
Seat 2: vasmit folded before Flop (didn't bet)
Seat 3: NoRisk66 folded before Flop (didn't bet)
Seat 4: Pokkerjedi (button) folded before Flop (didn't bet)
Seat 5: baligo666 (small blind) folded on the Flop
Seat 6: cabelo6c (big blind) showed [Td Ks] and lost with two pair, Kings and Tens
Seat 8: cala23 folded before Flop (didn't bet)



PokerStars Hand #225788418624:  Hold'em No Limit ($0.01/$0.02 USD) - 2021/04/12 20:16:08 PT [2021/04/12 23:16:08 ET]
Table 'Botein III' 9-max Seat #5 is the button
Seat 1: Dorex2007 ($5.65 in chips) 
Seat 2: vasmit ($2 in chips) 
Seat 3: NoRisk66 ($1.58 in chips) 
Seat 4: Pokkerjedi ($1.96 in chips) 
Seat 5: baligo666 ($2.50 in chips) 
Dorex2007: posts small blind $0.01
vasmit: posts big blind $0.02
*** HOLE CARDS ***
Dealt to Dorex2007 [Jh Qh]
NoRisk66: calls $0.02
Pokkerjedi: folds 
baligo666: folds 
cabelo6c leaves the table
Dorex2007: raises $0.04 to $0.06
vasmit: folds 
NoRisk66: calls $0.04
*** FLOP *** [2h 4h 2d]
Dorex2007: bets $0.14
NoRisk66: folds 
Uncalled bet ($0.14) returned to Dorex2007
Dorex2007 collected $0.14 from pot
Dorex2007: doesn't show hand 
*** SUMMARY ***
Total pot $0.14 | Rake $0 
Board [2h 4h 2d]
Seat 1: Dorex2007 (small blind) collected ($0.14)
Seat 2: vasmit (big blind) folded before Flop
Seat 3: NoRisk66 folded on the Flop
Seat 4: Pokkerjedi folded before Flop (didn't bet)
Seat 5: baligo666 (button) folded before Flop (didn't bet)



PokerStars Hand #225788425506:  Hold'em No Limit ($0.01/$0.02 USD) - 2021/04/12 20:16:35 PT [2021/04/12 23:16:35 ET]
Table 'Botein III' 9-max Seat #1 is the button
Seat 1: Dorex2007 ($5.73 in chips) 
Seat 2: vasmit ($2 in chips) 
Seat 3: NoRisk66 ($1.52 in chips) 
Seat 4: Pokkerjedi ($1.96 in chips) 
Seat 5: baligo666 ($2.50 in chips) 
vasmit: posts small blind $0.01
NoRisk66: posts big blind $0.02
edoschenko: sits out 
ChiguireJr: sits out 
SiMiRu: sits out 
*** HOLE CARDS ***
Dealt to Dorex2007 [6s Ah]
Pokkerjedi: folds 
baligo666: raises $0.04 to $0.06
Dorex2007: folds 
vasmit: folds 
NoRisk66: folds 
Uncalled bet ($0.04) returned to baligo666
baligo666 collected $0.05 from pot
baligo666: doesn't show hand 
*** SUMMARY ***
Total pot $0.05 | Rake $0 
Seat 1: Dorex2007 (button) folded before Flop (didn't bet)
Seat 2: vasmit (small blind) folded before Flop
Seat 3: NoRisk66 (big blind) folded before Flop
Seat 4: Pokkerjedi folded before Flop (didn't bet)
Seat 5: baligo666 collected ($0.05)



PokerStars Hand #225788430441:  Hold'em No Limit ($0.01/$0.02 USD) - 2021/04/12 20:16:58 PT [2021/04/12 23:16:58 ET]
Table 'Botein III' 9-max Seat #2 is the button
Seat 1: Dorex2007 ($5.73 in chips) 
Seat 2: vasmit ($2 in chips) 
Seat 3: NoRisk66 ($1.50 in chips) 
Seat 4: Pokkerjedi ($1.96 in chips) 
Seat 5: baligo666 ($2.53 in chips) 
NoRisk66: posts small blind $0.01
Pokkerjedi: posts big blind $0.02
edoschenko: sits out 
ChiguireJr: sits out 
SiMiRu: sits out 
*** HOLE CARDS ***
Dealt to Dorex2007 [Kh 9h]
baligo666: folds 
Dorex2007: raises $0.04 to $0.06
vasmit: folds 
NoRisk66: calls $0.05
Pokkerjedi: folds 
*** FLOP *** [5d Td Jh]
NoRisk66: checks 
Dorex2007: bets $0.14
NoRisk66: calls $0.14
*** TURN *** [5d Td Jh] [Kd]
NoRisk66: bets $0.20
Dorex2007: calls $0.20
*** RIVER *** [5d Td Jh Kd] [8h]
NoRisk66: checks 
Dorex2007: bets $0.53
NoRisk66: calls $0.53
*** SHOW DOWN ***
Dorex2007: shows [Kh 9h] (a pair of Kings)
NoRisk66: mucks hand 
Dorex2007 collected $1.81 from pot
*** SUMMARY ***
Total pot $1.88 | Rake $0.07 
Board [5d Td Jh Kd 8h]
Seat 1: Dorex2007 showed [Kh 9h] and won ($1.81) with a pair of Kings
Seat 2: vasmit (button) folded before Flop (didn't bet)
Seat 3: NoRisk66 (small blind) mucked [Jd Ac]
Seat 4: Pokkerjedi (big blind) folded before Flop
Seat 5: baligo666 folded before Flop (didn't bet)



PokerStars Hand #225788441523:  Hold'em No Limit ($0.01/$0.02 USD) - 2021/04/12 20:17:49 PT [2021/04/12 23:17:49 ET]
Table 'Botein III' 9-max Seat #3 is the button
Seat 1: Dorex2007 ($6.61 in chips) 
Seat 2: vasmit ($2 in chips) 
Seat 3: NoRisk66 ($0.57 in chips) 
Seat 4: Pokkerjedi ($1.94 in chips) 
Seat 5: baligo666 ($2.53 in chips) 
Pokkerjedi: posts small blind $0.01
baligo666: posts big blind $0.02
edoschenko: sits out 
ChiguireJr: sits out 
SiMiRu: sits out 
*** HOLE CARDS ***
Dealt to Dorex2007 [Th As]
Dorex2007: raises $0.04 to $0.06
vasmit: calls $0.06
NoRisk66: folds 
Pokkerjedi: folds 
Lopes_LucasB joins the table at seat #6 
baligo666: calls $0.04
*** FLOP *** [9s 2h Ts]
baligo666: checks 
Dorex2007: bets $0.18
vasmit: folds 
baligo666: raises $0.54 to $0.72
Dorex2007: calls $0.54
*** TURN *** [9s 2h Ts] [9d]
baligo666: bets $1.75 and is all-in
Dorex2007: folds 
Uncalled bet ($1.75) returned to baligo666
baligo666 collected $1.57 from pot
baligo666: doesn't show hand 
*** SUMMARY ***
Total pot $1.63 | Rake $0.06 
Board [9s 2h Ts 9d]
Seat 1: Dorex2007 folded on the Turn
Seat 2: vasmit folded on the Flop
Seat 3: NoRisk66 (button) folded before Flop (didn't bet)
Seat 4: Pokkerjedi (small blind) folded before Flop
Seat 5: baligo666 (big blind) collected ($1.57)



PokerStars Hand #225788468904:  Hold'em No Limit ($0.01/$0.02 USD) - 2021/04/12 20:19:37 PT [2021/04/12 23:19:37 ET]
Table 'Botein III' 9-max Seat #4 is the button
Seat 1: Dorex2007 ($5.83 in chips) 
Seat 2: vasmit ($2 in chips) 
Seat 3: NoRisk66 ($0.57 in chips) 
Seat 4: Pokkerjedi ($1.93 in chips) 
Seat 5: baligo666 ($3.32 in chips) 
Seat 6: Lopes_LucasB ($2 in chips) 
baligo666: posts small blind $0.01
Lopes_LucasB: posts big blind $0.02
edoschenko: sits out 
ChiguireJr: sits out 
SiMiRu: sits out 
*** HOLE CARDS ***
Dealt to Dorex2007 [2s 2d]
Dorex2007: folds 
vasmit: folds 
NoRisk66: folds 
Pokkerjedi: folds 
baligo666: calls $0.01
Lopes_LucasB: checks 
*** FLOP *** [7h Ts Kd]
baligo666: bets $0.02
Lopes_LucasB: folds 
Uncalled bet ($0.02) returned to baligo666
baligo666 collected $0.04 from pot
baligo666: doesn't show hand 
*** SUMMARY ***
Total pot $0.04 | Rake $0 
Board [7h Ts Kd]
Seat 1: Dorex2007 folded before Flop (didn't bet)
Seat 2: vasmit folded before Flop (didn't bet)
Seat 3: NoRisk66 folded before Flop (didn't bet)
Seat 4: Pokkerjedi (button) folded before Flop (didn't bet)
Seat 5: baligo666 (small blind) collected ($0.04)
Seat 6: Lopes_LucasB (big blind) folded on the Flop



PokerStars Hand #225788475200:  Hold'em No Limit ($0.01/$0.02 USD) - 2021/04/12 20:20:07 PT [2021/04/12 23:20:07 ET]
Table 'Botein III' 9-max Seat #5 is the button
Seat 1: Dorex2007 ($5.83 in chips) 
Seat 2: vasmit ($2 in chips) 
Seat 3: NoRisk66 ($0.57 in chips) 
Seat 4: Pokkerjedi ($1.93 in chips) 
Seat 5: baligo666 ($3.34 in chips) 
Seat 6: Lopes_LucasB ($1.98 in chips) 
Seat 7: edoschenko ($1.60 in chips) 
Lopes_LucasB: posts small blind $0.01
edoschenko: posts big blind $0.02
ChiguireJr: sits out 
SiMiRu: sits out 
*** HOLE CARDS ***
Dealt to Dorex2007 [Jh Ac]
Dorex2007: raises $0.04 to $0.06
vasmit: folds 
NoRisk66: folds 
Pokkerjedi: calls $0.06
baligo666: folds 
Lopes_LucasB: folds 
edoschenko: folds 
*** FLOP *** [9d Tc Qs]
Dorex2007: checks 
Pokkerjedi: bets $0.06
Dorex2007: calls $0.06
*** TURN *** [9d Tc Qs] [3d]
Dorex2007: checks 
Pokkerjedi: bets $0.14
Dorex2007: calls $0.14
*** RIVER *** [9d Tc Qs 3d] [9c]
Dorex2007: bets $0.53
Pokkerjedi: raises $1.14 to $1.67 and is all-in
Dorex2007: folds 
Uncalled bet ($1.14) returned to Pokkerjedi
Pokkerjedi collected $1.55 from pot
*** SUMMARY ***
Total pot $1.61 | Rake $0.06 
Board [9d Tc Qs 3d 9c]
Seat 1: Dorex2007 folded on the River
Seat 2: vasmit folded before Flop (didn't bet)
Seat 3: NoRisk66 folded before Flop (didn't bet)
Seat 4: Pokkerjedi collected ($1.55)
Seat 5: baligo666 (button) folded before Flop (didn't bet)
Seat 6: Lopes_LucasB (small blind) folded before Flop
Seat 7: edoschenko (big blind) folded before Flop



PokerStars Hand #225788500360:  Hold'em No Limit ($0.01/$0.02 USD) - 2021/04/12 20:22:04 PT [2021/04/12 23:22:04 ET]
Table 'Botein III' 9-max Seat #6 is the button
Seat 1: Dorex2007 ($5.04 in chips) 
Seat 2: vasmit ($2 in chips) 
Seat 3: NoRisk66 ($0.57 in chips) 
Seat 4: Pokkerjedi ($2.69 in chips) 
Seat 5: baligo666 ($3.34 in chips) 
Seat 6: Lopes_LucasB ($1.97 in chips) 
Seat 7: edoschenko ($1.58 in chips) 
Seat 9: SiMiRu ($2 in chips) 
edoschenko: posts small blind $0.01
ChiguireJr has timed out
ChiguireJr: is sitting out 
SiMiRu: posts big blind $0.02
*** HOLE CARDS ***
Dealt to Dorex2007 [Qh 3d]
Dorex2007: folds 
vasmit: folds 
NoRisk66: raises $0.06 to $0.08
Pokkerjedi: folds 
baligo666: folds 
Lopes_LucasB: folds 
edoschenko: folds 
SiMiRu: folds 
Uncalled bet ($0.06) returned to NoRisk66
NoRisk66 collected $0.05 from pot
NoRisk66: doesn't show hand 
*** SUMMARY ***
Total pot $0.05 | Rake $0 
Seat 1: Dorex2007 folded before Flop (didn't bet)
Seat 2: vasmit folded before Flop (didn't bet)
Seat 3: NoRisk66 collected ($0.05)
Seat 4: Pokkerjedi folded before Flop (didn't bet)
Seat 5: baligo666 folded before Flop (didn't bet)
Seat 6: Lopes_LucasB (button) folded before Flop (didn't bet)
Seat 7: edoschenko (small blind) folded before Flop
Seat 9: SiMiRu (big blind) folded before Flop



PokerStars Hand #225788510786:  Hold'em No Limit ($0.01/$0.02 USD) - 2021/04/12 20:22:45 PT [2021/04/12 23:22:45 ET]
Table 'Botein III' 9-max Seat #7 is the button
Seat 1: Dorex2007 ($5.04 in chips) 
Seat 2: vasmit ($2 in chips) 
Seat 3: NoRisk66 ($0.60 in chips) 
Seat 4: Pokkerjedi ($2.69 in chips) 
Seat 5: baligo666 ($3.34 in chips) 
Seat 6: Lopes_LucasB ($1.97 in chips) 
Seat 7: edoschenko ($1.57 in chips) 
Seat 9: SiMiRu ($2 in chips) 
SiMiRu: posts small blind $0.01
Dorex2007: posts big blind $0.02
*** HOLE CARDS ***
Dealt to Dorex2007 [4s 5h]
vasmit: folds 
NoRisk66: folds 
Pokkerjedi: folds 
baligo666: folds 
Lopes_LucasB: folds 
edoschenko: folds 
SiMiRu: calls $0.01
Dorex2007: checks 
*** FLOP *** [Td Kh 8s]
SiMiRu: bets $0.02
Dorex2007: folds 
Uncalled bet ($0.02) returned to SiMiRu
SiMiRu collected $0.04 from pot
SiMiRu: doesn't show hand 
*** SUMMARY ***
Total pot $0.04 | Rake $0 
Board [Td Kh 8s]
Seat 1: Dorex2007 (big blind) folded on the Flop
Seat 2: vasmit folded before Flop (didn't bet)
Seat 3: NoRisk66 folded before Flop (didn't bet)
Seat 4: Pokkerjedi folded before Flop (didn't bet)
Seat 5: baligo666 folded before Flop (didn't bet)
Seat 6: Lopes_LucasB folded before Flop (didn't bet)
Seat 7: edoschenko (button) folded before Flop (didn't bet)
Seat 9: SiMiRu (small blind) collected ($0.04)



PokerStars Hand #225788517963:  Hold'em No Limit ($0.01/$0.02 USD) - 2021/04/12 20:23:19 PT [2021/04/12 23:23:19 ET]
Table 'Botein III' 9-max Seat #9 is the button
Seat 1: Dorex2007 ($5.02 in chips) 
Seat 2: vasmit ($2 in chips) 
Seat 4: Pokkerjedi ($2.69 in chips) 
Seat 5: baligo666 ($3.34 in chips) 
Seat 6: Lopes_LucasB ($1.97 in chips) 
Seat 7: edoschenko ($1.57 in chips) 
Seat 8: ChiguireJr ($1.50 in chips) 
Seat 9: SiMiRu ($2.02 in chips) 
Dorex2007: posts small blind $0.01
NoRisk66 is disconnected 
vasmit: posts big blind $0.02
ChiguireJr: posts small & big blinds $0.03
*** HOLE CARDS ***
Dealt to Dorex2007 [Kd 5d]
Pokkerjedi: folds 
baligo666: folds 
Lopes_LucasB: folds 
edoschenko: folds 
ChiguireJr: checks 
SiMiRu: folds 
Dorex2007: calls $0.01
vasmit: checks 
*** FLOP *** [8h 4s Qs]
Dorex2007: checks 
vasmit: checks 
ChiguireJr: checks 
*** TURN *** [8h 4s Qs] [Ad]
Dorex2007: checks 
vasmit: checks 
ChiguireJr: checks 
*** RIVER *** [8h 4s Qs Ad] [2c]
Dorex2007: bets $0.07
vasmit: folds 
ChiguireJr: folds 
Uncalled bet ($0.07) returned to Dorex2007
Dorex2007 collected $0.07 from pot
Dorex2007: doesn't show hand 
*** SUMMARY ***
Total pot $0.07 | Rake $0 
Board [8h 4s Qs Ad 2c]
Seat 1: Dorex2007 (small blind) collected ($0.07)
Seat 2: vasmit (big blind) folded on the River
Seat 4: Pokkerjedi folded before Flop (didn't bet)
Seat 5: baligo666 folded before Flop (didn't bet)
Seat 6: Lopes_LucasB folded before Flop (didn't bet)
Seat 7: edoschenko folded before Flop (didn't bet)
Seat 8: ChiguireJr folded on the River (didn't bet)
Seat 9: SiMiRu (button) folded before Flop (didn't bet)



PokerStars Hand #225788548785:  Hold'em No Limit ($0.01/$0.02 USD) - 2021/04/12 20:24:58 PT [2021/04/12 23:24:58 ET]
Table 'Botein III' 9-max Seat #1 is the button
Seat 1: Dorex2007 ($5.07 in chips) 
Seat 2: vasmit ($2 in chips) 
Seat 4: Pokkerjedi ($2.69 in chips) 
Seat 5: baligo666 ($3.34 in chips) 
Seat 6: Lopes_LucasB ($1.97 in chips) 
Seat 7: edoschenko ($1.57 in chips) 
Seat 8: ChiguireJr ($1.47 in chips) 
Seat 9: SiMiRu ($2.02 in chips) 
vasmit: posts small blind $0.01
Pokkerjedi: posts big blind $0.02
*** HOLE CARDS ***
Dealt to Dorex2007 [2h 3c]
baligo666: raises $0.04 to $0.06
Lopes_LucasB: folds 
edoschenko: folds 
ChiguireJr: folds 
SiMiRu: folds 
Dorex2007: folds 
vasmit: folds 
Pokkerjedi: calls $0.04
*** FLOP *** [Jh 2c Qh]
Pokkerjedi: checks 
baligo666: bets $0.09
Pokkerjedi: folds 
Uncalled bet ($0.09) returned to baligo666
baligo666 collected $0.13 from pot
baligo666: doesn't show hand 
*** SUMMARY ***
Total pot $0.13 | Rake $0 
Board [Jh 2c Qh]
Seat 1: Dorex2007 (button) folded before Flop (didn't bet)
Seat 2: vasmit (small blind) folded before Flop
Seat 4: Pokkerjedi (big blind) folded on the Flop
Seat 5: baligo666 collected ($0.13)
Seat 6: Lopes_LucasB folded before Flop (didn't bet)
Seat 7: edoschenko folded before Flop (didn't bet)
Seat 8: ChiguireJr folded before Flop (didn't bet)
Seat 9: SiMiRu folded before Flop (didn't bet)



PokerStars Hand #225788558448:  Hold'em No Limit ($0.01/$0.02 USD) - 2021/04/12 20:25:44 PT [2021/04/12 23:25:44 ET]
Table 'Botein III' 9-max Seat #2 is the button
Seat 1: Dorex2007 ($5.07 in chips) 
Seat 2: vasmit ($2 in chips) 
Seat 4: Pokkerjedi ($2.63 in chips) 
Seat 5: baligo666 ($3.41 in chips) 
Seat 6: Lopes_LucasB ($1.97 in chips) 
Seat 7: edoschenko ($1.57 in chips) 
Seat 8: ChiguireJr ($1.47 in chips) 
Seat 9: SiMiRu ($2.02 in chips) 
Pokkerjedi: posts small blind $0.01
baligo666: posts big blind $0.02
*** HOLE CARDS ***
Dealt to Dorex2007 [5h 3c]
Lopes_LucasB: folds 
edoschenko: folds 
ChiguireJr: folds 
SiMiRu: folds 
Dorex2007: folds 
vasmit: raises $0.02 to $0.04
Pokkerjedi: calls $0.03
baligo666: calls $0.02
*** FLOP *** [7c Tc Ts]
Pokkerjedi: checks 
baligo666: checks 
vasmit: bets $0.06
Pokkerjedi: folds 
baligo666: calls $0.06
*** TURN *** [7c Tc Ts] [6d]
baligo666: checks 
vasmit: checks 
*** RIVER *** [7c Tc Ts 6d] [Th]
baligo666: bets $0.12
vasmit: folds 
Uncalled bet ($0.12) returned to baligo666
baligo666 collected $0.23 from pot
baligo666: doesn't show hand 
*** SUMMARY ***
Total pot $0.24 | Rake $0.01 
Board [7c Tc Ts 6d Th]
Seat 1: Dorex2007 folded before Flop (didn't bet)
Seat 2: vasmit (button) folded on the River
Seat 4: Pokkerjedi (small blind) folded on the Flop
Seat 5: baligo666 (big blind) collected ($0.23)
Seat 6: Lopes_LucasB folded before Flop (didn't bet)
Seat 7: edoschenko folded before Flop (didn't bet)
Seat 8: ChiguireJr folded before Flop (didn't bet)
Seat 9: SiMiRu folded before Flop (didn't bet)



PokerStars Hand #225788573371:  Hold'em No Limit ($0.01/$0.02 USD) - 2021/04/12 20:26:55 PT [2021/04/12 23:26:55 ET]
Table 'Botein III' 9-max Seat #4 is the button
Seat 1: Dorex2007 ($5.07 in chips) 
Seat 2: vasmit ($2 in chips) 
Seat 4: Pokkerjedi ($2.59 in chips) 
Seat 5: baligo666 ($3.54 in chips) 
Seat 6: Lopes_LucasB ($1.97 in chips) 
Seat 7: edoschenko ($1.57 in chips) 
Seat 8: ChiguireJr ($1.47 in chips) 
Seat 9: SiMiRu ($2.02 in chips) 
baligo666: posts small blind $0.01
Lopes_LucasB: posts big blind $0.02
*** HOLE CARDS ***
Dealt to Dorex2007 [9h 3h]
edoschenko: raises $0.04 to $0.06
ChiguireJr: folds 
SiMiRu: calls $0.06
Dorex2007: folds 
vasmit: folds 
Pokkerjedi: folds 
baligo666: folds 
Lopes_LucasB: folds 
*** FLOP *** [7c 6h Ah]
edoschenko: checks 
SiMiRu: bets $0.12
edoschenko: folds 
Uncalled bet ($0.12) returned to SiMiRu
SiMiRu collected $0.14 from pot
SiMiRu: doesn't show hand 
*** SUMMARY ***
Total pot $0.15 | Rake $0.01 
Board [7c 6h Ah]
Seat 1: Dorex2007 folded before Flop (didn't bet)
Seat 2: vasmit folded before Flop (didn't bet)
Seat 4: Pokkerjedi (button) folded before Flop (didn't bet)
Seat 5: baligo666 (small blind) folded before Flop
Seat 6: Lopes_LucasB (big blind) folded before Flop
Seat 7: edoschenko folded on the Flop
Seat 8: ChiguireJr folded before Flop (didn't bet)
Seat 9: SiMiRu collected ($0.14)



PokerStars Hand #225788580881:  Hold'em No Limit ($0.01/$0.02 USD) - 2021/04/12 20:27:30 PT [2021/04/12 23:27:30 ET]
Table 'Botein III' 9-max Seat #5 is the button
Seat 1: Dorex2007 ($5.07 in chips) 
Seat 2: vasmit ($2 in chips) 
Seat 4: Pokkerjedi ($2.59 in chips) 
Seat 5: baligo666 ($3.53 in chips) 
Seat 6: Lopes_LucasB ($1.95 in chips) 
Seat 8: ChiguireJr ($1.47 in chips) 
Seat 9: SiMiRu ($2.10 in chips) 
Lopes_LucasB: posts small blind $0.01
ChiguireJr: posts big blind $0.02
*** HOLE CARDS ***
Dealt to Dorex2007 [6d Ts]
SiMiRu: folds 
Dorex2007: folds 
vasmit: folds 
Pokkerjedi: folds 
baligo666: folds 
Lopes_LucasB: folds 
Uncalled bet ($0.01) returned to ChiguireJr
ChiguireJr collected $0.02 from pot
*** SUMMARY ***
Total pot $0.02 | Rake $0 
Seat 1: Dorex2007 folded before Flop (didn't bet)
Seat 2: vasmit folded before Flop (didn't bet)
Seat 4: Pokkerjedi folded before Flop (didn't bet)
Seat 5: baligo666 (button) folded before Flop (didn't bet)
Seat 6: Lopes_LucasB (small blind) folded before Flop
Seat 8: ChiguireJr (big blind) collected ($0.02)
Seat 9: SiMiRu folded before Flop (didn't bet)



PokerStars Hand #225788586643:  Hold'em No Limit ($0.01/$0.02 USD) - 2021/04/12 20:27:58 PT [2021/04/12 23:27:58 ET]
Table 'Botein III' 9-max Seat #6 is the button
Seat 1: Dorex2007 ($5.07 in chips) 
Seat 2: vasmit ($2 in chips) 
Seat 4: Pokkerjedi ($2.59 in chips) 
Seat 5: baligo666 ($3.53 in chips) 
Seat 6: Lopes_LucasB ($1.94 in chips) 
Seat 8: ChiguireJr ($1.48 in chips) 
Seat 9: SiMiRu ($2.10 in chips) 
ChiguireJr: posts small blind $0.01
SiMiRu: posts big blind $0.02
*** HOLE CARDS ***
Dealt to Dorex2007 [2d Th]
Dorex2007: folds 
vasmit: folds 
Pokkerjedi: folds 
baligo666: folds 
Lopes_LucasB: raises $0.02 to $0.04
ChiguireJr: folds 
SiMiRu: folds 
Uncalled bet ($0.02) returned to Lopes_LucasB
Lopes_LucasB collected $0.05 from pot
Lopes_LucasB: doesn't show hand 
*** SUMMARY ***
Total pot $0.05 | Rake $0 
Seat 1: Dorex2007 folded before Flop (didn't bet)
Seat 2: vasmit folded before Flop (didn't bet)
Seat 4: Pokkerjedi folded before Flop (didn't bet)
Seat 5: baligo666 folded before Flop (didn't bet)
Seat 6: Lopes_LucasB (button) collected ($0.05)
Seat 8: ChiguireJr (small blind) folded before Flop
Seat 9: SiMiRu (big blind) folded before Flop



PokerStars Hand #225788590303:  Hold'em No Limit ($0.01/$0.02 USD) - 2021/04/12 20:28:15 PT [2021/04/12 23:28:15 ET]
Table 'Botein III' 9-max Seat #8 is the button
Seat 1: Dorex2007 ($5.07 in chips) 
Seat 2: vasmit ($2 in chips) 
Seat 4: Pokkerjedi ($2.59 in chips) 
Seat 5: baligo666 ($3.53 in chips) 
Seat 6: Lopes_LucasB ($1.97 in chips) 
Seat 8: ChiguireJr ($1.47 in chips) 
Seat 9: SiMiRu ($2.08 in chips) 
SiMiRu: posts small blind $0.01
Dorex2007: posts big blind $0.02
*** HOLE CARDS ***
Dealt to Dorex2007 [3d Jh]
vasmit: folds 
Pokkerjedi: folds 
baligo666: folds 
Lopes_LucasB: folds 
ChiguireJr: folds 
SiMiRu: folds 
Uncalled bet ($0.01) returned to Dorex2007
Dorex2007 collected $0.02 from pot
Dorex2007: doesn't show hand 
*** SUMMARY ***
Total pot $0.02 | Rake $0 
Seat 1: Dorex2007 (big blind) collected ($0.02)
Seat 2: vasmit folded before Flop (didn't bet)
Seat 4: Pokkerjedi folded before Flop (didn't bet)
Seat 5: baligo666 folded before Flop (didn't bet)
Seat 6: Lopes_LucasB folded before Flop (didn't bet)
Seat 8: ChiguireJr (button) folded before Flop (didn't bet)
Seat 9: SiMiRu (small blind) folded before Flop



PokerStars Hand #225788594647:  Hold'em No Limit ($0.01/$0.02 USD) - 2021/04/12 20:28:36 PT [2021/04/12 23:28:36 ET]
Table 'Botein III' 9-max Seat #9 is the button
Seat 1: Dorex2007 ($5.08 in chips) 
Seat 2: vasmit ($2 in chips) 
Seat 4: Pokkerjedi ($2.59 in chips) 
Seat 5: baligo666 ($3.53 in chips) 
Seat 6: Lopes_LucasB ($1.97 in chips) 
Seat 8: ChiguireJr ($1.47 in chips) 
Seat 9: SiMiRu ($2.07 in chips) 
Dorex2007: posts small blind $0.01
vasmit: posts big blind $0.02
*** HOLE CARDS ***
Dealt to Dorex2007 [8s Tc]
Pokkerjedi: folds 
baligo666: folds 
Lopes_LucasB: raises $0.04 to $0.06
ChiguireJr: raises $0.12 to $0.18
SiMiRu: folds 
Dorex2007: folds 
vasmit: folds 
Lopes_LucasB: calls $0.12
*** FLOP *** [Qh 9d 5s]
Lopes_LucasB: checks 
ChiguireJr: bets $0.19
Lopes_LucasB: raises $0.45 to $0.64
ChiguireJr: folds 
Uncalled bet ($0.45) returned to Lopes_LucasB
Lopes_LucasB collected $0.74 from pot
Lopes_LucasB: doesn't show hand 
*** SUMMARY ***
Total pot $0.77 | Rake $0.03 
Board [Qh 9d 5s]
Seat 1: Dorex2007 (small blind) folded before Flop
Seat 2: vasmit (big blind) folded before Flop
Seat 4: Pokkerjedi folded before Flop (didn't bet)
Seat 5: baligo666 folded before Flop (didn't bet)
Seat 6: Lopes_LucasB collected ($0.74)
Seat 8: ChiguireJr folded on the Flop
Seat 9: SiMiRu (button) folded before Flop (didn't bet)



PokerStars Hand #225788608104:  Hold'em No Limit ($0.01/$0.02 USD) - 2021/04/12 20:29:40 PT [2021/04/12 23:29:40 ET]
Table 'Botein III' 9-max Seat #1 is the button
Seat 1: Dorex2007 ($5.07 in chips) 
Seat 2: vasmit ($2 in chips) 
Seat 4: Pokkerjedi ($2.59 in chips) 
Seat 5: baligo666 ($3.53 in chips) 
Seat 6: Lopes_LucasB ($2.34 in chips) 
Seat 8: ChiguireJr ($1.10 in chips) 
Seat 9: SiMiRu ($2.07 in chips) 
vasmit: posts small blind $0.01
Pokkerjedi: posts big blind $0.02
*** HOLE CARDS ***
Dealt to Dorex2007 [3h Kd]
baligo666: folds 
Lopes_LucasB: raises $0.04 to $0.06
ChiguireJr: folds 
SiMiRu: folds 
Dorex2007: folds 
vasmit: folds 
Pokkerjedi: folds 
Uncalled bet ($0.04) returned to Lopes_LucasB
Lopes_LucasB collected $0.05 from pot
Lopes_LucasB: doesn't show hand 
*** SUMMARY ***
Total pot $0.05 | Rake $0 
Seat 1: Dorex2007 (button) folded before Flop (didn't bet)
Seat 2: vasmit (small blind) folded before Flop
Seat 4: Pokkerjedi (big blind) folded before Flop
Seat 5: baligo666 folded before Flop (didn't bet)
Seat 6: Lopes_LucasB collected ($0.05)
Seat 8: ChiguireJr folded before Flop (didn't bet)
Seat 9: SiMiRu folded before Flop (didn't bet)



PokerStars Hand #225788612760:  Hold'em No Limit ($0.01/$0.02 USD) - 2021/04/12 20:30:02 PT [2021/04/12 23:30:02 ET]
Table 'Botein III' 9-max Seat #2 is the button
Seat 1: Dorex2007 ($5.07 in chips) 
Seat 2: vasmit ($2 in chips) 
Seat 4: Pokkerjedi ($2.57 in chips) 
Seat 5: baligo666 ($3.53 in chips) 
Seat 6: Lopes_LucasB ($2.37 in chips) 
Seat 8: ChiguireJr ($1.10 in chips) 
Seat 9: SiMiRu ($2.07 in chips) 
Pokkerjedi: posts small blind $0.01
baligo666: posts big blind $0.02
*** HOLE CARDS ***
Dealt to Dorex2007 [7s 7c]
Lopes_LucasB: folds 
ChiguireJr: folds 
SiMiRu: folds 
Dorex2007: raises $0.04 to $0.06
vasmit: folds 
Pokkerjedi: calls $0.05
baligo666: folds 
*** FLOP *** [Ks Ts Td]
Pokkerjedi: checks 
Dorex2007: bets $0.14
Pokkerjedi: folds 
Uncalled bet ($0.14) returned to Dorex2007
Dorex2007 collected $0.14 from pot
Dorex2007: doesn't show hand 
*** SUMMARY ***
Total pot $0.14 | Rake $0 
Board [Ks Ts Td]
Seat 1: Dorex2007 collected ($0.14)
Seat 2: vasmit (button) folded before Flop (didn't bet)
Seat 4: Pokkerjedi (small blind) folded on the Flop
Seat 5: baligo666 (big blind) folded before Flop
Seat 6: Lopes_LucasB folded before Flop (didn't bet)
Seat 8: ChiguireJr folded before Flop (didn't bet)
Seat 9: SiMiRu folded before Flop (didn't bet)



PokerStars Hand #225788630636:  Hold'em No Limit ($0.01/$0.02 USD) - 2021/04/12 20:30:40 PT [2021/04/12 23:30:40 ET]
Table 'Botein III' 9-max Seat #4 is the button
Seat 1: Dorex2007 ($5.15 in chips) 
Seat 2: vasmit ($2 in chips) 
Seat 4: Pokkerjedi ($2.51 in chips) 
Seat 5: baligo666 ($3.51 in chips) 
Seat 6: Lopes_LucasB ($2.37 in chips) 
Seat 8: ChiguireJr ($1.10 in chips) 
Seat 9: SiMiRu ($2.07 in chips) 
baligo666: posts small blind $0.01
Lopes_LucasB: posts big blind $0.02
edoschenko: sits out 
*** HOLE CARDS ***
Dealt to Dorex2007 [4h Ts]
ChiguireJr: folds 
SiMiRu: folds 
Dorex2007: folds 
vasmit: folds 
Pokkerjedi: folds 
baligo666: calls $0.01
Lopes_LucasB: raises $0.04 to $0.06
baligo666: calls $0.04
*** FLOP *** [Td 5c 7s]
baligo666: checks 
Lopes_LucasB: bets $0.06
baligo666: calls $0.06
*** TURN *** [Td 5c 7s] [Jd]
baligo666: checks 
Lopes_LucasB: bets $0.20
baligo666: folds 
Uncalled bet ($0.20) returned to Lopes_LucasB
Lopes_LucasB collected $0.23 from pot
Lopes_LucasB: doesn't show hand 
*** SUMMARY ***
Total pot $0.24 | Rake $0.01 
Board [Td 5c 7s Jd]
Seat 1: Dorex2007 folded before Flop (didn't bet)
Seat 2: vasmit folded before Flop (didn't bet)
Seat 4: Pokkerjedi (button) folded before Flop (didn't bet)
Seat 5: baligo666 (small blind) folded on the Turn
Seat 6: Lopes_LucasB (big blind) collected ($0.23)
Seat 8: ChiguireJr folded before Flop (didn't bet)
Seat 9: SiMiRu folded before Flop (didn't bet)



PokerStars Hand #225788638735:  Hold'em No Limit ($0.01/$0.02 USD) - 2021/04/12 20:31:19 PT [2021/04/12 23:31:19 ET]
Table 'Botein III' 9-max Seat #5 is the button
Seat 1: Dorex2007 ($5.15 in chips) 
Seat 2: vasmit ($2 in chips) 
Seat 4: Pokkerjedi ($2.51 in chips) 
Seat 5: baligo666 ($3.39 in chips) 
Seat 6: Lopes_LucasB ($2.48 in chips) 
Seat 7: edoschenko ($1.51 in chips) 
Seat 8: ChiguireJr ($1.10 in chips) 
Seat 9: SiMiRu ($2.07 in chips) 
Lopes_LucasB: posts small blind $0.01
edoschenko: posts big blind $0.02
*** HOLE CARDS ***
Dealt to Dorex2007 [Jd 5h]
ChiguireJr: folds 
SiMiRu: folds 
Dorex2007: folds 
vasmit: folds 
Pokkerjedi: raises $0.04 to $0.06
baligo666: calls $0.06
Lopes_LucasB: folds 
edoschenko: folds 
*** FLOP *** [7h 4d Kh]
Pokkerjedi: bets $0.06
baligo666: calls $0.06
*** TURN *** [7h 4d Kh] [3c]
Pokkerjedi: bets $0.13
baligo666: folds 
Uncalled bet ($0.13) returned to Pokkerjedi
Pokkerjedi collected $0.26 from pot
Pokkerjedi: doesn't show hand 
*** SUMMARY ***
Total pot $0.27 | Rake $0.01 
Board [7h 4d Kh 3c]
Seat 1: Dorex2007 folded before Flop (didn't bet)
Seat 2: vasmit folded before Flop (didn't bet)
Seat 4: Pokkerjedi collected ($0.26)
Seat 5: baligo666 (button) folded on the Turn
Seat 6: Lopes_LucasB (small blind) folded before Flop
Seat 7: edoschenko (big blind) folded before Flop
Seat 8: ChiguireJr folded before Flop (didn't bet)
Seat 9: SiMiRu folded before Flop (didn't bet)



PokerStars Hand #225788651081:  Hold'em No Limit ($0.01/$0.02 USD) - 2021/04/12 20:32:19 PT [2021/04/12 23:32:19 ET]
Table 'Botein III' 9-max Seat #6 is the button
Seat 1: Dorex2007 ($5.15 in chips) 
Seat 2: vasmit ($2 in chips) 
Seat 4: Pokkerjedi ($2.65 in chips) 
Seat 5: baligo666 ($3.27 in chips) 
Seat 6: Lopes_LucasB ($2.47 in chips) 
Seat 7: edoschenko ($1.49 in chips) 
Seat 8: ChiguireJr ($1.10 in chips) 
Seat 9: SiMiRu ($2.07 in chips) 
edoschenko: posts small blind $0.01
ChiguireJr: posts big blind $0.02
*** HOLE CARDS ***
Dealt to Dorex2007 [8d Qs]
SiMiRu: folds 
Dorex2007: folds 
vasmit: folds 
Pokkerjedi: calls $0.02
baligo666: folds 
Lopes_LucasB: folds 
edoschenko: folds 
ChiguireJr: checks 
*** FLOP *** [Ks Ad Qh]
ChiguireJr: checks 
Pokkerjedi: bets $0.04
ChiguireJr: folds 
Uncalled bet ($0.04) returned to Pokkerjedi
Pokkerjedi collected $0.05 from pot
Pokkerjedi: doesn't show hand 
*** SUMMARY ***
Total pot $0.05 | Rake $0 
Board [Ks Ad Qh]
Seat 1: Dorex2007 folded before Flop (didn't bet)
Seat 2: vasmit folded before Flop (didn't bet)
Seat 4: Pokkerjedi collected ($0.05)
Seat 5: baligo666 folded before Flop (didn't bet)
Seat 6: Lopes_LucasB (button) folded before Flop (didn't bet)
Seat 7: edoschenko (small blind) folded before Flop
Seat 8: ChiguireJr (big blind) folded on the Flop
Seat 9: SiMiRu folded before Flop (didn't bet)



PokerStars Hand #225788660943:  Hold'em No Limit ($0.01/$0.02 USD) - 2021/04/12 20:33:07 PT [2021/04/12 23:33:07 ET]
Table 'Botein III' 9-max Seat #7 is the button
Seat 1: Dorex2007 ($5.15 in chips) 
Seat 2: vasmit ($2 in chips) 
Seat 4: Pokkerjedi ($2.68 in chips) 
Seat 5: baligo666 ($3.27 in chips) 
Seat 6: Lopes_LucasB ($2.47 in chips) 
Seat 7: edoschenko ($1.48 in chips) 
Seat 8: ChiguireJr ($1.08 in chips) 
Seat 9: SiMiRu ($2.07 in chips) 
ChiguireJr: posts small blind $0.01
SiMiRu: posts big blind $0.02
*** HOLE CARDS ***
Dealt to Dorex2007 [9h 4c]
Dorex2007: folds 
vasmit: folds 
Pokkerjedi: raises $0.04 to $0.06
baligo666: folds 
Lopes_LucasB: folds 
NoRisk66 leaves the table
edoschenko: folds 
ChiguireJr: calls $0.05
SiMiRu: folds 
*** FLOP *** [3h 3d 9s]
ChiguireJr: checks 
Pokkerjedi: bets $0.06
luisramiro joins the table at seat #3 
ChiguireJr: folds 
Uncalled bet ($0.06) returned to Pokkerjedi
Pokkerjedi collected $0.14 from pot
Pokkerjedi: doesn't show hand 
*** SUMMARY ***
Total pot $0.14 | Rake $0 
Board [3h 3d 9s]
Seat 1: Dorex2007 folded before Flop (didn't bet)
Seat 2: vasmit folded before Flop (didn't bet)
Seat 4: Pokkerjedi collected ($0.14)
Seat 5: baligo666 folded before Flop (didn't bet)
Seat 6: Lopes_LucasB folded before Flop (didn't bet)
Seat 7: edoschenko (button) folded before Flop (didn't bet)
Seat 8: ChiguireJr (small blind) folded on the Flop
Seat 9: SiMiRu (big blind) folded before Flop



PokerStars Hand #225788669825:  Hold'em No Limit ($0.01/$0.02 USD) - 2021/04/12 20:33:50 PT [2021/04/12 23:33:50 ET]
Table 'Botein III' 9-max Seat #8 is the button
Seat 1: Dorex2007 ($5.15 in chips) 
Seat 2: vasmit ($2 in chips) 
Seat 4: Pokkerjedi ($2.76 in chips) 
Seat 5: baligo666 ($3.27 in chips) 
Seat 6: Lopes_LucasB ($2.47 in chips) 
Seat 7: edoschenko ($1.48 in chips) 
Seat 8: ChiguireJr ($1.02 in chips) 
Seat 9: SiMiRu ($2.05 in chips) 
SiMiRu: posts small blind $0.01
Dorex2007: posts big blind $0.02
luisramiro: sits out 
*** HOLE CARDS ***
Dealt to Dorex2007 [4c 3h]
vasmit: calls $0.02
Pokkerjedi: folds 
baligo666: folds 
Lopes_LucasB: folds 
edoschenko: folds 
ChiguireJr: raises $0.07 to $0.09
SiMiRu: folds 
Dorex2007: folds 
vasmit: folds 
Uncalled bet ($0.07) returned to ChiguireJr
ChiguireJr collected $0.07 from pot
*** SUMMARY ***
Total pot $0.07 | Rake $0 
Seat 1: Dorex2007 (big blind) folded before Flop
Seat 2: vasmit folded before Flop
Seat 4: Pokkerjedi folded before Flop (didn't bet)
Seat 5: baligo666 folded before Flop (didn't bet)
Seat 6: Lopes_LucasB folded before Flop (didn't bet)
Seat 7: edoschenko folded before Flop (didn't bet)
Seat 8: ChiguireJr (button) collected ($0.07)
Seat 9: SiMiRu (small blind) folded before Flop



PokerStars Hand #225788680442:  Hold'em No Limit ($0.01/$0.02 USD) - 2021/04/12 20:34:14 PT [2021/04/12 23:34:14 ET]
Table 'Botein III' 9-max Seat #9 is the button
Seat 1: Dorex2007 ($5.13 in chips) 
Seat 2: vasmit ($2 in chips) 
Seat 4: Pokkerjedi ($2.76 in chips) 
Seat 5: baligo666 ($3.27 in chips) 
Seat 6: Lopes_LucasB ($2.47 in chips) 
Seat 7: edoschenko ($1.48 in chips) 
Seat 8: ChiguireJr ($1.07 in chips) 
Seat 9: SiMiRu ($2.04 in chips) 
Dorex2007: posts small blind $0.01
vasmit: posts big blind $0.02
luisramiro: sits out 
*** HOLE CARDS ***
Dealt to Dorex2007 [3h 7c]
Pokkerjedi: folds 
baligo666: calls $0.02
Lopes_LucasB: folds 
edoschenko: folds 
ChiguireJr: raises $0.07 to $0.09
SiMiRu: folds 
Dorex2007: folds 
vasmit: folds 
baligo666: calls $0.07
*** FLOP *** [Th As Kd]
baligo666: checks 
ChiguireJr: bets $0.09
baligo666: folds 
Uncalled bet ($0.09) returned to ChiguireJr
ChiguireJr collected $0.20 from pot
*** SUMMARY ***
Total pot $0.21 | Rake $0.01 
Board [Th As Kd]
Seat 1: Dorex2007 (small blind) folded before Flop
Seat 2: vasmit (big blind) folded before Flop
Seat 4: Pokkerjedi folded before Flop (didn't bet)
Seat 5: baligo666 folded on the Flop
Seat 6: Lopes_LucasB folded before Flop (didn't bet)
Seat 7: edoschenko folded before Flop (didn't bet)
Seat 8: ChiguireJr collected ($0.20)
Seat 9: SiMiRu (button) folded before Flop (didn't bet)



PokerStars Hand #225788689504:  Hold'em No Limit ($0.01/$0.02 USD) - 2021/04/12 20:34:58 PT [2021/04/12 23:34:58 ET]
Table 'Botein III' 9-max Seat #1 is the button
Seat 1: Dorex2007 ($5.12 in chips) 
Seat 2: vasmit ($2 in chips) 
Seat 3: luisramiro ($0.80 in chips) 
Seat 4: Pokkerjedi ($2.76 in chips) 
Seat 5: baligo666 ($3.18 in chips) 
Seat 6: Lopes_LucasB ($2.47 in chips) 
Seat 7: edoschenko ($1.48 in chips) 
Seat 8: ChiguireJr ($1.18 in chips) 
Seat 9: SiMiRu ($2.04 in chips) 
vasmit: posts small blind $0.01
luisramiro: posts big blind $0.02
*** HOLE CARDS ***
Dealt to Dorex2007 [Qs Kd]
Pokkerjedi: calls $0.02
baligo666: folds 
Lopes_LucasB: calls $0.02
edoschenko: folds 
ChiguireJr: folds 
SiMiRu: folds 
Dorex2007: raises $0.04 to $0.06
vasmit: folds 
luisramiro: folds 
Pokkerjedi: calls $0.04
Lopes_LucasB: calls $0.04
*** FLOP *** [9c 9d 7s]
Pokkerjedi: checks 
Lopes_LucasB: checks 
Dorex2007: checks 
*** TURN *** [9c 9d 7s] [3s]
Pokkerjedi: checks 
Lopes_LucasB: bets $0.10
Dorex2007: folds 
Pokkerjedi: raises $0.30 to $0.40
Lopes_LucasB: folds 
Uncalled bet ($0.30) returned to Pokkerjedi
Pokkerjedi collected $0.40 from pot
Pokkerjedi: doesn't show hand 
*** SUMMARY ***
Total pot $0.41 | Rake $0.01 
Board [9c 9d 7s 3s]
Seat 1: Dorex2007 (button) folded on the Turn
Seat 2: vasmit (small blind) folded before Flop
Seat 3: luisramiro (big blind) folded before Flop
Seat 4: Pokkerjedi collected ($0.40)
Seat 5: baligo666 folded before Flop (didn't bet)
Seat 6: Lopes_LucasB folded on the Turn
Seat 7: edoschenko folded before Flop (didn't bet)
Seat 8: ChiguireJr folded before Flop (didn't bet)
Seat 9: SiMiRu folded before Flop (didn't bet)



PokerStars Hand #225788708507:  Hold'em No Limit ($0.01/$0.02 USD) - 2021/04/12 20:36:32 PT [2021/04/12 23:36:32 ET]
Table 'Botein III' 9-max Seat #2 is the button
Seat 1: Dorex2007 ($5.06 in chips) 
Seat 2: vasmit ($2 in chips) 
Seat 3: luisramiro ($0.78 in chips) 
Seat 4: Pokkerjedi ($3 in chips) 
Seat 5: baligo666 ($3.18 in chips) 
Seat 6: Lopes_LucasB ($2.31 in chips) 
Seat 7: edoschenko ($1.48 in chips) 
Seat 8: ChiguireJr ($1.18 in chips) 
Seat 9: SiMiRu ($2.04 in chips) 
luisramiro: posts small blind $0.01
Pokkerjedi: posts big blind $0.02
*** HOLE CARDS ***
Dealt to Dorex2007 [7c 4h]
baligo666: folds 
Lopes_LucasB: folds 
edoschenko: folds 
ChiguireJr: raises $0.04 to $0.06
SiMiRu: calls $0.06
Dorex2007: folds 
vasmit: folds 
luisramiro: folds 
Pokkerjedi: calls $0.04
*** FLOP *** [Jc 7s Qh]
Pokkerjedi: checks 
ChiguireJr: checks 
SiMiRu: checks 
*** TURN *** [Jc 7s Qh] [8s]
Pokkerjedi: checks 
ChiguireJr: checks 
SiMiRu: checks 
*** RIVER *** [Jc 7s Qh 8s] [Kc]
Pokkerjedi: bets $0.10
ChiguireJr: folds 
SiMiRu: folds 
Uncalled bet ($0.10) returned to Pokkerjedi
Pokkerjedi collected $0.18 from pot
*** SUMMARY ***
Total pot $0.19 | Rake $0.01 
Board [Jc 7s Qh 8s Kc]
Seat 1: Dorex2007 folded before Flop (didn't bet)
Seat 2: vasmit (button) folded before Flop (didn't bet)
Seat 3: luisramiro (small blind) folded before Flop
Seat 4: Pokkerjedi (big blind) collected ($0.18)
Seat 5: baligo666 folded before Flop (didn't bet)
Seat 6: Lopes_LucasB folded before Flop (didn't bet)
Seat 7: edoschenko folded before Flop (didn't bet)
Seat 8: ChiguireJr folded on the River
Seat 9: SiMiRu folded on the River



PokerStars Hand #225788719877:  Hold'em No Limit ($0.01/$0.02 USD) - 2021/04/12 20:37:27 PT [2021/04/12 23:37:27 ET]
Table 'Botein III' 9-max Seat #3 is the button
Seat 1: Dorex2007 ($5.06 in chips) 
Seat 2: vasmit ($2 in chips) 
Seat 3: luisramiro ($0.77 in chips) 
Seat 4: Pokkerjedi ($3.12 in chips) 
Seat 5: baligo666 ($3.18 in chips) 
Seat 6: Lopes_LucasB ($2.31 in chips) 
Seat 7: edoschenko ($1.48 in chips) 
Seat 8: ChiguireJr ($1.12 in chips) 
Seat 9: SiMiRu ($2 in chips) 
Pokkerjedi: posts small blind $0.01
baligo666: posts big blind $0.02
*** HOLE CARDS ***
Dealt to Dorex2007 [3c 7d]
Lopes_LucasB: folds 
edoschenko: folds 
ChiguireJr: folds 
SiMiRu: raises $0.04 to $0.06
Dorex2007: folds 
vasmit: folds 
luisramiro: folds 
Pokkerjedi: folds 
baligo666: calls $0.04
*** FLOP *** [6d 9c 2s]
baligo666: bets $0.13
SiMiRu: folds 
Uncalled bet ($0.13) returned to baligo666
baligo666 collected $0.13 from pot
baligo666: doesn't show hand 
*** SUMMARY ***
Total pot $0.13 | Rake $0 
Board [6d 9c 2s]
Seat 1: Dorex2007 folded before Flop (didn't bet)
Seat 2: vasmit folded before Flop (didn't bet)
Seat 3: luisramiro (button) folded before Flop (didn't bet)
Seat 4: Pokkerjedi (small blind) folded before Flop
Seat 5: baligo666 (big blind) collected ($0.13)
Seat 6: Lopes_LucasB folded before Flop (didn't bet)
Seat 7: edoschenko folded before Flop (didn't bet)
Seat 8: ChiguireJr folded before Flop (didn't bet)
Seat 9: SiMiRu folded on the Flop



PokerStars Hand #225788727589:  Hold'em No Limit ($0.01/$0.02 USD) - 2021/04/12 20:38:05 PT [2021/04/12 23:38:05 ET]
Table 'Botein III' 9-max Seat #4 is the button
Seat 1: Dorex2007 ($5.06 in chips) 
Seat 2: vasmit ($2 in chips) 
Seat 3: luisramiro ($0.77 in chips) 
Seat 4: Pokkerjedi ($3.11 in chips) 
Seat 5: baligo666 ($3.25 in chips) 
Seat 6: Lopes_LucasB ($2.31 in chips) 
Seat 7: edoschenko ($1.48 in chips) 
Seat 8: ChiguireJr ($1.12 in chips) 
Seat 9: SiMiRu ($2 in chips) 
baligo666: posts small blind $0.01
Lopes_LucasB: posts big blind $0.02
*** HOLE CARDS ***
Dealt to Dorex2007 [Kd 3s]
edoschenko: folds 
ChiguireJr: folds 
SiMiRu: folds 
Dorex2007: folds 
vasmit: folds 
luisramiro: calls $0.02
Pokkerjedi: calls $0.02
baligo666: raises $0.08 to $0.10
Lopes_LucasB: folds 
luisramiro: folds 
Pokkerjedi: calls $0.08
*** FLOP *** [5d 8s 7h]
baligo666: bets $0.23
Pokkerjedi: folds 
Uncalled bet ($0.23) returned to baligo666
baligo666 collected $0.23 from pot
baligo666: doesn't show hand 
*** SUMMARY ***
Total pot $0.24 | Rake $0.01 
Board [5d 8s 7h]
Seat 1: Dorex2007 folded before Flop (didn't bet)
Seat 2: vasmit folded before Flop (didn't bet)
Seat 3: luisramiro folded before Flop
Seat 4: Pokkerjedi (button) folded on the Flop
Seat 5: baligo666 (small blind) collected ($0.23)
Seat 6: Lopes_LucasB (big blind) folded before Flop
Seat 7: edoschenko folded before Flop (didn't bet)
Seat 8: ChiguireJr folded before Flop (didn't bet)
Seat 9: SiMiRu folded before Flop (didn't bet)



PokerStars Hand #225788735443:  Hold'em No Limit ($0.01/$0.02 USD) - 2021/04/12 20:38:44 PT [2021/04/12 23:38:44 ET]
Table 'Botein III' 9-max Seat #5 is the button
Seat 1: Dorex2007 ($5.06 in chips) 
Seat 2: vasmit ($2 in chips) 
Seat 3: luisramiro ($0.75 in chips) 
Seat 4: Pokkerjedi ($3.01 in chips) 
Seat 5: baligo666 ($3.38 in chips) 
Seat 6: Lopes_LucasB ($2.29 in chips) 
Seat 7: edoschenko ($1.48 in chips) 
Seat 8: ChiguireJr ($1.12 in chips) 
Seat 9: SiMiRu ($2 in chips) 
Lopes_LucasB: posts small blind $0.01
edoschenko: posts big blind $0.02
*** HOLE CARDS ***
Dealt to Dorex2007 [8d 7h]
ChiguireJr: folds 
SiMiRu: raises $0.04 to $0.06
Dorex2007: folds 
vasmit: folds 
luisramiro: folds 
Pokkerjedi: calls $0.06
baligo666: folds 
Lopes_LucasB: folds 
edoschenko: folds 
*** FLOP *** [2d 6d 8s]
SiMiRu: checks 
Pokkerjedi: bets $0.06
SiMiRu: calls $0.06
*** TURN *** [2d 6d 8s] [Jc]
SiMiRu: checks 
Pokkerjedi: bets $0.12
SiMiRu: calls $0.12
*** RIVER *** [2d 6d 8s Jc] [6s]
SiMiRu: checks 
Pokkerjedi: bets $0.25
ChiguireJr leaves the table
SiMiRu: calls $0.25
*** SHOW DOWN ***
Pokkerjedi: shows [Jh Ac] (two pair, Jacks and Sixes)
SiMiRu: mucks hand 
Pokkerjedi collected $0.97 from pot
*** SUMMARY ***
Total pot $1.01 | Rake $0.04 
Board [2d 6d 8s Jc 6s]
Seat 1: Dorex2007 folded before Flop (didn't bet)
Seat 2: vasmit folded before Flop (didn't bet)
Seat 3: luisramiro folded before Flop (didn't bet)
Seat 4: Pokkerjedi showed [Jh Ac] and won ($0.97) with two pair, Jacks and Sixes
Seat 5: baligo666 (button) folded before Flop (didn't bet)
Seat 6: Lopes_LucasB (small blind) folded before Flop
Seat 7: edoschenko (big blind) folded before Flop
Seat 8: ChiguireJr folded before Flop (didn't bet)
Seat 9: SiMiRu mucked [5s 5h]



PokerStars Hand #225788749673:  Hold'em No Limit ($0.01/$0.02 USD) - 2021/04/12 20:39:55 PT [2021/04/12 23:39:55 ET]
Table 'Botein III' 9-max Seat #6 is the button
Seat 1: Dorex2007 ($5.06 in chips) 
Seat 2: vasmit ($2 in chips) 
Seat 3: luisramiro ($0.75 in chips) 
Seat 4: Pokkerjedi ($3.49 in chips) 
Seat 5: baligo666 ($3.38 in chips) 
Seat 6: Lopes_LucasB ($2.28 in chips) 
Seat 7: edoschenko ($1.46 in chips) 
Seat 9: SiMiRu ($2 in chips) 
edoschenko: posts small blind $0.01
SiMiRu: posts big blind $0.02
*** HOLE CARDS ***
Dealt to Dorex2007 [2d 8c]
Dorex2007: folds 
vasmit: folds 
luisramiro: folds 
Pokkerjedi: folds 
baligo666: folds 
Lopes_LucasB: folds 
edoschenko: folds 
Uncalled bet ($0.01) returned to SiMiRu
SiMiRu collected $0.02 from pot
SiMiRu: doesn't show hand 
*** SUMMARY ***
Total pot $0.02 | Rake $0 
Seat 1: Dorex2007 folded before Flop (didn't bet)
Seat 2: vasmit folded before Flop (didn't bet)
Seat 3: luisramiro folded before Flop (didn't bet)
Seat 4: Pokkerjedi folded before Flop (didn't bet)
Seat 5: baligo666 folded before Flop (didn't bet)
Seat 6: Lopes_LucasB (button) folded before Flop (didn't bet)
Seat 7: edoschenko (small blind) folded before Flop
Seat 9: SiMiRu (big blind) collected ($0.02)



PokerStars Hand #225788754441:  Hold'em No Limit ($0.01/$0.02 USD) - 2021/04/12 20:40:19 PT [2021/04/12 23:40:19 ET]
Table 'Botein III' 9-max Seat #7 is the button
Seat 1: Dorex2007 ($5.06 in chips) 
Seat 2: vasmit ($2 in chips) 
Seat 3: luisramiro ($0.75 in chips) 
Seat 4: Pokkerjedi ($3.49 in chips) 
Seat 5: baligo666 ($3.38 in chips) 
Seat 6: Lopes_LucasB ($2.28 in chips) 
Seat 7: edoschenko ($1.45 in chips) 
Seat 9: SiMiRu ($2.01 in chips) 
SiMiRu: posts small blind $0.01
Dorex2007: posts big blind $0.02
*** HOLE CARDS ***
Dealt to Dorex2007 [5h 6s]
vasmit: folds 
luisramiro: folds 
Pokkerjedi: calls $0.02
baligo666: folds 
Lopes_LucasB: calls $0.02
edoschenko: folds 
SiMiRu: folds 
Dorex2007: checks 
*** FLOP *** [Qd 3d Td]
Dorex2007: checks 
Pokkerjedi: checks 
Lopes_LucasB: checks 
*** TURN *** [Qd 3d Td] [Tc]
Dorex2007: checks 
Pokkerjedi: checks 
Lopes_LucasB: bets $0.04
Vaksuller joins the table at seat #8 
Dorex2007: folds 
Pokkerjedi: folds 
Uncalled bet ($0.04) returned to Lopes_LucasB
Lopes_LucasB collected $0.07 from pot
Lopes_LucasB: doesn't show hand 
*** SUMMARY ***
Total pot $0.07 | Rake $0 
Board [Qd 3d Td Tc]
Seat 1: Dorex2007 (big blind) folded on the Turn
Seat 2: vasmit folded before Flop (didn't bet)
Seat 3: luisramiro folded before Flop (didn't bet)
Seat 4: Pokkerjedi folded on the Turn
Seat 5: baligo666 folded before Flop (didn't bet)
Seat 6: Lopes_LucasB collected ($0.07)
Seat 7: edoschenko (button) folded before Flop (didn't bet)
Seat 9: SiMiRu (small blind) folded before Flop



PokerStars Hand #225788767385:  Hold'em No Limit ($0.01/$0.02 USD) - 2021/04/12 20:41:24 PT [2021/04/12 23:41:24 ET]
Table 'Botein III' 9-max Seat #9 is the button
Seat 1: Dorex2007 ($5.04 in chips) 
Seat 2: vasmit ($2 in chips) 
Seat 3: luisramiro ($0.75 in chips) 
Seat 4: Pokkerjedi ($3.47 in chips) 
Seat 5: baligo666 ($3.38 in chips) 
Seat 6: Lopes_LucasB ($2.33 in chips) 
Seat 7: edoschenko ($1.45 in chips) 
Seat 9: SiMiRu ($2 in chips) 
Dorex2007: posts small blind $0.01
vasmit: posts big blind $0.02
Vaksuller: sits out 
*** HOLE CARDS ***
Dealt to Dorex2007 [3d 4s]
luisramiro: folds 
Pokkerjedi: calls $0.02
baligo666: folds 
Lopes_LucasB: folds 
edoschenko: folds 
SiMiRu: calls $0.02
Dorex2007: folds 
vasmit: checks 
*** FLOP *** [6h Js 8c]
vasmit: checks 
Pokkerjedi: bets $0.04
SiMiRu: folds 
vasmit: raises $0.26 to $0.30
Pokkerjedi: folds [8h]
Uncalled bet ($0.26) returned to vasmit
vasmit collected $0.14 from pot
vasmit: doesn't show hand 
*** SUMMARY ***
Total pot $0.15 | Rake $0.01 
Board [6h Js 8c]
Seat 1: Dorex2007 (small blind) folded before Flop
Seat 2: vasmit (big blind) collected ($0.14)
Seat 3: luisramiro folded before Flop (didn't bet)
Seat 4: Pokkerjedi folded on the Flop
Seat 5: baligo666 folded before Flop (didn't bet)
Seat 6: Lopes_LucasB folded before Flop (didn't bet)
Seat 7: edoschenko folded before Flop (didn't bet)
Seat 9: SiMiRu (button) folded on the Flop



PokerStars Hand #225788777383:  Hold'em No Limit ($0.01/$0.02 USD) - 2021/04/12 20:42:14 PT [2021/04/12 23:42:14 ET]
Table 'Botein III' 9-max Seat #1 is the button
Seat 1: Dorex2007 ($5.03 in chips) 
Seat 2: vasmit ($2.08 in chips) 
Seat 3: luisramiro ($0.75 in chips) 
Seat 4: Pokkerjedi ($3.41 in chips) 
Seat 5: baligo666 ($3.38 in chips) 
Seat 7: edoschenko ($1.45 in chips) 
Seat 9: SiMiRu ($2 in chips) 
vasmit: posts small blind $0.01
luisramiro: posts big blind $0.02
Vaksuller: sits out 
*** HOLE CARDS ***
Dealt to Dorex2007 [Jd 6d]
Pokkerjedi: folds 
baligo666: folds 
edoschenko: folds 
SiMiRu: folds 
Dorex2007: raises $0.04 to $0.06
vasmit: folds 
luisramiro: calls $0.04
*** FLOP *** [4s As 6s]
luisramiro: checks 
Dorex2007: bets $0.13
luisramiro: folds 
Uncalled bet ($0.13) returned to Dorex2007
Dorex2007 collected $0.13 from pot
Dorex2007: doesn't show hand 
*** SUMMARY ***
Total pot $0.13 | Rake $0 
Board [4s As 6s]
Seat 1: Dorex2007 (button) collected ($0.13)
Seat 2: vasmit (small blind) folded before Flop
Seat 3: luisramiro (big blind) folded on the Flop
Seat 4: Pokkerjedi folded before Flop (didn't bet)
Seat 5: baligo666 folded before Flop (didn't bet)
Seat 7: edoschenko folded before Flop (didn't bet)
Seat 9: SiMiRu folded before Flop (didn't bet)



PokerStars Hand #225788783734:  Hold'em No Limit ($0.01/$0.02 USD) - 2021/04/12 20:42:46 PT [2021/04/12 23:42:46 ET]
Table 'Botein III' 9-max Seat #2 is the button
Seat 1: Dorex2007 ($5.10 in chips) 
Seat 2: vasmit ($2.07 in chips) 
Seat 3: luisramiro ($0.69 in chips) 
Seat 4: Pokkerjedi ($3.41 in chips) 
Seat 5: baligo666 ($3.38 in chips) 
Seat 7: edoschenko ($1.45 in chips) 
Seat 9: SiMiRu ($2 in chips) 
luisramiro: posts small blind $0.01
Pokkerjedi: posts big blind $0.02
Vaksuller: sits out 
*** HOLE CARDS ***
Dealt to Dorex2007 [3s 5h]
baligo666: folds 
edoschenko: folds 
SiMiRu: folds 
Dorex2007: folds 
vasmit: folds 
luisramiro: calls $0.01
Pokkerjedi: checks 
*** FLOP *** [5s Js 6c]
luisramiro: checks 
Pokkerjedi: checks 
*** TURN *** [5s Js 6c] [Jh]
luisramiro: checks 
Pokkerjedi: checks 
*** RIVER *** [5s Js 6c Jh] [7c]
luisramiro: checks 
Pokkerjedi: bets $0.02
luisramiro: folds 
Uncalled bet ($0.02) returned to Pokkerjedi
Pokkerjedi collected $0.04 from pot
Pokkerjedi: doesn't show hand 
*** SUMMARY ***
Total pot $0.04 | Rake $0 
Board [5s Js 6c Jh 7c]
Seat 1: Dorex2007 folded before Flop (didn't bet)
Seat 2: vasmit (button) folded before Flop (didn't bet)
Seat 3: luisramiro (small blind) folded on the River
Seat 4: Pokkerjedi (big blind) collected ($0.04)
Seat 5: baligo666 folded before Flop (didn't bet)
Seat 7: edoschenko folded before Flop (didn't bet)
Seat 9: SiMiRu folded before Flop (didn't bet)



PokerStars Hand #225788795534:  Hold'em No Limit ($0.01/$0.02 USD) - 2021/04/12 20:43:46 PT [2021/04/12 23:43:46 ET]
Table 'Botein III' 9-max Seat #3 is the button
Seat 1: Dorex2007 ($5.10 in chips) 
Seat 2: vasmit ($2.07 in chips) 
Seat 3: luisramiro ($0.67 in chips) 
Seat 4: Pokkerjedi ($3.43 in chips) 
Seat 5: baligo666 ($3.38 in chips) 
Seat 7: edoschenko ($1.45 in chips) 
Seat 9: SiMiRu ($2 in chips) 
Pokkerjedi: posts small blind $0.01
baligo666: posts big blind $0.02
Vaksuller: sits out 
*** HOLE CARDS ***
Dealt to Dorex2007 [2s 3h]
edoschenko: folds 
SiMiRu: folds 
Dorex2007: folds 
vasmit: folds 
luisramiro: calls $0.02
Pokkerjedi: folds 
baligo666: raises $0.10 to $0.12
luisramiro: folds 
Uncalled bet ($0.10) returned to baligo666
baligo666 collected $0.05 from pot
baligo666: doesn't show hand 
*** SUMMARY ***
Total pot $0.05 | Rake $0 
Seat 1: Dorex2007 folded before Flop (didn't bet)
Seat 2: vasmit folded before Flop (didn't bet)
Seat 3: luisramiro (button) folded before Flop
Seat 4: Pokkerjedi (small blind) folded before Flop
Seat 5: baligo666 (big blind) collected ($0.05)
Seat 7: edoschenko folded before Flop (didn't bet)
Seat 9: SiMiRu folded before Flop (didn't bet)



PokerStars Hand #225788800314:  Hold'em No Limit ($0.01/$0.02 USD) - 2021/04/12 20:44:10 PT [2021/04/12 23:44:10 ET]
Table 'Botein III' 9-max Seat #4 is the button
Seat 1: Dorex2007 ($5.10 in chips) 
Seat 2: vasmit ($2.07 in chips) 
Seat 3: luisramiro ($0.65 in chips) 
Seat 4: Pokkerjedi ($3.42 in chips) 
Seat 5: baligo666 ($3.41 in chips) 
Seat 7: edoschenko ($1.45 in chips) 
Seat 9: SiMiRu ($2 in chips) 
baligo666: posts small blind $0.01
edoschenko: posts big blind $0.02
Vaksuller: sits out 
*** HOLE CARDS ***
Dealt to Dorex2007 [Ts Ac]
SiMiRu: folds 
Dorex2007: calls $0.02
vasmit: folds 
luisramiro: folds 
Pokkerjedi: calls $0.02
baligo666: calls $0.01
edoschenko: checks 
*** FLOP *** [5d 8h Kh]
baligo666: checks 
edoschenko: bets $0.06
Dorex2007: folds 
Pokkerjedi: folds 
baligo666: folds 
Uncalled bet ($0.06) returned to edoschenko
edoschenko collected $0.08 from pot
edoschenko: doesn't show hand 
*** SUMMARY ***
Total pot $0.08 | Rake $0 
Board [5d 8h Kh]
Seat 1: Dorex2007 folded on the Flop
Seat 2: vasmit folded before Flop (didn't bet)
Seat 3: luisramiro folded before Flop (didn't bet)
Seat 4: Pokkerjedi (button) folded on the Flop
Seat 5: baligo666 (small blind) folded on the Flop
Seat 7: edoschenko (big blind) collected ($0.08)
Seat 9: SiMiRu folded before Flop (didn't bet)



PokerStars Hand #225788809133:  Hold'em No Limit ($0.01/$0.02 USD) - 2021/04/12 20:44:54 PT [2021/04/12 23:44:54 ET]
Table 'Botein III' 9-max Seat #5 is the button
Seat 1: Dorex2007 ($5.08 in chips) 
Seat 2: vasmit ($2.07 in chips) 
Seat 3: luisramiro ($0.65 in chips) 
Seat 4: Pokkerjedi ($3.40 in chips) 
Seat 5: baligo666 ($3.39 in chips) 
Seat 7: edoschenko ($1.51 in chips) 
Seat 8: Vaksuller ($0.80 in chips) 
Seat 9: SiMiRu ($2 in chips) 
edoschenko: posts small blind $0.01
Vaksuller: posts big blind $0.02
*** HOLE CARDS ***
Dealt to Dorex2007 [8d Tc]
SiMiRu: folds 
Dorex2007: folds 
vasmit: folds 
luisramiro: folds 
Pokkerjedi: folds 
baligo666: folds 
edoschenko: folds 
Uncalled bet ($0.01) returned to Vaksuller
Vaksuller collected $0.02 from pot
Vaksuller: doesn't show hand 
*** SUMMARY ***
Total pot $0.02 | Rake $0 
Seat 1: Dorex2007 folded before Flop (didn't bet)
Seat 2: vasmit folded before Flop (didn't bet)
Seat 3: luisramiro folded before Flop (didn't bet)
Seat 4: Pokkerjedi folded before Flop (didn't bet)
Seat 5: baligo666 (button) folded before Flop (didn't bet)
Seat 7: edoschenko (small blind) folded before Flop
Seat 8: Vaksuller (big blind) collected ($0.02)
Seat 9: SiMiRu folded before Flop (didn't bet)



PokerStars Hand #225788811025:  Hold'em No Limit ($0.01/$0.02 USD) - 2021/04/12 20:45:04 PT [2021/04/12 23:45:04 ET]
Table 'Botein III' 9-max Seat #7 is the button
Seat 1: Dorex2007 ($5.08 in chips) 
Seat 2: vasmit ($2.07 in chips) 
Seat 3: luisramiro ($0.65 in chips) 
Seat 4: Pokkerjedi ($3.40 in chips) 
Seat 5: baligo666 ($3.39 in chips) 
Seat 7: edoschenko ($1.50 in chips) 
Seat 8: Vaksuller ($0.81 in chips) 
Seat 9: SiMiRu ($2 in chips) 
Vaksuller: posts small blind $0.01
SiMiRu: posts big blind $0.02
*** HOLE CARDS ***
Dealt to Dorex2007 [8h 2h]
Dorex2007: folds 
vasmit: folds 
luisramiro: folds 
Pokkerjedi: raises $0.04 to $0.06
baligo666: folds 
edoschenko: folds 
Vaksuller: calls $0.05
SiMiRu: folds 
*** FLOP *** [2c 5h Tc]
Vaksuller: checks 
Pokkerjedi: checks 
*** TURN *** [2c 5h Tc] [8d]
Vaksuller: checks 
Pokkerjedi: bets $0.08
Vaksuller: calls $0.08
*** RIVER *** [2c 5h Tc 8d] [5s]
Vaksuller: checks 
Pokkerjedi: bets $0.15
Vaksuller: calls $0.15
*** SHOW DOWN ***
Pokkerjedi: shows [8s 9s] (two pair, Eights and Fives)
Vaksuller: mucks hand 
Pokkerjedi collected $0.58 from pot
*** SUMMARY ***
Total pot $0.60 | Rake $0.02 
Board [2c 5h Tc 8d 5s]
Seat 1: Dorex2007 folded before Flop (didn't bet)
Seat 2: vasmit folded before Flop (didn't bet)
Seat 3: luisramiro folded before Flop (didn't bet)
Seat 4: Pokkerjedi showed [8s 9s] and won ($0.58) with two pair, Eights and Fives
Seat 5: baligo666 folded before Flop (didn't bet)
Seat 7: edoschenko (button) folded before Flop (didn't bet)
Seat 8: Vaksuller (small blind) mucked [2d 3d]
Seat 9: SiMiRu (big blind) folded before Flop



PokerStars Hand #225788828638:  Hold'em No Limit ($0.01/$0.02 USD) - 2021/04/12 20:46:35 PT [2021/04/12 23:46:35 ET]
Table 'Botein III' 9-max Seat #8 is the button
Seat 1: Dorex2007 ($5.08 in chips) 
Seat 2: vasmit ($2.07 in chips) 
Seat 3: luisramiro ($0.65 in chips) 
Seat 4: Pokkerjedi ($3.69 in chips) 
Seat 5: baligo666 ($3.39 in chips) 
Seat 6: Lopes_LucasB ($2.33 in chips) 
Seat 7: edoschenko ($1.50 in chips) 
Seat 8: Vaksuller ($0.52 in chips) 
Seat 9: SiMiRu ($2 in chips) 
SiMiRu: posts small blind $0.01
Dorex2007: posts big blind $0.02
Lopes_LucasB: posts small & big blinds $0.03
*** HOLE CARDS ***
Dealt to Dorex2007 [Kh 7d]
vasmit: folds 
luisramiro: calls $0.02
Pokkerjedi: folds 
baligo666: folds 
Lopes_LucasB: checks 
edoschenko: folds 
Vaksuller: calls $0.02
SiMiRu: folds 
Dorex2007: checks 
*** FLOP *** [Qd 5c 6h]
Dorex2007: checks 
luisramiro: checks 
Lopes_LucasB: checks 
Vaksuller: bets $0.08
Dorex2007: folds 
luisramiro: folds 
Lopes_LucasB: folds 
Uncalled bet ($0.08) returned to Vaksuller
Vaksuller collected $0.10 from pot
Vaksuller: doesn't show hand 
*** SUMMARY ***
Total pot $0.10 | Rake $0 
Board [Qd 5c 6h]
Seat 1: Dorex2007 (big blind) folded on the Flop
Seat 2: vasmit folded before Flop (didn't bet)
Seat 3: luisramiro folded on the Flop
Seat 4: Pokkerjedi folded before Flop (didn't bet)
Seat 5: baligo666 folded before Flop (didn't bet)
Seat 6: Lopes_LucasB folded on the Flop (didn't bet)
Seat 7: edoschenko folded before Flop (didn't bet)
Seat 8: Vaksuller (button) collected ($0.10)
Seat 9: SiMiRu (small blind) folded before Flop



PokerStars Hand #225788837831:  Hold'em No Limit ($0.01/$0.02 USD) - 2021/04/12 20:47:22 PT [2021/04/12 23:47:22 ET]
Table 'Botein III' 9-max Seat #9 is the button
Seat 1: Dorex2007 ($5.06 in chips) 
Seat 2: vasmit ($2.07 in chips) 
Seat 3: luisramiro ($0.63 in chips) 
Seat 4: Pokkerjedi ($3.69 in chips) 
Seat 5: baligo666 ($3.39 in chips) 
Seat 6: Lopes_LucasB ($2.30 in chips) 
Seat 7: edoschenko ($1.50 in chips) 
Seat 8: Vaksuller ($0.60 in chips) 
Seat 9: SiMiRu ($2 in chips) 
Dorex2007: posts small blind $0.01
vasmit: posts big blind $0.02
*** HOLE CARDS ***
Dealt to Dorex2007 [3d 5d]
luisramiro: folds 
Pokkerjedi: folds 
baligo666: folds 
Lopes_LucasB: raises $0.04 to $0.06
edoschenko: folds 
Vaksuller: calls $0.06
SiMiRu: folds 
Dorex2007: folds 
vasmit: folds 
*** FLOP *** [Qc 5c Tc]
Lopes_LucasB: checks 
Vaksuller: bets $0.10
Lopes_LucasB: calls $0.10
*** TURN *** [Qc 5c Tc] [7s]
Lopes_LucasB: checks 
Vaksuller: bets $0.44 and is all-in
Lopes_LucasB: folds 
Uncalled bet ($0.44) returned to Vaksuller
Vaksuller collected $0.34 from pot
Vaksuller: doesn't show hand 
*** SUMMARY ***
Total pot $0.35 | Rake $0.01 
Board [Qc 5c Tc 7s]
Seat 1: Dorex2007 (small blind) folded before Flop
Seat 2: vasmit (big blind) folded before Flop
Seat 3: luisramiro folded before Flop (didn't bet)
Seat 4: Pokkerjedi folded before Flop (didn't bet)
Seat 5: baligo666 folded before Flop (didn't bet)
Seat 6: Lopes_LucasB folded on the Turn
Seat 7: edoschenko folded before Flop (didn't bet)
Seat 8: Vaksuller collected ($0.34)
Seat 9: SiMiRu (button) folded before Flop (didn't bet)



PokerStars Hand #225788849695:  Hold'em No Limit ($0.01/$0.02 USD) - 2021/04/12 20:48:22 PT [2021/04/12 23:48:22 ET]
Table 'Botein III' 9-max Seat #1 is the button
Seat 1: Dorex2007 ($5.05 in chips) 
Seat 2: vasmit ($2.05 in chips) 
Seat 3: luisramiro ($0.63 in chips) 
Seat 4: Pokkerjedi ($3.69 in chips) 
Seat 5: baligo666 ($3.39 in chips) 
Seat 6: Lopes_LucasB ($2.14 in chips) 
Seat 7: edoschenko ($1.50 in chips) 
Seat 8: Vaksuller ($0.78 in chips) 
Seat 9: SiMiRu ($2 in chips) 
vasmit: posts small blind $0.01
luisramiro: posts big blind $0.02
*** HOLE CARDS ***
Dealt to Dorex2007 [Ad 4h]
Pokkerjedi: calls $0.02
baligo666: folds 
Lopes_LucasB: folds 
edoschenko: folds 
Vaksuller: folds 
SiMiRu: folds 
Dorex2007: raises $0.04 to $0.06
vasmit: folds 
luisramiro: folds 
Pokkerjedi: calls $0.04
*** FLOP *** [3h 4d Jh]
Pokkerjedi: checks 
Dorex2007: checks 
*** TURN *** [3h 4d Jh] [8h]
Pokkerjedi: bets $0.06
Dorex2007: calls $0.06
*** RIVER *** [3h 4d Jh 8h] [7s]
Pokkerjedi: checks 
Dorex2007: bets $0.26
Pokkerjedi: calls $0.26
*** SHOW DOWN ***
Dorex2007: shows [Ad 4h] (a pair of Fours)
Pokkerjedi: shows [Qh Qd] (a pair of Queens)
Pokkerjedi collected $0.76 from pot
*** SUMMARY ***
Total pot $0.79 | Rake $0.03 
Board [3h 4d Jh 8h 7s]
Seat 1: Dorex2007 (button) showed [Ad 4h] and lost with a pair of Fours
Seat 2: vasmit (small blind) folded before Flop
Seat 3: luisramiro (big blind) folded before Flop
Seat 4: Pokkerjedi showed [Qh Qd] and won ($0.76) with a pair of Queens
Seat 5: baligo666 folded before Flop (didn't bet)
Seat 6: Lopes_LucasB folded before Flop (didn't bet)
Seat 7: edoschenko folded before Flop (didn't bet)
Seat 8: Vaksuller folded before Flop (didn't bet)
Seat 9: SiMiRu folded before Flop (didn't bet)



PokerStars Hand #225788859320:  Hold'em No Limit ($0.01/$0.02 USD) - 2021/04/12 20:49:11 PT [2021/04/12 23:49:11 ET]
Table 'Botein III' 9-max Seat #2 is the button
Seat 1: Dorex2007 ($4.67 in chips) 
Seat 2: vasmit ($2.04 in chips) 
Seat 3: luisramiro ($0.61 in chips) 
Seat 4: Pokkerjedi ($4.07 in chips) 
Seat 5: baligo666 ($3.39 in chips) 
Seat 6: Lopes_LucasB ($2.14 in chips) 
Seat 7: edoschenko ($1.50 in chips) 
Seat 8: Vaksuller ($0.78 in chips) 
Seat 9: SiMiRu ($2 in chips) 
luisramiro: posts small blind $0.01
Pokkerjedi: posts big blind $0.02
*** HOLE CARDS ***
Dealt to Dorex2007 [8h 3c]
baligo666: folds 
Lopes_LucasB: folds 
edoschenko: folds 
Vaksuller: calls $0.02
SiMiRu: raises $0.08 to $0.10
Dorex2007: folds 
vasmit: folds 
luisramiro: raises $0.51 to $0.61 and is all-in
Pokkerjedi: folds 
Vaksuller: folds 
SiMiRu: folds 
Uncalled bet ($0.51) returned to luisramiro
luisramiro collected $0.24 from pot
luisramiro: doesn't show hand 
*** SUMMARY ***
Total pot $0.24 | Rake $0 
Seat 1: Dorex2007 folded before Flop (didn't bet)
Seat 2: vasmit (button) folded before Flop (didn't bet)
Seat 3: luisramiro (small blind) collected ($0.24)
Seat 4: Pokkerjedi (big blind) folded before Flop
Seat 5: baligo666 folded before Flop (didn't bet)
Seat 6: Lopes_LucasB folded before Flop (didn't bet)
Seat 7: edoschenko folded before Flop (didn't bet)
Seat 8: Vaksuller folded before Flop
Seat 9: SiMiRu folded before Flop



PokerStars Hand #225788865426:  Hold'em No Limit ($0.01/$0.02 USD) - 2021/04/12 20:49:43 PT [2021/04/12 23:49:43 ET]
Table 'Botein III' 9-max Seat #3 is the button
Seat 1: Dorex2007 ($4.67 in chips) 
Seat 2: vasmit ($2.04 in chips) 
Seat 3: luisramiro ($0.75 in chips) 
Seat 4: Pokkerjedi ($4.05 in chips) 
Seat 5: baligo666 ($3.39 in chips) 
Seat 6: Lopes_LucasB ($2.14 in chips) 
Seat 7: edoschenko ($1.50 in chips) 
Seat 8: Vaksuller ($0.76 in chips) 
Seat 9: SiMiRu ($2 in chips) 
Pokkerjedi: posts small blind $0.01
baligo666: posts big blind $0.02
*** HOLE CARDS ***
Dealt to Dorex2007 [Qd 6s]
Lopes_LucasB: folds 
edoschenko: raises $0.06 to $0.08
Vaksuller: calls $0.08
SiMiRu: folds 
Dorex2007: folds 
vasmit: calls $0.08
luisramiro: folds 
Pokkerjedi: folds 
baligo666: folds 
*** FLOP *** [7s 8d 4s]
edoschenko: checks 
Vaksuller: bets $0.12
vasmit: calls $0.12
edoschenko: folds 
*** TURN *** [7s 8d 4s] [9h]
Vaksuller: checks 
vasmit: checks 
*** RIVER *** [7s 8d 4s 9h] [6d]
Vaksuller: bets $0.06
vasmit: calls $0.06
*** SHOW DOWN ***
Vaksuller: shows [Js Jd] (a pair of Jacks)
vasmit: mucks hand 
Vaksuller collected $0.61 from pot
*** SUMMARY ***
Total pot $0.63 | Rake $0.02 
Board [7s 8d 4s 9h 6d]
Seat 1: Dorex2007 folded before Flop (didn't bet)
Seat 2: vasmit mucked [Ks As]
Seat 3: luisramiro (button) folded before Flop (didn't bet)
Seat 4: Pokkerjedi (small blind) folded before Flop
Seat 5: baligo666 (big blind) folded before Flop
Seat 6: Lopes_LucasB folded before Flop (didn't bet)
Seat 7: edoschenko folded on the Flop
Seat 8: Vaksuller showed [Js Jd] and won ($0.61) with a pair of Jacks
Seat 9: SiMiRu folded before Flop (didn't bet)



PokerStars Hand #225788877360:  Hold'em No Limit ($0.01/$0.02 USD) - 2021/04/12 20:50:45 PT [2021/04/12 23:50:45 ET]
Table 'Botein III' 9-max Seat #4 is the button
Seat 1: Dorex2007 ($4.67 in chips) 
Seat 2: vasmit ($2 in chips) 
Seat 4: Pokkerjedi ($4.04 in chips) 
Seat 5: baligo666 ($3.37 in chips) 
Seat 6: Lopes_LucasB ($2.14 in chips) 
Seat 8: Vaksuller ($1.11 in chips) 
Seat 9: SiMiRu ($2 in chips) 
baligo666: posts small blind $0.01
Lopes_LucasB: posts big blind $0.02
*** HOLE CARDS ***
Dealt to Dorex2007 [9h 2d]
Vaksuller: folds 
SiMiRu: folds 
Dorex2007: folds 
vasmit: raises $0.02 to $0.04
Pokkerjedi: calls $0.04
baligo666: calls $0.03
Lopes_LucasB: raises $0.16 to $0.20
vasmit: folds 
Pokkerjedi: folds 
baligo666: calls $0.16
*** FLOP *** [Jc 6s 7c]
baligo666: checks 
Lopes_LucasB: bets $0.23
baligo666: calls $0.23
*** TURN *** [Jc 6s 7c] [Jd]
baligo666: checks 
Lopes_LucasB: checks 
*** RIVER *** [Jc 6s 7c Jd] [Qh]
baligo666: bets $0.91
Lopes_LucasB: folds 
Uncalled bet ($0.91) returned to baligo666
baligo666 collected $0.91 from pot
baligo666: doesn't show hand 
*** SUMMARY ***
Total pot $0.94 | Rake $0.03 
Board [Jc 6s 7c Jd Qh]
Seat 1: Dorex2007 folded before Flop (didn't bet)
Seat 2: vasmit folded before Flop
Seat 4: Pokkerjedi (button) folded before Flop
Seat 5: baligo666 (small blind) collected ($0.91)
Seat 6: Lopes_LucasB (big blind) folded on the River
Seat 8: Vaksuller folded before Flop (didn't bet)
Seat 9: SiMiRu folded before Flop (didn't bet)



PokerStars Hand #225788894246:  Hold'em No Limit ($0.01/$0.02 USD) - 2021/04/12 20:52:14 PT [2021/04/12 23:52:14 ET]
Table 'Botein III' 9-max Seat #5 is the button
Seat 1: Dorex2007 ($4.67 in chips) 
Seat 2: vasmit ($2 in chips) 
Seat 4: Pokkerjedi ($4 in chips) 
Seat 5: baligo666 ($3.85 in chips) 
Seat 6: Lopes_LucasB ($1.71 in chips) 
Seat 8: Vaksuller ($1.11 in chips) 
Seat 9: SiMiRu ($2 in chips) 
Lopes_LucasB: posts small blind $0.01
Vaksuller: posts big blind $0.02
*** HOLE CARDS ***
Dealt to Dorex2007 [Qd Th]
SiMiRu: folds 
Dorex2007: folds 
vasmit: calls $0.02
Pokkerjedi: folds 
baligo666: folds 
Lopes_LucasB: calls $0.01
Vaksuller: checks 
*** FLOP *** [6h 2s Ac]
Lopes_LucasB: checks 
Vaksuller: bets $0.06
vasmit: folds 
Lopes_LucasB: folds 
Uncalled bet ($0.06) returned to Vaksuller
Vaksuller collected $0.06 from pot
Vaksuller: doesn't show hand 
*** SUMMARY ***
Total pot $0.06 | Rake $0 
Board [6h 2s Ac]
Seat 1: Dorex2007 folded before Flop (didn't bet)
Seat 2: vasmit folded on the Flop
Seat 4: Pokkerjedi folded before Flop (didn't bet)
Seat 5: baligo666 (button) folded before Flop (didn't bet)
Seat 6: Lopes_LucasB (small blind) folded on the Flop
Seat 8: Vaksuller (big blind) collected ($0.06)
Seat 9: SiMiRu folded before Flop (didn't bet)



PokerStars Hand #225788900364:  Hold'em No Limit ($0.01/$0.02 USD) - 2021/04/12 20:52:46 PT [2021/04/12 23:52:46 ET]
Table 'Botein III' 9-max Seat #6 is the button
Seat 1: Dorex2007 ($4.67 in chips) 
Seat 2: vasmit ($2 in chips) 
Seat 4: Pokkerjedi ($4 in chips) 
Seat 5: baligo666 ($3.85 in chips) 
Seat 6: Lopes_LucasB ($1.69 in chips) 
Seat 8: Vaksuller ($1.15 in chips) 
Seat 9: SiMiRu ($2 in chips) 
Vaksuller: posts small blind $0.01
SiMiRu: posts big blind $0.02
*** HOLE CARDS ***
Dealt to Dorex2007 [8d 3c]
Dorex2007: folds 
vasmit: folds 
Pokkerjedi: folds 
baligo666: folds 
Lopes_LucasB: folds 
Vaksuller: calls $0.01
SiMiRu: raises $0.05 to $0.07
Vaksuller: calls $0.05
*** FLOP *** [4s 6c 9d]
Vaksuller: checks 
SiMiRu: checks 
*** TURN *** [4s 6c 9d] [Jc]
Vaksuller: checks 
SiMiRu: bets $0.12
Vaksuller: calls $0.12
*** RIVER *** [4s 6c 9d Jc] [Qh]
Vaksuller: checks 
SiMiRu: checks 
*** SHOW DOWN ***
Vaksuller: shows [4d 5d] (a pair of Fours)
SiMiRu: shows [Kc Jd] (a pair of Jacks)
SiMiRu collected $0.37 from pot
*** SUMMARY ***
Total pot $0.38 | Rake $0.01 
Board [4s 6c 9d Jc Qh]
Seat 1: Dorex2007 folded before Flop (didn't bet)
Seat 2: vasmit folded before Flop (didn't bet)
Seat 4: Pokkerjedi folded before Flop (didn't bet)
Seat 5: baligo666 folded before Flop (didn't bet)
Seat 6: Lopes_LucasB (button) folded before Flop (didn't bet)
Seat 8: Vaksuller (small blind) showed [4d 5d] and lost with a pair of Fours
Seat 9: SiMiRu (big blind) showed [Kc Jd] and won ($0.37) with a pair of Jacks



PokerStars Hand #225788921136:  Hold'em No Limit ($0.01/$0.02 USD) - 2021/04/12 20:53:55 PT [2021/04/12 23:53:55 ET]
Table 'Botein III' 9-max Seat #8 is the button
Seat 1: Dorex2007 ($4.67 in chips) 
Seat 2: vasmit ($2 in chips) 
Seat 4: Pokkerjedi ($4 in chips) 
Seat 5: baligo666 ($3.85 in chips) 
Seat 6: Lopes_LucasB ($1.69 in chips) 
Seat 8: Vaksuller ($0.96 in chips) 
Seat 9: SiMiRu ($2.18 in chips) 
SiMiRu: posts small blind $0.01
Dorex2007: posts big blind $0.02
*** HOLE CARDS ***
Dealt to Dorex2007 [5s 2h]
vasmit: folds 
Pokkerjedi: raises $0.04 to $0.06
baligo666: calls $0.06
Lopes_LucasB: calls $0.06
Vaksuller: folds 
SiMiRu: folds 
Dorex2007: folds 
*** FLOP *** [6d Ts 8h]
Pokkerjedi: bets $0.10
baligo666: raises $0.20 to $0.30
Lopes_LucasB: folds 
Pokkerjedi: calls $0.20
*** TURN *** [6d Ts 8h] [Kd]
Pokkerjedi: checks 
baligo666: bets $0.40
Pokkerjedi: folds 
Uncalled bet ($0.40) returned to baligo666
baligo666 collected $0.78 from pot
baligo666: doesn't show hand 
*** SUMMARY ***
Total pot $0.81 | Rake $0.03 
Board [6d Ts 8h Kd]
Seat 1: Dorex2007 (big blind) folded before Flop
Seat 2: vasmit folded before Flop (didn't bet)
Seat 4: Pokkerjedi folded on the Turn
Seat 5: baligo666 collected ($0.78)
Seat 6: Lopes_LucasB folded on the Flop
Seat 8: Vaksuller (button) folded before Flop (didn't bet)
Seat 9: SiMiRu (small blind) folded before Flop



PokerStars Hand #225788932852:  Hold'em No Limit ($0.01/$0.02 USD) - 2021/04/12 20:54:58 PT [2021/04/12 23:54:58 ET]
Table 'Botein III' 9-max Seat #9 is the button
Seat 1: Dorex2007 ($4.65 in chips) 
Seat 2: vasmit ($2 in chips) 
Seat 4: Pokkerjedi ($3.64 in chips) 
Seat 5: baligo666 ($4.27 in chips) 
Seat 6: Lopes_LucasB ($1.63 in chips) 
Seat 8: Vaksuller ($0.96 in chips) 
Seat 9: SiMiRu ($2.17 in chips) 
Dorex2007: posts small blind $0.01
vasmit: posts big blind $0.02
*** HOLE CARDS ***
Dealt to Dorex2007 [Js 8c]
Pokkerjedi: raises $0.04 to $0.06
baligo666: folds 
Lopes_LucasB: folds 
Vaksuller: folds 
SiMiRu: folds 
Dorex2007: folds 
vasmit: folds 
Uncalled bet ($0.04) returned to Pokkerjedi
Pokkerjedi collected $0.05 from pot
Pokkerjedi: doesn't show hand 
*** SUMMARY ***
Total pot $0.05 | Rake $0 
Seat 1: Dorex2007 (small blind) folded before Flop
Seat 2: vasmit (big blind) folded before Flop
Seat 4: Pokkerjedi collected ($0.05)
Seat 5: baligo666 folded before Flop (didn't bet)
Seat 6: Lopes_LucasB folded before Flop (didn't bet)
Seat 8: Vaksuller folded before Flop (didn't bet)
Seat 9: SiMiRu (button) folded before Flop (didn't bet)



PokerStars Hand #225788937250:  Hold'em No Limit ($0.01/$0.02 USD) - 2021/04/12 20:55:24 PT [2021/04/12 23:55:24 ET]
Table 'Botein III' 9-max Seat #1 is the button
Seat 1: Dorex2007 ($4.64 in chips) 
Seat 2: vasmit ($2 in chips) 
Seat 4: Pokkerjedi ($3.67 in chips) 
Seat 5: baligo666 ($4.27 in chips) 
Seat 6: Lopes_LucasB ($1.63 in chips) 
Seat 8: Vaksuller ($0.96 in chips) 
Seat 9: SiMiRu ($2.17 in chips) 
vasmit: posts small blind $0.01
Pokkerjedi: posts big blind $0.02
*** HOLE CARDS ***
Dealt to Dorex2007 [Tc Ac]
baligo666: folds 
Lopes_LucasB: folds 
Vaksuller: calls $0.02
SiMiRu: folds 
Dorex2007: raises $0.04 to $0.06
vasmit: folds 
Pokkerjedi: calls $0.04
Vaksuller: calls $0.04
*** FLOP *** [2s 3s 4c]
Pokkerjedi: checks 
Vaksuller: checks 
Dorex2007: checks 
*** TURN *** [2s 3s 4c] [5s]
Pokkerjedi: checks 
Vaksuller: checks 
Dorex2007: bets $0.18
Pokkerjedi: calls $0.18
Vaksuller: folds 
*** RIVER *** [2s 3s 4c 5s] [9c]
Pokkerjedi: checks 
Dorex2007: checks 
*** SHOW DOWN ***
Pokkerjedi: shows [4s 3h] (two pair, Fours and Threes)
Dorex2007: shows [Tc Ac] (a straight, Ace to Five)
Dorex2007 collected $0.53 from pot
*** SUMMARY ***
Total pot $0.55 | Rake $0.02 
Board [2s 3s 4c 5s 9c]
Seat 1: Dorex2007 (button) showed [Tc Ac] and won ($0.53) with a straight, Ace to Five
Seat 2: vasmit (small blind) folded before Flop
Seat 4: Pokkerjedi (big blind) showed [4s 3h] and lost with two pair, Fours and Threes
Seat 5: baligo666 folded before Flop (didn't bet)
Seat 6: Lopes_LucasB folded before Flop (didn't bet)
Seat 8: Vaksuller folded on the Turn
Seat 9: SiMiRu folded before Flop (didn't bet)



PokerStars Hand #225788948446:  Hold'em No Limit ($0.01/$0.02 USD) - 2021/04/12 20:56:36 PT [2021/04/12 23:56:36 ET]
Table 'Botein III' 9-max Seat #2 is the button
Seat 1: Dorex2007 ($4.93 in chips) 
Seat 2: vasmit ($2 in chips) 
Seat 4: Pokkerjedi ($3.43 in chips) 
Seat 5: baligo666 ($4.27 in chips) 
Seat 6: Lopes_LucasB ($1.63 in chips) 
Seat 8: Vaksuller ($0.90 in chips) 
Seat 9: SiMiRu ($2.17 in chips) 
Pokkerjedi: posts small blind $0.01
baligo666: posts big blind $0.02
*** HOLE CARDS ***
Dealt to Dorex2007 [Ac 4h]
Lopes_LucasB: folds 
Vaksuller: folds 
SiMiRu: raises $0.04 to $0.06
Dorex2007: folds 
vasmit: folds 
Pokkerjedi: folds 
baligo666: folds 
Uncalled bet ($0.04) returned to SiMiRu
SiMiRu collected $0.05 from pot
SiMiRu: doesn't show hand 
*** SUMMARY ***
Total pot $0.05 | Rake $0 
Seat 1: Dorex2007 folded before Flop (didn't bet)
Seat 2: vasmit (button) folded before Flop (didn't bet)
Seat 4: Pokkerjedi (small blind) folded before Flop
Seat 5: baligo666 (big blind) folded before Flop
Seat 6: Lopes_LucasB folded before Flop (didn't bet)
Seat 8: Vaksuller folded before Flop (didn't bet)
Seat 9: SiMiRu collected ($0.05)



PokerStars Hand #225788953329:  Hold'em No Limit ($0.01/$0.02 USD) - 2021/04/12 20:57:07 PT [2021/04/12 23:57:07 ET]
Table 'Botein III' 9-max Seat #4 is the button
Seat 1: Dorex2007 ($4.93 in chips) 
Seat 2: vasmit ($2 in chips) 
Seat 4: Pokkerjedi ($3.42 in chips) 
Seat 5: baligo666 ($4.25 in chips) 
Seat 6: Lopes_LucasB ($1.63 in chips) 
Seat 8: Vaksuller ($0.90 in chips) 
Seat 9: SiMiRu ($2.20 in chips) 
baligo666: posts small blind $0.01
Lopes_LucasB: posts big blind $0.02
*** HOLE CARDS ***
Dealt to Dorex2007 [8d 4h]
Vaksuller: folds 
SiMiRu: folds 
Dorex2007: folds 
vasmit: raises $0.02 to $0.04
Pokkerjedi: folds 
baligo666: raises $0.10 to $0.14
Lopes_LucasB: folds 
vasmit: folds 
Uncalled bet ($0.10) returned to baligo666
baligo666 collected $0.10 from pot
baligo666: doesn't show hand 
*** SUMMARY ***
Total pot $0.10 | Rake $0 
Seat 1: Dorex2007 folded before Flop (didn't bet)
Seat 2: vasmit folded before Flop
Seat 4: Pokkerjedi (button) folded before Flop (didn't bet)
Seat 5: baligo666 (small blind) collected ($0.10)
Seat 6: Lopes_LucasB (big blind) folded before Flop
Seat 8: Vaksuller folded before Flop (didn't bet)
Seat 9: SiMiRu folded before Flop (didn't bet)



PokerStars Hand #225788957825:  Hold'em No Limit ($0.01/$0.02 USD) - 2021/04/12 20:57:36 PT [2021/04/12 23:57:36 ET]
Table 'Botein III' 9-max Seat #5 is the button
Seat 1: Dorex2007 ($4.93 in chips) 
Seat 2: vasmit ($2 in chips) 
Seat 4: Pokkerjedi ($3.42 in chips) 
Seat 5: baligo666 ($4.31 in chips) 
Seat 6: Lopes_LucasB ($1.61 in chips) 
Seat 8: Vaksuller ($0.90 in chips) 
Seat 9: SiMiRu ($2.20 in chips) 
Lopes_LucasB: posts small blind $0.01
Vaksuller: posts big blind $0.02
*** HOLE CARDS ***
Dealt to Dorex2007 [Jc Qd]
SiMiRu: folds 
Dorex2007: folds 
vasmit: raises $0.02 to $0.04
Pokkerjedi: folds 
baligo666: folds 
Lopes_LucasB: folds 
Vaksuller: calls $0.02
*** FLOP *** [Qs 3d 8s]
Vaksuller: checks 
vasmit: bets $0.06
Vaksuller: calls $0.06
*** TURN *** [Qs 3d 8s] [7s]
Vaksuller: checks 
vasmit: checks 
*** RIVER *** [Qs 3d 8s 7s] [6s]
Vaksuller: checks 
vasmit: checks 
*** SHOW DOWN ***
Vaksuller: shows [4s Qc] (a flush, Queen high)
vasmit: mucks hand 
Vaksuller collected $0.20 from pot
*** SUMMARY ***
Total pot $0.21 | Rake $0.01 
Board [Qs 3d 8s 7s 6s]
Seat 1: Dorex2007 folded before Flop (didn't bet)
Seat 2: vasmit mucked [Qh Ah]
Seat 4: Pokkerjedi folded before Flop (didn't bet)
Seat 5: baligo666 (button) folded before Flop (didn't bet)
Seat 6: Lopes_LucasB (small blind) folded before Flop
Seat 8: Vaksuller (big blind) showed [4s Qc] and won ($0.20) with a flush, Queen high
Seat 9: SiMiRu folded before Flop (didn't bet)



PokerStars Hand #225788967179:  Hold'em No Limit ($0.01/$0.02 USD) - 2021/04/12 20:58:35 PT [2021/04/12 23:58:35 ET]
Table 'Botein III' 9-max Seat #6 is the button
Seat 1: Dorex2007 ($4.93 in chips) 
Seat 2: vasmit ($2 in chips) 
Seat 4: Pokkerjedi ($3.42 in chips) 
Seat 5: baligo666 ($4.31 in chips) 
Seat 6: Lopes_LucasB ($1.60 in chips) 
Seat 8: Vaksuller ($1 in chips) 
Seat 9: SiMiRu ($2.20 in chips) 
Vaksuller: posts small blind $0.01
SiMiRu: posts big blind $0.02
*** HOLE CARDS ***
Dealt to Dorex2007 [7s Jc]
Dorex2007: folds 
vasmit: folds 
Pokkerjedi: folds 
baligo666: folds 
Lopes_LucasB: raises $0.02 to $0.04
Vaksuller: calls $0.03
SiMiRu: raises $0.21 to $0.25
Lopes_LucasB: raises $0.53 to $0.78
Vaksuller: folds 
SiMiRu: calls $0.53
*** FLOP *** [8c 5h 4c]
SiMiRu: checks 
Lopes_LucasB: bets $0.82 and is all-in
SiMiRu: folds 
Uncalled bet ($0.82) returned to Lopes_LucasB
Lopes_LucasB collected $1.54 from pot
Lopes_LucasB: doesn't show hand 
*** SUMMARY ***
Total pot $1.60 | Rake $0.06 
Board [8c 5h 4c]
Seat 1: Dorex2007 folded before Flop (didn't bet)
Seat 2: vasmit folded before Flop (didn't bet)
Seat 4: Pokkerjedi folded before Flop (didn't bet)
Seat 5: baligo666 folded before Flop (didn't bet)
Seat 6: Lopes_LucasB (button) collected ($1.54)
Seat 8: Vaksuller (small blind) folded before Flop
Seat 9: SiMiRu (big blind) folded on the Flop



PokerStars Hand #225788978002:  Hold'em No Limit ($0.01/$0.02 USD) - 2021/04/12 20:59:44 PT [2021/04/12 23:59:44 ET]
Table 'Botein III' 9-max Seat #8 is the button
Seat 1: Dorex2007 ($4.93 in chips) 
Seat 2: vasmit ($2 in chips) 
Seat 3: luisramiro ($0.75 in chips) 
Seat 4: Pokkerjedi ($3.42 in chips) 
Seat 5: baligo666 ($4.31 in chips) 
Seat 6: Lopes_LucasB ($2.36 in chips) 
Seat 8: Vaksuller ($0.96 in chips) 
Seat 9: SiMiRu ($2 in chips) 
SiMiRu: posts small blind $0.01
Dorex2007: posts big blind $0.02
luisramiro: posts small & big blinds $0.03
edoschenko: sits out 
*** HOLE CARDS ***
Dealt to Dorex2007 [7c 6c]
vasmit: folds 
luisramiro: checks 
Pokkerjedi: folds 
baligo666: folds 
Lopes_LucasB: folds 
Vaksuller: calls $0.02
SiMiRu: raises $0.20 to $0.22
Dorex2007: folds 
luisramiro: folds 
Vaksuller: calls $0.20
*** FLOP *** [5c 3s Qd]
SiMiRu: bets $1.78 and is all-in
Vaksuller: folds 
Uncalled bet ($1.78) returned to SiMiRu
SiMiRu collected $0.47 from pot
SiMiRu: doesn't show hand 
*** SUMMARY ***
Total pot $0.49 | Rake $0.02 
Board [5c 3s Qd]
Seat 1: Dorex2007 (big blind) folded before Flop
Seat 2: vasmit folded before Flop (didn't bet)
Seat 3: luisramiro folded before Flop (didn't bet)
Seat 4: Pokkerjedi folded before Flop (didn't bet)
Seat 5: baligo666 folded before Flop (didn't bet)
Seat 6: Lopes_LucasB folded before Flop (didn't bet)
Seat 8: Vaksuller (button) folded on the Flop
Seat 9: SiMiRu (small blind) collected ($0.47)



