PokerStars Hand #237568745693:  Hold'em No Limit ($0.02/$0.05 USD) - 2022/07/24 18:06:07 PT [2022/07/24 21:06:07 ET]
Table 'Diana' 9-max Seat #8 is the button
Seat 1: JayJayJohnson ($7.01 in chips) 
Seat 3: StasPioneer ($5.72 in chips) 
Seat 4: RMullerR ($5.33 in chips) 
Seat 5: maskch ($5.86 in chips) 
Seat 6: Spade of Clubs9 ($5.48 in chips) 
Seat 7: Dorex2007 ($5 in chips) 
Seat 8: Piktori007 ($1.18 in chips) 
Seat 9: luan azevedo 29 ($4.73 in chips) 
luan azevedo 29: posts small blind $0.02
JayJayJohnson: posts big blind $0.05
yur4ik777: sits out 
Dorex2007: posts big blind $0.05
*** HOLE CARDS ***
Dealt to Dorex2007 [Js 3c]
StasPioneer: folds 
RMullerR: folds 
maskch: folds 
Spade of Clubs9: folds 
Dorex2007: checks 
Piktori007: calls $0.05
luan azevedo 29: folds 
JayJayJohnson: checks 
*** FLOP *** [3h 2d Ah]
JayJayJohnson: checks 
Dorex2007: bets $0.08
Piktori007: calls $0.08
JayJayJohnson: raises $0.20 to $0.28
Dorex2007: folds 
Piktori007: calls $0.20
*** TURN *** [3h 2d Ah] [4d]
JayJayJohnson: checks 
Piktori007: bets $0.20
JayJayJohnson: calls $0.20
*** RIVER *** [3h 2d Ah 4d] [7s]
JayJayJohnson: checks 
Piktori007: bets $0.58
JayJayJohnson: folds 
Uncalled bet ($0.58) returned to Piktori007
Piktori007 collected $1.16 from pot
*** SUMMARY ***
Total pot $1.21 | Rake $0.05 
Board [3h 2d Ah 4d 7s]
Seat 1: JayJayJohnson (big blind) folded on the River
Seat 3: StasPioneer folded before Flop (didn't bet)
Seat 4: RMullerR folded before Flop (didn't bet)
Seat 5: maskch folded before Flop (didn't bet)
Seat 6: Spade of Clubs9 folded before Flop (didn't bet)
Seat 7: Dorex2007 folded on the Flop
Seat 8: Piktori007 (button) collected ($1.16)
Seat 9: luan azevedo 29 (small blind) folded before Flop



PokerStars Hand #237568761125:  Hold'em No Limit ($0.02/$0.05 USD) - 2022/07/24 18:07:22 PT [2022/07/24 21:07:22 ET]
Table 'Diana' 9-max Seat #9 is the button
Seat 1: JayJayJohnson ($6.48 in chips) 
Seat 2: yur4ik777 ($5 in chips) 
Seat 3: StasPioneer ($5.72 in chips) 
Seat 4: RMullerR ($5.33 in chips) 
Seat 5: maskch ($5.86 in chips) 
Seat 6: Spade of Clubs9 ($5.48 in chips) 
Seat 7: Dorex2007 ($5 in chips) 
Seat 8: Piktori007 ($1.81 in chips) 
Seat 9: luan azevedo 29 ($4.71 in chips) 
JayJayJohnson: posts small blind $0.02
yur4ik777: posts big blind $0.05
*** HOLE CARDS ***
Dealt to Dorex2007 [3d 3h]
StasPioneer: raises $0.10 to $0.15
RMullerR: folds 
maskch: folds 
Spade of Clubs9: folds 
Dorex2007: calls $0.15
Piktori007: folds 
luan azevedo 29: calls $0.15
JayJayJohnson: folds 
yur4ik777: folds 
*** FLOP *** [5h Td 8c]
StasPioneer: bets $0.25
Dorex2007: folds 
luan azevedo 29: calls $0.25
*** TURN *** [5h Td 8c] [Th]
StasPioneer: checks 
luan azevedo 29: bets $0.35
StasPioneer: folds 
Uncalled bet ($0.35) returned to luan azevedo 29
luan azevedo 29 collected $0.98 from pot
*** SUMMARY ***
Total pot $1.02 | Rake $0.04 
Board [5h Td 8c Th]
Seat 1: JayJayJohnson (small blind) folded before Flop
Seat 2: yur4ik777 (big blind) folded before Flop
Seat 3: StasPioneer folded on the Turn
Seat 4: RMullerR folded before Flop (didn't bet)
Seat 5: maskch folded before Flop (didn't bet)
Seat 6: Spade of Clubs9 folded before Flop (didn't bet)
Seat 7: Dorex2007 folded on the Flop
Seat 8: Piktori007 folded before Flop (didn't bet)
Seat 9: luan azevedo 29 (button) collected ($0.98)



PokerStars Hand #237568770065:  Hold'em No Limit ($0.02/$0.05 USD) - 2022/07/24 18:08:05 PT [2022/07/24 21:08:05 ET]
Table 'Diana' 9-max Seat #1 is the button
Seat 1: JayJayJohnson ($6.46 in chips) 
Seat 2: yur4ik777 ($4.95 in chips) 
Seat 3: StasPioneer ($5.32 in chips) 
Seat 4: RMullerR ($5.33 in chips) 
Seat 5: maskch ($5.86 in chips) 
Seat 6: Spade of Clubs9 ($5.48 in chips) 
Seat 7: Dorex2007 ($5 in chips) 
Seat 8: Piktori007 ($1.81 in chips) 
Seat 9: luan azevedo 29 ($5.29 in chips) 
yur4ik777: posts small blind $0.02
StasPioneer: posts big blind $0.05
*** HOLE CARDS ***
Dealt to Dorex2007 [7c Ks]
RMullerR: folds 
maskch: folds 
Spade of Clubs9: folds 
Dorex2007: folds 
Piktori007: folds 
luan azevedo 29: folds 
JayJayJohnson: raises $0.10 to $0.15
yur4ik777: folds 
StasPioneer: folds 
Uncalled bet ($0.10) returned to JayJayJohnson
JayJayJohnson collected $0.12 from pot
*** SUMMARY ***
Total pot $0.12 | Rake $0 
Seat 1: JayJayJohnson (button) collected ($0.12)
Seat 2: yur4ik777 (small blind) folded before Flop
Seat 3: StasPioneer (big blind) folded before Flop
Seat 4: RMullerR folded before Flop (didn't bet)
Seat 5: maskch folded before Flop (didn't bet)
Seat 6: Spade of Clubs9 folded before Flop (didn't bet)
Seat 7: Dorex2007 folded before Flop (didn't bet)
Seat 8: Piktori007 folded before Flop (didn't bet)
Seat 9: luan azevedo 29 folded before Flop (didn't bet)



PokerStars Hand #237568773722:  Hold'em No Limit ($0.02/$0.05 USD) - 2022/07/24 18:08:22 PT [2022/07/24 21:08:22 ET]
Table 'Diana' 9-max Seat #2 is the button
Seat 1: JayJayJohnson ($6.53 in chips) 
Seat 2: yur4ik777 ($4.93 in chips) 
Seat 3: StasPioneer ($5.27 in chips) 
Seat 4: RMullerR ($5.33 in chips) 
Seat 5: maskch ($5.86 in chips) 
Seat 6: Spade of Clubs9 ($5.48 in chips) 
Seat 7: Dorex2007 ($5 in chips) 
Seat 8: Piktori007 ($1.81 in chips) 
StasPioneer: posts small blind $0.02
RMullerR: posts big blind $0.05
*** HOLE CARDS ***
Dealt to Dorex2007 [9s 2d]
maskch: folds 
Spade of Clubs9: folds 
Dorex2007: folds 
Piktori007: folds 
JayJayJohnson: raises $0.10 to $0.15
yur4ik777: folds 
StasPioneer: folds 
RMullerR: folds 
Uncalled bet ($0.10) returned to JayJayJohnson
JayJayJohnson collected $0.12 from pot
*** SUMMARY ***
Total pot $0.12 | Rake $0 
Seat 1: JayJayJohnson collected ($0.12)
Seat 2: yur4ik777 (button) folded before Flop (didn't bet)
Seat 3: StasPioneer (small blind) folded before Flop
Seat 4: RMullerR (big blind) folded before Flop
Seat 5: maskch folded before Flop (didn't bet)
Seat 6: Spade of Clubs9 folded before Flop (didn't bet)
Seat 7: Dorex2007 folded before Flop (didn't bet)
Seat 8: Piktori007 folded before Flop (didn't bet)



PokerStars Hand #237568809472:  Hold'em No Limit ($0.02/$0.05 USD) - 2022/07/24 18:10:37 PT [2022/07/24 21:10:37 ET]
Table 'Diana' 9-max Seat #1 is the button
Seat 1: JayJayJohnson ($7.77 in chips) 
Seat 2: yur4ik777 ($4.85 in chips) 
Seat 3: StasPioneer ($5.15 in chips) 
Seat 4: RMullerR ($4.16 in chips) 
Seat 5: maskch ($5.71 in chips) 
Seat 6: Spade of Clubs9 ($5.73 in chips) 
Seat 7: Dorex2007 ($5 in chips) 
Seat 8: Piktori007 ($1.74 in chips) 
Seat 9: kmg2734 ($4 in chips) 
yur4ik777: posts small blind $0.02
StasPioneer: posts big blind $0.05
Dorex2007: posts small & big blinds $0.07
kmg2734: posts big blind $0.05
*** HOLE CARDS ***
Dealt to Dorex2007 [4s 8h]
RMullerR: folds 
maskch: folds 
Spade of Clubs9: folds 
Dorex2007: checks 
Piktori007: calls $0.05
kmg2734: checks 
JayJayJohnson: folds 
yur4ik777: folds 
StasPioneer: checks 
*** FLOP *** [9h Ad 6s]
StasPioneer: checks 
Dorex2007: checks 
Piktori007: checks 
kmg2734: checks 
*** TURN *** [9h Ad 6s] [2s]
StasPioneer: checks 
Dorex2007: checks 
Piktori007: checks 
kmg2734: checks 
*** RIVER *** [9h Ad 6s 2s] [Jd]
StasPioneer: checks 
Dorex2007: checks 
Piktori007: checks 
kmg2734: bets $0.50
StasPioneer: folds 
Dorex2007: folds 
Piktori007: folds 
Uncalled bet ($0.50) returned to kmg2734
kmg2734 collected $0.23 from pot
*** SUMMARY ***
Total pot $0.24 | Rake $0.01 
Board [9h Ad 6s 2s Jd]
Seat 1: JayJayJohnson (button) folded before Flop (didn't bet)
Seat 2: yur4ik777 (small blind) folded before Flop
Seat 3: StasPioneer (big blind) folded on the River
Seat 4: RMullerR folded before Flop (didn't bet)
Seat 5: maskch folded before Flop (didn't bet)
Seat 6: Spade of Clubs9 folded before Flop (didn't bet)
Seat 7: Dorex2007 folded on the River (didn't bet)
Seat 8: Piktori007 folded on the River
Seat 9: kmg2734 collected ($0.23)



PokerStars Hand #237568830955:  Hold'em No Limit ($0.02/$0.05 USD) - 2022/07/24 18:12:20 PT [2022/07/24 21:12:20 ET]
Table 'Diana' 9-max Seat #2 is the button
Seat 1: JayJayJohnson ($7.77 in chips) 
Seat 2: yur4ik777 ($4.83 in chips) 
Seat 3: StasPioneer ($5.10 in chips) 
Seat 4: RMullerR ($4.16 in chips) 
Seat 5: maskch ($5.71 in chips) 
Seat 6: Spade of Clubs9 ($5.73 in chips) 
Seat 7: Dorex2007 ($5 in chips) 
Seat 8: Piktori007 ($1.69 in chips) 
Seat 9: kmg2734 ($4.18 in chips) 
StasPioneer: posts small blind $0.02
RMullerR: posts big blind $0.05
*** HOLE CARDS ***
Dealt to Dorex2007 [Tc 8s]
maskch: calls $0.05
Spade of Clubs9: folds 
Dorex2007: folds 
Piktori007: raises $0.05 to $0.10
kmg2734: folds 
JayJayJohnson: calls $0.10
yur4ik777: folds 
StasPioneer: folds 
RMullerR: folds 
maskch: calls $0.05
*** FLOP *** [Kc Ad Ts]
maskch: checks 
Piktori007: checks 
JayJayJohnson: checks 
*** TURN *** [Kc Ad Ts] [Jd]
maskch: checks 
Piktori007: bets $0.15
JayJayJohnson: folds 
maskch: calls $0.15
*** RIVER *** [Kc Ad Ts Jd] [Qs]
maskch: checks 
Piktori007: bets $0.20
maskch: raises $5.26 to $5.46 and is all-in
Piktori007: calls $1.24 and is all-in
Uncalled bet ($4.02) returned to maskch
*** SHOW DOWN ***
maskch: shows [Jc Ah] (a straight, Ten to Ace)
Piktori007: shows [Jh Qc] (a straight, Ten to Ace)
maskch collected $1.70 from pot
Piktori007 collected $1.70 from pot
*** SUMMARY ***
Total pot $3.55 | Rake $0.15 
Board [Kc Ad Ts Jd Qs]
Seat 1: JayJayJohnson folded on the Turn
Seat 2: yur4ik777 (button) folded before Flop (didn't bet)
Seat 3: StasPioneer (small blind) folded before Flop
Seat 4: RMullerR (big blind) folded before Flop
Seat 5: maskch showed [Jc Ah] and won ($1.70) with a straight, Ten to Ace
Seat 6: Spade of Clubs9 folded before Flop (didn't bet)
Seat 7: Dorex2007 folded before Flop (didn't bet)
Seat 8: Piktori007 showed [Jh Qc] and won ($1.70) with a straight, Ten to Ace
Seat 9: kmg2734 folded before Flop (didn't bet)



PokerStars Hand #237568843365:  Hold'em No Limit ($0.02/$0.05 USD) - 2022/07/24 18:13:20 PT [2022/07/24 21:13:20 ET]
Table 'Diana' 9-max Seat #3 is the button
Seat 1: JayJayJohnson ($7.67 in chips) 
Seat 2: yur4ik777 ($4.83 in chips) 
Seat 3: StasPioneer ($5.08 in chips) 
Seat 4: RMullerR ($4.11 in chips) 
Seat 5: maskch ($5.72 in chips) 
Seat 6: Spade of Clubs9 ($5.73 in chips) 
Seat 7: Dorex2007 ($5 in chips) 
Seat 8: Piktori007 ($1.70 in chips) 
Seat 9: kmg2734 ($4.18 in chips) 
RMullerR: posts small blind $0.02
maskch: posts big blind $0.05
*** HOLE CARDS ***
Dealt to Dorex2007 [4d Kh]
Spade of Clubs9: raises $0.10 to $0.15
Dorex2007: folds 
Piktori007: folds 
kmg2734: calls $0.15
JayJayJohnson: folds 
yur4ik777: folds 
StasPioneer: folds 
RMullerR: folds 
maskch: folds 
*** FLOP *** [3h Tc 7s]
Spade of Clubs9: bets $0.20
kmg2734: calls $0.20
*** TURN *** [3h Tc 7s] [Th]
Spade of Clubs9: checks 
kmg2734: bets $0.05
Spade of Clubs9: calls $0.05
*** RIVER *** [3h Tc 7s Th] [9d]
Spade of Clubs9: checks 
kmg2734: bets $0.41
Spade of Clubs9: folds 
Uncalled bet ($0.41) returned to kmg2734
kmg2734 collected $0.82 from pot
*** SUMMARY ***
Total pot $0.87 | Rake $0.05 
Board [3h Tc 7s Th 9d]
Seat 1: JayJayJohnson folded before Flop (didn't bet)
Seat 2: yur4ik777 folded before Flop (didn't bet)
Seat 3: StasPioneer (button) folded before Flop (didn't bet)
Seat 4: RMullerR (small blind) folded before Flop
Seat 5: maskch (big blind) folded before Flop
Seat 6: Spade of Clubs9 folded on the River
Seat 7: Dorex2007 folded before Flop (didn't bet)
Seat 8: Piktori007 folded before Flop (didn't bet)
Seat 9: kmg2734 collected ($0.82)



PokerStars Hand #237568864597:  Hold'em No Limit ($0.02/$0.05 USD) - 2022/07/24 18:14:29 PT [2022/07/24 21:14:29 ET]
Table 'Diana' 9-max Seat #4 is the button
Seat 1: JayJayJohnson ($7.67 in chips) 
Seat 2: yur4ik777 ($4.83 in chips) 
Seat 3: StasPioneer ($5.08 in chips) 
Seat 4: RMullerR ($4.09 in chips) 
Seat 5: maskch ($5.67 in chips) 
Seat 6: Spade of Clubs9 ($5.33 in chips) 
Seat 7: Dorex2007 ($5 in chips) 
Seat 8: Piktori007 ($1.70 in chips) 
Seat 9: kmg2734 ($4.60 in chips) 
maskch: posts small blind $0.02
Spade of Clubs9: posts big blind $0.05
*** HOLE CARDS ***
Dealt to Dorex2007 [2h As]
Dorex2007: folds 
Piktori007: folds 
kmg2734: calls $0.05
JayJayJohnson: folds 
yur4ik777: folds 
StasPioneer: folds 
RMullerR: folds 
maskch: folds 
Spade of Clubs9: checks 
*** FLOP *** [9s Ad 7d]
Spade of Clubs9: checks 
kmg2734: checks 
*** TURN *** [9s Ad 7d] [7s]
Spade of Clubs9: checks 
kmg2734: checks 
*** RIVER *** [9s Ad 7d 7s] [Js]
Spade of Clubs9: checks 
kmg2734: bets $0.06
Spade of Clubs9: folds 
Uncalled bet ($0.06) returned to kmg2734
kmg2734 collected $0.12 from pot
*** SUMMARY ***
Total pot $0.12 | Rake $0 
Board [9s Ad 7d 7s Js]
Seat 1: JayJayJohnson folded before Flop (didn't bet)
Seat 2: yur4ik777 folded before Flop (didn't bet)
Seat 3: StasPioneer folded before Flop (didn't bet)
Seat 4: RMullerR (button) folded before Flop (didn't bet)
Seat 5: maskch (small blind) folded before Flop
Seat 6: Spade of Clubs9 (big blind) folded on the River
Seat 7: Dorex2007 folded before Flop (didn't bet)
Seat 8: Piktori007 folded before Flop (didn't bet)
Seat 9: kmg2734 collected ($0.12)



PokerStars Hand #237568872131:  Hold'em No Limit ($0.02/$0.05 USD) - 2022/07/24 18:15:06 PT [2022/07/24 21:15:06 ET]
Table 'Diana' 9-max Seat #5 is the button
Seat 1: JayJayJohnson ($7.67 in chips) 
Seat 2: yur4ik777 ($4.83 in chips) 
Seat 3: StasPioneer ($5.08 in chips) 
Seat 4: RMullerR ($4.09 in chips) 
Seat 5: maskch ($5.65 in chips) 
Seat 6: Spade of Clubs9 ($5.28 in chips) 
Seat 7: Dorex2007 ($5 in chips) 
Seat 8: Piktori007 ($1.70 in chips) 
Seat 9: kmg2734 ($4.67 in chips) 
Spade of Clubs9: posts small blind $0.02
Dorex2007: posts big blind $0.05
*** HOLE CARDS ***
Dealt to Dorex2007 [9c Jc]
Piktori007: folds 
kmg2734: calls $0.05
JayJayJohnson: raises $0.15 to $0.20
yur4ik777: folds 
StasPioneer: folds 
RMullerR: folds 
maskch: folds 
Spade of Clubs9: folds 
Dorex2007: folds 
kmg2734: calls $0.15
*** FLOP *** [Jh 5d 6h]
kmg2734: checks 
JayJayJohnson: bets $0.20
kmg2734: folds 
Uncalled bet ($0.20) returned to JayJayJohnson
JayJayJohnson collected $0.45 from pot
*** SUMMARY ***
Total pot $0.47 | Rake $0.02 
Board [Jh 5d 6h]
Seat 1: JayJayJohnson collected ($0.45)
Seat 2: yur4ik777 folded before Flop (didn't bet)
Seat 3: StasPioneer folded before Flop (didn't bet)
Seat 4: RMullerR folded before Flop (didn't bet)
Seat 5: maskch (button) folded before Flop (didn't bet)
Seat 6: Spade of Clubs9 (small blind) folded before Flop
Seat 7: Dorex2007 (big blind) folded before Flop
Seat 8: Piktori007 folded before Flop (didn't bet)
Seat 9: kmg2734 folded on the Flop



PokerStars Hand #237568881377:  Hold'em No Limit ($0.02/$0.05 USD) - 2022/07/24 18:15:51 PT [2022/07/24 21:15:51 ET]
Table 'Diana' 9-max Seat #6 is the button
Seat 1: JayJayJohnson ($7.92 in chips) 
Seat 2: yur4ik777 ($4.83 in chips) 
Seat 3: StasPioneer ($5.08 in chips) 
Seat 4: RMullerR ($4.09 in chips) 
Seat 5: maskch ($5.65 in chips) 
Seat 6: Spade of Clubs9 ($5.26 in chips) 
Seat 7: Dorex2007 ($5 in chips) 
Seat 8: Piktori007 ($1.70 in chips) 
Seat 9: kmg2734 ($4.47 in chips) 
Dorex2007: posts small blind $0.02
Piktori007: posts big blind $0.05
*** HOLE CARDS ***
Dealt to Dorex2007 [6d Ts]
kmg2734: calls $0.05
JayJayJohnson: folds 
yur4ik777: folds 
StasPioneer: folds 
RMullerR: raises $0.15 to $0.20
maskch: folds 
Spade of Clubs9: folds 
Dorex2007: folds 
Piktori007: folds 
kmg2734: calls $0.15
*** FLOP *** [Ks 4d 9s]
kmg2734: checks 
RMullerR: checks 
*** TURN *** [Ks 4d 9s] [Th]
kmg2734: checks 
RMullerR: checks 
*** RIVER *** [Ks 4d 9s Th] [5h]
kmg2734: checks 
RMullerR: checks 
*** SHOW DOWN ***
kmg2734: shows [8s 7s] (high card King)
RMullerR: shows [Jc Ad] (high card Ace)
RMullerR collected $0.45 from pot
*** SUMMARY ***
Total pot $0.47 | Rake $0.02 
Board [Ks 4d 9s Th 5h]
Seat 1: JayJayJohnson folded before Flop (didn't bet)
Seat 2: yur4ik777 folded before Flop (didn't bet)
Seat 3: StasPioneer folded before Flop (didn't bet)
Seat 4: RMullerR showed [Jc Ad] and won ($0.45) with high card Ace
Seat 5: maskch folded before Flop (didn't bet)
Seat 6: Spade of Clubs9 (button) folded before Flop (didn't bet)
Seat 7: Dorex2007 (small blind) folded before Flop
Seat 8: Piktori007 (big blind) folded before Flop
Seat 9: kmg2734 showed [8s 7s] and lost with high card King



PokerStars Hand #237568891570:  Hold'em No Limit ($0.02/$0.05 USD) - 2022/07/24 18:16:40 PT [2022/07/24 21:16:40 ET]
Table 'Diana' 9-max Seat #7 is the button
Seat 1: JayJayJohnson ($7.92 in chips) 
Seat 2: yur4ik777 ($4.83 in chips) 
Seat 3: StasPioneer ($5.08 in chips) 
Seat 4: RMullerR ($4.34 in chips) 
Seat 5: maskch ($5.65 in chips) 
Seat 6: Spade of Clubs9 ($5.26 in chips) 
Seat 7: Dorex2007 ($5 in chips) 
Seat 8: Piktori007 ($1.65 in chips) 
Seat 9: kmg2734 ($4.27 in chips) 
Piktori007: posts small blind $0.02
kmg2734: posts big blind $0.05
*** HOLE CARDS ***
Dealt to Dorex2007 [Ac 7s]
JayJayJohnson: folds 
yur4ik777: folds 
StasPioneer: folds 
RMullerR: folds 
maskch: folds 
Spade of Clubs9: raises $0.10 to $0.15
Dorex2007: folds 
Piktori007: folds 
kmg2734: folds 
Uncalled bet ($0.10) returned to Spade of Clubs9
Spade of Clubs9 collected $0.12 from pot
*** SUMMARY ***
Total pot $0.12 | Rake $0 
Seat 1: JayJayJohnson folded before Flop (didn't bet)
Seat 2: yur4ik777 folded before Flop (didn't bet)
Seat 3: StasPioneer folded before Flop (didn't bet)
Seat 4: RMullerR folded before Flop (didn't bet)
Seat 5: maskch folded before Flop (didn't bet)
Seat 6: Spade of Clubs9 collected ($0.12)
Seat 7: Dorex2007 (button) folded before Flop (didn't bet)
Seat 8: Piktori007 (small blind) folded before Flop
Seat 9: kmg2734 (big blind) folded before Flop



PokerStars Hand #237568895155:  Hold'em No Limit ($0.02/$0.05 USD) - 2022/07/24 18:16:58 PT [2022/07/24 21:16:58 ET]
Table 'Diana' 9-max Seat #8 is the button
Seat 1: JayJayJohnson ($7.92 in chips) 
Seat 2: yur4ik777 ($4.83 in chips) 
Seat 3: StasPioneer ($5.08 in chips) 
Seat 4: RMullerR ($4.34 in chips) 
Seat 5: maskch ($5.65 in chips) 
Seat 6: Spade of Clubs9 ($5.33 in chips) 
Seat 7: Dorex2007 ($5 in chips) 
Seat 8: Piktori007 ($1.63 in chips) 
Seat 9: kmg2734 ($4.22 in chips) 
kmg2734: posts small blind $0.02
JayJayJohnson: posts big blind $0.05
*** HOLE CARDS ***
Dealt to Dorex2007 [Ks Js]
yur4ik777: folds 
StasPioneer: folds 
RMullerR: folds 
maskch: folds 
Spade of Clubs9: folds 
Dorex2007: calls $0.05
Piktori007: folds 
kmg2734: calls $0.03
JayJayJohnson: checks 
*** FLOP *** [Ad 6d 9c]
kmg2734: checks 
JayJayJohnson: checks 
Dorex2007: checks 
*** TURN *** [Ad 6d 9c] [2h]
kmg2734: checks 
JayJayJohnson: bets $0.07
Dorex2007: folds 
kmg2734: folds 
Uncalled bet ($0.07) returned to JayJayJohnson
JayJayJohnson collected $0.14 from pot
*** SUMMARY ***
Total pot $0.15 | Rake $0.01 
Board [Ad 6d 9c 2h]
Seat 1: JayJayJohnson (big blind) collected ($0.14)
Seat 2: yur4ik777 folded before Flop (didn't bet)
Seat 3: StasPioneer folded before Flop (didn't bet)
Seat 4: RMullerR folded before Flop (didn't bet)
Seat 5: maskch folded before Flop (didn't bet)
Seat 6: Spade of Clubs9 folded before Flop (didn't bet)
Seat 7: Dorex2007 folded on the Turn
Seat 8: Piktori007 (button) folded before Flop (didn't bet)
Seat 9: kmg2734 (small blind) folded on the Turn



PokerStars Hand #237568901183:  Hold'em No Limit ($0.02/$0.05 USD) - 2022/07/24 18:17:28 PT [2022/07/24 21:17:28 ET]
Table 'Diana' 9-max Seat #1 is the button
Seat 1: JayJayJohnson ($8.01 in chips) 
Seat 2: yur4ik777 ($4.83 in chips) 
Seat 3: StasPioneer ($5.08 in chips) 
Seat 4: RMullerR ($4.34 in chips) 
Seat 5: maskch ($5.65 in chips) 
Seat 6: Spade of Clubs9 ($5.33 in chips) 
Seat 7: Dorex2007 ($5 in chips) 
Seat 8: Piktori007 ($1.63 in chips) 
yur4ik777: posts small blind $0.02
StasPioneer: posts big blind $0.05
*** HOLE CARDS ***
Dealt to Dorex2007 [Ks Qd]
RMullerR: folds 
kmg2734 leaves the table
maskch has timed out
maskch: folds 
Spade of Clubs9: folds 
Dorex2007: calls $0.05
Piktori007: calls $0.05
JayJayJohnson: calls $0.05
yur4ik777: folds 
StasPioneer: raises $0.10 to $0.15
Dorex2007: calls $0.10
Piktori007: calls $0.10
VLNZL joins the table at seat #9 
JayJayJohnson: calls $0.10
*** FLOP *** [Kh 5d 5s]
StasPioneer: checks 
Dorex2007: bets $0.39
Piktori007: folds 
JayJayJohnson: folds 
StasPioneer: folds 
Uncalled bet ($0.39) returned to Dorex2007
Dorex2007 collected $0.59 from pot
*** SUMMARY ***
Total pot $0.62 | Rake $0.03 
Board [Kh 5d 5s]
Seat 1: JayJayJohnson (button) folded on the Flop
Seat 2: yur4ik777 (small blind) folded before Flop
Seat 3: StasPioneer (big blind) folded on the Flop
Seat 4: RMullerR folded before Flop (didn't bet)
Seat 5: maskch folded before Flop (didn't bet)
Seat 6: Spade of Clubs9 folded before Flop (didn't bet)
Seat 7: Dorex2007 collected ($0.59)
Seat 8: Piktori007 folded on the Flop



PokerStars Hand #237568913432:  Hold'em No Limit ($0.02/$0.05 USD) - 2022/07/24 18:18:28 PT [2022/07/24 21:18:28 ET]
Table 'Diana' 9-max Seat #2 is the button
Seat 1: JayJayJohnson ($7.86 in chips) 
Seat 2: yur4ik777 ($4.81 in chips) 
Seat 3: StasPioneer ($4.93 in chips) 
Seat 4: RMullerR ($4.34 in chips) 
Seat 5: maskch ($5.65 in chips) 
Seat 6: Spade of Clubs9 ($5.33 in chips) 
Seat 7: Dorex2007 ($5.44 in chips) 
Seat 8: Piktori007 ($1.48 in chips) 
StasPioneer: posts small blind $0.02
RMullerR: posts big blind $0.05
VLNZL: sits out 
*** HOLE CARDS ***
Dealt to Dorex2007 [Td Th]
maskch: folds 
Spade of Clubs9: folds 
Dorex2007: raises $0.15 to $0.20
Piktori007: folds 
JayJayJohnson: folds 
yur4ik777: folds 
StasPioneer: folds 
RMullerR: folds 
Uncalled bet ($0.15) returned to Dorex2007
Dorex2007 collected $0.12 from pot
*** SUMMARY ***
Total pot $0.12 | Rake $0 
Seat 1: JayJayJohnson folded before Flop (didn't bet)
Seat 2: yur4ik777 (button) folded before Flop (didn't bet)
Seat 3: StasPioneer (small blind) folded before Flop
Seat 4: RMullerR (big blind) folded before Flop
Seat 5: maskch folded before Flop (didn't bet)
Seat 6: Spade of Clubs9 folded before Flop (didn't bet)
Seat 7: Dorex2007 collected ($0.12)
Seat 8: Piktori007 folded before Flop (didn't bet)



PokerStars Hand #237568918090:  Hold'em No Limit ($0.02/$0.05 USD) - 2022/07/24 18:18:51 PT [2022/07/24 21:18:51 ET]
Table 'Diana' 9-max Seat #3 is the button
Seat 1: JayJayJohnson ($7.86 in chips) 
Seat 2: yur4ik777 ($4.81 in chips) 
Seat 3: StasPioneer ($5 in chips) 
Seat 4: RMullerR ($4.29 in chips) 
Seat 5: maskch ($5.65 in chips) 
Seat 6: Spade of Clubs9 ($5.33 in chips) 
Seat 7: Dorex2007 ($5.51 in chips) 
Seat 8: Piktori007 ($1.48 in chips) 
RMullerR: posts small blind $0.02
maskch: posts big blind $0.05
VLNZL: sits out 
*** HOLE CARDS ***
Dealt to Dorex2007 [7h Jh]
Spade of Clubs9: folds 
Dorex2007: folds 
Piktori007: calls $0.05
JayJayJohnson: folds 
yur4ik777: raises $0.15 to $0.20
StasPioneer: folds 
RMullerR: folds 
maskch: folds 
Piktori007: calls $0.15
*** FLOP *** [6d Jd Qd]
Piktori007: checks 
yur4ik777: bets $0.29
Piktori007: folds 
Uncalled bet ($0.29) returned to yur4ik777
yur4ik777 collected $0.45 from pot
*** SUMMARY ***
Total pot $0.47 | Rake $0.02 
Board [6d Jd Qd]
Seat 1: JayJayJohnson folded before Flop (didn't bet)
Seat 2: yur4ik777 collected ($0.45)
Seat 3: StasPioneer (button) folded before Flop (didn't bet)
Seat 4: RMullerR (small blind) folded before Flop
Seat 5: maskch (big blind) folded before Flop
Seat 6: Spade of Clubs9 folded before Flop (didn't bet)
Seat 7: Dorex2007 folded before Flop (didn't bet)
Seat 8: Piktori007 folded on the Flop



PokerStars Hand #237568926539:  Hold'em No Limit ($0.02/$0.05 USD) - 2022/07/24 18:19:33 PT [2022/07/24 21:19:33 ET]
Table 'Diana' 9-max Seat #4 is the button
Seat 1: JayJayJohnson ($7.86 in chips) 
Seat 2: yur4ik777 ($5.06 in chips) 
Seat 3: StasPioneer ($5 in chips) 
Seat 4: RMullerR ($4.27 in chips) 
Seat 5: maskch ($5.60 in chips) 
Seat 6: Spade of Clubs9 ($5.33 in chips) 
Seat 7: Dorex2007 ($5.51 in chips) 
Seat 8: Piktori007 ($1.28 in chips) 
maskch: posts small blind $0.02
Spade of Clubs9: posts big blind $0.05
VLNZL: sits out 
*** HOLE CARDS ***
Dealt to Dorex2007 [8h Qh]
Dorex2007: folds 
Piktori007: folds 
JayJayJohnson: raises $0.10 to $0.15
yur4ik777: folds 
StasPioneer: folds 
RMullerR: folds 
maskch: folds 
Spade of Clubs9: folds 
Uncalled bet ($0.10) returned to JayJayJohnson
JayJayJohnson collected $0.12 from pot
*** SUMMARY ***
Total pot $0.12 | Rake $0 
Seat 1: JayJayJohnson collected ($0.12)
Seat 2: yur4ik777 folded before Flop (didn't bet)
Seat 3: StasPioneer folded before Flop (didn't bet)
Seat 4: RMullerR (button) folded before Flop (didn't bet)
Seat 5: maskch (small blind) folded before Flop
Seat 6: Spade of Clubs9 (big blind) folded before Flop
Seat 7: Dorex2007 folded before Flop (didn't bet)
Seat 8: Piktori007 folded before Flop (didn't bet)



PokerStars Hand #237568931129:  Hold'em No Limit ($0.02/$0.05 USD) - 2022/07/24 18:19:55 PT [2022/07/24 21:19:55 ET]
Table 'Diana' 9-max Seat #5 is the button
Seat 1: JayJayJohnson ($7.93 in chips) 
Seat 2: yur4ik777 ($5.06 in chips) 
Seat 3: StasPioneer ($5 in chips) 
Seat 4: RMullerR ($4.27 in chips) 
Seat 5: maskch ($5.58 in chips) 
Seat 6: Spade of Clubs9 ($5.28 in chips) 
Seat 7: Dorex2007 ($5.51 in chips) 
Seat 8: Piktori007 ($1.28 in chips) 
Spade of Clubs9: posts small blind $0.02
Dorex2007: posts big blind $0.05
VLNZL: sits out 
*** HOLE CARDS ***
Dealt to Dorex2007 [4d 4c]
Piktori007: raises $0.05 to $0.10
JayJayJohnson: calls $0.10
yur4ik777: folds 
StasPioneer: folds 
RMullerR: folds 
maskch: folds 
Spade of Clubs9: raises $0.30 to $0.40
Dorex2007: folds 
Piktori007: folds 
JayJayJohnson: calls $0.30
*** FLOP *** [Qc 2d Kd]
Spade of Clubs9: bets $0.65
JayJayJohnson: calls $0.65
*** TURN *** [Qc 2d Kd] [7c]
Spade of Clubs9: bets $1.70
JayJayJohnson: calls $1.70
*** RIVER *** [Qc 2d Kd 7c] [6s]
Spade of Clubs9: bets $2.53 and is all-in
JayJayJohnson: folds 
Uncalled bet ($2.53) returned to Spade of Clubs9
Spade of Clubs9 collected $5.42 from pot
*** SUMMARY ***
Total pot $5.65 | Rake $0.23 
Board [Qc 2d Kd 7c 6s]
Seat 1: JayJayJohnson folded on the River
Seat 2: yur4ik777 folded before Flop (didn't bet)
Seat 3: StasPioneer folded before Flop (didn't bet)
Seat 4: RMullerR folded before Flop (didn't bet)
Seat 5: maskch (button) folded before Flop (didn't bet)
Seat 6: Spade of Clubs9 (small blind) collected ($5.42)
Seat 7: Dorex2007 (big blind) folded before Flop
Seat 8: Piktori007 folded before Flop



PokerStars Hand #237568943270:  Hold'em No Limit ($0.02/$0.05 USD) - 2022/07/24 18:20:55 PT [2022/07/24 21:20:55 ET]
Table 'Diana' 9-max Seat #6 is the button
Seat 1: JayJayJohnson ($5.18 in chips) 
Seat 2: yur4ik777 ($5.06 in chips) 
Seat 3: StasPioneer ($5 in chips) 
Seat 4: RMullerR ($4.27 in chips) 
Seat 5: maskch ($5.58 in chips) 
Seat 6: Spade of Clubs9 ($7.95 in chips) 
Seat 7: Dorex2007 ($5.46 in chips) 
Seat 8: Piktori007 ($1.18 in chips) 
Dorex2007: posts small blind $0.02
Piktori007: posts big blind $0.05
VLNZL: sits out 
*** HOLE CARDS ***
Dealt to Dorex2007 [7c Ts]
JayJayJohnson: folds 
yur4ik777: raises $0.10 to $0.15
StasPioneer: folds 
RMullerR: folds 
maskch: folds 
Spade of Clubs9: folds 
Dorex2007: folds 
Piktori007: folds 
Uncalled bet ($0.10) returned to yur4ik777
yur4ik777 collected $0.12 from pot
*** SUMMARY ***
Total pot $0.12 | Rake $0 
Seat 1: JayJayJohnson folded before Flop (didn't bet)
Seat 2: yur4ik777 collected ($0.12)
Seat 3: StasPioneer folded before Flop (didn't bet)
Seat 4: RMullerR folded before Flop (didn't bet)
Seat 5: maskch folded before Flop (didn't bet)
Seat 6: Spade of Clubs9 (button) folded before Flop (didn't bet)
Seat 7: Dorex2007 (small blind) folded before Flop
Seat 8: Piktori007 (big blind) folded before Flop



PokerStars Hand #237568945967:  Hold'em No Limit ($0.02/$0.05 USD) - 2022/07/24 18:21:08 PT [2022/07/24 21:21:08 ET]
Table 'Diana' 9-max Seat #7 is the button
Seat 1: JayJayJohnson ($5.18 in chips) 
Seat 2: yur4ik777 ($5.13 in chips) 
Seat 3: StasPioneer ($5 in chips) 
Seat 4: RMullerR ($4.27 in chips) 
Seat 5: maskch ($5.58 in chips) 
Seat 6: Spade of Clubs9 ($7.95 in chips) 
Seat 7: Dorex2007 ($5.44 in chips) 
Seat 8: Piktori007 ($1.13 in chips) 
Seat 9: VLNZL ($2 in chips) 
Piktori007: posts small blind $0.02
VLNZL: posts big blind $0.05
*** HOLE CARDS ***
Dealt to Dorex2007 [5c Kd]
JayJayJohnson: folds 
yur4ik777: folds 
StasPioneer: folds 
RMullerR: folds 
maskch: folds 
Spade of Clubs9: folds 
Dorex2007: folds 
Piktori007: calls $0.03
VLNZL: checks 
*** FLOP *** [2c 7d 8h]
Piktori007: checks 
VLNZL: checks 
*** TURN *** [2c 7d 8h] [Jh]
Piktori007: checks 
VLNZL: checks 
*** RIVER *** [2c 7d 8h Jh] [Qh]
Piktori007: checks 
VLNZL: checks 
*** SHOW DOWN ***
Piktori007: shows [2d 6s] (a pair of Deuces)
VLNZL: shows [8s 9h] (a pair of Eights)
VLNZL collected $0.10 from pot
*** SUMMARY ***
Total pot $0.10 | Rake $0 
Board [2c 7d 8h Jh Qh]
Seat 1: JayJayJohnson folded before Flop (didn't bet)
Seat 2: yur4ik777 folded before Flop (didn't bet)
Seat 3: StasPioneer folded before Flop (didn't bet)
Seat 4: RMullerR folded before Flop (didn't bet)
Seat 5: maskch folded before Flop (didn't bet)
Seat 6: Spade of Clubs9 folded before Flop (didn't bet)
Seat 7: Dorex2007 (button) folded before Flop (didn't bet)
Seat 8: Piktori007 (small blind) showed [2d 6s] and lost with a pair of Deuces
Seat 9: VLNZL (big blind) showed [8s 9h] and won ($0.10) with a pair of Eights



PokerStars Hand #237568953118:  Hold'em No Limit ($0.02/$0.05 USD) - 2022/07/24 18:21:43 PT [2022/07/24 21:21:43 ET]
Table 'Diana' 9-max Seat #8 is the button
Seat 1: JayJayJohnson ($5.18 in chips) 
Seat 2: yur4ik777 ($5.13 in chips) 
Seat 3: StasPioneer ($5 in chips) 
Seat 4: RMullerR ($4.27 in chips) 
Seat 5: maskch ($5.58 in chips) 
Seat 6: Spade of Clubs9 ($7.95 in chips) 
Seat 7: Dorex2007 ($5.44 in chips) 
Seat 8: Piktori007 ($1.08 in chips) 
Seat 9: VLNZL ($2.05 in chips) 
VLNZL: posts small blind $0.02
JayJayJohnson: posts big blind $0.05
*** HOLE CARDS ***
Dealt to Dorex2007 [4s 5c]
yur4ik777: folds 
StasPioneer: folds 
RMullerR: folds 
maskch: folds 
Spade of Clubs9: folds 
Dorex2007: folds 
Piktori007: calls $0.05
VLNZL: calls $0.03
JayJayJohnson: checks 
*** FLOP *** [3h 7h 3d]
VLNZL: checks 
JayJayJohnson: checks 
Piktori007: checks 
*** TURN *** [3h 7h 3d] [5h]
VLNZL: bets $0.14
JayJayJohnson: folds 
Piktori007: folds 
Uncalled bet ($0.14) returned to VLNZL
VLNZL collected $0.14 from pot
*** SUMMARY ***
Total pot $0.15 | Rake $0.01 
Board [3h 7h 3d 5h]
Seat 1: JayJayJohnson (big blind) folded on the Turn
Seat 2: yur4ik777 folded before Flop (didn't bet)
Seat 3: StasPioneer folded before Flop (didn't bet)
Seat 4: RMullerR folded before Flop (didn't bet)
Seat 5: maskch folded before Flop (didn't bet)
Seat 6: Spade of Clubs9 folded before Flop (didn't bet)
Seat 7: Dorex2007 folded before Flop (didn't bet)
Seat 8: Piktori007 (button) folded on the Turn
Seat 9: VLNZL (small blind) collected ($0.14)



PokerStars Hand #237568960366:  Hold'em No Limit ($0.02/$0.05 USD) - 2022/07/24 18:22:19 PT [2022/07/24 21:22:19 ET]
Table 'Diana' 9-max Seat #9 is the button
Seat 1: JayJayJohnson ($5.13 in chips) 
Seat 2: yur4ik777 ($5.13 in chips) 
Seat 3: StasPioneer ($5 in chips) 
Seat 4: RMullerR ($4.27 in chips) 
Seat 5: maskch ($5.58 in chips) 
Seat 6: Spade of Clubs9 ($7.95 in chips) 
Seat 7: Dorex2007 ($5.44 in chips) 
Seat 8: Piktori007 ($1.03 in chips) 
Seat 9: VLNZL ($2.14 in chips) 
JayJayJohnson: posts small blind $0.02
yur4ik777: posts big blind $0.05
*** HOLE CARDS ***
Dealt to Dorex2007 [5d 3s]
StasPioneer: folds 
RMullerR: folds 
maskch: folds 
Spade of Clubs9: raises $0.10 to $0.15
Dorex2007: folds 
Piktori007: folds 
VLNZL: folds 
JayJayJohnson: calls $0.13
yur4ik777: calls $0.10
*** FLOP *** [4c 9c Jc]
JayJayJohnson: checks 
yur4ik777: bets $0.28
Spade of Clubs9: calls $0.28
JayJayJohnson: folds 
*** TURN *** [4c 9c Jc] [6d]
yur4ik777: bets $0.77
Spade of Clubs9: calls $0.77
*** RIVER *** [4c 9c Jc 6d] [2d]
yur4ik777: bets $0.81
Spade of Clubs9: folds 
Uncalled bet ($0.81) returned to yur4ik777
yur4ik777 collected $2.44 from pot
*** SUMMARY ***
Total pot $2.55 | Rake $0.11 
Board [4c 9c Jc 6d 2d]
Seat 1: JayJayJohnson (small blind) folded on the Flop
Seat 2: yur4ik777 (big blind) collected ($2.44)
Seat 3: StasPioneer folded before Flop (didn't bet)
Seat 4: RMullerR folded before Flop (didn't bet)
Seat 5: maskch folded before Flop (didn't bet)
Seat 6: Spade of Clubs9 folded on the River
Seat 7: Dorex2007 folded before Flop (didn't bet)
Seat 8: Piktori007 folded before Flop (didn't bet)
Seat 9: VLNZL (button) folded before Flop (didn't bet)



PokerStars Hand #237568974673:  Hold'em No Limit ($0.02/$0.05 USD) - 2022/07/24 18:23:31 PT [2022/07/24 21:23:31 ET]
Table 'Diana' 9-max Seat #1 is the button
Seat 1: JayJayJohnson ($4.98 in chips) 
Seat 2: yur4ik777 ($6.37 in chips) 
Seat 3: StasPioneer ($5 in chips) 
Seat 4: RMullerR ($4.27 in chips) 
Seat 5: maskch ($5.58 in chips) 
Seat 6: Spade of Clubs9 ($6.75 in chips) 
Seat 7: Dorex2007 ($5.44 in chips) 
Seat 8: Piktori007 ($1.03 in chips) 
Seat 9: VLNZL ($2.14 in chips) 
yur4ik777: posts small blind $0.02
StasPioneer: posts big blind $0.05
*** HOLE CARDS ***
Dealt to Dorex2007 [6s Ah]
RMullerR: folds 
maskch: folds 
Spade of Clubs9: folds 
Dorex2007 has timed out
Dorex2007: folds 
Piktori007: folds 
VLNZL has timed out
VLNZL: folds 
JayJayJohnson: folds 
yur4ik777: folds 
Uncalled bet ($0.03) returned to StasPioneer
StasPioneer collected $0.04 from pot
*** SUMMARY ***
Total pot $0.04 | Rake $0 
Seat 1: JayJayJohnson (button) folded before Flop (didn't bet)
Seat 2: yur4ik777 (small blind) folded before Flop
Seat 3: StasPioneer (big blind) collected ($0.04)
Seat 4: RMullerR folded before Flop (didn't bet)
Seat 5: maskch folded before Flop (didn't bet)
Seat 6: Spade of Clubs9 folded before Flop (didn't bet)
Seat 7: Dorex2007 folded before Flop (didn't bet)
Seat 8: Piktori007 folded before Flop (didn't bet)
Seat 9: VLNZL folded before Flop (didn't bet)



PokerStars Hand #237568982218:  Hold'em No Limit ($0.02/$0.05 USD) - 2022/07/24 18:24:09 PT [2022/07/24 21:24:09 ET]
Table 'Diana' 9-max Seat #2 is the button
Seat 1: JayJayJohnson ($4.98 in chips) 
Seat 2: yur4ik777 ($6.35 in chips) 
Seat 3: StasPioneer ($5.02 in chips) 
Seat 4: RMullerR ($4.27 in chips) 
Seat 5: maskch ($5.58 in chips) 
Seat 6: Spade of Clubs9 ($6.75 in chips) 
Seat 7: Dorex2007 ($5.44 in chips) 
Seat 8: Piktori007 ($1.03 in chips) 
Seat 9: VLNZL ($2.14 in chips) 
StasPioneer: posts small blind $0.02
RMullerR: posts big blind $0.05
*** HOLE CARDS ***
Dealt to Dorex2007 [Ad 8h]
maskch: folds 
Spade of Clubs9: folds 
Dorex2007: folds 
Piktori007: folds 
VLNZL: folds 
JayJayJohnson: folds 
yur4ik777: folds 
StasPioneer: raises $0.05 to $0.10
RMullerR: calls $0.05
*** FLOP *** [2h 6d 3s]
StasPioneer: bets $0.05
RMullerR: folds 
Uncalled bet ($0.05) returned to StasPioneer
StasPioneer collected $0.19 from pot
*** SUMMARY ***
Total pot $0.20 | Rake $0.01 
Board [2h 6d 3s]
Seat 1: JayJayJohnson folded before Flop (didn't bet)
Seat 2: yur4ik777 (button) folded before Flop (didn't bet)
Seat 3: StasPioneer (small blind) collected ($0.19)
Seat 4: RMullerR (big blind) folded on the Flop
Seat 5: maskch folded before Flop (didn't bet)
Seat 6: Spade of Clubs9 folded before Flop (didn't bet)
Seat 7: Dorex2007 folded before Flop (didn't bet)
Seat 8: Piktori007 folded before Flop (didn't bet)
Seat 9: VLNZL folded before Flop (didn't bet)



PokerStars Hand #237568988138:  Hold'em No Limit ($0.02/$0.05 USD) - 2022/07/24 18:24:38 PT [2022/07/24 21:24:38 ET]
Table 'Diana' 9-max Seat #3 is the button
Seat 1: JayJayJohnson ($4.98 in chips) 
Seat 2: yur4ik777 ($6.35 in chips) 
Seat 3: StasPioneer ($5.11 in chips) 
Seat 4: RMullerR ($4.17 in chips) 
Seat 5: maskch ($5.58 in chips) 
Seat 6: Spade of Clubs9 ($6.75 in chips) 
Seat 7: Dorex2007 ($5.44 in chips) 
Seat 8: Piktori007 ($1.03 in chips) 
Seat 9: VLNZL ($2.14 in chips) 
RMullerR: posts small blind $0.02
maskch: posts big blind $0.05
*** HOLE CARDS ***
Dealt to Dorex2007 [2d Kh]
Spade of Clubs9: folds 
Dorex2007: folds 
Piktori007: folds 
VLNZL: folds 
JayJayJohnson: raises $0.10 to $0.15
yur4ik777: folds 
StasPioneer: calls $0.15
RMullerR: calls $0.13
maskch: calls $0.10
*** FLOP *** [2s 3h Kc]
RMullerR: checks 
maskch: checks 
JayJayJohnson: checks 
StasPioneer: checks 
*** TURN *** [2s 3h Kc] [6h]
RMullerR: checks 
maskch: bets $0.30
JayJayJohnson: folds 
StasPioneer: folds 
RMullerR: folds 
Uncalled bet ($0.30) returned to maskch
maskch collected $0.58 from pot
*** SUMMARY ***
Total pot $0.60 | Rake $0.02 
Board [2s 3h Kc 6h]
Seat 1: JayJayJohnson folded on the Turn
Seat 2: yur4ik777 folded before Flop (didn't bet)
Seat 3: StasPioneer (button) folded on the Turn
Seat 4: RMullerR (small blind) folded on the Turn
Seat 5: maskch (big blind) collected ($0.58)
Seat 6: Spade of Clubs9 folded before Flop (didn't bet)
Seat 7: Dorex2007 folded before Flop (didn't bet)
Seat 8: Piktori007 folded before Flop (didn't bet)
Seat 9: VLNZL folded before Flop (didn't bet)



PokerStars Hand #237569006491:  Hold'em No Limit ($0.02/$0.05 USD) - 2022/07/24 18:25:22 PT [2022/07/24 21:25:22 ET]
Table 'Diana' 9-max Seat #4 is the button
Seat 1: JayJayJohnson ($4.83 in chips) 
Seat 2: yur4ik777 ($6.35 in chips) 
Seat 3: StasPioneer ($5 in chips) 
Seat 4: RMullerR ($4.02 in chips) 
Seat 5: maskch ($6.01 in chips) 
Seat 6: Spade of Clubs9 ($6.75 in chips) 
Seat 7: Dorex2007 ($5.44 in chips) 
Seat 8: Piktori007 ($1.03 in chips) 
Seat 9: VLNZL ($2.14 in chips) 
maskch: posts small blind $0.02
Spade of Clubs9: posts big blind $0.05
*** HOLE CARDS ***
Dealt to Dorex2007 [Ac 8s]
Dorex2007: folds 
Piktori007: calls $0.05
VLNZL: raises $0.10 to $0.15
JayJayJohnson: folds 
yur4ik777: folds 
StasPioneer: folds 
RMullerR: folds 
maskch: folds 
Spade of Clubs9: folds 
Piktori007: calls $0.10
*** FLOP *** [Qh 2c 8h]
Piktori007: bets $0.05
VLNZL: raises $0.23 to $0.28
Piktori007: folds 
Uncalled bet ($0.23) returned to VLNZL
VLNZL collected $0.45 from pot
*** SUMMARY ***
Total pot $0.47 | Rake $0.02 
Board [Qh 2c 8h]
Seat 1: JayJayJohnson folded before Flop (didn't bet)
Seat 2: yur4ik777 folded before Flop (didn't bet)
Seat 3: StasPioneer folded before Flop (didn't bet)
Seat 4: RMullerR (button) folded before Flop (didn't bet)
Seat 5: maskch (small blind) folded before Flop
Seat 6: Spade of Clubs9 (big blind) folded before Flop
Seat 7: Dorex2007 folded before Flop (didn't bet)
Seat 8: Piktori007 folded on the Flop
Seat 9: VLNZL collected ($0.45)



PokerStars Hand #237569013289:  Hold'em No Limit ($0.02/$0.05 USD) - 2022/07/24 18:25:56 PT [2022/07/24 21:25:56 ET]
Table 'Diana' 9-max Seat #5 is the button
Seat 1: JayJayJohnson ($4.83 in chips) 
Seat 2: yur4ik777 ($6.35 in chips) 
Seat 3: StasPioneer ($5 in chips) 
Seat 4: RMullerR ($4.02 in chips) 
Seat 5: maskch ($5.99 in chips) 
Seat 6: Spade of Clubs9 ($6.70 in chips) 
Seat 7: Dorex2007 ($5.44 in chips) 
Seat 8: Piktori007 ($0.83 in chips) 
Seat 9: VLNZL ($2.39 in chips) 
Spade of Clubs9: posts small blind $0.02
Dorex2007: posts big blind $0.05
*** HOLE CARDS ***
Dealt to Dorex2007 [Td Kd]
Piktori007: folds 
VLNZL: calls $0.05
JayJayJohnson: folds 
yur4ik777: folds 
StasPioneer: folds 
RMullerR: folds 
maskch: raises $0.05 to $0.10
Spade of Clubs9: calls $0.08
Dorex2007: calls $0.05
VLNZL: calls $0.05
*** FLOP *** [Ks 8h 5h]
Spade of Clubs9: checks 
Dorex2007: bets $0.25
VLNZL: calls $0.25
maskch: folds 
Spade of Clubs9: folds 
*** TURN *** [Ks 8h 5h] [2h]
Dorex2007: checks 
VLNZL: checks 
*** RIVER *** [Ks 8h 5h 2h] [9d]
Dorex2007: bets $0.30
VLNZL: folds 
Uncalled bet ($0.30) returned to Dorex2007
Dorex2007 collected $0.86 from pot
*** SUMMARY ***
Total pot $0.90 | Rake $0.04 
Board [Ks 8h 5h 2h 9d]
Seat 1: JayJayJohnson folded before Flop (didn't bet)
Seat 2: yur4ik777 folded before Flop (didn't bet)
Seat 3: StasPioneer folded before Flop (didn't bet)
Seat 4: RMullerR folded before Flop (didn't bet)
Seat 5: maskch (button) folded on the Flop
Seat 6: Spade of Clubs9 (small blind) folded on the Flop
Seat 7: Dorex2007 (big blind) collected ($0.86)
Seat 8: Piktori007 folded before Flop (didn't bet)
Seat 9: VLNZL folded on the River



PokerStars Hand #237569025659:  Hold'em No Limit ($0.02/$0.05 USD) - 2022/07/24 18:26:58 PT [2022/07/24 21:26:58 ET]
Table 'Diana' 9-max Seat #6 is the button
Seat 1: JayJayJohnson ($4.83 in chips) 
Seat 2: yur4ik777 ($6.35 in chips) 
Seat 3: StasPioneer ($5 in chips) 
Seat 4: RMullerR ($4.02 in chips) 
Seat 5: maskch ($5.89 in chips) 
Seat 6: Spade of Clubs9 ($6.60 in chips) 
Seat 7: Dorex2007 ($5.95 in chips) 
Seat 8: Piktori007 ($0.83 in chips) 
Seat 9: VLNZL ($2.04 in chips) 
Dorex2007: posts small blind $0.02
Piktori007: posts big blind $0.05
*** HOLE CARDS ***
Dealt to Dorex2007 [5s 9c]
VLNZL: raises $0.10 to $0.15
JayJayJohnson: folds 
yur4ik777: folds 
StasPioneer: folds 
RMullerR: calls $0.15
maskch: folds 
Spade of Clubs9: calls $0.15
Dorex2007: folds 
Piktori007: calls $0.10
*** FLOP *** [7h Jc 4c]
Piktori007: bets $0.15
VLNZL: calls $0.15
RMullerR: folds 
Spade of Clubs9: folds 
*** TURN *** [7h Jc 4c] [5c]
Piktori007: bets $0.20
VLNZL: folds 
Uncalled bet ($0.20) returned to Piktori007
Piktori007 collected $0.88 from pot
*** SUMMARY ***
Total pot $0.92 | Rake $0.04 
Board [7h Jc 4c 5c]
Seat 1: JayJayJohnson folded before Flop (didn't bet)
Seat 2: yur4ik777 folded before Flop (didn't bet)
Seat 3: StasPioneer folded before Flop (didn't bet)
Seat 4: RMullerR folded on the Flop
Seat 5: maskch folded before Flop (didn't bet)
Seat 6: Spade of Clubs9 (button) folded on the Flop
Seat 7: Dorex2007 (small blind) folded before Flop
Seat 8: Piktori007 (big blind) collected ($0.88)
Seat 9: VLNZL folded on the Turn



PokerStars Hand #237569036605:  Hold'em No Limit ($0.02/$0.05 USD) - 2022/07/24 18:27:55 PT [2022/07/24 21:27:55 ET]
Table 'Diana' 9-max Seat #7 is the button
Seat 1: JayJayJohnson ($4.83 in chips) 
Seat 2: yur4ik777 ($6.35 in chips) 
Seat 3: StasPioneer ($5 in chips) 
Seat 4: RMullerR ($3.87 in chips) 
Seat 5: maskch ($5.89 in chips) 
Seat 6: Spade of Clubs9 ($6.45 in chips) 
Seat 7: Dorex2007 ($5.93 in chips) 
Seat 8: Piktori007 ($1.41 in chips) 
Seat 9: VLNZL ($1.74 in chips) 
Piktori007: posts small blind $0.02
VLNZL: posts big blind $0.05
*** HOLE CARDS ***
Dealt to Dorex2007 [8s 6c]
JayJayJohnson: folds 
yur4ik777: folds 
StasPioneer: folds 
RMullerR: raises $0.10 to $0.15
maskch: folds 
Spade of Clubs9: folds 
Dorex2007: folds 
Piktori007: folds 
VLNZL: calls $0.10
*** FLOP *** [Ts 2s Kc]
VLNZL: checks 
RMullerR: bets $0.15
VLNZL: folds 
Uncalled bet ($0.15) returned to RMullerR
RMullerR collected $0.31 from pot
*** SUMMARY ***
Total pot $0.32 | Rake $0.01 
Board [Ts 2s Kc]
Seat 1: JayJayJohnson folded before Flop (didn't bet)
Seat 2: yur4ik777 folded before Flop (didn't bet)
Seat 3: StasPioneer folded before Flop (didn't bet)
Seat 4: RMullerR collected ($0.31)
Seat 5: maskch folded before Flop (didn't bet)
Seat 6: Spade of Clubs9 folded before Flop (didn't bet)
Seat 7: Dorex2007 (button) folded before Flop (didn't bet)
Seat 8: Piktori007 (small blind) folded before Flop
Seat 9: VLNZL (big blind) folded on the Flop



PokerStars Hand #237569053634:  Hold'em No Limit ($0.02/$0.05 USD) - 2022/07/24 18:28:44 PT [2022/07/24 21:28:44 ET]
Table 'Diana' 9-max Seat #8 is the button
Seat 1: JayJayJohnson ($4.83 in chips) 
Seat 2: yur4ik777 ($6.35 in chips) 
Seat 3: StasPioneer ($5 in chips) 
Seat 4: RMullerR ($4.03 in chips) 
Seat 5: maskch ($5.89 in chips) 
Seat 6: Spade of Clubs9 ($6.45 in chips) 
Seat 7: Dorex2007 ($5.93 in chips) 
Seat 8: Piktori007 ($1.39 in chips) 
Seat 9: VLNZL ($1.59 in chips) 
VLNZL: posts small blind $0.02
JayJayJohnson: posts big blind $0.05
*** HOLE CARDS ***
Dealt to Dorex2007 [6c 6d]
yur4ik777: folds 
StasPioneer: folds 
RMullerR: folds 
maskch: folds 
Spade of Clubs9: raises $0.10 to $0.15
Dorex2007: calls $0.15
Piktori007: calls $0.15
VLNZL: folds 
JayJayJohnson: calls $0.10
*** FLOP *** [Ad Kh Ts]
JayJayJohnson: checks 
Spade of Clubs9: checks 
Dorex2007: checks 
Piktori007: checks 
*** TURN *** [Ad Kh Ts] [3c]
JayJayJohnson: checks 
Spade of Clubs9: bets $0.20
Dorex2007: folds 
Piktori007: folds 
JayJayJohnson: folds 
Uncalled bet ($0.20) returned to Spade of Clubs9
Spade of Clubs9 collected $0.59 from pot
*** SUMMARY ***
Total pot $0.62 | Rake $0.03 
Board [Ad Kh Ts 3c]
Seat 1: JayJayJohnson (big blind) folded on the Turn
Seat 2: yur4ik777 folded before Flop (didn't bet)
Seat 3: StasPioneer folded before Flop (didn't bet)
Seat 4: RMullerR folded before Flop (didn't bet)
Seat 5: maskch folded before Flop (didn't bet)
Seat 6: Spade of Clubs9 collected ($0.59)
Seat 7: Dorex2007 folded on the Turn
Seat 8: Piktori007 (button) folded on the Turn
Seat 9: VLNZL (small blind) folded before Flop



PokerStars Hand #237569064173:  Hold'em No Limit ($0.02/$0.05 USD) - 2022/07/24 18:29:38 PT [2022/07/24 21:29:38 ET]
Table 'Diana' 9-max Seat #9 is the button
Seat 1: JayJayJohnson ($4.68 in chips) 
Seat 2: yur4ik777 ($6.35 in chips) 
Seat 3: StasPioneer ($5 in chips) 
Seat 4: RMullerR ($4.03 in chips) 
Seat 5: maskch ($5.89 in chips) 
Seat 6: Spade of Clubs9 ($6.89 in chips) 
Seat 7: Dorex2007 ($5.78 in chips) 
Seat 8: Piktori007 ($1.24 in chips) 
Seat 9: VLNZL ($1.57 in chips) 
JayJayJohnson: posts small blind $0.02
yur4ik777: posts big blind $0.05
*** HOLE CARDS ***
Dealt to Dorex2007 [Qh 2d]
StasPioneer: folds 
StasPioneer leaves the table
RMullerR: folds 
maskch: folds 
Spade of Clubs9: folds 
Dorex2007: folds 
Piktori007: raises $0.05 to $0.10
VLNZL: calls $0.10
JayJayJohnson: calls $0.08
yur4ik777: folds 
*** FLOP *** [4h 2c Js]
JayJayJohnson: checks 
Piktori007: bets $0.10
VLNZL: folds 
dc978919 joins the table at seat #3 
JayJayJohnson: calls $0.10
*** TURN *** [4h 2c Js] [Ts]
JayJayJohnson: checks 
Piktori007: bets $0.10
JayJayJohnson: folds 
Uncalled bet ($0.10) returned to Piktori007
Piktori007 collected $0.53 from pot
*** SUMMARY ***
Total pot $0.55 | Rake $0.02 
Board [4h 2c Js Ts]
Seat 1: JayJayJohnson (small blind) folded on the Turn
Seat 2: yur4ik777 (big blind) folded before Flop
Seat 3: StasPioneer folded before Flop (didn't bet)
Seat 4: RMullerR folded before Flop (didn't bet)
Seat 5: maskch folded before Flop (didn't bet)
Seat 6: Spade of Clubs9 folded before Flop (didn't bet)
Seat 7: Dorex2007 folded before Flop (didn't bet)
Seat 8: Piktori007 collected ($0.53)
Seat 9: VLNZL (button) folded on the Flop



PokerStars Hand #237569074061:  Hold'em No Limit ($0.02/$0.05 USD) - 2022/07/24 18:30:29 PT [2022/07/24 21:30:29 ET]
Table 'Diana' 9-max Seat #1 is the button
Seat 1: JayJayJohnson ($4.48 in chips) 
Seat 2: yur4ik777 ($6.30 in chips) 
Seat 3: dc978919 ($5 in chips) 
Seat 4: RMullerR ($4.03 in chips) 
Seat 5: maskch ($5.89 in chips) 
Seat 6: Spade of Clubs9 ($6.89 in chips) 
Seat 7: Dorex2007 ($5.78 in chips) 
Seat 8: Piktori007 ($1.57 in chips) 
Seat 9: VLNZL ($1.47 in chips) 
yur4ik777: posts small blind $0.02
dc978919: posts big blind $0.05
*** HOLE CARDS ***
Dealt to Dorex2007 [5h 4h]
RMullerR: folds 
maskch: folds 
Spade of Clubs9: folds 
Dorex2007: folds 
Piktori007: calls $0.05
VLNZL: folds 
JayJayJohnson: folds 
yur4ik777: raises $0.15 to $0.20
dc978919: folds 
Piktori007: calls $0.15
*** FLOP *** [4d Jd 4s]
yur4ik777: checks 
Piktori007: bets $0.10
yur4ik777: calls $0.10
*** TURN *** [4d Jd 4s] [Kd]
yur4ik777: checks 
Piktori007: bets $0.10
yur4ik777: calls $0.10
*** RIVER *** [4d Jd 4s Kd] [6h]
yur4ik777: bets $0.52
Piktori007: folds 
Uncalled bet ($0.52) returned to yur4ik777
yur4ik777 collected $0.81 from pot
*** SUMMARY ***
Total pot $0.85 | Rake $0.04 
Board [4d Jd 4s Kd 6h]
Seat 1: JayJayJohnson (button) folded before Flop (didn't bet)
Seat 2: yur4ik777 (small blind) collected ($0.81)
Seat 3: dc978919 (big blind) folded before Flop
Seat 4: RMullerR folded before Flop (didn't bet)
Seat 5: maskch folded before Flop (didn't bet)
Seat 6: Spade of Clubs9 folded before Flop (didn't bet)
Seat 7: Dorex2007 folded before Flop (didn't bet)
Seat 8: Piktori007 folded on the River
Seat 9: VLNZL folded before Flop (didn't bet)



PokerStars Hand #237569087549:  Hold'em No Limit ($0.02/$0.05 USD) - 2022/07/24 18:31:38 PT [2022/07/24 21:31:38 ET]
Table 'Diana' 9-max Seat #2 is the button
Seat 1: JayJayJohnson ($4.48 in chips) 
Seat 2: yur4ik777 ($6.71 in chips) 
Seat 3: dc978919 ($4.95 in chips) 
Seat 4: RMullerR ($4.03 in chips) 
Seat 5: maskch ($5.89 in chips) 
Seat 6: Spade of Clubs9 ($6.89 in chips) 
Seat 7: Dorex2007 ($5.78 in chips) 
Seat 8: Piktori007 ($1.17 in chips) 
Seat 9: VLNZL ($1.47 in chips) 
dc978919: posts small blind $0.02
RMullerR: posts big blind $0.05
*** HOLE CARDS ***
Dealt to Dorex2007 [6s Tc]
maskch: folds 
Spade of Clubs9: folds 
Dorex2007: folds 
Piktori007: folds 
VLNZL: calls $0.05
JayJayJohnson: folds 
yur4ik777: folds 
dc978919: raises $0.05 to $0.10
RMullerR: folds 
VLNZL: calls $0.05
*** FLOP *** [As 7c Kc]
dc978919: checks 
VLNZL: bets $0.12
dc978919: calls $0.12
*** TURN *** [As 7c Kc] [Qc]
dc978919: checks 
VLNZL: checks 
*** RIVER *** [As 7c Kc Qc] [2c]
dc978919: bets $0.20
VLNZL: calls $0.20
*** SHOW DOWN ***
dc978919: shows [Kh Kd] (three of a kind, Kings)
VLNZL: shows [6c Ks] (a flush, King high)
VLNZL collected $0.85 from pot
*** SUMMARY ***
Total pot $0.89 | Rake $0.04 
Board [As 7c Kc Qc 2c]
Seat 1: JayJayJohnson folded before Flop (didn't bet)
Seat 2: yur4ik777 (button) folded before Flop (didn't bet)
Seat 3: dc978919 (small blind) showed [Kh Kd] and lost with three of a kind, Kings
Seat 4: RMullerR (big blind) folded before Flop
Seat 5: maskch folded before Flop (didn't bet)
Seat 6: Spade of Clubs9 folded before Flop (didn't bet)
Seat 7: Dorex2007 folded before Flop (didn't bet)
Seat 8: Piktori007 folded before Flop (didn't bet)
Seat 9: VLNZL showed [6c Ks] and won ($0.85) with a flush, King high



PokerStars Hand #237569097915:  Hold'em No Limit ($0.02/$0.05 USD) - 2022/07/24 18:32:31 PT [2022/07/24 21:32:31 ET]
Table 'Diana' 9-max Seat #3 is the button
Seat 1: JayJayJohnson ($4.48 in chips) 
Seat 2: yur4ik777 ($6.71 in chips) 
Seat 3: dc978919 ($4.53 in chips) 
Seat 4: RMullerR ($5 in chips) 
Seat 5: maskch ($5.89 in chips) 
Seat 6: Spade of Clubs9 ($6.89 in chips) 
Seat 7: Dorex2007 ($5.78 in chips) 
Seat 8: Piktori007 ($1.17 in chips) 
Seat 9: VLNZL ($1.90 in chips) 
RMullerR: posts small blind $0.02
maskch: posts big blind $0.05
*** HOLE CARDS ***
Dealt to Dorex2007 [6s Js]
Spade of Clubs9: folds 
Dorex2007: folds 
Piktori007: calls $0.05
VLNZL: calls $0.05
JayJayJohnson: calls $0.05
yur4ik777: folds 
dc978919: folds 
RMullerR: folds 
maskch: checks 
*** FLOP *** [4d Qd Tc]
maskch: checks 
Piktori007: checks 
VLNZL: checks 
JayJayJohnson: bets $0.10
maskch: folds 
Piktori007: folds 
VLNZL: calls $0.10
*** TURN *** [4d Qd Tc] [Qh]
VLNZL: checks 
JayJayJohnson: bets $0.20
VLNZL: folds 
Uncalled bet ($0.20) returned to JayJayJohnson
JayJayJohnson collected $0.40 from pot
*** SUMMARY ***
Total pot $0.42 | Rake $0.02 
Board [4d Qd Tc Qh]
Seat 1: JayJayJohnson collected ($0.40)
Seat 2: yur4ik777 folded before Flop (didn't bet)
Seat 3: dc978919 (button) folded before Flop (didn't bet)
Seat 4: RMullerR (small blind) folded before Flop
Seat 5: maskch (big blind) folded on the Flop
Seat 6: Spade of Clubs9 folded before Flop (didn't bet)
Seat 7: Dorex2007 folded before Flop (didn't bet)
Seat 8: Piktori007 folded on the Flop
Seat 9: VLNZL folded on the Turn



PokerStars Hand #237569108445:  Hold'em No Limit ($0.02/$0.05 USD) - 2022/07/24 18:33:24 PT [2022/07/24 21:33:24 ET]
Table 'Diana' 9-max Seat #4 is the button
Seat 1: JayJayJohnson ($4.73 in chips) 
Seat 2: yur4ik777 ($6.71 in chips) 
Seat 3: dc978919 ($4.53 in chips) 
Seat 4: RMullerR ($4.98 in chips) 
Seat 5: maskch ($5.84 in chips) 
Seat 6: Spade of Clubs9 ($6.89 in chips) 
Seat 7: Dorex2007 ($5.78 in chips) 
Seat 8: Piktori007 ($1.12 in chips) 
Seat 9: VLNZL ($1.75 in chips) 
maskch: posts small blind $0.02
Spade of Clubs9: posts big blind $0.05
*** HOLE CARDS ***
Dealt to Dorex2007 [8d Ad]
Dorex2007: calls $0.05
Piktori007: folds 
VLNZL: folds 
JayJayJohnson: raises $0.15 to $0.20
yur4ik777: folds 
dc978919: folds 
RMullerR: folds 
maskch: folds 
Spade of Clubs9: calls $0.15
Dorex2007: folds 
*** FLOP *** [5h 7s 5d]
Spade of Clubs9: checks 
JayJayJohnson: checks 
*** TURN *** [5h 7s 5d] [Ks]
Spade of Clubs9: checks 
JayJayJohnson: bets $0.20
Spade of Clubs9: calls $0.20
*** RIVER *** [5h 7s 5d Ks] [4c]
Spade of Clubs9: checks 
JayJayJohnson: bets $0.40
Spade of Clubs9: folds 
Uncalled bet ($0.40) returned to JayJayJohnson
JayJayJohnson collected $0.83 from pot
*** SUMMARY ***
Total pot $0.87 | Rake $0.04 
Board [5h 7s 5d Ks 4c]
Seat 1: JayJayJohnson collected ($0.83)
Seat 2: yur4ik777 folded before Flop (didn't bet)
Seat 3: dc978919 folded before Flop (didn't bet)
Seat 4: RMullerR (button) folded before Flop (didn't bet)
Seat 5: maskch (small blind) folded before Flop
Seat 6: Spade of Clubs9 (big blind) folded on the River
Seat 7: Dorex2007 folded before Flop
Seat 8: Piktori007 folded before Flop (didn't bet)
Seat 9: VLNZL folded before Flop (didn't bet)



PokerStars Hand #237569120701:  Hold'em No Limit ($0.02/$0.05 USD) - 2022/07/24 18:34:27 PT [2022/07/24 21:34:27 ET]
Table 'Diana' 9-max Seat #5 is the button
Seat 1: JayJayJohnson ($5.16 in chips) 
Seat 2: yur4ik777 ($6.71 in chips) 
Seat 3: dc978919 ($4.53 in chips) 
Seat 4: RMullerR ($4.98 in chips) 
Seat 5: maskch ($5.82 in chips) 
Seat 6: Spade of Clubs9 ($6.49 in chips) 
Seat 7: Dorex2007 ($5.73 in chips) 
Seat 8: Piktori007 ($1.12 in chips) 
Seat 9: VLNZL ($1.75 in chips) 
Spade of Clubs9: posts small blind $0.02
Dorex2007: posts big blind $0.05
*** HOLE CARDS ***
Dealt to Dorex2007 [7h 4d]
Piktori007: calls $0.05
VLNZL: calls $0.05
JayJayJohnson: folds 
yur4ik777: folds 
dc978919: folds 
RMullerR: folds 
maskch: folds 
Spade of Clubs9: folds 
Dorex2007: checks 
*** FLOP *** [9h Jh Ah]
Dorex2007: checks 
Piktori007: checks 
VLNZL: checks 
*** TURN *** [9h Jh Ah] [9d]
Dorex2007: checks 
Piktori007: checks 
VLNZL: checks 
*** RIVER *** [9h Jh Ah 9d] [3h]
Dorex2007: bets $0.08
Piktori007: folds 
VLNZL: calls $0.08
*** SHOW DOWN ***
Dorex2007: shows [7h 4d] (a flush, Ace high)
VLNZL: mucks hand 
Dorex2007 collected $0.32 from pot
*** SUMMARY ***
Total pot $0.33 | Rake $0.01 
Board [9h Jh Ah 9d 3h]
Seat 1: JayJayJohnson folded before Flop (didn't bet)
Seat 2: yur4ik777 folded before Flop (didn't bet)
Seat 3: dc978919 folded before Flop (didn't bet)
Seat 4: RMullerR folded before Flop (didn't bet)
Seat 5: maskch (button) folded before Flop (didn't bet)
Seat 6: Spade of Clubs9 (small blind) folded before Flop
Seat 7: Dorex2007 (big blind) showed [7h 4d] and won ($0.32) with a flush, Ace high
Seat 8: Piktori007 folded on the River
Seat 9: VLNZL mucked [3c Ac]



PokerStars Hand #237569134170:  Hold'em No Limit ($0.02/$0.05 USD) - 2022/07/24 18:35:35 PT [2022/07/24 21:35:35 ET]
Table 'Diana' 9-max Seat #6 is the button
Seat 1: JayJayJohnson ($5.16 in chips) 
Seat 2: yur4ik777 ($6.71 in chips) 
Seat 3: dc978919 ($4.53 in chips) 
Seat 4: RMullerR ($4.98 in chips) 
Seat 5: maskch ($5.82 in chips) 
Seat 6: Spade of Clubs9 ($6.47 in chips) 
Seat 7: Dorex2007 ($5.92 in chips) 
Seat 8: Piktori007 ($1.07 in chips) 
Seat 9: VLNZL ($1.62 in chips) 
Dorex2007: posts small blind $0.02
Piktori007: posts big blind $0.05
*** HOLE CARDS ***
Dealt to Dorex2007 [9c Js]
VLNZL: calls $0.05
JayJayJohnson: folds 
yur4ik777: folds 
dc978919: folds 
RMullerR: folds 
maskch: folds 
Spade of Clubs9: raises $0.15 to $0.20
Dorex2007: folds 
Piktori007: folds 
VLNZL: folds 
Uncalled bet ($0.15) returned to Spade of Clubs9
Spade of Clubs9 collected $0.17 from pot
*** SUMMARY ***
Total pot $0.17 | Rake $0 
Seat 1: JayJayJohnson folded before Flop (didn't bet)
Seat 2: yur4ik777 folded before Flop (didn't bet)
Seat 3: dc978919 folded before Flop (didn't bet)
Seat 4: RMullerR folded before Flop (didn't bet)
Seat 5: maskch folded before Flop (didn't bet)
Seat 6: Spade of Clubs9 (button) collected ($0.17)
Seat 7: Dorex2007 (small blind) folded before Flop
Seat 8: Piktori007 (big blind) folded before Flop
Seat 9: VLNZL folded before Flop



PokerStars Hand #237569139075:  Hold'em No Limit ($0.02/$0.05 USD) - 2022/07/24 18:35:59 PT [2022/07/24 21:35:59 ET]
Table 'Diana' 9-max Seat #7 is the button
Seat 1: JayJayJohnson ($5.16 in chips) 
Seat 2: yur4ik777 ($6.71 in chips) 
Seat 3: dc978919 ($4.53 in chips) 
Seat 4: RMullerR ($4.98 in chips) 
Seat 5: maskch ($5.82 in chips) 
Seat 6: Spade of Clubs9 ($6.59 in chips) 
Seat 7: Dorex2007 ($5.90 in chips) 
Seat 8: Piktori007 ($1.02 in chips) 
Seat 9: VLNZL ($1.57 in chips) 
Piktori007: posts small blind $0.02
VLNZL: posts big blind $0.05
*** HOLE CARDS ***
Dealt to Dorex2007 [4s 9c]
JayJayJohnson: folds 
yur4ik777: folds 
dc978919: calls $0.05
RMullerR: folds 
maskch: folds 
Spade of Clubs9: folds 
Dorex2007: folds 
Piktori007: calls $0.03
VLNZL: checks 
*** FLOP *** [Qd Kh Ac]
Piktori007: checks 
VLNZL: checks 
dc978919: bets $0.10
Piktori007: calls $0.10
VLNZL: folds 
*** TURN *** [Qd Kh Ac] [2h]
Piktori007: checks 
dc978919: bets $0.15
Piktori007: calls $0.15
*** RIVER *** [Qd Kh Ac 2h] [5c]
Piktori007: checks 
dc978919: checks 
*** SHOW DOWN ***
Piktori007: shows [9s Js] (high card Ace)
dc978919: shows [Th Kd] (a pair of Kings)
dc978919 collected $0.62 from pot
*** SUMMARY ***
Total pot $0.65 | Rake $0.03 
Board [Qd Kh Ac 2h 5c]
Seat 1: JayJayJohnson folded before Flop (didn't bet)
Seat 2: yur4ik777 folded before Flop (didn't bet)
Seat 3: dc978919 showed [Th Kd] and won ($0.62) with a pair of Kings
Seat 4: RMullerR folded before Flop (didn't bet)
Seat 5: maskch folded before Flop (didn't bet)
Seat 6: Spade of Clubs9 folded before Flop (didn't bet)
Seat 7: Dorex2007 (button) folded before Flop (didn't bet)
Seat 8: Piktori007 (small blind) showed [9s Js] and lost with high card Ace
Seat 9: VLNZL (big blind) folded on the Flop



PokerStars Hand #237569152633:  Hold'em No Limit ($0.02/$0.05 USD) - 2022/07/24 18:37:08 PT [2022/07/24 21:37:08 ET]
Table 'Diana' 9-max Seat #8 is the button
Seat 1: JayJayJohnson ($5.16 in chips) 
Seat 2: yur4ik777 ($6.71 in chips) 
Seat 3: dc978919 ($4.85 in chips) 
Seat 4: RMullerR ($4.98 in chips) 
Seat 5: maskch ($5.82 in chips) 
Seat 6: Spade of Clubs9 ($6.59 in chips) 
Seat 7: Dorex2007 ($5.90 in chips) 
Seat 8: Piktori007 ($0.72 in chips) 
Seat 9: VLNZL ($1.52 in chips) 
VLNZL: posts small blind $0.02
JayJayJohnson: posts big blind $0.05
*** HOLE CARDS ***
Dealt to Dorex2007 [3c Ks]
yur4ik777: folds 
dc978919: folds 
RMullerR: folds 
maskch: folds 
Spade of Clubs9: folds 
Dorex2007: folds 
Piktori007: calls $0.05
VLNZL: calls $0.03
JayJayJohnson: checks 
*** FLOP *** [3h 6d Js]
VLNZL: checks 
JayJayJohnson: checks 
Piktori007: bets $0.10
VLNZL: folds 
JayJayJohnson: folds 
Uncalled bet ($0.10) returned to Piktori007
Piktori007 collected $0.14 from pot
*** SUMMARY ***
Total pot $0.15 | Rake $0.01 
Board [3h 6d Js]
Seat 1: JayJayJohnson (big blind) folded on the Flop
Seat 2: yur4ik777 folded before Flop (didn't bet)
Seat 3: dc978919 folded before Flop (didn't bet)
Seat 4: RMullerR folded before Flop (didn't bet)
Seat 5: maskch folded before Flop (didn't bet)
Seat 6: Spade of Clubs9 folded before Flop (didn't bet)
Seat 7: Dorex2007 folded before Flop (didn't bet)
Seat 8: Piktori007 (button) collected ($0.14)
Seat 9: VLNZL (small blind) folded on the Flop



PokerStars Hand #237569162226:  Hold'em No Limit ($0.02/$0.05 USD) - 2022/07/24 18:37:56 PT [2022/07/24 21:37:56 ET]
Table 'Diana' 9-max Seat #9 is the button
Seat 1: JayJayJohnson ($5.11 in chips) 
Seat 2: yur4ik777 ($6.71 in chips) 
Seat 3: dc978919 ($4.85 in chips) 
Seat 4: RMullerR ($4.98 in chips) 
Seat 5: maskch ($5.82 in chips) 
Seat 6: Spade of Clubs9 ($6.59 in chips) 
Seat 7: Dorex2007 ($5.90 in chips) 
Seat 8: Piktori007 ($0.81 in chips) 
Seat 9: VLNZL ($1.47 in chips) 
JayJayJohnson: posts small blind $0.02
yur4ik777: posts big blind $0.05
*** HOLE CARDS ***
Dealt to Dorex2007 [Jh 3d]
dc978919: folds 
RMullerR: folds 
maskch: raises $0.10 to $0.15
Spade of Clubs9: folds 
Dorex2007: folds 
Piktori007: calls $0.15
VLNZL: folds 
JayJayJohnson: folds 
yur4ik777: raises $0.47 to $0.62
maskch: calls $0.47
Piktori007: calls $0.47
*** FLOP *** [Jc 4s 4h]
yur4ik777: bets $1.15
maskch: folds 
Piktori007: calls $0.19 and is all-in
Uncalled bet ($0.96) returned to yur4ik777
Piktori007 has timed out
*** TURN *** [Jc 4s 4h] [Qh]
*** RIVER *** [Jc 4s 4h Qh] [Js]
*** SHOW DOWN ***
yur4ik777: shows [Ac Tc] (two pair, Jacks and Fours)
Piktori007: shows [Ad 4d] (a full house, Fours full of Jacks)
Piktori007 collected $2.17 from pot
*** SUMMARY ***
Total pot $2.26 | Rake $0.09 
Board [Jc 4s 4h Qh Js]
Seat 1: JayJayJohnson (small blind) folded before Flop
Seat 2: yur4ik777 (big blind) showed [Ac Tc] and lost with two pair, Jacks and Fours
Seat 3: dc978919 folded before Flop (didn't bet)
Seat 4: RMullerR folded before Flop (didn't bet)
Seat 5: maskch folded on the Flop
Seat 6: Spade of Clubs9 folded before Flop (didn't bet)
Seat 7: Dorex2007 folded before Flop (didn't bet)
Seat 8: Piktori007 showed [Ad 4d] and won ($2.17) with a full house, Fours full of Jacks
Seat 9: VLNZL (button) folded before Flop (didn't bet)



PokerStars Hand #237569176665:  Hold'em No Limit ($0.02/$0.05 USD) - 2022/07/24 18:39:09 PT [2022/07/24 21:39:09 ET]
Table 'Diana' 9-max Seat #1 is the button
Seat 1: JayJayJohnson ($5.09 in chips) 
Seat 2: yur4ik777 ($5.90 in chips) 
Seat 3: dc978919 ($4.85 in chips) 
Seat 4: RMullerR ($4.98 in chips) 
Seat 5: maskch ($5.20 in chips) 
Seat 6: Spade of Clubs9 ($6.59 in chips) 
Seat 7: Dorex2007 ($5.90 in chips) 
Seat 8: Piktori007 ($2.17 in chips) 
Seat 9: VLNZL ($1.47 in chips) 
yur4ik777: posts small blind $0.02
dc978919: posts big blind $0.05
*** HOLE CARDS ***
Dealt to Dorex2007 [Td 9h]
RMullerR has timed out
RMullerR: folds 
maskch: folds 
Spade of Clubs9: folds 
Dorex2007: folds 
Piktori007: calls $0.05
VLNZL has timed out
VLNZL: folds 
JayJayJohnson: raises $0.15 to $0.20
yur4ik777: folds 
dc978919: folds 
Piktori007: folds 
Uncalled bet ($0.15) returned to JayJayJohnson
JayJayJohnson collected $0.17 from pot
*** SUMMARY ***
Total pot $0.17 | Rake $0 
Seat 1: JayJayJohnson (button) collected ($0.17)
Seat 2: yur4ik777 (small blind) folded before Flop
Seat 3: dc978919 (big blind) folded before Flop
Seat 4: RMullerR folded before Flop (didn't bet)
Seat 5: maskch folded before Flop (didn't bet)
Seat 6: Spade of Clubs9 folded before Flop (didn't bet)
Seat 7: Dorex2007 folded before Flop (didn't bet)
Seat 8: Piktori007 folded before Flop
Seat 9: VLNZL folded before Flop (didn't bet)



PokerStars Hand #237569187004:  Hold'em No Limit ($0.02/$0.05 USD) - 2022/07/24 18:40:01 PT [2022/07/24 21:40:01 ET]
Table 'Diana' 9-max Seat #2 is the button
Seat 1: JayJayJohnson ($5.21 in chips) 
Seat 2: yur4ik777 ($5.88 in chips) 
Seat 3: dc978919 ($4.80 in chips) 
Seat 5: maskch ($5.20 in chips) 
Seat 6: Spade of Clubs9 ($6.59 in chips) 
Seat 7: Dorex2007 ($5.90 in chips) 
Seat 8: Piktori007 ($2.12 in chips) 
dc978919: posts small blind $0.02
maskch: posts big blind $0.05
*** HOLE CARDS ***
Dealt to Dorex2007 [2s 6c]
Spade of Clubs9: folds 
Dorex2007: folds 
Piktori007: calls $0.05
JayJayJohnson: folds 
yur4ik777: raises $0.17 to $0.22
dc978919: folds 
maskch: calls $0.17
Piktori007: folds 
*** FLOP *** [Tc As 7s]
maskch: bets $0.25
yur4ik777: raises $0.38 to $0.63
maskch: calls $0.38
*** TURN *** [Tc As 7s] [5h]
maskch: checks 
yur4ik777: bets $1.09
maskch: calls $1.09
*** RIVER *** [Tc As 7s 5h] [Kd]
maskch: checks 
yur4ik777: checks 
*** SHOW DOWN ***
maskch: shows [Kc Ad] (two pair, Aces and Kings)
yur4ik777: mucks hand 
maskch collected $3.79 from pot
*** SUMMARY ***
Total pot $3.95 | Rake $0.16 
Board [Tc As 7s 5h Kd]
Seat 1: JayJayJohnson folded before Flop (didn't bet)
Seat 2: yur4ik777 (button) mucked [Ts Jc]
Seat 3: dc978919 (small blind) folded before Flop
Seat 5: maskch (big blind) showed [Kc Ad] and won ($3.79) with two pair, Aces and Kings
Seat 6: Spade of Clubs9 folded before Flop (didn't bet)
Seat 7: Dorex2007 folded before Flop (didn't bet)
Seat 8: Piktori007 folded before Flop



PokerStars Hand #237569203876:  Hold'em No Limit ($0.02/$0.05 USD) - 2022/07/24 18:41:09 PT [2022/07/24 21:41:09 ET]
Table 'Diana' 9-max Seat #3 is the button
Seat 1: JayJayJohnson ($5.21 in chips) 
Seat 2: yur4ik777 ($5 in chips) 
Seat 3: dc978919 ($4.78 in chips) 
Seat 5: maskch ($7.05 in chips) 
Seat 6: Spade of Clubs9 ($6.59 in chips) 
Seat 7: Dorex2007 ($5.90 in chips) 
Seat 8: Piktori007 ($2.07 in chips) 
Seat 9: VLNZL ($1.47 in chips) 
maskch: posts small blind $0.02
Spade of Clubs9: posts big blind $0.05
*** HOLE CARDS ***
Dealt to Dorex2007 [Js Kc]
Dorex2007: folds 
Piktori007: folds 
VLNZL: folds 
JayJayJohnson: raises $0.10 to $0.15
yur4ik777: calls $0.15
dc978919: folds 
maskch: folds 
Spade of Clubs9: folds 
*** FLOP *** [7c Td Qs]
JayJayJohnson: checks 
yur4ik777: bets $0.28
RMullerR leaves the table
JayJayJohnson: folds 
Uncalled bet ($0.28) returned to yur4ik777
yur4ik777 collected $0.35 from pot
*** SUMMARY ***
Total pot $0.37 | Rake $0.02 
Board [7c Td Qs]
Seat 1: JayJayJohnson folded on the Flop
Seat 2: yur4ik777 collected ($0.35)
Seat 3: dc978919 (button) folded before Flop (didn't bet)
Seat 5: maskch (small blind) folded before Flop
Seat 6: Spade of Clubs9 (big blind) folded before Flop
Seat 7: Dorex2007 folded before Flop (didn't bet)
Seat 8: Piktori007 folded before Flop (didn't bet)
Seat 9: VLNZL folded before Flop (didn't bet)



PokerStars Hand #237569212438:  Hold'em No Limit ($0.02/$0.05 USD) - 2022/07/24 18:41:51 PT [2022/07/24 21:41:51 ET]
Table 'Diana' 9-max Seat #5 is the button
Seat 1: JayJayJohnson ($5.06 in chips) 
Seat 2: yur4ik777 ($5.20 in chips) 
Seat 3: dc978919 ($4.78 in chips) 
Seat 5: maskch ($7.03 in chips) 
Seat 6: Spade of Clubs9 ($6.54 in chips) 
Seat 7: Dorex2007 ($5.90 in chips) 
Seat 8: Piktori007 ($2.07 in chips) 
Seat 9: VLNZL ($1.47 in chips) 
Spade of Clubs9: posts small blind $0.02
Dorex2007: posts big blind $0.05
*** HOLE CARDS ***
Dealt to Dorex2007 [6h 9c]
Piktori007: folds 
VLNZL: calls $0.05
JayJayJohnson: raises $0.15 to $0.20
yur4ik777: folds 
dc978919: calls $0.20
maskch: folds 
Spade of Clubs9: folds 
Dorex2007: folds 
VLNZL: folds 
*** FLOP *** [Jh 3d 9s]
JayJayJohnson: bets $0.25
dc978919: calls $0.25
*** TURN *** [Jh 3d 9s] [7d]
JayJayJohnson: checks 
dc978919: checks 
*** RIVER *** [Jh 3d 9s 7d] [4s]
JayJayJohnson: checks 
Casinoguy joins the table at seat #4 
dc978919: checks 
*** SHOW DOWN ***
JayJayJohnson: shows [Ac Tc] (high card Ace)
dc978919: shows [Th 7h] (a pair of Sevens)
dc978919 collected $0.98 from pot
*** SUMMARY ***
Total pot $1.02 | Rake $0.04 
Board [Jh 3d 9s 7d 4s]
Seat 1: JayJayJohnson showed [Ac Tc] and lost with high card Ace
Seat 2: yur4ik777 folded before Flop (didn't bet)
Seat 3: dc978919 showed [Th 7h] and won ($0.98) with a pair of Sevens
Seat 5: maskch (button) folded before Flop (didn't bet)
Seat 6: Spade of Clubs9 (small blind) folded before Flop
Seat 7: Dorex2007 (big blind) folded before Flop
Seat 8: Piktori007 folded before Flop (didn't bet)
Seat 9: VLNZL folded before Flop



PokerStars Hand #237569218210:  Hold'em No Limit ($0.02/$0.05 USD) - 2022/07/24 18:42:20 PT [2022/07/24 21:42:20 ET]
Table 'Diana' 9-max Seat #6 is the button
Seat 1: JayJayJohnson ($4.61 in chips) 
Seat 2: yur4ik777 ($5.20 in chips) 
Seat 3: dc978919 ($5.31 in chips) 
Seat 5: maskch ($7.03 in chips) 
Seat 6: Spade of Clubs9 ($6.52 in chips) 
Seat 7: Dorex2007 ($5.85 in chips) 
Seat 8: Piktori007 ($2.07 in chips) 
Seat 9: VLNZL ($1.42 in chips) 
Dorex2007: posts small blind $0.02
Piktori007: posts big blind $0.05
Casinoguy: sits out 
*** HOLE CARDS ***
Dealt to Dorex2007 [Qs 8h]
VLNZL: calls $0.05
JayJayJohnson: folds 
yur4ik777: folds 
dc978919: calls $0.05
maskch: folds 
Spade of Clubs9: folds 
Dorex2007: folds 
Piktori007: raises $0.05 to $0.10
VLNZL: calls $0.05
dc978919: calls $0.05
*** FLOP *** [9c 4d 5s]
Piktori007: bets $0.10
VLNZL: calls $0.10
dc978919: calls $0.10
*** TURN *** [9c 4d 5s] [Jc]
Piktori007: bets $0.10
VLNZL: calls $0.10
dc978919: calls $0.10
*** RIVER *** [9c 4d 5s Jc] [Td]
Piktori007: bets $0.88
VLNZL: folds 
dc978919: calls $0.88
*** SHOW DOWN ***
Piktori007: shows [Qh Ks] (a straight, Nine to King)
dc978919: mucks hand 
Piktori007 collected $2.57 from pot
*** SUMMARY ***
Total pot $2.68 | Rake $0.11 
Board [9c 4d 5s Jc Td]
Seat 1: JayJayJohnson folded before Flop (didn't bet)
Seat 2: yur4ik777 folded before Flop (didn't bet)
Seat 3: dc978919 mucked [6d 9s]
Seat 5: maskch folded before Flop (didn't bet)
Seat 6: Spade of Clubs9 (button) folded before Flop (didn't bet)
Seat 7: Dorex2007 (small blind) folded before Flop
Seat 8: Piktori007 (big blind) showed [Qh Ks] and won ($2.57) with a straight, Nine to King
Seat 9: VLNZL folded on the River



PokerStars Hand #237569232987:  Hold'em No Limit ($0.02/$0.05 USD) - 2022/07/24 18:43:34 PT [2022/07/24 21:43:34 ET]
Table 'Diana' 9-max Seat #7 is the button
Seat 1: JayJayJohnson ($4.61 in chips) 
Seat 2: yur4ik777 ($5.20 in chips) 
Seat 3: dc978919 ($4.13 in chips) 
Seat 5: maskch ($7.03 in chips) 
Seat 6: Spade of Clubs9 ($6.52 in chips) 
Seat 7: Dorex2007 ($5.83 in chips) 
Seat 8: Piktori007 ($3.46 in chips) 
Seat 9: VLNZL ($1.12 in chips) 
Piktori007: posts small blind $0.02
VLNZL: posts big blind $0.05
Casinoguy: sits out 
*** HOLE CARDS ***
Dealt to Dorex2007 [Ac 7d]
JayJayJohnson: raises $0.10 to $0.15
yur4ik777: folds 
dc978919: folds 
maskch: folds 
Spade of Clubs9: folds 
Dorex2007: folds 
Piktori007: folds 
VLNZL: folds 
Uncalled bet ($0.10) returned to JayJayJohnson
JayJayJohnson collected $0.12 from pot
*** SUMMARY ***
Total pot $0.12 | Rake $0 
Seat 1: JayJayJohnson collected ($0.12)
Seat 2: yur4ik777 folded before Flop (didn't bet)
Seat 3: dc978919 folded before Flop (didn't bet)
Seat 5: maskch folded before Flop (didn't bet)
Seat 6: Spade of Clubs9 folded before Flop (didn't bet)
Seat 7: Dorex2007 (button) folded before Flop (didn't bet)
Seat 8: Piktori007 (small blind) folded before Flop
Seat 9: VLNZL (big blind) folded before Flop



PokerStars Hand #237569235267:  Hold'em No Limit ($0.02/$0.05 USD) - 2022/07/24 18:43:46 PT [2022/07/24 21:43:46 ET]
Table 'Diana' 9-max Seat #8 is the button
Seat 1: JayJayJohnson ($4.68 in chips) 
Seat 2: yur4ik777 ($5.20 in chips) 
Seat 3: dc978919 ($4.13 in chips) 
Seat 5: maskch ($7.03 in chips) 
Seat 6: Spade of Clubs9 ($6.52 in chips) 
Seat 7: Dorex2007 ($5.83 in chips) 
Seat 8: Piktori007 ($3.44 in chips) 
Seat 9: VLNZL ($1.07 in chips) 
VLNZL: posts small blind $0.02
JayJayJohnson: posts big blind $0.05
Casinoguy: sits out 
*** HOLE CARDS ***
Dealt to Dorex2007 [Ts 6h]
yur4ik777: folds 
dc978919: calls $0.05
Casinoguy leaves the table
maskch has timed out
maskch: folds 
Spade of Clubs9: folds 
Dorex2007: folds 
Piktori007: folds 
VLNZL: raises $0.10 to $0.15
JayJayJohnson: calls $0.10
dc978919: calls $0.10
*** FLOP *** [Ks Jd Qs]
VLNZL: bets $0.21
JayJayJohnson: folds 
dc978919: calls $0.21
*** TURN *** [Ks Jd Qs] [4s]
VLNZL: bets $0.41
dc978919: raises $0.51 to $0.92
VLNZL: calls $0.30 and is all-in
Uncalled bet ($0.21) returned to dc978919
*** RIVER *** [Ks Jd Qs 4s] [Js]
*** SHOW DOWN ***
VLNZL: shows [Kh Kd] (a full house, Kings full of Jacks)
dc978919: shows [Th 9d] (a straight, Nine to King)
VLNZL collected $2.19 from pot
*** SUMMARY ***
Total pot $2.29 | Rake $0.10 
Board [Ks Jd Qs 4s Js]
Seat 1: JayJayJohnson (big blind) folded on the Flop
Seat 2: yur4ik777 folded before Flop (didn't bet)
Seat 3: dc978919 showed [Th 9d] and lost with a straight, Nine to King
Seat 5: maskch folded before Flop (didn't bet)
Seat 6: Spade of Clubs9 folded before Flop (didn't bet)
Seat 7: Dorex2007 folded before Flop (didn't bet)
Seat 8: Piktori007 (button) folded before Flop (didn't bet)
Seat 9: VLNZL (small blind) showed [Kh Kd] and won ($2.19) with a full house, Kings full of Jacks



PokerStars Hand #237569250119:  Hold'em No Limit ($0.02/$0.05 USD) - 2022/07/24 18:45:01 PT [2022/07/24 21:45:01 ET]
Table 'Diana' 9-max Seat #9 is the button
Seat 1: JayJayJohnson ($4.53 in chips) 
Seat 2: yur4ik777 ($5.20 in chips) 
Seat 3: dc978919 ($3.06 in chips) 
Seat 6: Spade of Clubs9 ($6.52 in chips) 
Seat 7: Dorex2007 ($5.83 in chips) 
Seat 8: Piktori007 ($3.44 in chips) 
Seat 9: VLNZL ($2.19 in chips) 
JayJayJohnson: posts small blind $0.02
yur4ik777: posts big blind $0.05
*** HOLE CARDS ***
Dealt to Dorex2007 [Tc 5d]
dc978919: folds 
Spade of Clubs9: folds 
Dorex2007: folds 
Piktori007: calls $0.05
VLNZL: folds 
JayJayJohnson: calls $0.03
yur4ik777: checks 
*** FLOP *** [6d Kc Ks]
JayJayJohnson: checks 
yur4ik777: checks 
Piktori007: bets $0.10
JayJayJohnson: calls $0.10
yur4ik777: folds 
*** TURN *** [6d Kc Ks] [5s]
JayJayJohnson: checks 
Piktori007: bets $0.10
JayJayJohnson: calls $0.10
*** RIVER *** [6d Kc Ks 5s] [Qd]
JayJayJohnson: checks 
Piktori007: bets $0.25
JayJayJohnson: calls $0.25
*** SHOW DOWN ***
Piktori007: shows [Js Kh] (three of a kind, Kings)
JayJayJohnson: mucks hand 
Piktori007 collected $1.01 from pot
*** SUMMARY ***
Total pot $1.05 | Rake $0.04 
Board [6d Kc Ks 5s Qd]
Seat 1: JayJayJohnson (small blind) mucked [7d 6h]
Seat 2: yur4ik777 (big blind) folded on the Flop
Seat 3: dc978919 folded before Flop (didn't bet)
Seat 6: Spade of Clubs9 folded before Flop (didn't bet)
Seat 7: Dorex2007 folded before Flop (didn't bet)
Seat 8: Piktori007 showed [Js Kh] and won ($1.01) with three of a kind, Kings
Seat 9: VLNZL (button) folded before Flop (didn't bet)



PokerStars Hand #237569262188:  Hold'em No Limit ($0.02/$0.05 USD) - 2022/07/24 18:46:02 PT [2022/07/24 21:46:02 ET]
Table 'Diana' 9-max Seat #1 is the button
Seat 1: JayJayJohnson ($4.03 in chips) 
Seat 2: yur4ik777 ($5.15 in chips) 
Seat 3: dc978919 ($3.06 in chips) 
Seat 5: maskch ($7.03 in chips) 
Seat 6: Spade of Clubs9 ($6.52 in chips) 
Seat 7: Dorex2007 ($5.83 in chips) 
Seat 8: Piktori007 ($3.95 in chips) 
Seat 9: VLNZL ($2.19 in chips) 
yur4ik777: posts small blind $0.02
dc978919: posts big blind $0.05
*** HOLE CARDS ***
Dealt to Dorex2007 [4c Th]
maskch: folds 
Spade of Clubs9: folds 
Dorex2007: folds 
Piktori007: folds 
VLNZL: calls $0.05
JayJayJohnson: calls $0.05
yur4ik777: folds 
dc978919: raises $0.05 to $0.10
VLNZL: calls $0.05
JayJayJohnson: calls $0.05
*** FLOP *** [Ac 4s 7s]
dc978919: bets $0.10
VLNZL: folds 
JayJayJohnson: calls $0.10
*** TURN *** [Ac 4s 7s] [4h]
dc978919: checks 
JayJayJohnson: checks 
*** RIVER *** [Ac 4s 7s 4h] [Qh]
dc978919: bets $0.50
JayJayJohnson: folds 
Uncalled bet ($0.50) returned to dc978919
dc978919 collected $0.50 from pot
*** SUMMARY ***
Total pot $0.52 | Rake $0.02 
Board [Ac 4s 7s 4h Qh]
Seat 1: JayJayJohnson (button) folded on the River
Seat 2: yur4ik777 (small blind) folded before Flop
Seat 3: dc978919 (big blind) collected ($0.50)
Seat 5: maskch folded before Flop (didn't bet)
Seat 6: Spade of Clubs9 folded before Flop (didn't bet)
Seat 7: Dorex2007 folded before Flop (didn't bet)
Seat 8: Piktori007 folded before Flop (didn't bet)
Seat 9: VLNZL folded on the Flop



PokerStars Hand #237569269021:  Hold'em No Limit ($0.02/$0.05 USD) - 2022/07/24 18:46:37 PT [2022/07/24 21:46:37 ET]
Table 'Diana' 9-max Seat #2 is the button
Seat 1: JayJayJohnson ($4.80 in chips) 
Seat 2: yur4ik777 ($5.13 in chips) 
Seat 3: dc978919 ($3.36 in chips) 
Seat 5: maskch ($7.03 in chips) 
Seat 6: Spade of Clubs9 ($6.52 in chips) 
Seat 7: Dorex2007 ($5.83 in chips) 
Seat 8: Piktori007 ($3.95 in chips) 
Seat 9: VLNZL ($2.09 in chips) 
dc978919: posts small blind $0.02
maskch: posts big blind $0.05
*** HOLE CARDS ***
Dealt to Dorex2007 [Qc Jh]
Spade of Clubs9: raises $0.10 to $0.15
Dorex2007: folds 
MAICONrs joins the table at seat #4 
Piktori007: folds 
VLNZL: calls $0.15
JayJayJohnson: folds 
yur4ik777: folds 
dc978919: calls $0.13
maskch: folds 
*** FLOP *** [8c 2s Qh]
dc978919: checks 
Spade of Clubs9: checks 
yur4ik777 leaves the table
VLNZL: checks 
*** TURN *** [8c 2s Qh] [3h]
dc978919: checks 
Spade of Clubs9: checks 
VLNZL: checks 
*** RIVER *** [8c 2s Qh 3h] [7d]
dc978919: checks 
Spade of Clubs9: checks 
VLNZL: checks 
*** SHOW DOWN ***
dc978919: shows [9d 6h] (high card Queen)
Spade of Clubs9: shows [Ts As] (high card Ace)
VLNZL: mucks hand 
Spade of Clubs9 collected $0.48 from pot
*** SUMMARY ***
Total pot $0.50 | Rake $0.02 
Board [8c 2s Qh 3h 7d]
Seat 1: JayJayJohnson folded before Flop (didn't bet)
Seat 2: yur4ik777 (button) folded before Flop (didn't bet)
Seat 3: dc978919 (small blind) showed [9d 6h] and lost with high card Queen
Seat 5: maskch (big blind) folded before Flop
Seat 6: Spade of Clubs9 showed [Ts As] and won ($0.48) with high card Ace
Seat 7: Dorex2007 folded before Flop (didn't bet)
Seat 8: Piktori007 folded before Flop (didn't bet)
Seat 9: VLNZL mucked [Jc Th]



PokerStars Hand #237569283601:  Hold'em No Limit ($0.02/$0.05 USD) - 2022/07/24 18:47:43 PT [2022/07/24 21:47:43 ET]
Table 'Diana' 9-max Seat #3 is the button
Seat 1: JayJayJohnson ($4.80 in chips) 
Seat 3: dc978919 ($3.21 in chips) 
Seat 5: maskch ($6.98 in chips) 
Seat 6: Spade of Clubs9 ($6.85 in chips) 
Seat 7: Dorex2007 ($5.83 in chips) 
Seat 8: Piktori007 ($3.95 in chips) 
Seat 9: VLNZL ($1.94 in chips) 
maskch: posts small blind $0.02
Spade of Clubs9: posts big blind $0.05
*** HOLE CARDS ***
Dealt to Dorex2007 [7h Kh]
Dorex2007: folds 
Piktori007: folds 
VLNZL: calls $0.05
JayJayJohnson: folds 
dc978919: folds 
maskch: folds 
Spade of Clubs9: raises $0.10 to $0.15
VLNZL: calls $0.10
*** FLOP *** [Jh 2s Ks]
Spade of Clubs9: bets $0.15
VLNZL: folds 
Uncalled bet ($0.15) returned to Spade of Clubs9
Spade of Clubs9 collected $0.31 from pot
*** SUMMARY ***
Total pot $0.32 | Rake $0.01 
Board [Jh 2s Ks]
Seat 1: JayJayJohnson folded before Flop (didn't bet)
Seat 3: dc978919 (button) folded before Flop (didn't bet)
Seat 5: maskch (small blind) folded before Flop
Seat 6: Spade of Clubs9 (big blind) collected ($0.31)
Seat 7: Dorex2007 folded before Flop (didn't bet)
Seat 8: Piktori007 folded before Flop (didn't bet)
Seat 9: VLNZL folded on the Flop



PokerStars Hand #237569288775:  Hold'em No Limit ($0.02/$0.05 USD) - 2022/07/24 18:48:10 PT [2022/07/24 21:48:10 ET]
Table 'Diana' 9-max Seat #5 is the button
Seat 1: JayJayJohnson ($4.80 in chips) 
Seat 3: dc978919 ($3.21 in chips) 
Seat 4: MAICONrs ($2.57 in chips) 
Seat 5: maskch ($6.96 in chips) 
Seat 6: Spade of Clubs9 ($7.01 in chips) 
Seat 7: Dorex2007 ($5.83 in chips) 
Seat 8: Piktori007 ($3.95 in chips) 
Seat 9: VLNZL ($1.79 in chips) 
Spade of Clubs9: posts small blind $0.02
Dorex2007: posts big blind $0.05
MAICONrs: posts big blind $0.05
*** HOLE CARDS ***
Dealt to Dorex2007 [As Th]
Piktori007: calls $0.05
VLNZL: folds 
JayJayJohnson: folds 
dc978919: calls $0.05
MAICONrs: checks 
maskch: folds 
Spade of Clubs9: folds 
Dorex2007: checks 
*** FLOP *** [Tc 7h Kd]
Dorex2007: checks 
Piktori007: checks 
dc978919: bets $0.05
MAICONrs: calls $0.05
Dorex2007: calls $0.05
Piktori007: calls $0.05
*** TURN *** [Tc 7h Kd] [7d]
Dorex2007: checks 
Piktori007: checks 
dc978919: bets $0.05
MAICONrs: calls $0.05
Dorex2007: calls $0.05
Piktori007: folds 
*** RIVER *** [Tc 7h Kd 7d] [8s]
Dorex2007: checks 
dc978919: checks 
MAICONrs: checks 
*** SHOW DOWN ***
Dorex2007: shows [As Th] (two pair, Tens and Sevens)
dc978919: shows [Qh Ks] (two pair, Kings and Sevens)
MAICONrs: mucks hand 
dc978919 collected $0.55 from pot
*** SUMMARY ***
Total pot $0.57 | Rake $0.02 
Board [Tc 7h Kd 7d 8s]
Seat 1: JayJayJohnson folded before Flop (didn't bet)
Seat 3: dc978919 showed [Qh Ks] and won ($0.55) with two pair, Kings and Sevens
Seat 4: MAICONrs mucked [9s Qc]
Seat 5: maskch (button) folded before Flop (didn't bet)
Seat 6: Spade of Clubs9 (small blind) folded before Flop
Seat 7: Dorex2007 (big blind) showed [As Th] and lost with two pair, Tens and Sevens
Seat 8: Piktori007 folded on the Turn
Seat 9: VLNZL folded before Flop (didn't bet)



PokerStars Hand #237569304049:  Hold'em No Limit ($0.02/$0.05 USD) - 2022/07/24 18:49:29 PT [2022/07/24 21:49:29 ET]
Table 'Diana' 9-max Seat #6 is the button
Seat 1: JayJayJohnson ($5 in chips) 
Seat 3: dc978919 ($3.61 in chips) 
Seat 4: MAICONrs ($2.42 in chips) 
Seat 5: maskch ($6.96 in chips) 
Seat 6: Spade of Clubs9 ($6.99 in chips) 
Seat 7: Dorex2007 ($5.68 in chips) 
Seat 8: Piktori007 ($3.85 in chips) 
Seat 9: VLNZL ($1.79 in chips) 
Dorex2007: posts small blind $0.02
Piktori007: posts big blind $0.05
*** HOLE CARDS ***
Dealt to Dorex2007 [4s 5s]
VLNZL: folds 
JayJayJohnson: folds 
dc978919: calls $0.05
MAICONrs: folds 
maskch: folds 
Spade of Clubs9: raises $0.10 to $0.15
Dorex2007: folds 
Piktori007: folds 
dc978919: calls $0.10
*** FLOP *** [6s Ah 8h]
dc978919: checks 
Spade of Clubs9: bets $0.20
dc978919: folds 
Uncalled bet ($0.20) returned to Spade of Clubs9
Spade of Clubs9 collected $0.35 from pot
*** SUMMARY ***
Total pot $0.37 | Rake $0.02 
Board [6s Ah 8h]
Seat 1: JayJayJohnson folded before Flop (didn't bet)
Seat 3: dc978919 folded on the Flop
Seat 4: MAICONrs folded before Flop (didn't bet)
Seat 5: maskch folded before Flop (didn't bet)
Seat 6: Spade of Clubs9 (button) collected ($0.35)
Seat 7: Dorex2007 (small blind) folded before Flop
Seat 8: Piktori007 (big blind) folded before Flop
Seat 9: VLNZL folded before Flop (didn't bet)



PokerStars Hand #237569310214:  Hold'em No Limit ($0.02/$0.05 USD) - 2022/07/24 18:50:01 PT [2022/07/24 21:50:01 ET]
Table 'Diana' 9-max Seat #7 is the button
Seat 1: JayJayJohnson ($5 in chips) 
Seat 3: dc978919 ($3.46 in chips) 
Seat 4: MAICONrs ($2.42 in chips) 
Seat 5: maskch ($6.96 in chips) 
Seat 6: Spade of Clubs9 ($7.19 in chips) 
Seat 7: Dorex2007 ($5.66 in chips) 
Seat 8: Piktori007 ($3.80 in chips) 
Seat 9: VLNZL ($1.79 in chips) 
Piktori007: posts small blind $0.02
VLNZL: posts big blind $0.05
*** HOLE CARDS ***
Dealt to Dorex2007 [Kd Qh]
JayJayJohnson: raises $0.10 to $0.15
dc978919: folds 
MAICONrs: folds 
maskch: folds 
Spade of Clubs9: folds 
Dorex2007: calls $0.15
Piktori007: folds 
VLNZL: raises $0.47 to $0.62
JayJayJohnson: folds 
Dorex2007: folds 
Uncalled bet ($0.47) returned to VLNZL
VLNZL collected $0.47 from pot
*** SUMMARY ***
Total pot $0.47 | Rake $0 
Seat 1: JayJayJohnson folded before Flop
Seat 3: dc978919 folded before Flop (didn't bet)
Seat 4: MAICONrs folded before Flop (didn't bet)
Seat 5: maskch folded before Flop (didn't bet)
Seat 6: Spade of Clubs9 folded before Flop (didn't bet)
Seat 7: Dorex2007 (button) folded before Flop
Seat 8: Piktori007 (small blind) folded before Flop
Seat 9: VLNZL (big blind) collected ($0.47)



PokerStars Hand #237569330342:  Hold'em No Limit ($0.02/$0.05 USD) - 2022/07/24 18:50:23 PT [2022/07/24 21:50:23 ET]
Table 'Diana' 9-max Seat #8 is the button
Seat 1: JayJayJohnson ($4.85 in chips) 
Seat 3: dc978919 ($3.46 in chips) 
Seat 4: MAICONrs ($2.42 in chips) 
Seat 5: maskch ($6.96 in chips) 
Seat 6: Spade of Clubs9 ($7.19 in chips) 
Seat 7: Dorex2007 ($5.51 in chips) 
Seat 8: Piktori007 ($3.78 in chips) 
Seat 9: VLNZL ($2.11 in chips) 
VLNZL: posts small blind $0.02
JayJayJohnson: posts big blind $0.05
*** HOLE CARDS ***
Dealt to Dorex2007 [5c 6c]
dc978919: folds 
MAICONrs: folds 
maskch: folds 
Spade of Clubs9: folds 
Dorex2007: folds 
Piktori007: calls $0.05
VLNZL: calls $0.03
JayJayJohnson: checks 
*** FLOP *** [9s 7d 7c]
VLNZL: bets $0.14
JayJayJohnson: calls $0.14
Piktori007: folds 
*** TURN *** [9s 7d 7c] [As]
VLNZL: bets $0.20
JayJayJohnson: folds 
Uncalled bet ($0.20) returned to VLNZL
VLNZL collected $0.41 from pot
*** SUMMARY ***
Total pot $0.43 | Rake $0.02 
Board [9s 7d 7c As]
Seat 1: JayJayJohnson (big blind) folded on the Turn
Seat 3: dc978919 folded before Flop (didn't bet)
Seat 4: MAICONrs folded before Flop (didn't bet)
Seat 5: maskch folded before Flop (didn't bet)
Seat 6: Spade of Clubs9 folded before Flop (didn't bet)
Seat 7: Dorex2007 folded before Flop (didn't bet)
Seat 8: Piktori007 (button) folded on the Flop
Seat 9: VLNZL (small blind) collected ($0.41)



PokerStars Hand #237569338958:  Hold'em No Limit ($0.02/$0.05 USD) - 2022/07/24 18:51:07 PT [2022/07/24 21:51:07 ET]
Table 'Diana' 9-max Seat #9 is the button
Seat 1: JayJayJohnson ($4.66 in chips) 
Seat 3: dc978919 ($3.46 in chips) 
Seat 4: MAICONrs ($2.42 in chips) 
Seat 5: maskch ($6.96 in chips) 
Seat 6: Spade of Clubs9 ($7.19 in chips) 
Seat 7: Dorex2007 ($5.51 in chips) 
Seat 8: Piktori007 ($3.73 in chips) 
Seat 9: VLNZL ($2.33 in chips) 
JayJayJohnson: posts small blind $0.02
dc978919: posts big blind $0.05
*** HOLE CARDS ***
Dealt to Dorex2007 [Jh 8c]
MAICONrs: folds 
maskch: folds 
Spade of Clubs9: folds 
Dorex2007: folds 
Piktori007: folds 
VLNZL: calls $0.05
JayJayJohnson: folds 
dc978919: checks 
*** FLOP *** [9h Js 4s]
dc978919: checks 
VLNZL: checks 
*** TURN *** [9h Js 4s] [Ks]
dc978919: bets $0.05
VLNZL: folds 
Uncalled bet ($0.05) returned to dc978919
dc978919 collected $0.12 from pot
*** SUMMARY ***
Total pot $0.12 | Rake $0 
Board [9h Js 4s Ks]
Seat 1: JayJayJohnson (small blind) folded before Flop
Seat 3: dc978919 (big blind) collected ($0.12)
Seat 4: MAICONrs folded before Flop (didn't bet)
Seat 5: maskch folded before Flop (didn't bet)
Seat 6: Spade of Clubs9 folded before Flop (didn't bet)
Seat 7: Dorex2007 folded before Flop (didn't bet)
Seat 8: Piktori007 folded before Flop (didn't bet)
Seat 9: VLNZL (button) folded on the Turn



PokerStars Hand #237569345926:  Hold'em No Limit ($0.02/$0.05 USD) - 2022/07/24 18:51:43 PT [2022/07/24 21:51:43 ET]
Table 'Diana' 9-max Seat #1 is the button
Seat 1: JayJayJohnson ($4.64 in chips) 
Seat 3: dc978919 ($3.53 in chips) 
Seat 4: MAICONrs ($2.42 in chips) 
Seat 5: maskch ($6.96 in chips) 
Seat 6: Spade of Clubs9 ($7.19 in chips) 
Seat 7: Dorex2007 ($5.51 in chips) 
Seat 8: Piktori007 ($3.73 in chips) 
Seat 9: VLNZL ($2.28 in chips) 
dc978919: posts small blind $0.02
MAICONrs: posts big blind $0.05
*** HOLE CARDS ***
Dealt to Dorex2007 [8d Qh]
maskch: folds 
Spade of Clubs9: folds 
Dorex2007: folds 
Piktori007: calls $0.05
VLNZL: calls $0.05
JayJayJohnson: raises $0.20 to $0.25
dc978919: folds 
MAICONrs: folds 
Piktori007: folds 
Almanza63 joins the table at seat #2 
VLNZL: calls $0.20
*** FLOP *** [2s Kd As]
VLNZL: checks 
JayJayJohnson: bets $0.20
VLNZL: calls $0.20
*** TURN *** [2s Kd As] [Qc]
VLNZL: checks 
JayJayJohnson: bets $0.35
VLNZL: folds 
Uncalled bet ($0.35) returned to JayJayJohnson
JayJayJohnson collected $0.98 from pot
*** SUMMARY ***
Total pot $1.02 | Rake $0.04 
Board [2s Kd As Qc]
Seat 1: JayJayJohnson (button) collected ($0.98)
Seat 3: dc978919 (small blind) folded before Flop
Seat 4: MAICONrs (big blind) folded before Flop
Seat 5: maskch folded before Flop (didn't bet)
Seat 6: Spade of Clubs9 folded before Flop (didn't bet)
Seat 7: Dorex2007 folded before Flop (didn't bet)
Seat 8: Piktori007 folded before Flop
Seat 9: VLNZL folded on the Turn



PokerStars Hand #237569356519:  Hold'em No Limit ($0.02/$0.05 USD) - 2022/07/24 18:52:37 PT [2022/07/24 21:52:37 ET]
Table 'Diana' 9-max Seat #3 is the button
Seat 1: JayJayJohnson ($5.17 in chips) 
Seat 3: dc978919 ($3.51 in chips) 
Seat 4: MAICONrs ($2.37 in chips) 
Seat 5: maskch ($6.96 in chips) 
Seat 6: Spade of Clubs9 ($7.19 in chips) 
Seat 7: Dorex2007 ($5.51 in chips) 
Seat 8: Piktori007 ($3.68 in chips) 
Seat 9: VLNZL ($1.83 in chips) 
MAICONrs: posts small blind $0.02
maskch: posts big blind $0.05
Almanza63: sits out 
*** HOLE CARDS ***
Dealt to Dorex2007 [6s 9h]
Spade of Clubs9: folds 
Dorex2007: folds 
Piktori007: folds 
VLNZL: raises $0.10 to $0.15
JayJayJohnson: folds 
dc978919: folds 
MAICONrs: folds 
maskch: folds 
Uncalled bet ($0.10) returned to VLNZL
VLNZL collected $0.12 from pot
*** SUMMARY ***
Total pot $0.12 | Rake $0 
Seat 1: JayJayJohnson folded before Flop (didn't bet)
Seat 3: dc978919 (button) folded before Flop (didn't bet)
Seat 4: MAICONrs (small blind) folded before Flop
Seat 5: maskch (big blind) folded before Flop
Seat 6: Spade of Clubs9 folded before Flop (didn't bet)
Seat 7: Dorex2007 folded before Flop (didn't bet)
Seat 8: Piktori007 folded before Flop (didn't bet)
Seat 9: VLNZL collected ($0.12)



PokerStars Hand #237569360637:  Hold'em No Limit ($0.02/$0.05 USD) - 2022/07/24 18:52:59 PT [2022/07/24 21:52:59 ET]
Table 'Diana' 9-max Seat #4 is the button
Seat 1: JayJayJohnson ($5.17 in chips) 
Seat 3: dc978919 ($3.51 in chips) 
Seat 4: MAICONrs ($2.35 in chips) 
Seat 5: maskch ($6.91 in chips) 
Seat 7: Dorex2007 ($5.51 in chips) 
Seat 8: Piktori007 ($3.68 in chips) 
Seat 9: VLNZL ($1.90 in chips) 
maskch: posts small blind $0.02
Dorex2007: posts big blind $0.05
Almanza63: sits out 
*** HOLE CARDS ***
Dealt to Dorex2007 [2d 5d]
Piktori007: folds 
Spade of Clubs9 leaves the table
VLNZL: calls $0.05
JayJayJohnson: folds 
dc978919: folds 
MAICONrs: folds 
maskch: calls $0.03
Dorex2007: checks 
*** FLOP *** [4d Qh 7c]
maskch: bets $0.07
Dorex2007: folds 
VLNZL: folds 
Uncalled bet ($0.07) returned to maskch
maskch collected $0.14 from pot
*** SUMMARY ***
Total pot $0.15 | Rake $0.01 
Board [4d Qh 7c]
Seat 1: JayJayJohnson folded before Flop (didn't bet)
Seat 3: dc978919 folded before Flop (didn't bet)
Seat 4: MAICONrs (button) folded before Flop (didn't bet)
Seat 5: maskch (small blind) collected ($0.14)
Seat 7: Dorex2007 (big blind) folded on the Flop
Seat 8: Piktori007 folded before Flop (didn't bet)
Seat 9: VLNZL folded on the Flop



PokerStars Hand #237569366042:  Hold'em No Limit ($0.02/$0.05 USD) - 2022/07/24 18:53:27 PT [2022/07/24 21:53:27 ET]
Table 'Diana' 9-max Seat #5 is the button
Seat 1: JayJayJohnson ($5.17 in chips) 
Seat 3: dc978919 ($3.51 in chips) 
Seat 4: MAICONrs ($2.35 in chips) 
Seat 5: maskch ($7 in chips) 
Seat 7: Dorex2007 ($5.46 in chips) 
Seat 8: Piktori007 ($3.68 in chips) 
Seat 9: VLNZL ($1.85 in chips) 
Dorex2007: posts small blind $0.02
Piktori007: posts big blind $0.05
Almanza63: sits out 
*** HOLE CARDS ***
Dealt to Dorex2007 [2h Jh]
VLNZL: calls $0.05
JayJayJohnson: calls $0.05
dc978919: folds 
MAICONrs: calls $0.05
maskch: folds 
Dorex2007: folds 
Piktori007: checks 
*** FLOP *** [9h 2c 3c]
Piktori007: checks 
VLNZL: checks 
sepp7p joins the table at seat #6 
JayJayJohnson: checks 
MAICONrs: checks 
*** TURN *** [9h 2c 3c] [6c]
Piktori007: checks 
VLNZL: checks 
JayJayJohnson: checks 
MAICONrs: checks 
*** RIVER *** [9h 2c 3c 6c] [2s]
Piktori007: checks 
VLNZL: checks 
JayJayJohnson: checks 
MAICONrs: checks 
*** SHOW DOWN ***
Piktori007: shows [Kh 4c] (a pair of Deuces)
VLNZL: shows [5s Ac] (a pair of Deuces - Ace kicker)
JayJayJohnson: mucks hand 
MAICONrs: shows [8d Ad] (a pair of Deuces - Ace+Nine+Eight kicker)
MAICONrs collected $0.21 from pot
*** SUMMARY ***
Total pot $0.22 | Rake $0.01 
Board [9h 2c 3c 6c 2s]
Seat 1: JayJayJohnson mucked [8h 4h]
Seat 3: dc978919 folded before Flop (didn't bet)
Seat 4: MAICONrs showed [8d Ad] and won ($0.21) with a pair of Deuces
Seat 5: maskch (button) folded before Flop (didn't bet)
Seat 7: Dorex2007 (small blind) folded before Flop
Seat 8: Piktori007 (big blind) showed [Kh 4c] and lost with a pair of Deuces
Seat 9: VLNZL showed [5s Ac] and lost with a pair of Deuces



PokerStars Hand #237569376455:  Hold'em No Limit ($0.02/$0.05 USD) - 2022/07/24 18:54:21 PT [2022/07/24 21:54:21 ET]
Table 'Diana' 9-max Seat #7 is the button
Seat 1: JayJayJohnson ($5.12 in chips) 
Seat 3: dc978919 ($3.51 in chips) 
Seat 4: MAICONrs ($2.51 in chips) 
Seat 5: maskch ($7 in chips) 
Seat 7: Dorex2007 ($5.44 in chips) 
Seat 8: Piktori007 ($3.63 in chips) 
Seat 9: VLNZL ($1.80 in chips) 
Piktori007: posts small blind $0.02
VLNZL: posts big blind $0.05
Almanza63: sits out 
sepp7p: sits out 
*** HOLE CARDS ***
Dealt to Dorex2007 [2h Js]
JayJayJohnson: raises $0.10 to $0.15
dc978919: folds 
MAICONrs: folds 
maskch: folds 
Dorex2007: folds 
Piktori007: folds 
VLNZL: calls $0.10
*** FLOP *** [Kc 5d 4d]
VLNZL: bets $0.25
JayJayJohnson: calls $0.25
*** TURN *** [Kc 5d 4d] [5s]
VLNZL: bets $0.39
JayJayJohnson: folds 
Uncalled bet ($0.39) returned to VLNZL
VLNZL collected $0.79 from pot
*** SUMMARY ***
Total pot $0.82 | Rake $0.03 
Board [Kc 5d 4d 5s]
Seat 1: JayJayJohnson folded on the Turn
Seat 3: dc978919 folded before Flop (didn't bet)
Seat 4: MAICONrs folded before Flop (didn't bet)
Seat 5: maskch folded before Flop (didn't bet)
Seat 7: Dorex2007 (button) folded before Flop (didn't bet)
Seat 8: Piktori007 (small blind) folded before Flop
Seat 9: VLNZL (big blind) collected ($0.79)



PokerStars Hand #237569394568:  Hold'em No Limit ($0.02/$0.05 USD) - 2022/07/24 18:55:06 PT [2022/07/24 21:55:06 ET]
Table 'Diana' 9-max Seat #8 is the button
Seat 1: JayJayJohnson ($4.72 in chips) 
Seat 3: dc978919 ($3.51 in chips) 
Seat 4: MAICONrs ($2.51 in chips) 
Seat 5: maskch ($7 in chips) 
Seat 6: sepp7p ($5 in chips) 
Seat 7: Dorex2007 ($5.44 in chips) 
Seat 8: Piktori007 ($3.61 in chips) 
Seat 9: VLNZL ($2.19 in chips) 
VLNZL: posts small blind $0.02
JayJayJohnson: posts big blind $0.05
Almanza63: sits out 
sepp7p: posts big blind $0.05
*** HOLE CARDS ***
Dealt to Dorex2007 [Qc 2s]
dc978919: raises $0.06 to $0.11
MAICONrs: calls $0.11
maskch: folds 
sepp7p: folds 
Dorex2007: folds 
Piktori007: calls $0.11
VLNZL: calls $0.09
JayJayJohnson: folds 
*** FLOP *** [2d Jc 3s]
VLNZL: checks 
dc978919: checks 
MAICONrs: checks 
Piktori007: bets $0.15
VLNZL: folds 
dc978919: calls $0.15
MAICONrs: calls $0.15
*** TURN *** [2d Jc 3s] [6s]
dc978919: checks 
MAICONrs: checks 
Piktori007: bets $0.20
dc978919: calls $0.20
MAICONrs: folds 
*** RIVER *** [2d Jc 3s 6s] [3c]
dc978919: checks 
Piktori007: bets $0.30
dc978919: folds 
Uncalled bet ($0.30) returned to Piktori007
Piktori007 collected $1.33 from pot
*** SUMMARY ***
Total pot $1.39 | Rake $0.06 
Board [2d Jc 3s 6s 3c]
Seat 1: JayJayJohnson (big blind) folded before Flop
Seat 3: dc978919 folded on the River
Seat 4: MAICONrs folded on the Turn
Seat 5: maskch folded before Flop (didn't bet)
Seat 6: sepp7p folded before Flop (didn't bet)
Seat 7: Dorex2007 folded before Flop (didn't bet)
Seat 8: Piktori007 (button) collected ($1.33)
Seat 9: VLNZL (small blind) folded on the Flop



PokerStars Hand #237569404765:  Hold'em No Limit ($0.02/$0.05 USD) - 2022/07/24 18:56:13 PT [2022/07/24 21:56:13 ET]
Table 'Diana' 9-max Seat #9 is the button
Seat 1: JayJayJohnson ($4.67 in chips) 
Seat 2: Almanza63 ($5 in chips) 
Seat 3: dc978919 ($3.05 in chips) 
Seat 4: MAICONrs ($2.25 in chips) 
Seat 5: maskch ($7 in chips) 
Seat 6: sepp7p ($4.95 in chips) 
Seat 7: Dorex2007 ($5.44 in chips) 
Seat 8: Piktori007 ($4.48 in chips) 
Seat 9: VLNZL ($2.08 in chips) 
JayJayJohnson: posts small blind $0.02
Almanza63: posts big blind $0.05
*** HOLE CARDS ***
Dealt to Dorex2007 [3d 7h]
dc978919: folds 
MAICONrs: folds 
dc978919 leaves the table
maskch: folds 
sepp7p: calls $0.05
Dorex2007: folds 
Piktori007: folds 
VLNZL: calls $0.05
JayJayJohnson: folds 
LucasVilialv joins the table at seat #3 
Almanza63: checks 
*** FLOP *** [3s Qh 9d]
Almanza63: checks 
sepp7p: checks 
VLNZL: bets $0.10
Almanza63 has timed out
Almanza63: folds 
sepp7p: folds 
Uncalled bet ($0.10) returned to VLNZL
VLNZL collected $0.16 from pot
*** SUMMARY ***
Total pot $0.17 | Rake $0.01 
Board [3s Qh 9d]
Seat 1: JayJayJohnson (small blind) folded before Flop
Seat 2: Almanza63 (big blind) folded on the Flop
Seat 3: dc978919 folded before Flop (didn't bet)
Seat 4: MAICONrs folded before Flop (didn't bet)
Seat 5: maskch folded before Flop (didn't bet)
Seat 6: sepp7p folded on the Flop
Seat 7: Dorex2007 folded before Flop (didn't bet)
Seat 8: Piktori007 folded before Flop (didn't bet)
Seat 9: VLNZL (button) collected ($0.16)



PokerStars Hand #237569415030:  Hold'em No Limit ($0.02/$0.05 USD) - 2022/07/24 18:57:20 PT [2022/07/24 21:57:20 ET]
Table 'Diana' 9-max Seat #1 is the button
Seat 1: JayJayJohnson ($4.65 in chips) 
Seat 4: MAICONrs ($2.25 in chips) 
Seat 5: maskch ($7 in chips) 
Seat 6: sepp7p ($4.90 in chips) 
Seat 7: Dorex2007 ($5.44 in chips) 
Seat 8: Piktori007 ($4.48 in chips) 
Seat 9: VLNZL ($2.19 in chips) 
MAICONrs: posts small blind $0.02
maskch: posts big blind $0.05
*** HOLE CARDS ***
Dealt to Dorex2007 [8h 6d]
sepp7p: folds 
Dorex2007: folds 
Piktori007: folds 
VLNZL: folds 
Piktori007 leaves the table
JayJayJohnson: folds 
MAICONrs: calls $0.03
maskch: checks 
*** FLOP *** [Th Jc Kc]
MAICONrs: checks 
maskch: checks 
*** TURN *** [Th Jc Kc] [6s]
MAICONrs: checks 
maskch: checks 
*** RIVER *** [Th Jc Kc 6s] [Ad]
MAICONrs: checks 
maskch: checks 
*** SHOW DOWN ***
MAICONrs: shows [Ts 7c] (a pair of Tens)
maskch: mucks hand 
MAICONrs collected $0.10 from pot
*** SUMMARY ***
Total pot $0.10 | Rake $0 
Board [Th Jc Kc 6s Ad]
Seat 1: JayJayJohnson (button) folded before Flop (didn't bet)
Seat 4: MAICONrs (small blind) showed [Ts 7c] and won ($0.10) with a pair of Tens
Seat 5: maskch (big blind) mucked [2c 5d]
Seat 6: sepp7p folded before Flop (didn't bet)
Seat 7: Dorex2007 folded before Flop (didn't bet)
Seat 8: Piktori007 folded before Flop (didn't bet)
Seat 9: VLNZL folded before Flop (didn't bet)



PokerStars Hand #237569420696:  Hold'em No Limit ($0.02/$0.05 USD) - 2022/07/24 18:57:57 PT [2022/07/24 21:57:57 ET]
Table 'Diana' 9-max Seat #4 is the button
Seat 1: JayJayJohnson ($4.65 in chips) 
Seat 2: Almanza63 ($4.95 in chips) 
Seat 3: LucasVilialv ($2 in chips) 
Seat 4: MAICONrs ($2.30 in chips) 
Seat 5: maskch ($6.95 in chips) 
Seat 6: sepp7p ($4.90 in chips) 
Seat 7: Dorex2007 ($5.44 in chips) 
Seat 9: VLNZL ($2.19 in chips) 
maskch: posts small blind $0.02
sepp7p: posts big blind $0.05
Almanza63: posts small blind $0.02
LucasVilialv: posts big blind $0.05
*** HOLE CARDS ***
Dealt to Dorex2007 [Ts 9h]
Dorex2007: folds 
VLNZL: folds 
JayJayJohnson: folds 
Almanza63: folds 
LucasVilialv: checks 
MAICONrs: folds 
maskch: folds 
sepp7p: checks 
*** FLOP *** [2c Qc 9d]
sepp7p: checks 
LucasVilialv: bets $0.15
sepp7p: folds 
Uncalled bet ($0.15) returned to LucasVilialv
LucasVilialv collected $0.13 from pot
*** SUMMARY ***
Total pot $0.14 | Rake $0.01 
Board [2c Qc 9d]
Seat 1: JayJayJohnson folded before Flop (didn't bet)
Seat 2: Almanza63 folded before Flop (didn't bet)
Seat 3: LucasVilialv collected ($0.13)
Seat 4: MAICONrs (button) folded before Flop (didn't bet)
Seat 5: maskch (small blind) folded before Flop
Seat 6: sepp7p (big blind) folded on the Flop
Seat 7: Dorex2007 folded before Flop (didn't bet)
Seat 9: VLNZL folded before Flop (didn't bet)



PokerStars Hand #237569425682:  Hold'em No Limit ($0.02/$0.05 USD) - 2022/07/24 18:58:30 PT [2022/07/24 21:58:30 ET]
Table 'Diana' 9-max Seat #5 is the button
Seat 1: JayJayJohnson ($4.65 in chips) 
Seat 2: Almanza63 ($4.93 in chips) 
Seat 3: LucasVilialv ($2.08 in chips) 
Seat 4: MAICONrs ($2.30 in chips) 
Seat 5: maskch ($6.93 in chips) 
Seat 6: sepp7p ($4.85 in chips) 
Seat 7: Dorex2007 ($5.44 in chips) 
Seat 9: VLNZL ($2.19 in chips) 
sepp7p: posts small blind $0.02
Dorex2007: posts big blind $0.05
*** HOLE CARDS ***
Dealt to Dorex2007 [2h 8c]
VLNZL: folds 
JayJayJohnson: folds 
Almanza63: raises $0.15 to $0.20
LucasVilialv has timed out
LucasVilialv: folds 
MAICONrs: folds 
maskch: folds 
sepp7p: folds 
Dorex2007: folds 
Uncalled bet ($0.15) returned to Almanza63
Almanza63 collected $0.12 from pot
*** SUMMARY ***
Total pot $0.12 | Rake $0 
Seat 1: JayJayJohnson folded before Flop (didn't bet)
Seat 2: Almanza63 collected ($0.12)
Seat 3: LucasVilialv folded before Flop (didn't bet)
Seat 4: MAICONrs folded before Flop (didn't bet)
Seat 5: maskch (button) folded before Flop (didn't bet)
Seat 6: sepp7p (small blind) folded before Flop
Seat 7: Dorex2007 (big blind) folded before Flop
Seat 9: VLNZL folded before Flop (didn't bet)



PokerStars Hand #237569432421:  Hold'em No Limit ($0.02/$0.05 USD) - 2022/07/24 18:59:14 PT [2022/07/24 21:59:14 ET]
Table 'Diana' 9-max Seat #6 is the button
Seat 1: JayJayJohnson ($4.65 in chips) 
Seat 2: Almanza63 ($5 in chips) 
Seat 3: LucasVilialv ($2.08 in chips) 
Seat 4: MAICONrs ($2.30 in chips) 
Seat 5: maskch ($6.93 in chips) 
Seat 6: sepp7p ($4.83 in chips) 
Seat 7: Dorex2007 ($5.39 in chips) 
Seat 9: VLNZL ($2.19 in chips) 
Dorex2007: posts small blind $0.02
VLNZL: posts big blind $0.05
*** HOLE CARDS ***
Dealt to Dorex2007 [9s Jc]
JayJayJohnson: folds 
Almanza63: folds 
LucasVilialv: raises $0.10 to $0.15
MAICONrs: calls $0.15
maskch: calls $0.15
sepp7p: folds 
Dorex2007: folds 
VLNZL: calls $0.10
*** FLOP *** [8c 7h 9d]
VLNZL: checks 
LucasVilialv: bets $0.20
MAICONrs: calls $0.20
maskch: calls $0.20
VLNZL: calls $0.20
*** TURN *** [8c 7h 9d] [Js]
VLNZL: checks 
LucasVilialv: checks 
MAICONrs: bets $0.68
maskch: folds 
VLNZL: calls $0.68
LucasVilialv: folds 
*** RIVER *** [8c 7h 9d Js] [6h]
VLNZL: checks 
MAICONrs: bets $1.27 and is all-in
VLNZL: calls $1.16 and is all-in
Uncalled bet ($0.11) returned to MAICONrs
*** SHOW DOWN ***
MAICONrs: shows [As Td] (a straight, Seven to Jack)
VLNZL: shows [2c Tc] (a straight, Seven to Jack)
VLNZL collected $2.45 from pot
MAICONrs collected $2.44 from pot
*** SUMMARY ***
Total pot $5.10 | Rake $0.21 
Board [8c 7h 9d Js 6h]
Seat 1: JayJayJohnson folded before Flop (didn't bet)
Seat 2: Almanza63 folded before Flop (didn't bet)
Seat 3: LucasVilialv folded on the Turn
Seat 4: MAICONrs showed [As Td] and won ($2.44) with a straight, Seven to Jack
Seat 5: maskch folded on the Turn
Seat 6: sepp7p (button) folded before Flop (didn't bet)
Seat 7: Dorex2007 (small blind) folded before Flop
Seat 9: VLNZL (big blind) showed [2c Tc] and won ($2.45) with a straight, Seven to Jack



PokerStars Hand #237569446508:  Hold'em No Limit ($0.02/$0.05 USD) - 2022/07/24 19:00:42 PT [2022/07/24 22:00:42 ET]
Table 'Diana' 9-max Seat #7 is the button
Seat 1: JayJayJohnson ($4.65 in chips) 
Seat 2: Almanza63 ($5 in chips) 
Seat 3: LucasVilialv ($1.73 in chips) 
Seat 4: MAICONrs ($2.55 in chips) 
Seat 5: maskch ($6.58 in chips) 
Seat 6: sepp7p ($4.83 in chips) 
Seat 7: Dorex2007 ($5.37 in chips) 
Seat 9: VLNZL ($2.45 in chips) 
VLNZL: posts small blind $0.02
JayJayJohnson: posts big blind $0.05
*** HOLE CARDS ***
Dealt to Dorex2007 [9d 6h]
Almanza63: folds 
LucasVilialv: folds 
MAICONrs: folds 
maskch: folds 
sepp7p: calls $0.05
Dorex2007: folds 
VLNZL: calls $0.03
JayJayJohnson: checks 
*** FLOP *** [2s Qh 3d]
VLNZL: checks 
JayJayJohnson: checks 
sepp7p: bets $0.05
VLNZL: folds 
JayJayJohnson: folds 
Uncalled bet ($0.05) returned to sepp7p
sepp7p collected $0.14 from pot
*** SUMMARY ***
Total pot $0.15 | Rake $0.01 
Board [2s Qh 3d]
Seat 1: JayJayJohnson (big blind) folded on the Flop
Seat 2: Almanza63 folded before Flop (didn't bet)
Seat 3: LucasVilialv folded before Flop (didn't bet)
Seat 4: MAICONrs folded before Flop (didn't bet)
Seat 5: maskch folded before Flop (didn't bet)
Seat 6: sepp7p collected ($0.14)
Seat 7: Dorex2007 (button) folded before Flop (didn't bet)
Seat 9: VLNZL (small blind) folded on the Flop



PokerStars Hand #237569453463:  Hold'em No Limit ($0.02/$0.05 USD) - 2022/07/24 19:01:20 PT [2022/07/24 22:01:20 ET]
Table 'Diana' 9-max Seat #9 is the button
Seat 1: JayJayJohnson ($4.60 in chips) 
Seat 2: Almanza63 ($5 in chips) 
Seat 3: LucasVilialv ($1.73 in chips) 
Seat 4: MAICONrs ($2.55 in chips) 
Seat 5: maskch ($6.58 in chips) 
Seat 6: sepp7p ($4.92 in chips) 
Seat 7: Dorex2007 ($5.37 in chips) 
Seat 9: VLNZL ($2.40 in chips) 
JayJayJohnson: posts small blind $0.02
Almanza63: posts big blind $0.05
*** HOLE CARDS ***
Dealt to Dorex2007 [Kd Ks]
LucasVilialv: folds 
MAICONrs: folds 
maskch: folds 
sepp7p: folds 
Dorex2007: raises $0.10 to $0.15
VLNZL: folds 
JayJayJohnson: folds 
Almanza63: calls $0.10
*** FLOP *** [6s 4d Qd]
Almanza63 has timed out
Almanza63: checks 
Dorex2007: bets $0.31
Almanza63: folds 
Uncalled bet ($0.31) returned to Dorex2007
Dorex2007 collected $0.31 from pot
*** SUMMARY ***
Total pot $0.32 | Rake $0.01 
Board [6s 4d Qd]
Seat 1: JayJayJohnson (small blind) folded before Flop
Seat 2: Almanza63 (big blind) folded on the Flop
Seat 3: LucasVilialv folded before Flop (didn't bet)
Seat 4: MAICONrs folded before Flop (didn't bet)
Seat 5: maskch folded before Flop (didn't bet)
Seat 6: sepp7p folded before Flop (didn't bet)
Seat 7: Dorex2007 collected ($0.31)
Seat 9: VLNZL (button) folded before Flop (didn't bet)



PokerStars Hand #237569462744:  Hold'em No Limit ($0.02/$0.05 USD) - 2022/07/24 19:02:10 PT [2022/07/24 22:02:10 ET]
Table 'Diana' 9-max Seat #1 is the button
Seat 1: JayJayJohnson ($4.58 in chips) 
Seat 2: Almanza63 ($4.85 in chips) 
Seat 3: LucasVilialv ($1.73 in chips) 
Seat 4: MAICONrs ($2.55 in chips) 
Seat 5: maskch ($6.58 in chips) 
Seat 6: sepp7p ($4.92 in chips) 
Seat 7: Dorex2007 ($5.53 in chips) 
Seat 9: VLNZL ($2.40 in chips) 
Almanza63: posts small blind $0.02
LucasVilialv: posts big blind $0.05
*** HOLE CARDS ***
Dealt to Dorex2007 [3c 5d]
MAICONrs: folds 
maskch: folds 
sepp7p: folds 
Dorex2007: folds 
VLNZL: folds 
JayJayJohnson: raises $0.10 to $0.15
Almanza63: calls $0.13
LucasVilialv: folds 
*** FLOP *** [Qd 5s Th]
Almanza63: checks 
JayJayJohnson: bets $0.15
Almanza63: calls $0.15
*** TURN *** [Qd 5s Th] [Jd]
Almanza63: checks 
JayJayJohnson: bets $0.20
Almanza63: raises $0.40 to $0.60
JayJayJohnson: calls $0.40
*** RIVER *** [Qd 5s Th Jd] [Ad]
Almanza63: bets $3
JayJayJohnson: folds 
Uncalled bet ($3) returned to Almanza63
Almanza63 collected $1.77 from pot
*** SUMMARY ***
Total pot $1.85 | Rake $0.08 
Board [Qd 5s Th Jd Ad]
Seat 1: JayJayJohnson (button) folded on the River
Seat 2: Almanza63 (small blind) collected ($1.77)
Seat 3: LucasVilialv (big blind) folded before Flop
Seat 4: MAICONrs folded before Flop (didn't bet)
Seat 5: maskch folded before Flop (didn't bet)
Seat 6: sepp7p folded before Flop (didn't bet)
Seat 7: Dorex2007 folded before Flop (didn't bet)
Seat 9: VLNZL folded before Flop (didn't bet)



PokerStars Hand #237569477405:  Hold'em No Limit ($0.02/$0.05 USD) - 2022/07/24 19:03:29 PT [2022/07/24 22:03:29 ET]
Table 'Diana' 9-max Seat #2 is the button
Seat 1: JayJayJohnson ($3.68 in chips) 
Seat 2: Almanza63 ($5.72 in chips) 
Seat 3: LucasVilialv ($1.68 in chips) 
Seat 4: MAICONrs ($2.55 in chips) 
Seat 5: maskch ($6.58 in chips) 
Seat 6: sepp7p ($4.92 in chips) 
Seat 7: Dorex2007 ($5.53 in chips) 
Seat 9: VLNZL ($2.40 in chips) 
LucasVilialv: posts small blind $0.02
MAICONrs: posts big blind $0.05
*** HOLE CARDS ***
Dealt to Dorex2007 [Kh 9h]
maskch: folds 
sepp7p: folds 
Dorex2007: folds 
VLNZL: folds 
JayJayJohnson: folds 
Almanza63: raises $0.15 to $0.20
LucasVilialv: folds 
MAICONrs: calls $0.15
*** FLOP *** [6h 5d Qc]
MAICONrs: checks 
Almanza63: bets $0.20
MAICONrs: folds 
Uncalled bet ($0.20) returned to Almanza63
Almanza63 collected $0.40 from pot
*** SUMMARY ***
Total pot $0.42 | Rake $0.02 
Board [6h 5d Qc]
Seat 1: JayJayJohnson folded before Flop (didn't bet)
Seat 2: Almanza63 (button) collected ($0.40)
Seat 3: LucasVilialv (small blind) folded before Flop
Seat 4: MAICONrs (big blind) folded on the Flop
Seat 5: maskch folded before Flop (didn't bet)
Seat 6: sepp7p folded before Flop (didn't bet)
Seat 7: Dorex2007 folded before Flop (didn't bet)
Seat 9: VLNZL folded before Flop (didn't bet)



PokerStars Hand #237569483278:  Hold'em No Limit ($0.02/$0.05 USD) - 2022/07/24 19:04:00 PT [2022/07/24 22:04:00 ET]
Table 'Diana' 9-max Seat #3 is the button
Seat 1: JayJayJohnson ($5 in chips) 
Seat 2: Almanza63 ($5.92 in chips) 
Seat 3: LucasVilialv ($1.66 in chips) 
Seat 4: MAICONrs ($2.35 in chips) 
Seat 5: maskch ($6.58 in chips) 
Seat 6: sepp7p ($4.92 in chips) 
Seat 7: Dorex2007 ($5.53 in chips) 
Seat 9: VLNZL ($2.40 in chips) 
MAICONrs: posts small blind $0.02
maskch: posts big blind $0.05
*** HOLE CARDS ***
Dealt to Dorex2007 [4s 5s]
sepp7p: calls $0.05
Dorex2007: folds 
VLNZL: calls $0.05
JayJayJohnson: folds 
Almanza63: folds 
LucasVilialv: raises $0.45 to $0.50
MAICONrs: calls $0.48
maskch: folds 
sepp7p: folds 
VLNZL: folds 
*** FLOP *** [5d 9d 2h]
MAICONrs: checks 
LucasVilialv: bets $1.16 and is all-in
MAICONrs: calls $1.16
*** TURN *** [5d 9d 2h] [3h]
*** RIVER *** [5d 9d 2h 3h] [Kh]
*** SHOW DOWN ***
MAICONrs: shows [Ad 6d] (high card Ace)
LucasVilialv: shows [Ac Jc] (high card Ace - King+Jack kicker)
LucasVilialv collected $3.33 from pot
MAICONrs cashed out the hand for $1.61 | Cash Out Fee $0.02
*** SUMMARY ***
Total pot $3.47 | Rake $0.14 
Board [5d 9d 2h 3h Kh]
Seat 1: JayJayJohnson folded before Flop (didn't bet)
Seat 2: Almanza63 folded before Flop (didn't bet)
Seat 3: LucasVilialv (button) showed [Ac Jc] and won ($3.33) with high card Ace
Seat 4: MAICONrs (small blind) showed [Ad 6d] and lost with high card Ace (cashed out).
Seat 5: maskch (big blind) folded before Flop
Seat 6: sepp7p folded before Flop
Seat 7: Dorex2007 folded before Flop (didn't bet)
Seat 9: VLNZL folded before Flop



PokerStars Hand #237569494976:  Hold'em No Limit ($0.02/$0.05 USD) - 2022/07/24 19:05:02 PT [2022/07/24 22:05:02 ET]
Table 'Diana' 9-max Seat #4 is the button
Seat 1: JayJayJohnson ($5 in chips) 
Seat 2: Almanza63 ($5.92 in chips) 
Seat 3: LucasVilialv ($3.33 in chips) 
Seat 4: MAICONrs ($2.30 in chips) 
Seat 5: maskch ($6.53 in chips) 
Seat 6: sepp7p ($4.87 in chips) 
Seat 7: Dorex2007 ($5.53 in chips) 
Seat 9: VLNZL ($2.35 in chips) 
maskch: posts small blind $0.02
sepp7p: posts big blind $0.05
*** HOLE CARDS ***
Dealt to Dorex2007 [Kh Ad]
Dorex2007: raises $0.05 to $0.10
VLNZL: folds 
JayJayJohnson: raises $0.25 to $0.35
Almanza63: folds 
LucasVilialv: folds 
MAICONrs: folds 
maskch: folds 
sepp7p: folds 
Dorex2007: calls $0.25
*** FLOP *** [Tc 8c 7d]
Dorex2007: checks 
JayJayJohnson: checks 
*** TURN *** [Tc 8c 7d] [Kc]
Dorex2007: bets $0.37
JayJayJohnson: folds 
Uncalled bet ($0.37) returned to Dorex2007
Dorex2007 collected $0.74 from pot
*** SUMMARY ***
Total pot $0.77 | Rake $0.03 
Board [Tc 8c 7d Kc]
Seat 1: JayJayJohnson folded on the Turn
Seat 2: Almanza63 folded before Flop (didn't bet)
Seat 3: LucasVilialv folded before Flop (didn't bet)
Seat 4: MAICONrs (button) folded before Flop (didn't bet)
Seat 5: maskch (small blind) folded before Flop
Seat 6: sepp7p (big blind) folded before Flop
Seat 7: Dorex2007 collected ($0.74)
Seat 9: VLNZL folded before Flop (didn't bet)



PokerStars Hand #237569502778:  Hold'em No Limit ($0.02/$0.05 USD) - 2022/07/24 19:05:44 PT [2022/07/24 22:05:44 ET]
Table 'Diana' 9-max Seat #5 is the button
Seat 1: JayJayJohnson ($4.65 in chips) 
Seat 2: Almanza63 ($5.92 in chips) 
Seat 3: LucasVilialv ($3.33 in chips) 
Seat 4: MAICONrs ($2.30 in chips) 
Seat 5: maskch ($6.51 in chips) 
Seat 6: sepp7p ($4.82 in chips) 
Seat 7: Dorex2007 ($5.92 in chips) 
Seat 9: VLNZL ($2.35 in chips) 
sepp7p: posts small blind $0.02
Dorex2007: posts big blind $0.05
*** HOLE CARDS ***
Dealt to Dorex2007 [Ks 4h]
VLNZL: raises $2.30 to $2.35 and is all-in
JayJayJohnson: folds 
Almanza63: folds 
LucasVilialv: folds 
MAICONrs: folds 
maskch: folds 
sepp7p: folds 
Dorex2007: folds 
Uncalled bet ($2.30) returned to VLNZL
VLNZL collected $0.12 from pot
*** SUMMARY ***
Total pot $0.12 | Rake $0 
Seat 1: JayJayJohnson folded before Flop (didn't bet)
Seat 2: Almanza63 folded before Flop (didn't bet)
Seat 3: LucasVilialv folded before Flop (didn't bet)
Seat 4: MAICONrs folded before Flop (didn't bet)
Seat 5: maskch (button) folded before Flop (didn't bet)
Seat 6: sepp7p (small blind) folded before Flop
Seat 7: Dorex2007 (big blind) folded before Flop
Seat 9: VLNZL collected ($0.12)



PokerStars Hand #237569506021:  Hold'em No Limit ($0.02/$0.05 USD) - 2022/07/24 19:06:02 PT [2022/07/24 22:06:02 ET]
Table 'Diana' 9-max Seat #6 is the button
Seat 1: JayJayJohnson ($4.65 in chips) 
Seat 2: Almanza63 ($5.92 in chips) 
Seat 3: LucasVilialv ($3.33 in chips) 
Seat 4: MAICONrs ($2.30 in chips) 
Seat 5: maskch ($6.51 in chips) 
Seat 6: sepp7p ($4.80 in chips) 
Seat 7: Dorex2007 ($5.87 in chips) 
Seat 9: VLNZL ($2.42 in chips) 
Dorex2007: posts small blind $0.02
VLNZL: posts big blind $0.05
*** HOLE CARDS ***
Dealt to Dorex2007 [2h Ks]
JayJayJohnson: folds 
Almanza63: folds 
LucasVilialv: calls $0.05
MAICONrs: folds 
maskch: folds 
sepp7p: folds 
Dorex2007: folds 
VLNZL: checks 
*** FLOP *** [Jc 7c Kc]
VLNZL: checks 
LucasVilialv: bets $0.15
VLNZL: folds 
Uncalled bet ($0.15) returned to LucasVilialv
LucasVilialv collected $0.12 from pot
*** SUMMARY ***
Total pot $0.12 | Rake $0 
Board [Jc 7c Kc]
Seat 1: JayJayJohnson folded before Flop (didn't bet)
Seat 2: Almanza63 folded before Flop (didn't bet)
Seat 3: LucasVilialv collected ($0.12)
Seat 4: MAICONrs folded before Flop (didn't bet)
Seat 5: maskch folded before Flop (didn't bet)
Seat 6: sepp7p (button) folded before Flop (didn't bet)
Seat 7: Dorex2007 (small blind) folded before Flop
Seat 9: VLNZL (big blind) folded on the Flop



PokerStars Hand #237569521555:  Hold'em No Limit ($0.02/$0.05 USD) - 2022/07/24 19:06:47 PT [2022/07/24 22:06:47 ET]
Table 'Diana' 9-max Seat #7 is the button
Seat 1: JayJayJohnson ($4.65 in chips) 
Seat 2: Almanza63 ($5.92 in chips) 
Seat 3: LucasVilialv ($3.40 in chips) 
Seat 4: MAICONrs ($2.30 in chips) 
Seat 5: maskch ($6.51 in chips) 
Seat 6: sepp7p ($4.80 in chips) 
Seat 7: Dorex2007 ($5.85 in chips) 
Seat 9: VLNZL ($2.37 in chips) 
VLNZL: posts small blind $0.02
JayJayJohnson: posts big blind $0.05
*** HOLE CARDS ***
Dealt to Dorex2007 [4d 9d]
Almanza63: folds 
LucasVilialv: raises $0.15 to $0.20
MAICONrs: folds 
maskch: folds 
sepp7p: calls $0.20
Dorex2007: folds 
VLNZL: calls $0.18
JayJayJohnson: folds 
*** FLOP *** [Jc 4h Qd]
VLNZL: checks 
LucasVilialv: bets $0.35
sepp7p: raises $0.40 to $0.75
VLNZL: folds 
LucasVilialv: calls $0.40
*** TURN *** [Jc 4h Qd] [Ks]
LucasVilialv: bets $2.45 and is all-in
sepp7p: calls $2.45
*** RIVER *** [Jc 4h Qd Ks] [6d]
*** SHOW DOWN ***
LucasVilialv: shows [Kd Qh] (two pair, Kings and Queens)
sepp7p: shows [Kc Js] (two pair, Kings and Jacks)
LucasVilialv collected $6.76 from pot
sepp7p cashed out the hand for $0.30
*** SUMMARY ***
Total pot $7.05 | Rake $0.29 
Board [Jc 4h Qd Ks 6d]
Seat 1: JayJayJohnson (big blind) folded before Flop
Seat 2: Almanza63 folded before Flop (didn't bet)
Seat 3: LucasVilialv showed [Kd Qh] and won ($6.76) with two pair, Kings and Queens
Seat 4: MAICONrs folded before Flop (didn't bet)
Seat 5: maskch folded before Flop (didn't bet)
Seat 6: sepp7p showed [Kc Js] and lost with two pair, Kings and Jacks (cashed out).
Seat 7: Dorex2007 (button) folded before Flop (didn't bet)
Seat 9: VLNZL (small blind) folded on the Flop



PokerStars Hand #237569536090:  Hold'em No Limit ($0.02/$0.05 USD) - 2022/07/24 19:08:05 PT [2022/07/24 22:08:05 ET]
Table 'Diana' 9-max Seat #9 is the button
Seat 1: JayJayJohnson ($4.60 in chips) 
Seat 2: Almanza63 ($5.92 in chips) 
Seat 3: LucasVilialv ($6.76 in chips) 
Seat 4: MAICONrs ($2.30 in chips) 
Seat 5: maskch ($6.51 in chips) 
Seat 6: sepp7p ($1.70 in chips) 
Seat 7: Dorex2007 ($5.85 in chips) 
Seat 9: VLNZL ($2.17 in chips) 
JayJayJohnson: posts small blind $0.02
Almanza63: posts big blind $0.05
*** HOLE CARDS ***
Dealt to Dorex2007 [Tc Ac]
maidel333 joins the table at seat #8 
LucasVilialv: calls $0.05
MAICONrs: folds 
maskch: folds 
sepp7p: calls $0.05
Dorex2007: raises $0.15 to $0.20
VLNZL: folds 
JayJayJohnson: calls $0.18
Almanza63: folds 
LucasVilialv: calls $0.15
sepp7p: calls $0.15
*** FLOP *** [5c 3s Qc]
JayJayJohnson: checks 
LucasVilialv: bets $0.80
sepp7p: folds 
Dorex2007: calls $0.80
JayJayJohnson: folds 
*** TURN *** [5c 3s Qc] [7d]
LucasVilialv: checks 
Dorex2007: checks 
*** RIVER *** [5c 3s Qc 7d] [8c]
LucasVilialv: bets $5.76 and is all-in
Dorex2007: calls $4.85 and is all-in
Uncalled bet ($0.91) returned to LucasVilialv
*** SHOW DOWN ***
LucasVilialv: shows [2c Kc] (a flush, King high)
Dorex2007: shows [Tc Ac] (a flush, Ace high)
Dorex2007 collected $11.65 from pot
*** SUMMARY ***
Total pot $12.15 | Rake $0.50 
Board [5c 3s Qc 7d 8c]
Seat 1: JayJayJohnson (small blind) folded on the Flop
Seat 2: Almanza63 (big blind) folded before Flop
Seat 3: LucasVilialv showed [2c Kc] and lost with a flush, King high
Seat 4: MAICONrs folded before Flop (didn't bet)
Seat 5: maskch folded before Flop (didn't bet)
Seat 6: sepp7p folded on the Flop
Seat 7: Dorex2007 showed [Tc Ac] and won ($11.65) with a flush, Ace high
Seat 9: VLNZL (button) folded before Flop (didn't bet)



PokerStars Hand #237569548169:  Hold'em No Limit ($0.02/$0.05 USD) - 2022/07/24 19:09:09 PT [2022/07/24 22:09:09 ET]
Table 'Diana' 9-max Seat #1 is the button
Seat 1: JayJayJohnson ($4.40 in chips) 
Seat 2: Almanza63 ($5.87 in chips) 
Seat 3: LucasVilialv ($0.91 in chips) 
Seat 4: MAICONrs ($2.30 in chips) 
Seat 5: maskch ($6.51 in chips) 
Seat 6: sepp7p ($1.50 in chips) 
Seat 7: Dorex2007 ($11.65 in chips) 
Seat 8: maidel333 ($4 in chips) 
Seat 9: VLNZL ($2.17 in chips) 
Almanza63: posts small blind $0.02
LucasVilialv: posts big blind $0.05
maidel333: posts big blind $0.05
*** HOLE CARDS ***
Dealt to Dorex2007 [2c Js]
MAICONrs: folds 
maskch: folds 
sepp7p: calls $0.05
Dorex2007: folds 
maidel333: checks 
VLNZL: calls $0.05
JayJayJohnson: calls $0.05
Almanza63: calls $0.03
LucasVilialv: raises $0.86 to $0.91 and is all-in
sepp7p: folds 
maidel333: folds 
VLNZL: folds 
JayJayJohnson: folds 
Almanza63: folds 
Uncalled bet ($0.86) returned to LucasVilialv
LucasVilialv collected $0.30 from pot
*** SUMMARY ***
Total pot $0.30 | Rake $0 
Seat 1: JayJayJohnson (button) folded before Flop
Seat 2: Almanza63 (small blind) folded before Flop
Seat 3: LucasVilialv (big blind) collected ($0.30)
Seat 4: MAICONrs folded before Flop (didn't bet)
Seat 5: maskch folded before Flop (didn't bet)
Seat 6: sepp7p folded before Flop
Seat 7: Dorex2007 folded before Flop (didn't bet)
Seat 8: maidel333 folded before Flop (didn't bet)
Seat 9: VLNZL folded before Flop



PokerStars Hand #237569554173:  Hold'em No Limit ($0.02/$0.05 USD) - 2022/07/24 19:09:41 PT [2022/07/24 22:09:41 ET]
Table 'Diana' 9-max Seat #2 is the button
Seat 1: JayJayJohnson ($4.35 in chips) 
Seat 2: Almanza63 ($5.82 in chips) 
Seat 3: LucasVilialv ($1.16 in chips) 
Seat 4: MAICONrs ($2.30 in chips) 
Seat 5: maskch ($6.51 in chips) 
Seat 6: sepp7p ($5 in chips) 
Seat 7: Dorex2007 ($11.65 in chips) 
Seat 8: maidel333 ($3.95 in chips) 
Seat 9: VLNZL ($2.12 in chips) 
LucasVilialv: posts small blind $0.02
MAICONrs: posts big blind $0.05
*** HOLE CARDS ***
Dealt to Dorex2007 [6h 8d]
maskch: folds 
sepp7p has timed out
sepp7p: folds 
Dorex2007: folds 
maidel333: folds 
VLNZL: folds 
JayJayJohnson: folds 
Almanza63: raises $0.10 to $0.15
LucasVilialv: folds 
MAICONrs: folds 
Uncalled bet ($0.10) returned to Almanza63
Almanza63 collected $0.12 from pot
*** SUMMARY ***
Total pot $0.12 | Rake $0 
Seat 1: JayJayJohnson folded before Flop (didn't bet)
Seat 2: Almanza63 (button) collected ($0.12)
Seat 3: LucasVilialv (small blind) folded before Flop
Seat 4: MAICONrs (big blind) folded before Flop
Seat 5: maskch folded before Flop (didn't bet)
Seat 6: sepp7p folded before Flop (didn't bet)
Seat 7: Dorex2007 folded before Flop (didn't bet)
Seat 8: maidel333 folded before Flop (didn't bet)
Seat 9: VLNZL folded before Flop (didn't bet)



PokerStars Hand #237569558924:  Hold'em No Limit ($0.02/$0.05 USD) - 2022/07/24 19:10:07 PT [2022/07/24 22:10:07 ET]
Table 'Diana' 9-max Seat #3 is the button
Seat 1: JayJayJohnson ($4.35 in chips) 
Seat 2: Almanza63 ($5.89 in chips) 
Seat 3: LucasVilialv ($1.14 in chips) 
Seat 4: MAICONrs ($2.25 in chips) 
Seat 5: maskch ($6.51 in chips) 
Seat 6: sepp7p ($5 in chips) 
Seat 7: Dorex2007 ($11.65 in chips) 
Seat 8: maidel333 ($3.95 in chips) 
Seat 9: VLNZL ($2.12 in chips) 
MAICONrs: posts small blind $0.02
maskch: posts big blind $0.05
*** HOLE CARDS ***
Dealt to Dorex2007 [Qh 5c]
sepp7p: folds 
Dorex2007: folds 
maidel333: folds 
VLNZL: folds 
JayJayJohnson: raises $0.10 to $0.15
Almanza63: calls $0.15
LucasVilialv: raises $0.99 to $1.14 and is all-in
MAICONrs: folds 
maskch: folds 
JayJayJohnson: folds 
Almanza63: calls $0.99
*** FLOP *** [As Th 4d]
*** TURN *** [As Th 4d] [Qd]
*** RIVER *** [As Th 4d Qd] [5s]
*** SHOW DOWN ***
Almanza63: shows [Ks Jc] (a straight, Ten to Ace)
LucasVilialv: shows [Ah Jd] (a pair of Aces)
Almanza63 collected $2.40 from pot
*** SUMMARY ***
Total pot $2.50 | Rake $0.10 
Board [As Th 4d Qd 5s]
Seat 1: JayJayJohnson folded before Flop
Seat 2: Almanza63 showed [Ks Jc] and won ($2.40) with a straight, Ten to Ace
Seat 3: LucasVilialv (button) showed [Ah Jd] and lost with a pair of Aces
Seat 4: MAICONrs (small blind) folded before Flop
Seat 5: maskch (big blind) folded before Flop
Seat 6: sepp7p folded before Flop (didn't bet)
Seat 7: Dorex2007 folded before Flop (didn't bet)
Seat 8: maidel333 folded before Flop (didn't bet)
Seat 9: VLNZL folded before Flop (didn't bet)



PokerStars Hand #237569567657:  Hold'em No Limit ($0.02/$0.05 USD) - 2022/07/24 19:10:54 PT [2022/07/24 22:10:54 ET]
Table 'Diana' 9-max Seat #4 is the button
Seat 1: JayJayJohnson ($4.20 in chips) 
Seat 2: Almanza63 ($7.15 in chips) 
Seat 4: MAICONrs ($2.23 in chips) 
Seat 5: maskch ($6.46 in chips) 
Seat 6: sepp7p ($5 in chips) 
Seat 7: Dorex2007 ($11.65 in chips) 
Seat 8: maidel333 ($3.95 in chips) 
Seat 9: VLNZL ($2.12 in chips) 
maskch: posts small blind $0.02
sepp7p: posts big blind $0.05
*** HOLE CARDS ***
Dealt to Dorex2007 [6h 5s]
Dorex2007: folds 
maidel333: folds 
LucasVilialv leaves the table
VLNZL: calls $0.05
JayJayJohnson: raises $0.15 to $0.20
Almanza63: folds 
MAICONrs: folds 
maskch: folds 
sepp7p: calls $0.15
VLNZL: calls $0.15
*** FLOP *** [Ks 8s Qs]
sepp7p: checks 
VLNZL: checks 
JayJayJohnson: bets $0.29
sepp7p: folds 
VLNZL: folds 
Uncalled bet ($0.29) returned to JayJayJohnson
JayJayJohnson collected $0.59 from pot
*** SUMMARY ***
Total pot $0.62 | Rake $0.03 
Board [Ks 8s Qs]
Seat 1: JayJayJohnson collected ($0.59)
Seat 2: Almanza63 folded before Flop (didn't bet)
Seat 4: MAICONrs (button) folded before Flop (didn't bet)
Seat 5: maskch (small blind) folded before Flop
Seat 6: sepp7p (big blind) folded on the Flop
Seat 7: Dorex2007 folded before Flop (didn't bet)
Seat 8: maidel333 folded before Flop (didn't bet)
Seat 9: VLNZL folded on the Flop



PokerStars Hand #237569578482:  Hold'em No Limit ($0.02/$0.05 USD) - 2022/07/24 19:11:52 PT [2022/07/24 22:11:52 ET]
Table 'Diana' 9-max Seat #5 is the button
Seat 1: JayJayJohnson ($4.59 in chips) 
Seat 2: Almanza63 ($7.15 in chips) 
Seat 4: MAICONrs ($2.23 in chips) 
Seat 5: maskch ($6.44 in chips) 
Seat 6: sepp7p ($4.80 in chips) 
Seat 7: Dorex2007 ($11.65 in chips) 
Seat 8: maidel333 ($3.95 in chips) 
Seat 9: VLNZL ($1.92 in chips) 
sepp7p: posts small blind $0.02
Dorex2007: posts big blind $0.05
*** HOLE CARDS ***
Dealt to Dorex2007 [Jc 3d]
maidel333: folds 
AGVsmarT joins the table at seat #3 
VLNZL has timed out
VLNZL: folds 
JayJayJohnson: folds 
Almanza63: folds 
MAICONrs: calls $0.05
maskch: folds 
sepp7p: calls $0.03
Dorex2007: checks 
*** FLOP *** [6d Qh 9h]
sepp7p: checks 
Dorex2007: checks 
MAICONrs: bets $0.14
sepp7p: calls $0.14
Dorex2007: folds 
*** TURN *** [6d Qh 9h] [Tc]
sepp7p: checks 
MAICONrs: bets $0.41
sepp7p: calls $0.41
*** RIVER *** [6d Qh 9h Tc] [As]
sepp7p: checks 
MAICONrs: bets $1.63 and is all-in
sepp7p: folds 
Uncalled bet ($1.63) returned to MAICONrs
MAICONrs collected $1.20 from pot
*** SUMMARY ***
Total pot $1.25 | Rake $0.05 
Board [6d Qh 9h Tc As]
Seat 1: JayJayJohnson folded before Flop (didn't bet)
Seat 2: Almanza63 folded before Flop (didn't bet)
Seat 4: MAICONrs collected ($1.20)
Seat 5: maskch (button) folded before Flop (didn't bet)
Seat 6: sepp7p (small blind) folded on the River
Seat 7: Dorex2007 (big blind) folded on the Flop
Seat 8: maidel333 folded before Flop (didn't bet)
Seat 9: VLNZL folded before Flop (didn't bet)



PokerStars Hand #237569594495:  Hold'em No Limit ($0.02/$0.05 USD) - 2022/07/24 19:13:19 PT [2022/07/24 22:13:19 ET]
Table 'Diana' 9-max Seat #6 is the button
Seat 1: JayJayJohnson ($4.59 in chips) 
Seat 2: Almanza63 ($7.15 in chips) 
Seat 4: MAICONrs ($2.83 in chips) 
Seat 5: maskch ($6.44 in chips) 
Seat 6: sepp7p ($4.20 in chips) 
Seat 7: Dorex2007 ($11.60 in chips) 
Seat 8: maidel333 ($3.95 in chips) 
Seat 9: VLNZL ($1.92 in chips) 
Dorex2007: posts small blind $0.02
maidel333: posts big blind $0.05
AGVsmarT: is sitting out 
*** HOLE CARDS ***
Dealt to Dorex2007 [8c 2h]
AGVsmarT leaves the table
VLNZL: folds 
JayJayJohnson: folds 
Almanza63: folds 
MAICONrs: calls $0.05
maskch: folds 
sepp7p: calls $0.05
Dorex2007: folds 
maidel333: checks 
*** FLOP *** [7c Qd Kh]
maidel333: checks 
MAICONrs: bets $0.08
sepp7p: calls $0.08
maidel333: folds 
*** TURN *** [7c Qd Kh] [3d]
MAICONrs: bets $0.16
sepp7p: calls $0.16
*** RIVER *** [7c Qd Kh 3d] [Qh]
MAICONrs: bets $0.62
sepp7p: calls $0.62
*** SHOW DOWN ***
MAICONrs: shows [Ac 7h] (two pair, Queens and Sevens)
sepp7p: shows [Tc Kc] (two pair, Kings and Queens)
sepp7p collected $1.79 from pot
*** SUMMARY ***
Total pot $1.89 | Rake $0.10 
Board [7c Qd Kh 3d Qh]
Seat 1: JayJayJohnson folded before Flop (didn't bet)
Seat 2: Almanza63 folded before Flop (didn't bet)
Seat 4: MAICONrs showed [Ac 7h] and lost with two pair, Queens and Sevens
Seat 5: maskch folded before Flop (didn't bet)
Seat 6: sepp7p (button) showed [Tc Kc] and won ($1.79) with two pair, Kings and Queens
Seat 7: Dorex2007 (small blind) folded before Flop
Seat 8: maidel333 (big blind) folded on the Flop
Seat 9: VLNZL folded before Flop (didn't bet)



PokerStars Hand #237569604199:  Hold'em No Limit ($0.02/$0.05 USD) - 2022/07/24 19:14:13 PT [2022/07/24 22:14:13 ET]
Table 'Diana' 9-max Seat #7 is the button
Seat 1: JayJayJohnson ($4.59 in chips) 
Seat 2: Almanza63 ($7.15 in chips) 
Seat 4: MAICONrs ($1.92 in chips) 
Seat 5: maskch ($6.44 in chips) 
Seat 6: sepp7p ($5.08 in chips) 
Seat 7: Dorex2007 ($11.58 in chips) 
Seat 8: maidel333 ($3.90 in chips) 
Seat 9: VLNZL ($1.92 in chips) 
maidel333: posts small blind $0.02
VLNZL: posts big blind $0.05
*** HOLE CARDS ***
Dealt to Dorex2007 [8h 5h]
JayJayJohnson: folds 
Almanza63: raises $0.15 to $0.20
MAICONrs: folds 
maskch: folds 
hamera_von1 joins the table at seat #3 
sepp7p: folds 
Dorex2007: folds 
maidel333: folds 
VLNZL: folds 
Uncalled bet ($0.15) returned to Almanza63
Almanza63 collected $0.12 from pot
*** SUMMARY ***
Total pot $0.12 | Rake $0 
Seat 1: JayJayJohnson folded before Flop (didn't bet)
Seat 2: Almanza63 collected ($0.12)
Seat 4: MAICONrs folded before Flop (didn't bet)
Seat 5: maskch folded before Flop (didn't bet)
Seat 6: sepp7p folded before Flop (didn't bet)
Seat 7: Dorex2007 (button) folded before Flop (didn't bet)
Seat 8: maidel333 (small blind) folded before Flop
Seat 9: VLNZL (big blind) folded before Flop



PokerStars Hand #237569612893:  Hold'em No Limit ($0.02/$0.05 USD) - 2022/07/24 19:14:34 PT [2022/07/24 22:14:34 ET]
Table 'Diana' 9-max Seat #8 is the button
Seat 1: JayJayJohnson ($4.59 in chips) 
Seat 2: Almanza63 ($7.22 in chips) 
Seat 4: MAICONrs ($1.92 in chips) 
Seat 5: maskch ($6.44 in chips) 
Seat 6: sepp7p ($5.08 in chips) 
Seat 7: Dorex2007 ($11.58 in chips) 
Seat 8: maidel333 ($3.88 in chips) 
Seat 9: VLNZL ($1.87 in chips) 
VLNZL: posts small blind $0.02
JayJayJohnson: posts big blind $0.05
hamera_von1: sits out 
*** HOLE CARDS ***
Dealt to Dorex2007 [6h Js]
Almanza63: folds 
MAICONrs: folds 
maskch: folds 
sepp7p: raises $0.15 to $0.20
Dorex2007: folds 
maidel333: folds 
VLNZL: folds 
JayJayJohnson: folds 
Uncalled bet ($0.15) returned to sepp7p
sepp7p collected $0.12 from pot
*** SUMMARY ***
Total pot $0.12 | Rake $0 
Seat 1: JayJayJohnson (big blind) folded before Flop
Seat 2: Almanza63 folded before Flop (didn't bet)
Seat 4: MAICONrs folded before Flop (didn't bet)
Seat 5: maskch folded before Flop (didn't bet)
Seat 6: sepp7p collected ($0.12)
Seat 7: Dorex2007 folded before Flop (didn't bet)
Seat 8: maidel333 (button) folded before Flop (didn't bet)
Seat 9: VLNZL (small blind) folded before Flop



PokerStars Hand #237569616095:  Hold'em No Limit ($0.02/$0.05 USD) - 2022/07/24 19:14:52 PT [2022/07/24 22:14:52 ET]
Table 'Diana' 9-max Seat #9 is the button
Seat 1: JayJayJohnson ($4.54 in chips) 
Seat 2: Almanza63 ($7.22 in chips) 
Seat 4: MAICONrs ($1.92 in chips) 
Seat 5: maskch ($6.44 in chips) 
Seat 6: sepp7p ($5.15 in chips) 
Seat 7: Dorex2007 ($11.58 in chips) 
Seat 8: maidel333 ($3.88 in chips) 
Seat 9: VLNZL ($1.85 in chips) 
JayJayJohnson: posts small blind $0.02
Almanza63: posts big blind $0.05
hamera_von1: sits out 
*** HOLE CARDS ***
Dealt to Dorex2007 [6s 5d]
MAICONrs: folds 
maskch: folds 
sepp7p: folds 
Dorex2007: folds 
maidel333: folds 
VLNZL: folds 
JayJayJohnson: folds 
Uncalled bet ($0.03) returned to Almanza63
Almanza63 collected $0.04 from pot
*** SUMMARY ***
Total pot $0.04 | Rake $0 
Seat 1: JayJayJohnson (small blind) folded before Flop
Seat 2: Almanza63 (big blind) collected ($0.04)
Seat 4: MAICONrs folded before Flop (didn't bet)
Seat 5: maskch folded before Flop (didn't bet)
Seat 6: sepp7p folded before Flop (didn't bet)
Seat 7: Dorex2007 folded before Flop (didn't bet)
Seat 8: maidel333 folded before Flop (didn't bet)
Seat 9: VLNZL (button) folded before Flop (didn't bet)



PokerStars Hand #237569618395:  Hold'em No Limit ($0.02/$0.05 USD) - 2022/07/24 19:15:05 PT [2022/07/24 22:15:05 ET]
Table 'Diana' 9-max Seat #1 is the button
Seat 1: JayJayJohnson ($4.52 in chips) 
Seat 2: Almanza63 ($7.24 in chips) 
Seat 3: hamera_von1 ($2 in chips) 
Seat 4: MAICONrs ($1.92 in chips) 
Seat 5: maskch ($6.44 in chips) 
Seat 6: sepp7p ($5.15 in chips) 
Seat 7: Dorex2007 ($11.58 in chips) 
Seat 8: maidel333 ($3.88 in chips) 
Seat 9: VLNZL ($1.85 in chips) 
Almanza63: posts small blind $0.02
hamera_von1: posts big blind $0.05
*** HOLE CARDS ***
Dealt to Dorex2007 [Td 4c]
MAICONrs: folds 
maskch: folds 
sepp7p: folds 
Dorex2007: folds 
maidel333: raises $0.05 to $0.10
VLNZL: folds 
JayJayJohnson: folds 
Almanza63: folds 
hamera_von1: calls $0.05
*** FLOP *** [5s 8h 4d]
hamera_von1: checks 
maidel333: bets $0.10
hamera_von1: folds 
Uncalled bet ($0.10) returned to maidel333
maidel333 collected $0.21 from pot
*** SUMMARY ***
Total pot $0.22 | Rake $0.01 
Board [5s 8h 4d]
Seat 1: JayJayJohnson (button) folded before Flop (didn't bet)
Seat 2: Almanza63 (small blind) folded before Flop
Seat 3: hamera_von1 (big blind) folded on the Flop
Seat 4: MAICONrs folded before Flop (didn't bet)
Seat 5: maskch folded before Flop (didn't bet)
Seat 6: sepp7p folded before Flop (didn't bet)
Seat 7: Dorex2007 folded before Flop (didn't bet)
Seat 8: maidel333 collected ($0.21)
Seat 9: VLNZL folded before Flop (didn't bet)



PokerStars Hand #237569624390:  Hold'em No Limit ($0.02/$0.05 USD) - 2022/07/24 19:15:37 PT [2022/07/24 22:15:37 ET]
Table 'Diana' 9-max Seat #2 is the button
Seat 1: JayJayJohnson ($4.52 in chips) 
Seat 2: Almanza63 ($7.22 in chips) 
Seat 3: hamera_von1 ($1.90 in chips) 
Seat 4: MAICONrs ($1.92 in chips) 
Seat 5: maskch ($6.44 in chips) 
Seat 6: sepp7p ($5.15 in chips) 
Seat 7: Dorex2007 ($11.58 in chips) 
Seat 8: maidel333 ($3.99 in chips) 
Seat 9: VLNZL ($1.85 in chips) 
hamera_von1: posts small blind $0.02
MAICONrs: posts big blind $0.05
*** HOLE CARDS ***
Dealt to Dorex2007 [9d Qh]
maskch: folds 
sepp7p: calls $0.05
Dorex2007: folds 
maidel333: calls $0.05
VLNZL: calls $0.05
JayJayJohnson: folds 
Almanza63: folds 
hamera_von1: calls $0.03
MAICONrs: raises $0.15 to $0.20
sepp7p: folds 
maidel333: calls $0.15
VLNZL: calls $0.15
hamera_von1: folds 
*** FLOP *** [2d Qd Js]
MAICONrs: checks 
maidel333: bets $0.25
VLNZL: folds 
MAICONrs: calls $0.25
*** TURN *** [2d Qd Js] [7h]
MAICONrs: checks 
maidel333: checks 
*** RIVER *** [2d Qd Js 7h] [2s]
MAICONrs: checks 
maidel333: checks 
*** SHOW DOWN ***
MAICONrs: shows [Kc Ac] (a pair of Deuces)
maidel333: shows [6s 7s] (two pair, Sevens and Deuces)
maidel333 collected $1.15 from pot
*** SUMMARY ***
Total pot $1.20 | Rake $0.05 
Board [2d Qd Js 7h 2s]
Seat 1: JayJayJohnson folded before Flop (didn't bet)
Seat 2: Almanza63 (button) folded before Flop (didn't bet)
Seat 3: hamera_von1 (small blind) folded before Flop
Seat 4: MAICONrs (big blind) showed [Kc Ac] and lost with a pair of Deuces
Seat 5: maskch folded before Flop (didn't bet)
Seat 6: sepp7p folded before Flop
Seat 7: Dorex2007 folded before Flop (didn't bet)
Seat 8: maidel333 showed [6s 7s] and won ($1.15) with two pair, Sevens and Deuces
Seat 9: VLNZL folded on the Flop



PokerStars Hand #237569639095:  Hold'em No Limit ($0.02/$0.05 USD) - 2022/07/24 19:16:58 PT [2022/07/24 22:16:58 ET]
Table 'Diana' 9-max Seat #3 is the button
Seat 1: JayJayJohnson ($4.52 in chips) 
Seat 2: Almanza63 ($7.22 in chips) 
Seat 3: hamera_von1 ($1.85 in chips) 
Seat 4: MAICONrs ($1.47 in chips) 
Seat 5: maskch ($6.44 in chips) 
Seat 6: sepp7p ($5.10 in chips) 
Seat 7: Dorex2007 ($11.58 in chips) 
Seat 8: maidel333 ($4.69 in chips) 
Seat 9: VLNZL ($1.65 in chips) 
MAICONrs: posts small blind $0.02
maskch: posts big blind $0.05
*** HOLE CARDS ***
Dealt to Dorex2007 [5d Th]
sepp7p: folds 
Dorex2007: folds 
maidel333: raises $0.10 to $0.15
VLNZL: calls $0.15
JayJayJohnson: folds 
Almanza63: calls $0.15
hamera_von1: folds 
MAICONrs: folds 
maskch: calls $0.10
*** FLOP *** [3h Jd 5c]
maskch: checks 
maidel333: checks 
VLNZL: checks 
Almanza63: checks 
*** TURN *** [3h Jd 5c] [8h]
maskch: checks 
maidel333: checks 
VLNZL: checks 
Almanza63: bets $0.39
maskch: folds 
maidel333: folds 
VLNZL: folds 
Uncalled bet ($0.39) returned to Almanza63
Almanza63 collected $0.59 from pot
*** SUMMARY ***
Total pot $0.62 | Rake $0.03 
Board [3h Jd 5c 8h]
Seat 1: JayJayJohnson folded before Flop (didn't bet)
Seat 2: Almanza63 collected ($0.59)
Seat 3: hamera_von1 (button) folded before Flop (didn't bet)
Seat 4: MAICONrs (small blind) folded before Flop
Seat 5: maskch (big blind) folded on the Turn
Seat 6: sepp7p folded before Flop (didn't bet)
Seat 7: Dorex2007 folded before Flop (didn't bet)
Seat 8: maidel333 folded on the Turn
Seat 9: VLNZL folded on the Turn



PokerStars Hand #237569654327:  Hold'em No Limit ($0.02/$0.05 USD) - 2022/07/24 19:18:22 PT [2022/07/24 22:18:22 ET]
Table 'Diana' 9-max Seat #4 is the button
Seat 1: JayJayJohnson ($4.52 in chips) 
Seat 2: Almanza63 ($7.66 in chips) 
Seat 3: hamera_von1 ($1.85 in chips) 
Seat 4: MAICONrs ($1.45 in chips) 
Seat 5: maskch ($6.29 in chips) 
Seat 6: sepp7p ($5.10 in chips) 
Seat 7: Dorex2007 ($11.58 in chips) 
Seat 8: maidel333 ($4.54 in chips) 
Seat 9: VLNZL ($1.50 in chips) 
maskch: posts small blind $0.02
sepp7p: posts big blind $0.05
*** HOLE CARDS ***
Dealt to Dorex2007 [7d 4s]
Dorex2007: folds 
maidel333: raises $0.05 to $0.10
VLNZL: folds 
JayJayJohnson: folds 
Almanza63: calls $0.10
hamera_von1: folds 
MAICONrs: folds 
maskch: folds 
sepp7p: folds 
*** FLOP *** [Tc Ts Jc]
maidel333: bets $0.13
Almanza63: calls $0.13
*** TURN *** [Tc Ts Jc] [Kc]
maidel333: checks 
Almanza63: bets $0.29
maidel333: folds 
Uncalled bet ($0.29) returned to Almanza63
Almanza63 collected $0.51 from pot
*** SUMMARY ***
Total pot $0.53 | Rake $0.02 
Board [Tc Ts Jc Kc]
Seat 1: JayJayJohnson folded before Flop (didn't bet)
Seat 2: Almanza63 collected ($0.51)
Seat 3: hamera_von1 folded before Flop (didn't bet)
Seat 4: MAICONrs (button) folded before Flop (didn't bet)
Seat 5: maskch (small blind) folded before Flop
Seat 6: sepp7p (big blind) folded before Flop
Seat 7: Dorex2007 folded before Flop (didn't bet)
Seat 8: maidel333 folded on the Turn
Seat 9: VLNZL folded before Flop (didn't bet)



