PokerStars Hand #234469175640:  Hold'em No Limit ($0.01/$0.02 USD) - 2022/02/28 21:00:05 PT [2022/03/01 0:00:05 ET]
Table 'Marlu' 9-max Seat #1 is the button
Seat 1: frosa9397 ($1.76 in chips) 
Seat 2: Dorex2007 ($3.44 in chips) 
Seat 4: Canguru19 ($1.03 in chips) 
Seat 5: ConnySins ($0.51 in chips) 
Seat 7: shawmoney ($1.78 in chips) 
Seat 8: valeriafim ($1.65 in chips) 
Seat 9: blopisanz ($1.87 in chips) 
Dorex2007: posts small blind $0.01
Canguru19: posts big blind $0.02
2VERY: sits out 
*** HOLE CARDS ***
Dealt to Dorex2007 [Jd 8c]
ConnySins: folds 
shawmoney: calls $0.02
valeriafim: folds 
blopisanz: folds 
frosa9397: folds 
Dorex2007: folds 
Canguru19: checks 
*** FLOP *** [Ah 3s 9c]
Canguru19: checks 
shawmoney: checks 
*** TURN *** [Ah 3s 9c] [6d]
Canguru19: checks 
shawmoney: bets $0.02
Canguru19: folds 
Uncalled bet ($0.02) returned to shawmoney
shawmoney collected $0.05 from pot
shawmoney: doesn't show hand 
*** SUMMARY ***
Total pot $0.05 | Rake $0 
Board [Ah 3s 9c 6d]
Seat 1: frosa9397 (button) folded before Flop (didn't bet)
Seat 2: Dorex2007 (small blind) folded before Flop
Seat 4: Canguru19 (big blind) folded on the Turn
Seat 5: ConnySins folded before Flop (didn't bet)
Seat 7: shawmoney collected ($0.05)
Seat 8: valeriafim folded before Flop (didn't bet)
Seat 9: blopisanz folded before Flop (didn't bet)



PokerStars Hand #234469180082:  Hold'em No Limit ($0.01/$0.02 USD) - 2022/02/28 21:00:42 PT [2022/03/01 0:00:42 ET]
Table 'Marlu' 9-max Seat #2 is the button
Seat 1: frosa9397 ($1.76 in chips) 
Seat 2: Dorex2007 ($3.43 in chips) 
Seat 4: Canguru19 ($1.01 in chips) 
Seat 5: ConnySins ($0.51 in chips) 
Seat 7: shawmoney ($1.81 in chips) 
Seat 8: valeriafim ($1.65 in chips) 
Seat 9: blopisanz ($1.87 in chips) 
Canguru19: posts small blind $0.01
ConnySins: posts big blind $0.02
2VERY: sits out 
*** HOLE CARDS ***
Dealt to Dorex2007 [4c Kh]
shawmoney: folds 
valeriafim: calls $0.02
blopisanz: folds 
frosa9397: folds 
Dorex2007: folds 
Canguru19: folds 
ConnySins: checks 
*** FLOP *** [Kc Qd Ad]
Canguru19 leaves the table
Tobiz89 joins the table at seat #4 
ConnySins: checks 
valeriafim: checks 
*** TURN *** [Kc Qd Ad] [6s]
ConnySins: checks 
valeriafim: checks 
*** RIVER *** [Kc Qd Ad 6s] [3h]
ConnySins: bets $0.02
valeriafim: folds 
Uncalled bet ($0.02) returned to ConnySins
ConnySins collected $0.05 from pot
ConnySins: doesn't show hand 
*** SUMMARY ***
Total pot $0.05 | Rake $0 
Board [Kc Qd Ad 6s 3h]
Seat 1: frosa9397 folded before Flop (didn't bet)
Seat 2: Dorex2007 (button) folded before Flop (didn't bet)
Seat 4: Canguru19 (small blind) folded before Flop
Seat 5: ConnySins (big blind) collected ($0.05)
Seat 7: shawmoney folded before Flop (didn't bet)
Seat 8: valeriafim folded on the River
Seat 9: blopisanz folded before Flop (didn't bet)



PokerStars Hand #234469185895:  Hold'em No Limit ($0.01/$0.02 USD) - 2022/02/28 21:01:25 PT [2022/03/01 0:01:25 ET]
Table 'Marlu' 9-max Seat #5 is the button
Seat 1: frosa9397 ($1.76 in chips) 
Seat 2: Dorex2007 ($3.43 in chips) 
Seat 5: ConnySins ($0.54 in chips) 
Seat 7: shawmoney ($1.81 in chips) 
Seat 8: valeriafim ($1.63 in chips) 
Seat 9: blopisanz ($1.87 in chips) 
shawmoney: posts small blind $0.01
valeriafim: posts big blind $0.02
Tobiz89: sits out 
*** HOLE CARDS ***
Dealt to Dorex2007 [4c 3h]
blopisanz: folds 
frosa9397: calls $0.02
Dorex2007: folds 
ConnySins: calls $0.02
shawmoney: folds 
valeriafim: checks 
*** FLOP *** [Ks Ah Js]
valeriafim: checks 
frosa9397: checks 
ConnySins: checks 
*** TURN *** [Ks Ah Js] [8d]
valeriafim: checks 
frosa9397: checks 
ConnySins: bets $0.02
valeriafim: calls $0.02
frosa9397: folds 
*** RIVER *** [Ks Ah Js 8d] [Qh]
valeriafim: checks 
ConnySins: bets $0.05
valeriafim: folds 
Uncalled bet ($0.05) returned to ConnySins
ConnySins collected $0.11 from pot
ConnySins: doesn't show hand 
*** SUMMARY ***
Total pot $0.11 | Rake $0 
Board [Ks Ah Js 8d Qh]
Seat 1: frosa9397 folded on the Turn
Seat 2: Dorex2007 folded before Flop (didn't bet)
Seat 5: ConnySins (button) collected ($0.11)
Seat 7: shawmoney (small blind) folded before Flop
Seat 8: valeriafim (big blind) folded on the River
Seat 9: blopisanz folded before Flop (didn't bet)



PokerStars Hand #234469194036:  Hold'em No Limit ($0.01/$0.02 USD) - 2022/02/28 21:02:25 PT [2022/03/01 0:02:25 ET]
Table 'Marlu' 9-max Seat #7 is the button
Seat 1: frosa9397 ($1.74 in chips) 
Seat 2: Dorex2007 ($3.43 in chips) 
Seat 5: ConnySins ($0.61 in chips) 
Seat 7: shawmoney ($1.80 in chips) 
Seat 8: valeriafim ($1.59 in chips) 
Seat 9: blopisanz ($1.87 in chips) 
valeriafim: posts small blind $0.01
blopisanz: posts big blind $0.02
Tobiz89: sits out 
2VERY: sits out 
*** HOLE CARDS ***
Dealt to Dorex2007 [Js 6c]
frosa9397: folds 
Dorex2007: folds 
ConnySins: calls $0.02
shawmoney: folds 
valeriafim: calls $0.01
blopisanz: checks 
*** FLOP *** [6s 5h 2h]
valeriafim: checks 
blopisanz: checks 
ConnySins: checks 
*** TURN *** [6s 5h 2h] [2s]
valeriafim: checks 
blopisanz: bets $0.02
ConnySins: calls $0.02
valeriafim: calls $0.02
*** RIVER *** [6s 5h 2h 2s] [Jh]
valeriafim: checks 
blopisanz: checks 
ConnySins: bets $0.06
valeriafim: folds 
blopisanz: folds 
Uncalled bet ($0.06) returned to ConnySins
ConnySins collected $0.12 from pot
ConnySins: doesn't show hand 
*** SUMMARY ***
Total pot $0.12 | Rake $0 
Board [6s 5h 2h 2s Jh]
Seat 1: frosa9397 folded before Flop (didn't bet)
Seat 2: Dorex2007 folded before Flop (didn't bet)
Seat 5: ConnySins collected ($0.12)
Seat 7: shawmoney (button) folded before Flop (didn't bet)
Seat 8: valeriafim (small blind) folded on the River
Seat 9: blopisanz (big blind) folded on the River



PokerStars Hand #234469204153:  Hold'em No Limit ($0.01/$0.02 USD) - 2022/02/28 21:03:38 PT [2022/03/01 0:03:38 ET]
Table 'Marlu' 9-max Seat #8 is the button
Seat 1: frosa9397 ($1.74 in chips) 
Seat 2: Dorex2007 ($3.43 in chips) 
Seat 5: ConnySins ($0.69 in chips) 
Seat 7: shawmoney ($1.80 in chips) 
Seat 8: valeriafim ($1.55 in chips) 
Seat 9: blopisanz ($1.83 in chips) 
blopisanz: posts small blind $0.01
frosa9397: posts big blind $0.02
Tobiz89: sits out 
2VERY: sits out 
*** HOLE CARDS ***
Dealt to Dorex2007 [2d 5d]
Dorex2007: folds 
ConnySins: folds 
shawmoney: folds 
frosa9397 is disconnected 
valeriafim: folds 
blopisanz: calls $0.01
frosa9397 has timed out while disconnected
frosa9397: checks 
*** FLOP *** [7d Ac 2c]
blopisanz: bets $0.02
frosa9397 has timed out while disconnected
frosa9397: folds 
Uncalled bet ($0.02) returned to blopisanz
blopisanz collected $0.04 from pot
blopisanz: doesn't show hand 
*** SUMMARY ***
Total pot $0.04 | Rake $0 
Board [7d Ac 2c]
Seat 1: frosa9397 (big blind) folded on the Flop
Seat 2: Dorex2007 folded before Flop (didn't bet)
Seat 5: ConnySins folded before Flop (didn't bet)
Seat 7: shawmoney folded before Flop (didn't bet)
Seat 8: valeriafim (button) folded before Flop (didn't bet)
Seat 9: blopisanz (small blind) collected ($0.04)



PokerStars Hand #234469210696:  Hold'em No Limit ($0.01/$0.02 USD) - 2022/02/28 21:04:25 PT [2022/03/01 0:04:25 ET]
Table 'Marlu' 9-max Seat #9 is the button
Seat 2: Dorex2007 ($3.43 in chips) 
Seat 4: Tobiz89 ($2 in chips) 
Seat 5: ConnySins ($0.69 in chips) 
Seat 7: shawmoney ($1.80 in chips) 
Seat 8: valeriafim ($1.55 in chips) 
Seat 9: blopisanz ($1.85 in chips) 
Dorex2007: posts small blind $0.01
Tobiz89: posts big blind $0.02
2VERY: sits out 
*** HOLE CARDS ***
Dealt to Dorex2007 [As Qs]
ConnySins: folds 
shawmoney: calls $0.02
valeriafim: folds 
blopisanz: folds 
Dorex2007: calls $0.01
Tobiz89: checks 
*** FLOP *** [5c 7d 3s]
Dorex2007: checks 
Tobiz89: checks 
shawmoney: checks 
*** TURN *** [5c 7d 3s] [4c]
Dorex2007: bets $0.04
Tobiz89: folds 
shawmoney: folds 
Uncalled bet ($0.04) returned to Dorex2007
Dorex2007 collected $0.06 from pot
Dorex2007: doesn't show hand 
*** SUMMARY ***
Total pot $0.06 | Rake $0 
Board [5c 7d 3s 4c]
Seat 2: Dorex2007 (small blind) collected ($0.06)
Seat 4: Tobiz89 (big blind) folded on the Turn
Seat 5: ConnySins folded before Flop (didn't bet)
Seat 7: shawmoney folded on the Turn
Seat 8: valeriafim folded before Flop (didn't bet)
Seat 9: blopisanz (button) folded before Flop (didn't bet)



PokerStars Hand #234469226466:  Hold'em No Limit ($0.01/$0.02 USD) - 2022/02/28 21:05:12 PT [2022/03/01 0:05:12 ET]
Table 'Marlu' 9-max Seat #2 is the button
Seat 2: Dorex2007 ($3.47 in chips) 
Seat 4: Tobiz89 ($2 in chips) 
Seat 5: ConnySins ($0.69 in chips) 
Seat 7: shawmoney ($1.78 in chips) 
Seat 8: valeriafim ($1.55 in chips) 
Seat 9: blopisanz ($1.85 in chips) 
Tobiz89: posts small blind $0.01
ConnySins: posts big blind $0.02
2VERY: sits out 
*** HOLE CARDS ***
Dealt to Dorex2007 [7d Qs]
shawmoney: calls $0.02
valeriafim: calls $0.02
blopisanz: folds 
Dorex2007: folds 
Tobiz89: folds 
ConnySins: checks 
*** FLOP *** [Tc Ad 2c]
ConnySins: checks 
shawmoney: checks 
valeriafim: checks 
*** TURN *** [Tc Ad 2c] [4d]
ConnySins: checks 
shawmoney: checks 
valeriafim: checks 
*** RIVER *** [Tc Ad 2c 4d] [4s]
ConnySins: checks 
shawmoney: bets $0.07
valeriafim: folds 
ConnySins: folds 
Uncalled bet ($0.07) returned to shawmoney
shawmoney collected $0.07 from pot
shawmoney: doesn't show hand 
*** SUMMARY ***
Total pot $0.07 | Rake $0 
Board [Tc Ad 2c 4d 4s]
Seat 2: Dorex2007 (button) folded before Flop (didn't bet)
Seat 4: Tobiz89 (small blind) folded before Flop
Seat 5: ConnySins (big blind) folded on the River
Seat 7: shawmoney collected ($0.07)
Seat 8: valeriafim folded on the River
Seat 9: blopisanz folded before Flop (didn't bet)



PokerStars Hand #234469233785:  Hold'em No Limit ($0.01/$0.02 USD) - 2022/02/28 21:06:05 PT [2022/03/01 0:06:05 ET]
Table 'Marlu' 9-max Seat #4 is the button
Seat 2: Dorex2007 ($3.47 in chips) 
Seat 4: Tobiz89 ($2 in chips) 
Seat 5: ConnySins ($0.67 in chips) 
Seat 6: 2VERY ($1.20 in chips) 
Seat 7: shawmoney ($1.83 in chips) 
Seat 8: valeriafim ($1.53 in chips) 
Seat 9: blopisanz ($1.85 in chips) 
ConnySins: posts small blind $0.01
2VERY: posts big blind $0.02
*** HOLE CARDS ***
Dealt to Dorex2007 [Qs 7h]
shawmoney: folds 
valeriafim: calls $0.02
blopisanz: folds 
Dorex2007: folds 
Tobiz89: folds 
ConnySins: calls $0.01
2VERY: checks 
*** FLOP *** [4s Qc 5s]
ConnySins: checks 
2VERY: checks 
valeriafim: checks 
*** TURN *** [4s Qc 5s] [7s]
ConnySins: checks 
2VERY: checks 
valeriafim: checks 
*** RIVER *** [4s Qc 5s 7s] [2d]
ConnySins: checks 
2VERY: checks 
valeriafim: checks 
*** SHOW DOWN ***
ConnySins: shows [Jc Kh] (high card King)
2VERY: shows [3c 7d] (a pair of Sevens)
valeriafim: shows [Th 7c] (a pair of Sevens - Queen+Ten kicker)
valeriafim collected $0.06 from pot
*** SUMMARY ***
Total pot $0.06 | Rake $0 
Board [4s Qc 5s 7s 2d]
Seat 2: Dorex2007 folded before Flop (didn't bet)
Seat 4: Tobiz89 (button) folded before Flop (didn't bet)
Seat 5: ConnySins (small blind) showed [Jc Kh] and lost with high card King
Seat 6: 2VERY (big blind) showed [3c 7d] and lost with a pair of Sevens
Seat 7: shawmoney folded before Flop (didn't bet)
Seat 8: valeriafim showed [Th 7c] and won ($0.06) with a pair of Sevens
Seat 9: blopisanz folded before Flop (didn't bet)



PokerStars Hand #234469242151:  Hold'em No Limit ($0.01/$0.02 USD) - 2022/02/28 21:07:06 PT [2022/03/01 0:07:06 ET]
Table 'Marlu' 9-max Seat #5 is the button
Seat 2: Dorex2007 ($3.47 in chips) 
Seat 4: Tobiz89 ($2 in chips) 
Seat 5: ConnySins ($0.65 in chips) 
Seat 6: 2VERY ($1.18 in chips) 
Seat 7: shawmoney ($1.83 in chips) 
Seat 8: valeriafim ($1.57 in chips) 
Seat 9: blopisanz ($1.85 in chips) 
2VERY: posts small blind $0.01
shawmoney: posts big blind $0.02
*** HOLE CARDS ***
Dealt to Dorex2007 [9s 2s]
valeriafim: raises $0.04 to $0.06
UncleBeans99 leaves the table
blopisanz: folds 
Dorex2007: folds 
Tobiz89: folds 
ConnySins: calls $0.06
2VERY: folds 
shawmoney: calls $0.04
*** FLOP *** [Ts Ks 4d]
jl1955 joins the table at seat #3 
shawmoney: checks 
valeriafim: checks 
ConnySins: checks 
*** TURN *** [Ts Ks 4d] [9d]
shawmoney: bets $0.02
valeriafim: calls $0.02
ConnySins: calls $0.02
*** RIVER *** [Ts Ks 4d 9d] [5s]
shawmoney: bets $0.10
valeriafim: folds 
ConnySins: raises $0.14 to $0.24
shawmoney: calls $0.14
*** SHOW DOWN ***
ConnySins: shows [Qc Ad] (high card Ace)
shawmoney: shows [8c Tc] (a pair of Tens)
shawmoney collected $0.70 from pot
*** SUMMARY ***
Total pot $0.73 | Rake $0.03 
Board [Ts Ks 4d 9d 5s]
Seat 2: Dorex2007 folded before Flop (didn't bet)
Seat 4: Tobiz89 folded before Flop (didn't bet)
Seat 5: ConnySins (button) showed [Qc Ad] and lost with high card Ace
Seat 6: 2VERY (small blind) folded before Flop
Seat 7: shawmoney (big blind) showed [8c Tc] and won ($0.70) with a pair of Tens
Seat 8: valeriafim folded on the River
Seat 9: blopisanz folded before Flop (didn't bet)



PokerStars Hand #234469249683:  Hold'em No Limit ($0.01/$0.02 USD) - 2022/02/28 21:08:01 PT [2022/03/01 0:08:01 ET]
Table 'Marlu' 9-max Seat #6 is the button
Seat 2: Dorex2007 ($3.47 in chips) 
Seat 4: Tobiz89 ($2 in chips) 
Seat 5: ConnySins ($0.33 in chips) 
Seat 6: 2VERY ($1.20 in chips) 
Seat 7: shawmoney ($2.21 in chips) 
Seat 8: valeriafim ($1.49 in chips) 
Seat 9: blopisanz ($1.85 in chips) 
shawmoney: posts small blind $0.01
valeriafim: posts big blind $0.02
jl1955: sits out 
*** HOLE CARDS ***
Dealt to Dorex2007 [9c Qs]
blopisanz: folds 
Dorex2007: folds 
Tobiz89: folds 
ConnySins: calls $0.02
2VERY: raises $0.06 to $0.08
shawmoney: folds 
valeriafim: folds 
ConnySins: calls $0.06
*** FLOP *** [Td Jh Jd]
ConnySins: checks 
2VERY: bets $0.09
ConnySins: raises $0.16 to $0.25 and is all-in
2VERY: calls $0.16
*** TURN *** [Td Jh Jd] [Js]
*** RIVER *** [Td Jh Jd Js] [Jc]
*** SHOW DOWN ***
ConnySins: shows [Ts 7h] (four of a kind, Jacks)
2VERY: shows [Ad Ac] (four of a kind, Jacks - Ace kicker)
2VERY collected $0.67 from pot
ConnySins cashed out the hand for $0.07
*** SUMMARY ***
Total pot $0.69 | Rake $0.02 
Board [Td Jh Jd Js Jc]
Seat 2: Dorex2007 folded before Flop (didn't bet)
Seat 4: Tobiz89 folded before Flop (didn't bet)
Seat 5: ConnySins showed [Ts 7h] and lost with four of a kind, Jacks (cashed out).
Seat 6: 2VERY (button) showed [Ad Ac] and won ($0.67) with four of a kind, Jacks
Seat 7: shawmoney (small blind) folded before Flop
Seat 8: valeriafim (big blind) folded before Flop
Seat 9: blopisanz folded before Flop (didn't bet)



PokerStars Hand #234469259580:  Hold'em No Limit ($0.01/$0.02 USD) - 2022/02/28 21:09:14 PT [2022/03/01 0:09:14 ET]
Table 'Marlu' 9-max Seat #7 is the button
Seat 2: Dorex2007 ($3.47 in chips) 
Seat 4: Tobiz89 ($2 in chips) 
Seat 5: ConnySins ($0.07 in chips) 
Seat 6: 2VERY ($1.54 in chips) 
Seat 7: shawmoney ($2.20 in chips) 
Seat 8: valeriafim ($1.47 in chips) 
Seat 9: blopisanz ($1.85 in chips) 
valeriafim: posts small blind $0.01
blopisanz: posts big blind $0.02
jl1955: sits out 
*** HOLE CARDS ***
Dealt to Dorex2007 [Qh 6s]
Dorex2007: folds 
Tobiz89: folds 
ConnySins: raises $0.05 to $0.07 and is all-in
2VERY: folds 
shawmoney: calls $0.07
valeriafim: calls $0.06
blopisanz: folds 
*** FLOP *** [8h Ad Qs]
valeriafim: checks 
shawmoney: bets $0.02
valeriafim: folds 
Uncalled bet ($0.02) returned to shawmoney
*** TURN *** [8h Ad Qs] [Kc]
*** RIVER *** [8h Ad Qs Kc] [2c]
*** SHOW DOWN ***
ConnySins: shows [9c Qc] (a pair of Queens)
shawmoney: shows [Ks Jc] (a pair of Kings)
shawmoney collected $0.22 from pot
*** SUMMARY ***
Total pot $0.23 | Rake $0.01 
Board [8h Ad Qs Kc 2c]
Seat 2: Dorex2007 folded before Flop (didn't bet)
Seat 4: Tobiz89 folded before Flop (didn't bet)
Seat 5: ConnySins showed [9c Qc] and lost with a pair of Queens
Seat 6: 2VERY folded before Flop (didn't bet)
Seat 7: shawmoney (button) showed [Ks Jc] and won ($0.22) with a pair of Kings
Seat 8: valeriafim (small blind) folded on the Flop
Seat 9: blopisanz (big blind) folded before Flop



PokerStars Hand #234469264587:  Hold'em No Limit ($0.01/$0.02 USD) - 2022/02/28 21:09:51 PT [2022/03/01 0:09:51 ET]
Table 'Marlu' 9-max Seat #8 is the button
Seat 2: Dorex2007 ($3.47 in chips) 
Seat 4: Tobiz89 ($2 in chips) 
Seat 6: 2VERY ($1.54 in chips) 
Seat 7: shawmoney ($2.35 in chips) 
Seat 8: valeriafim ($1.40 in chips) 
Seat 9: blopisanz ($1.83 in chips) 
blopisanz: posts small blind $0.01
Dorex2007: posts big blind $0.02
jl1955: sits out 
*** HOLE CARDS ***
Dealt to Dorex2007 [Jd 2d]
Tobiz89: folds 
2VERY: folds 
ConnySins leaves the table
shawmoney: calls $0.02
valeriafim: calls $0.02
LaoWang0215 joins the table at seat #5 
blopisanz: calls $0.01
Dorex2007: checks 
*** FLOP *** [Js 7d 4c]
blopisanz: checks 
Dorex2007: checks 
shawmoney: bets $0.08
valeriafim: calls $0.08
blopisanz: folds 
Dorex2007: folds 
*** TURN *** [Js 7d 4c] [5d]
shawmoney: bets $0.23
valeriafim: calls $0.23
*** RIVER *** [Js 7d 4c 5d] [3c]
shawmoney: bets $0.34
valeriafim: calls $0.34
*** SHOW DOWN ***
shawmoney: shows [Jc Qs] (a pair of Jacks)
valeriafim: mucks hand 
shawmoney collected $1.33 from pot
*** SUMMARY ***
Total pot $1.38 | Rake $0.05 
Board [Js 7d 4c 5d 3c]
Seat 2: Dorex2007 (big blind) folded on the Flop
Seat 4: Tobiz89 folded before Flop (didn't bet)
Seat 6: 2VERY folded before Flop (didn't bet)
Seat 7: shawmoney showed [Jc Qs] and won ($1.33) with a pair of Jacks
Seat 8: valeriafim (button) mucked [4d As]
Seat 9: blopisanz (small blind) folded on the Flop



PokerStars Hand #234469271700:  Hold'em No Limit ($0.01/$0.02 USD) - 2022/02/28 21:10:44 PT [2022/03/01 0:10:44 ET]
Table 'Marlu' 9-max Seat #9 is the button
Seat 2: Dorex2007 ($3.45 in chips) 
Seat 3: jl1955 ($1.60 in chips) 
Seat 4: Tobiz89 ($2 in chips) 
Seat 5: LaoWang0215 ($0.80 in chips) 
Seat 6: 2VERY ($1.54 in chips) 
Seat 7: shawmoney ($3.01 in chips) 
Seat 8: valeriafim ($0.73 in chips) 
Seat 9: blopisanz ($1.81 in chips) 
Dorex2007: posts small blind $0.01
jl1955: posts big blind $0.02
LaoWang0215: posts big blind $0.02
*** HOLE CARDS ***
Dealt to Dorex2007 [8c 8h]
Tobiz89: folds 
LaoWang0215: checks 
2VERY: raises $0.06 to $0.08
shawmoney: folds 
valeriafim: folds 
blopisanz: folds 
Dorex2007: folds 
jl1955: folds 
LaoWang0215: calls $0.06
*** FLOP *** [Qd Js 6s]
LaoWang0215: checks 
2VERY: bets $0.09
LaoWang0215: folds 
Uncalled bet ($0.09) returned to 2VERY
2VERY collected $0.18 from pot
2VERY: doesn't show hand 
*** SUMMARY ***
Total pot $0.19 | Rake $0.01 
Board [Qd Js 6s]
Seat 2: Dorex2007 (small blind) folded before Flop
Seat 3: jl1955 (big blind) folded before Flop
Seat 4: Tobiz89 folded before Flop (didn't bet)
Seat 5: LaoWang0215 folded on the Flop
Seat 6: 2VERY collected ($0.18)
Seat 7: shawmoney folded before Flop (didn't bet)
Seat 8: valeriafim folded before Flop (didn't bet)
Seat 9: blopisanz (button) folded before Flop (didn't bet)



PokerStars Hand #234469276004:  Hold'em No Limit ($0.01/$0.02 USD) - 2022/02/28 21:11:16 PT [2022/03/01 0:11:16 ET]
Table 'Marlu' 9-max Seat #2 is the button
Seat 2: Dorex2007 ($3.44 in chips) 
Seat 3: jl1955 ($1.58 in chips) 
Seat 4: Tobiz89 ($2 in chips) 
Seat 5: LaoWang0215 ($0.72 in chips) 
Seat 6: 2VERY ($1.64 in chips) 
Seat 7: shawmoney ($3.01 in chips) 
Seat 8: valeriafim ($0.73 in chips) 
Seat 9: blopisanz ($1.81 in chips) 
jl1955: posts small blind $0.01
Tobiz89: posts big blind $0.02
*** HOLE CARDS ***
Dealt to Dorex2007 [Kc 8s]
LaoWang0215: calls $0.02
2VERY: folds 
shawmoney: folds 
valeriafim: calls $0.02
blopisanz: folds 
Dorex2007: folds 
jl1955: folds 
Tobiz89: checks 
*** FLOP *** [Ts 7c Kh]
Tobiz89: checks 
LaoWang0215: checks 
valeriafim: checks 
*** TURN *** [Ts 7c Kh] [Th]
Tobiz89: checks 
LaoWang0215: checks 
valeriafim: checks 
*** RIVER *** [Ts 7c Kh Th] [7d]
Tobiz89: checks 
LaoWang0215: bets $0.10
valeriafim: folds 
Tobiz89: calls $0.10
*** SHOW DOWN ***
LaoWang0215: shows [9d 7h] (a full house, Sevens full of Tens)
Tobiz89: mucks hand 
LaoWang0215 collected $0.26 from pot
*** SUMMARY ***
Total pot $0.27 | Rake $0.01 
Board [Ts 7c Kh Th 7d]
Seat 2: Dorex2007 (button) folded before Flop (didn't bet)
Seat 3: jl1955 (small blind) folded before Flop
Seat 4: Tobiz89 (big blind) mucked [Kd 8h]
Seat 5: LaoWang0215 showed [9d 7h] and won ($0.26) with a full house, Sevens full of Tens
Seat 6: 2VERY folded before Flop (didn't bet)
Seat 7: shawmoney folded before Flop (didn't bet)
Seat 8: valeriafim folded on the River
Seat 9: blopisanz folded before Flop (didn't bet)



PokerStars Hand #234469281845:  Hold'em No Limit ($0.01/$0.02 USD) - 2022/02/28 21:12:00 PT [2022/03/01 0:12:00 ET]
Table 'Marlu' 9-max Seat #3 is the button
Seat 2: Dorex2007 ($3.44 in chips) 
Seat 3: jl1955 ($1.57 in chips) 
Seat 4: Tobiz89 ($2 in chips) 
Seat 5: LaoWang0215 ($0.86 in chips) 
Seat 6: 2VERY ($1.64 in chips) 
Seat 7: shawmoney ($3.01 in chips) 
Seat 8: valeriafim ($0.71 in chips) 
Seat 9: blopisanz ($1.81 in chips) 
Tobiz89: posts small blind $0.01
LaoWang0215: posts big blind $0.02
*** HOLE CARDS ***
Dealt to Dorex2007 [2c 3c]
2VERY: folds 
shawmoney: folds 
valeriafim: calls $0.02
blopisanz: folds 
Dorex2007: folds 
jl1955: folds 
Tobiz89: raises $0.08 to $0.10
LaoWang0215: folds 
valeriafim: calls $0.08
*** FLOP *** [5d 5c Kd]
Tobiz89: checks 
valeriafim: checks 
*** TURN *** [5d 5c Kd] [9d]
Tobiz89: checks 
valeriafim: checks 
*** RIVER *** [5d 5c Kd 9d] [Jh]
Tobiz89: checks 
valeriafim: checks 
*** SHOW DOWN ***
Tobiz89: shows [6d 6h] (two pair, Sixes and Fives)
valeriafim: mucks hand 
Tobiz89 collected $0.21 from pot
*** SUMMARY ***
Total pot $0.22 | Rake $0.01 
Board [5d 5c Kd 9d Jh]
Seat 2: Dorex2007 folded before Flop (didn't bet)
Seat 3: jl1955 (button) folded before Flop (didn't bet)
Seat 4: Tobiz89 (small blind) showed [6d 6h] and won ($0.21) with two pair, Sixes and Fives
Seat 5: LaoWang0215 (big blind) folded before Flop
Seat 6: 2VERY folded before Flop (didn't bet)
Seat 7: shawmoney folded before Flop (didn't bet)
Seat 8: valeriafim mucked [3h 3s]
Seat 9: blopisanz folded before Flop (didn't bet)



PokerStars Hand #234469288364:  Hold'em No Limit ($0.01/$0.02 USD) - 2022/02/28 21:12:48 PT [2022/03/01 0:12:48 ET]
Table 'Marlu' 9-max Seat #4 is the button
Seat 2: Dorex2007 ($3.44 in chips) 
Seat 3: jl1955 ($1.57 in chips) 
Seat 4: Tobiz89 ($2.11 in chips) 
Seat 5: LaoWang0215 ($0.84 in chips) 
Seat 6: 2VERY ($1.64 in chips) 
Seat 7: shawmoney ($3.01 in chips) 
Seat 8: valeriafim ($0.61 in chips) 
Seat 9: blopisanz ($1.81 in chips) 
LaoWang0215: posts small blind $0.01
2VERY: posts big blind $0.02
*** HOLE CARDS ***
Dealt to Dorex2007 [Kd Kc]
shawmoney: folds 
valeriafim: calls $0.02
blopisanz: folds 
Dorex2007: raises $0.06 to $0.08
jl1955: folds 
Tobiz89: folds 
LaoWang0215: calls $0.07
2VERY: folds 
valeriafim: calls $0.06
*** FLOP *** [5c Ks Qs]
LaoWang0215: checks 
valeriafim: checks 
Dorex2007: bets $0.25
LaoWang0215: folds 
valeriafim: folds 
Uncalled bet ($0.25) returned to Dorex2007
Dorex2007 collected $0.25 from pot
Dorex2007: doesn't show hand 
*** SUMMARY ***
Total pot $0.26 | Rake $0.01 
Board [5c Ks Qs]
Seat 2: Dorex2007 collected ($0.25)
Seat 3: jl1955 folded before Flop (didn't bet)
Seat 4: Tobiz89 (button) folded before Flop (didn't bet)
Seat 5: LaoWang0215 (small blind) folded on the Flop
Seat 6: 2VERY (big blind) folded before Flop
Seat 7: shawmoney folded before Flop (didn't bet)
Seat 8: valeriafim folded on the Flop
Seat 9: blopisanz folded before Flop (didn't bet)



PokerStars Hand #234469293650:  Hold'em No Limit ($0.01/$0.02 USD) - 2022/02/28 21:13:28 PT [2022/03/01 0:13:28 ET]
Table 'Marlu' 9-max Seat #5 is the button
Seat 2: Dorex2007 ($3.61 in chips) 
Seat 3: jl1955 ($1.57 in chips) 
Seat 4: Tobiz89 ($2.11 in chips) 
Seat 5: LaoWang0215 ($0.76 in chips) 
Seat 6: 2VERY ($1.62 in chips) 
Seat 7: shawmoney ($3.01 in chips) 
Seat 8: valeriafim ($0.53 in chips) 
Seat 9: blopisanz ($1.81 in chips) 
2VERY: posts small blind $0.01
shawmoney: posts big blind $0.02
*** HOLE CARDS ***
Dealt to Dorex2007 [Kd Jd]
valeriafim: calls $0.02
blopisanz: folds 
Dorex2007: raises $0.04 to $0.06
jl1955: folds 
Tobiz89: folds 
LaoWang0215: folds 
2VERY: folds 
shawmoney: folds 
valeriafim: calls $0.04
*** FLOP *** [9h Jh 6s]
valeriafim: bets $0.47 and is all-in
Dorex2007: calls $0.47
*** TURN *** [9h Jh 6s] [9d]
*** RIVER *** [9h Jh 6s 9d] [Th]
*** SHOW DOWN ***
valeriafim: shows [3h 6h] (a flush, Jack high)
Dorex2007: shows [Kd Jd] (two pair, Jacks and Nines)
valeriafim collected $1.05 from pot
Dorex2007 cashed out the hand for $0.51 | Cash Out Fee $0.01
*** SUMMARY ***
Total pot $1.09 | Rake $0.04 
Board [9h Jh 6s 9d Th]
Seat 2: Dorex2007 showed [Kd Jd] and lost with two pair, Jacks and Nines (cashed out).
Seat 3: jl1955 folded before Flop (didn't bet)
Seat 4: Tobiz89 folded before Flop (didn't bet)
Seat 5: LaoWang0215 (button) folded before Flop (didn't bet)
Seat 6: 2VERY (small blind) folded before Flop
Seat 7: shawmoney (big blind) folded before Flop
Seat 8: valeriafim showed [3h 6h] and won ($1.05) with a flush, Jack high
Seat 9: blopisanz folded before Flop (didn't bet)



PokerStars Hand #234469299302:  Hold'em No Limit ($0.01/$0.02 USD) - 2022/02/28 21:14:10 PT [2022/03/01 0:14:10 ET]
Table 'Marlu' 9-max Seat #6 is the button
Seat 2: Dorex2007 ($3.59 in chips) 
Seat 3: jl1955 ($1.57 in chips) 
Seat 4: Tobiz89 ($2.11 in chips) 
Seat 5: LaoWang0215 ($0.76 in chips) 
Seat 6: 2VERY ($1.61 in chips) 
Seat 7: shawmoney ($2.99 in chips) 
Seat 8: valeriafim ($1.05 in chips) 
Seat 9: blopisanz ($1.81 in chips) 
shawmoney: posts small blind $0.01
valeriafim: posts big blind $0.02
*** HOLE CARDS ***
Dealt to Dorex2007 [8h 3h]
blopisanz: folds 
Dorex2007: folds 
jl1955: folds 
Tobiz89: folds 
LaoWang0215: calls $0.02
2VERY: folds 
shawmoney: calls $0.01
frosa9397 leaves the table
valeriafim: checks 
*** FLOP *** [Ks As Js]
shawmoney: checks 
valeriafim: checks 
LaoWang0215: bets $0.04
shawmoney: calls $0.04
valeriafim: folds 
*** TURN *** [Ks As Js] [8c]
shawmoney: checks 
LaoWang0215: bets $0.08
shawmoney: raises $0.08 to $0.16
LaoWang0215: calls $0.08
*** RIVER *** [Ks As Js 8c] [9h]
shawmoney: bets $0.22
LaoWang0215: calls $0.22
*** SHOW DOWN ***
shawmoney: shows [Ah Qd] (a pair of Aces)
LaoWang0215: shows [Ac Qh] (a pair of Aces)
shawmoney collected $0.44 from pot
LaoWang0215 collected $0.43 from pot
*** SUMMARY ***
Total pot $0.90 | Rake $0.03 
Board [Ks As Js 8c 9h]
Seat 2: Dorex2007 folded before Flop (didn't bet)
Seat 3: jl1955 folded before Flop (didn't bet)
Seat 4: Tobiz89 folded before Flop (didn't bet)
Seat 5: LaoWang0215 showed [Ac Qh] and won ($0.43) with a pair of Aces
Seat 6: 2VERY (button) folded before Flop (didn't bet)
Seat 7: shawmoney (small blind) showed [Ah Qd] and won ($0.44) with a pair of Aces
Seat 8: valeriafim (big blind) folded on the Flop
Seat 9: blopisanz folded before Flop (didn't bet)



PokerStars Hand #234469305937:  Hold'em No Limit ($0.01/$0.02 USD) - 2022/02/28 21:14:59 PT [2022/03/01 0:14:59 ET]
Table 'Marlu' 9-max Seat #7 is the button
Seat 2: Dorex2007 ($3.59 in chips) 
Seat 3: jl1955 ($1.57 in chips) 
Seat 4: Tobiz89 ($2.11 in chips) 
Seat 5: LaoWang0215 ($0.75 in chips) 
Seat 6: 2VERY ($1.61 in chips) 
Seat 7: shawmoney ($2.99 in chips) 
Seat 8: valeriafim ($1.03 in chips) 
Seat 9: blopisanz ($1.81 in chips) 
valeriafim: posts small blind $0.01
mrjapa1000 joins the table at seat #1 
blopisanz: posts big blind $0.02
*** HOLE CARDS ***
Dealt to Dorex2007 [9h Ad]
Dorex2007: folds 
jl1955: folds 
Tobiz89: folds 
LaoWang0215: calls $0.02
2VERY: raises $0.06 to $0.08
shawmoney: folds 
valeriafim: folds 
blopisanz: folds 
LaoWang0215: folds 
Uncalled bet ($0.06) returned to 2VERY
2VERY collected $0.07 from pot
2VERY: doesn't show hand 
*** SUMMARY ***
Total pot $0.07 | Rake $0 
Seat 2: Dorex2007 folded before Flop (didn't bet)
Seat 3: jl1955 folded before Flop (didn't bet)
Seat 4: Tobiz89 folded before Flop (didn't bet)
Seat 5: LaoWang0215 folded before Flop
Seat 6: 2VERY collected ($0.07)
Seat 7: shawmoney (button) folded before Flop (didn't bet)
Seat 8: valeriafim (small blind) folded before Flop
Seat 9: blopisanz (big blind) folded before Flop



PokerStars Hand #234469309152:  Hold'em No Limit ($0.01/$0.02 USD) - 2022/02/28 21:15:23 PT [2022/03/01 0:15:23 ET]
Table 'Marlu' 9-max Seat #8 is the button
Seat 1: mrjapa1000 ($2 in chips) 
Seat 2: Dorex2007 ($3.59 in chips) 
Seat 3: jl1955 ($1.57 in chips) 
Seat 4: Tobiz89 ($2.11 in chips) 
Seat 5: LaoWang0215 ($0.73 in chips) 
Seat 6: 2VERY ($1.66 in chips) 
Seat 7: shawmoney ($2.99 in chips) 
Seat 8: valeriafim ($1.02 in chips) 
Seat 9: blopisanz ($1.79 in chips) 
blopisanz: posts small blind $0.01
mrjapa1000: posts big blind $0.02
*** HOLE CARDS ***
Dealt to Dorex2007 [3d Jh]
Dorex2007: folds 
jl1955: folds 
Tobiz89: folds 
LaoWang0215: calls $0.02
2VERY: folds 
shawmoney: calls $0.02
valeriafim: calls $0.02
blopisanz: folds 
mrjapa1000: checks 
*** FLOP *** [7c 4d 9d]
mrjapa1000: checks 
LaoWang0215: checks 
shawmoney: bets $0.09
valeriafim: folds 
mrjapa1000: folds 
LaoWang0215: folds 
Uncalled bet ($0.09) returned to shawmoney
shawmoney collected $0.09 from pot
shawmoney: doesn't show hand 
*** SUMMARY ***
Total pot $0.09 | Rake $0 
Board [7c 4d 9d]
Seat 1: mrjapa1000 (big blind) folded on the Flop
Seat 2: Dorex2007 folded before Flop (didn't bet)
Seat 3: jl1955 folded before Flop (didn't bet)
Seat 4: Tobiz89 folded before Flop (didn't bet)
Seat 5: LaoWang0215 folded on the Flop
Seat 6: 2VERY folded before Flop (didn't bet)
Seat 7: shawmoney collected ($0.09)
Seat 8: valeriafim (button) folded on the Flop
Seat 9: blopisanz (small blind) folded before Flop



PokerStars Hand #234469316143:  Hold'em No Limit ($0.01/$0.02 USD) - 2022/02/28 21:16:15 PT [2022/03/01 0:16:15 ET]
Table 'Marlu' 9-max Seat #9 is the button
Seat 1: mrjapa1000 ($1.98 in chips) 
Seat 2: Dorex2007 ($3.59 in chips) 
Seat 3: jl1955 ($1.57 in chips) 
Seat 4: Tobiz89 ($2.11 in chips) 
Seat 5: LaoWang0215 ($0.71 in chips) 
Seat 6: 2VERY ($1.66 in chips) 
Seat 7: shawmoney ($3.06 in chips) 
Seat 8: valeriafim ($1 in chips) 
Seat 9: blopisanz ($1.78 in chips) 
mrjapa1000: posts small blind $0.01
Dorex2007: posts big blind $0.02
*** HOLE CARDS ***
Dealt to Dorex2007 [4d Kd]
jl1955: folds 
Tobiz89: folds 
LaoWang0215: calls $0.02
2VERY: folds 
shawmoney: folds 
valeriafim: folds 
blopisanz: calls $0.02
mrjapa1000: calls $0.01
Dorex2007: checks 
*** FLOP *** [6h 5d Js]
mrjapa1000: checks 
Dorex2007: checks 
LaoWang0215: bets $0.02
blopisanz: calls $0.02
mrjapa1000: calls $0.02
Dorex2007: folds 
*** TURN *** [6h 5d Js] [Jd]
mrjapa1000: checks 
LaoWang0215: bets $0.06
blopisanz: folds 
mrjapa1000: calls $0.06
*** RIVER *** [6h 5d Js Jd] [2s]
mrjapa1000: checks 
LaoWang0215: bets $0.10
mrjapa1000: calls $0.10
*** SHOW DOWN ***
LaoWang0215: shows [Qh Ah] (a pair of Jacks)
mrjapa1000: shows [8s 8c] (two pair, Jacks and Eights)
mrjapa1000 collected $0.44 from pot
*** SUMMARY ***
Total pot $0.46 | Rake $0.02 
Board [6h 5d Js Jd 2s]
Seat 1: mrjapa1000 (small blind) showed [8s 8c] and won ($0.44) with two pair, Jacks and Eights
Seat 2: Dorex2007 (big blind) folded on the Flop
Seat 3: jl1955 folded before Flop (didn't bet)
Seat 4: Tobiz89 folded before Flop (didn't bet)
Seat 5: LaoWang0215 showed [Qh Ah] and lost with a pair of Jacks
Seat 6: 2VERY folded before Flop (didn't bet)
Seat 7: shawmoney folded before Flop (didn't bet)
Seat 8: valeriafim folded before Flop (didn't bet)
Seat 9: blopisanz (button) folded on the Turn



PokerStars Hand #234469327764:  Hold'em No Limit ($0.01/$0.02 USD) - 2022/02/28 21:17:41 PT [2022/03/01 0:17:41 ET]
Table 'Marlu' 9-max Seat #1 is the button
Seat 1: mrjapa1000 ($2.22 in chips) 
Seat 2: Dorex2007 ($3.57 in chips) 
Seat 3: jl1955 ($1.57 in chips) 
Seat 4: Tobiz89 ($2.11 in chips) 
Seat 5: LaoWang0215 ($0.51 in chips) 
Seat 6: 2VERY ($1.66 in chips) 
Seat 7: shawmoney ($3.06 in chips) 
Seat 8: valeriafim ($1 in chips) 
Seat 9: blopisanz ($1.74 in chips) 
Dorex2007: posts small blind $0.01
jl1955: posts big blind $0.02
*** HOLE CARDS ***
Dealt to Dorex2007 [6s Kd]
Tobiz89: folds 
LaoWang0215: calls $0.02
2VERY: folds 
shawmoney: folds 
valeriafim: calls $0.02
blopisanz: folds 
mrjapa1000: folds 
Dorex2007: folds 
jl1955: checks 
*** FLOP *** [Ts Jc Qs]
jl1955: checks 
LaoWang0215: checks 
valeriafim: checks 
*** TURN *** [Ts Jc Qs] [8s]
jl1955: checks 
LaoWang0215: bets $0.04
valeriafim: raises $0.94 to $0.98 and is all-in
jl1955: folds 
LaoWang0215: folds 
Uncalled bet ($0.94) returned to valeriafim
valeriafim collected $0.14 from pot
*** SUMMARY ***
Total pot $0.15 | Rake $0.01 
Board [Ts Jc Qs 8s]
Seat 1: mrjapa1000 (button) folded before Flop (didn't bet)
Seat 2: Dorex2007 (small blind) folded before Flop
Seat 3: jl1955 (big blind) folded on the Turn
Seat 4: Tobiz89 folded before Flop (didn't bet)
Seat 5: LaoWang0215 folded on the Turn
Seat 6: 2VERY folded before Flop (didn't bet)
Seat 7: shawmoney folded before Flop (didn't bet)
Seat 8: valeriafim collected ($0.14)
Seat 9: blopisanz folded before Flop (didn't bet)



PokerStars Hand #234469333064:  Hold'em No Limit ($0.01/$0.02 USD) - 2022/02/28 21:18:21 PT [2022/03/01 0:18:21 ET]
Table 'Marlu' 9-max Seat #2 is the button
Seat 1: mrjapa1000 ($2.22 in chips) 
Seat 2: Dorex2007 ($3.56 in chips) 
Seat 3: jl1955 ($1.55 in chips) 
Seat 4: Tobiz89 ($2.11 in chips) 
Seat 5: LaoWang0215 ($0.45 in chips) 
Seat 6: 2VERY ($1.66 in chips) 
Seat 7: shawmoney ($3.06 in chips) 
Seat 8: valeriafim ($1.08 in chips) 
Seat 9: blopisanz ($1.74 in chips) 
jl1955: posts small blind $0.01
Tobiz89: posts big blind $0.02
*** HOLE CARDS ***
Dealt to Dorex2007 [8s 2s]
LaoWang0215: raises $0.04 to $0.06
2VERY: folds 
shawmoney: folds 
valeriafim: calls $0.06
blopisanz: folds 
mrjapa1000: folds 
Dorex2007: folds 
jl1955: folds 
Tobiz89: folds 
*** FLOP *** [7c Tc Qh]
LaoWang0215: checks 
valeriafim: checks 
*** TURN *** [7c Tc Qh] [7d]
LaoWang0215: bets $0.08
valeriafim: folds 
Uncalled bet ($0.08) returned to LaoWang0215
LaoWang0215 collected $0.14 from pot
LaoWang0215: doesn't show hand 
*** SUMMARY ***
Total pot $0.15 | Rake $0.01 
Board [7c Tc Qh 7d]
Seat 1: mrjapa1000 folded before Flop (didn't bet)
Seat 2: Dorex2007 (button) folded before Flop (didn't bet)
Seat 3: jl1955 (small blind) folded before Flop
Seat 4: Tobiz89 (big blind) folded before Flop
Seat 5: LaoWang0215 collected ($0.14)
Seat 6: 2VERY folded before Flop (didn't bet)
Seat 7: shawmoney folded before Flop (didn't bet)
Seat 8: valeriafim folded on the Turn
Seat 9: blopisanz folded before Flop (didn't bet)



PokerStars Hand #234469338253:  Hold'em No Limit ($0.01/$0.02 USD) - 2022/02/28 21:19:01 PT [2022/03/01 0:19:01 ET]
Table 'Marlu' 9-max Seat #3 is the button
Seat 1: mrjapa1000 ($2.22 in chips) 
Seat 2: Dorex2007 ($3.56 in chips) 
Seat 3: jl1955 ($1.54 in chips) 
Seat 4: Tobiz89 ($2.09 in chips) 
Seat 5: LaoWang0215 ($0.53 in chips) 
Seat 6: 2VERY ($1.66 in chips) 
Seat 7: shawmoney ($3.06 in chips) 
Seat 8: valeriafim ($1.02 in chips) 
Seat 9: blopisanz ($1.74 in chips) 
Tobiz89: posts small blind $0.01
LaoWang0215: posts big blind $0.02
*** HOLE CARDS ***
Dealt to Dorex2007 [9h Ah]
2VERY: folds 
shawmoney: folds 
valeriafim: raises $0.16 to $0.18
blopisanz: raises $1.56 to $1.74 and is all-in
mrjapa1000: folds 
Dorex2007: folds 
jl1955: folds 
Tobiz89: folds 
LaoWang0215: folds 
valeriafim: calls $0.84 and is all-in
Uncalled bet ($0.72) returned to blopisanz
*** FLOP *** [Qd Qh Ac]
*** TURN *** [Qd Qh Ac] [5s]
*** RIVER *** [Qd Qh Ac 5s] [8h]
*** SHOW DOWN ***
valeriafim: shows [Js As] (two pair, Aces and Queens)
blopisanz: shows [Kd Kh] (two pair, Kings and Queens)
valeriafim collected $2 from pot
blopisanz cashed out the hand for $1.34 | Cash Out Fee $0.01
*** SUMMARY ***
Total pot $2.07 | Rake $0.07 
Board [Qd Qh Ac 5s 8h]
Seat 1: mrjapa1000 folded before Flop (didn't bet)
Seat 2: Dorex2007 folded before Flop (didn't bet)
Seat 3: jl1955 (button) folded before Flop (didn't bet)
Seat 4: Tobiz89 (small blind) folded before Flop
Seat 5: LaoWang0215 (big blind) folded before Flop
Seat 6: 2VERY folded before Flop (didn't bet)
Seat 7: shawmoney folded before Flop (didn't bet)
Seat 8: valeriafim showed [Js As] and won ($2) with two pair, Aces and Queens
Seat 9: blopisanz showed [Kd Kh] and lost with two pair, Kings and Queens (cashed out).



PokerStars Hand #234469342740:  Hold'em No Limit ($0.01/$0.02 USD) - 2022/02/28 21:19:35 PT [2022/03/01 0:19:35 ET]
Table 'Marlu' 9-max Seat #4 is the button
Seat 1: mrjapa1000 ($2.22 in chips) 
Seat 2: Dorex2007 ($3.56 in chips) 
Seat 3: jl1955 ($1.54 in chips) 
Seat 4: Tobiz89 ($2.08 in chips) 
Seat 5: LaoWang0215 ($0.51 in chips) 
Seat 6: 2VERY ($1.66 in chips) 
Seat 7: shawmoney ($3.06 in chips) 
Seat 8: valeriafim ($2 in chips) 
Seat 9: blopisanz ($2.06 in chips) 
LaoWang0215: posts small blind $0.01
2VERY: posts big blind $0.02
*** HOLE CARDS ***
Dealt to Dorex2007 [7h 4s]
shawmoney: calls $0.02
valeriafim: calls $0.02
blopisanz: folds 
mrjapa1000: calls $0.02
Dorex2007: folds 
jl1955: folds 
Tobiz89: raises $0.12 to $0.14
LaoWang0215: folds 
2VERY: folds 
shawmoney: folds 
valeriafim: folds 
mrjapa1000: folds 
Uncalled bet ($0.12) returned to Tobiz89
Tobiz89 collected $0.11 from pot
Tobiz89: doesn't show hand 
*** SUMMARY ***
Total pot $0.11 | Rake $0 
Seat 1: mrjapa1000 folded before Flop
Seat 2: Dorex2007 folded before Flop (didn't bet)
Seat 3: jl1955 folded before Flop (didn't bet)
Seat 4: Tobiz89 (button) collected ($0.11)
Seat 5: LaoWang0215 (small blind) folded before Flop
Seat 6: 2VERY (big blind) folded before Flop
Seat 7: shawmoney folded before Flop
Seat 8: valeriafim folded before Flop
Seat 9: blopisanz folded before Flop (didn't bet)



PokerStars Hand #234469347391:  Hold'em No Limit ($0.01/$0.02 USD) - 2022/02/28 21:20:11 PT [2022/03/01 0:20:11 ET]
Table 'Marlu' 9-max Seat #5 is the button
Seat 1: mrjapa1000 ($2.20 in chips) 
Seat 2: Dorex2007 ($3.56 in chips) 
Seat 3: jl1955 ($1.54 in chips) 
Seat 4: Tobiz89 ($2.17 in chips) 
Seat 5: LaoWang0215 ($0.50 in chips) 
Seat 6: 2VERY ($1.64 in chips) 
Seat 7: shawmoney ($3.04 in chips) 
Seat 8: valeriafim ($1.98 in chips) 
Seat 9: blopisanz ($2.06 in chips) 
2VERY: posts small blind $0.01
shawmoney: posts big blind $0.02
*** HOLE CARDS ***
Dealt to Dorex2007 [Jc 5s]
valeriafim: raises $0.04 to $0.06
blopisanz: folds 
mrjapa1000: folds 
Dorex2007: folds 
jl1955: folds 
Tobiz89: folds 
LaoWang0215: folds 
2VERY: folds 
shawmoney: calls $0.04
*** FLOP *** [2s 3c 3h]
shawmoney: bets $0.06
valeriafim: calls $0.06
*** TURN *** [2s 3c 3h] [Qc]
shawmoney: bets $0.12
valeriafim: folds 
Uncalled bet ($0.12) returned to shawmoney
shawmoney collected $0.24 from pot
shawmoney: doesn't show hand 
*** SUMMARY ***
Total pot $0.25 | Rake $0.01 
Board [2s 3c 3h Qc]
Seat 1: mrjapa1000 folded before Flop (didn't bet)
Seat 2: Dorex2007 folded before Flop (didn't bet)
Seat 3: jl1955 folded before Flop (didn't bet)
Seat 4: Tobiz89 folded before Flop (didn't bet)
Seat 5: LaoWang0215 (button) folded before Flop (didn't bet)
Seat 6: 2VERY (small blind) folded before Flop
Seat 7: shawmoney (big blind) collected ($0.24)
Seat 8: valeriafim folded on the Turn
Seat 9: blopisanz folded before Flop (didn't bet)



PokerStars Hand #234469353349:  Hold'em No Limit ($0.01/$0.02 USD) - 2022/02/28 21:20:56 PT [2022/03/01 0:20:56 ET]
Table 'Marlu' 9-max Seat #6 is the button
Seat 1: mrjapa1000 ($2.20 in chips) 
Seat 2: Dorex2007 ($3.56 in chips) 
Seat 3: jl1955 ($1.54 in chips) 
Seat 4: Tobiz89 ($2.17 in chips) 
Seat 5: LaoWang0215 ($0.50 in chips) 
Seat 6: 2VERY ($1.63 in chips) 
Seat 7: shawmoney ($3.16 in chips) 
Seat 8: valeriafim ($1.86 in chips) 
Seat 9: blopisanz ($2.06 in chips) 
shawmoney: posts small blind $0.01
valeriafim: posts big blind $0.02
*** HOLE CARDS ***
Dealt to Dorex2007 [6c 4c]
blopisanz: folds 
mrjapa1000: folds 
Dorex2007: folds 
jl1955: folds 
Tobiz89: folds 
LaoWang0215: calls $0.02
2VERY: folds 
shawmoney: calls $0.01
valeriafim: checks 
*** FLOP *** [Kh 2c 8h]
shawmoney: checks 
valeriafim: checks 
LaoWang0215: checks 
*** TURN *** [Kh 2c 8h] [6s]
shawmoney: checks 
valeriafim: checks 
LaoWang0215: checks 
*** RIVER *** [Kh 2c 8h 6s] [5c]
shawmoney: checks 
valeriafim: bets $0.20
LaoWang0215: folds 
shawmoney: folds 
Uncalled bet ($0.20) returned to valeriafim
valeriafim collected $0.06 from pot
valeriafim: doesn't show hand 
*** SUMMARY ***
Total pot $0.06 | Rake $0 
Board [Kh 2c 8h 6s 5c]
Seat 1: mrjapa1000 folded before Flop (didn't bet)
Seat 2: Dorex2007 folded before Flop (didn't bet)
Seat 3: jl1955 folded before Flop (didn't bet)
Seat 4: Tobiz89 folded before Flop (didn't bet)
Seat 5: LaoWang0215 folded on the River
Seat 6: 2VERY (button) folded before Flop (didn't bet)
Seat 7: shawmoney (small blind) folded on the River
Seat 8: valeriafim (big blind) collected ($0.06)
Seat 9: blopisanz folded before Flop (didn't bet)



PokerStars Hand #234469359478:  Hold'em No Limit ($0.01/$0.02 USD) - 2022/02/28 21:21:43 PT [2022/03/01 0:21:43 ET]
Table 'Marlu' 9-max Seat #7 is the button
Seat 1: mrjapa1000 ($2.20 in chips) 
Seat 2: Dorex2007 ($3.56 in chips) 
Seat 3: jl1955 ($1.54 in chips) 
Seat 4: Tobiz89 ($2.17 in chips) 
Seat 5: LaoWang0215 ($0.48 in chips) 
Seat 6: 2VERY ($1.63 in chips) 
Seat 7: shawmoney ($3.14 in chips) 
Seat 8: valeriafim ($1.90 in chips) 
Seat 9: blopisanz ($2.06 in chips) 
valeriafim: posts small blind $0.01
blopisanz: posts big blind $0.02
*** HOLE CARDS ***
Dealt to Dorex2007 [2h 8c]
mrjapa1000: calls $0.02
Dorex2007: folds 
jl1955: folds 
Tobiz89: folds 
LaoWang0215: folds 
2VERY: calls $0.02
shawmoney: calls $0.02
valeriafim: calls $0.01
blopisanz: checks 
*** FLOP *** [Jh 8h 3h]
valeriafim: bets $0.22
blopisanz: folds 
mrjapa1000: raises $0.22 to $0.44
2VERY: folds 
shawmoney: folds 
valeriafim: raises $0.22 to $0.66
mrjapa1000: raises $1.52 to $2.18 and is all-in
valeriafim: calls $1.22 and is all-in
Uncalled bet ($0.30) returned to mrjapa1000
*** TURN *** [Jh 8h 3h] [Kc]
*** RIVER *** [Jh 8h 3h Kc] [4d]
*** SHOW DOWN ***
valeriafim: shows [Jc 3s] (two pair, Jacks and Threes)
mrjapa1000: shows [6h 5h] (a flush, Jack high)
mrjapa1000 cashed out the hand for $3.03 | Cash Out Fee $0.03
*** SUMMARY ***
Total pot $3.86 | Rake $0.14 
Board [Jh 8h 3h Kc 4d]
Seat 1: mrjapa1000 showed [6h 5h] and won ($3.72) with a flush, Jack high (pot not awarded as player cashed out)
Seat 2: Dorex2007 folded before Flop (didn't bet)
Seat 3: jl1955 folded before Flop (didn't bet)
Seat 4: Tobiz89 folded before Flop (didn't bet)
Seat 5: LaoWang0215 folded before Flop (didn't bet)
Seat 6: 2VERY folded on the Flop
Seat 7: shawmoney (button) folded on the Flop
Seat 8: valeriafim (small blind) showed [Jc 3s] and lost with two pair, Jacks and Threes
Seat 9: blopisanz (big blind) folded on the Flop



PokerStars Hand #234469375551:  Hold'em No Limit ($0.01/$0.02 USD) - 2022/02/28 21:22:48 PT [2022/03/01 0:22:48 ET]
Table 'Marlu' 9-max Seat #9 is the button
Seat 1: mrjapa1000 ($3.33 in chips) 
Seat 2: Dorex2007 ($3.56 in chips) 
Seat 3: jl1955 ($1.54 in chips) 
Seat 4: Tobiz89 ($2.17 in chips) 
Seat 5: LaoWang0215 ($0.48 in chips) 
Seat 6: 2VERY ($1.61 in chips) 
Seat 7: shawmoney ($3.12 in chips) 
Seat 9: blopisanz ($2.04 in chips) 
mrjapa1000: posts small blind $0.01
Dorex2007: posts big blind $0.02
*** HOLE CARDS ***
Dealt to Dorex2007 [Jd 6c]
jl1955: folds 
Tobiz89: folds 
LaoWang0215: folds 
2VERY: folds 
shawmoney: folds 
blopisanz: folds 
mrjapa1000: folds 
Uncalled bet ($0.01) returned to Dorex2007
Dorex2007 collected $0.02 from pot
Dorex2007: doesn't show hand 
*** SUMMARY ***
Total pot $0.02 | Rake $0 
Seat 1: mrjapa1000 (small blind) folded before Flop
Seat 2: Dorex2007 (big blind) collected ($0.02)
Seat 3: jl1955 folded before Flop (didn't bet)
Seat 4: Tobiz89 folded before Flop (didn't bet)
Seat 5: LaoWang0215 folded before Flop (didn't bet)
Seat 6: 2VERY folded before Flop (didn't bet)
Seat 7: shawmoney folded before Flop (didn't bet)
Seat 9: blopisanz (button) folded before Flop (didn't bet)



PokerStars Hand #234469377545:  Hold'em No Limit ($0.01/$0.02 USD) - 2022/02/28 21:23:04 PT [2022/03/01 0:23:04 ET]
Table 'Marlu' 9-max Seat #1 is the button
Seat 1: mrjapa1000 ($3.32 in chips) 
Seat 2: Dorex2007 ($3.57 in chips) 
Seat 3: jl1955 ($1.54 in chips) 
Seat 4: Tobiz89 ($2.17 in chips) 
Seat 5: LaoWang0215 ($0.48 in chips) 
Seat 6: 2VERY ($1.61 in chips) 
Seat 7: shawmoney ($3.12 in chips) 
Seat 9: blopisanz ($2.04 in chips) 
Dorex2007: posts small blind $0.01
jl1955: posts big blind $0.02
*** HOLE CARDS ***
Dealt to Dorex2007 [Ks 4h]
Tobiz89: folds 
LaoWang0215: calls $0.02
2VERY: folds 
shawmoney: calls $0.02
blopisanz: calls $0.02
mrjapa1000: calls $0.02
Dorex2007: folds 
jl1955: checks 
*** FLOP *** [Js 3c 6d]
jl1955: checks 
LaoWang0215: checks 
shawmoney: checks 
blopisanz: checks 
mrjapa1000: bets $0.04
jl1955: folds 
LaoWang0215: folds 
shawmoney: folds 
blopisanz: folds 
Uncalled bet ($0.04) returned to mrjapa1000
mrjapa1000 collected $0.11 from pot
mrjapa1000: doesn't show hand 
*** SUMMARY ***
Total pot $0.11 | Rake $0 
Board [Js 3c 6d]
Seat 1: mrjapa1000 (button) collected ($0.11)
Seat 2: Dorex2007 (small blind) folded before Flop
Seat 3: jl1955 (big blind) folded on the Flop
Seat 4: Tobiz89 folded before Flop (didn't bet)
Seat 5: LaoWang0215 folded on the Flop
Seat 6: 2VERY folded before Flop (didn't bet)
Seat 7: shawmoney folded on the Flop
Seat 9: blopisanz folded on the Flop



PokerStars Hand #234469382359:  Hold'em No Limit ($0.01/$0.02 USD) - 2022/02/28 21:23:40 PT [2022/03/01 0:23:40 ET]
Table 'Marlu' 9-max Seat #2 is the button
Seat 1: mrjapa1000 ($3.41 in chips) 
Seat 2: Dorex2007 ($3.56 in chips) 
Seat 3: jl1955 ($1.52 in chips) 
Seat 4: Tobiz89 ($2.17 in chips) 
Seat 5: LaoWang0215 ($0.46 in chips) 
Seat 6: 2VERY ($1.61 in chips) 
Seat 7: shawmoney ($3.10 in chips) 
Seat 8: valeriafim ($2 in chips) 
Seat 9: blopisanz ($2.02 in chips) 
jl1955: posts small blind $0.01
Tobiz89: posts big blind $0.02
*** HOLE CARDS ***
Dealt to Dorex2007 [6c Ad]
LaoWang0215: folds 
2VERY: folds 
shawmoney: calls $0.02
valeriafim: folds 
blopisanz: folds 
mrjapa1000: folds 
Dorex2007: folds 
jl1955: calls $0.01
Tobiz89: raises $0.10 to $0.12
shawmoney: folds 
jl1955: folds 
Uncalled bet ($0.10) returned to Tobiz89
Tobiz89 collected $0.06 from pot
Tobiz89: doesn't show hand 
*** SUMMARY ***
Total pot $0.06 | Rake $0 
Seat 1: mrjapa1000 folded before Flop (didn't bet)
Seat 2: Dorex2007 (button) folded before Flop (didn't bet)
Seat 3: jl1955 (small blind) folded before Flop
Seat 4: Tobiz89 (big blind) collected ($0.06)
Seat 5: LaoWang0215 folded before Flop (didn't bet)
Seat 6: 2VERY folded before Flop (didn't bet)
Seat 7: shawmoney folded before Flop
Seat 8: valeriafim folded before Flop (didn't bet)
Seat 9: blopisanz folded before Flop (didn't bet)



PokerStars Hand #234469385693:  Hold'em No Limit ($0.01/$0.02 USD) - 2022/02/28 21:24:05 PT [2022/03/01 0:24:05 ET]
Table 'Marlu' 9-max Seat #3 is the button
Seat 1: mrjapa1000 ($3.41 in chips) 
Seat 2: Dorex2007 ($3.56 in chips) 
Seat 3: jl1955 ($1.50 in chips) 
Seat 4: Tobiz89 ($2.21 in chips) 
Seat 5: LaoWang0215 ($0.46 in chips) 
Seat 6: 2VERY ($1.61 in chips) 
Seat 7: shawmoney ($3.08 in chips) 
Seat 8: valeriafim ($2 in chips) 
Seat 9: blopisanz ($2.02 in chips) 
Tobiz89: posts small blind $0.01
LaoWang0215: posts big blind $0.02
*** HOLE CARDS ***
Dealt to Dorex2007 [Qd Kd]
2VERY: folds 
shawmoney: calls $0.02
valeriafim: raises $0.16 to $0.18
blopisanz: folds 
mrjapa1000: folds 
Dorex2007: folds 
jl1955: folds 
Tobiz89: folds 
LaoWang0215: folds 
shawmoney: folds 
Uncalled bet ($0.16) returned to valeriafim
valeriafim collected $0.07 from pot
*** SUMMARY ***
Total pot $0.07 | Rake $0 
Seat 1: mrjapa1000 folded before Flop (didn't bet)
Seat 2: Dorex2007 folded before Flop (didn't bet)
Seat 3: jl1955 (button) folded before Flop (didn't bet)
Seat 4: Tobiz89 (small blind) folded before Flop
Seat 5: LaoWang0215 (big blind) folded before Flop
Seat 6: 2VERY folded before Flop (didn't bet)
Seat 7: shawmoney folded before Flop
Seat 8: valeriafim collected ($0.07)
Seat 9: blopisanz folded before Flop (didn't bet)



PokerStars Hand #234469388104:  Hold'em No Limit ($0.01/$0.02 USD) - 2022/02/28 21:24:23 PT [2022/03/01 0:24:23 ET]
Table 'Marlu' 9-max Seat #4 is the button
Seat 1: mrjapa1000 ($3.41 in chips) 
Seat 2: Dorex2007 ($3.56 in chips) 
Seat 3: jl1955 ($1.50 in chips) 
Seat 4: Tobiz89 ($2.20 in chips) 
Seat 5: LaoWang0215 ($0.44 in chips) 
Seat 6: 2VERY ($1.61 in chips) 
Seat 7: shawmoney ($3.06 in chips) 
Seat 8: valeriafim ($2.05 in chips) 
Seat 9: blopisanz ($2.02 in chips) 
LaoWang0215: posts small blind $0.01
2VERY: posts big blind $0.02
*** HOLE CARDS ***
Dealt to Dorex2007 [Ks 3d]
shawmoney: calls $0.02
valeriafim: calls $0.02
blopisanz: folds 
mrjapa1000: folds 
Dorex2007: folds 
jl1955: folds 
Tobiz89: folds 
LaoWang0215: calls $0.01
2VERY: checks 
*** FLOP *** [Th Jh Js]
LaoWang0215: checks 
2VERY: checks 
shawmoney: checks 
valeriafim: checks 
*** TURN *** [Th Jh Js] [2d]
LaoWang0215: checks 
2VERY: checks 
shawmoney: bets $0.02
valeriafim: calls $0.02
LaoWang0215: calls $0.02
2VERY: folds 
*** RIVER *** [Th Jh Js 2d] [8h]
LaoWang0215: checks 
shawmoney: bets $0.02
valeriafim: calls $0.02
LaoWang0215: folds 
*** SHOW DOWN ***
shawmoney: shows [7h Ac] (a pair of Jacks)
valeriafim: shows [4h 4d] (two pair, Jacks and Fours)
valeriafim collected $0.17 from pot
*** SUMMARY ***
Total pot $0.18 | Rake $0.01 
Board [Th Jh Js 2d 8h]
Seat 1: mrjapa1000 folded before Flop (didn't bet)
Seat 2: Dorex2007 folded before Flop (didn't bet)
Seat 3: jl1955 folded before Flop (didn't bet)
Seat 4: Tobiz89 (button) folded before Flop (didn't bet)
Seat 5: LaoWang0215 (small blind) folded on the River
Seat 6: 2VERY (big blind) folded on the Turn
Seat 7: shawmoney showed [7h Ac] and lost with a pair of Jacks
Seat 8: valeriafim showed [4h 4d] and won ($0.17) with two pair, Jacks and Fours
Seat 9: blopisanz folded before Flop (didn't bet)



PokerStars Hand #234469394912:  Hold'em No Limit ($0.01/$0.02 USD) - 2022/02/28 21:25:14 PT [2022/03/01 0:25:14 ET]
Table 'Marlu' 9-max Seat #5 is the button
Seat 1: mrjapa1000 ($3.41 in chips) 
Seat 2: Dorex2007 ($3.56 in chips) 
Seat 3: jl1955 ($1.50 in chips) 
Seat 4: Tobiz89 ($2.20 in chips) 
Seat 5: LaoWang0215 ($0.40 in chips) 
Seat 6: 2VERY ($1.59 in chips) 
Seat 7: shawmoney ($3 in chips) 
Seat 8: valeriafim ($2.16 in chips) 
Seat 9: blopisanz ($2.02 in chips) 
2VERY: posts small blind $0.01
shawmoney: posts big blind $0.02
*** HOLE CARDS ***
Dealt to Dorex2007 [Qc 4s]
valeriafim: folds 
blopisanz: folds 
mrjapa1000: folds 
Dorex2007: folds 
jl1955: folds 
Tobiz89: folds 
LaoWang0215: calls $0.02
2VERY: calls $0.01
shawmoney: checks 
*** FLOP *** [8h Td 8s]
2VERY: checks 
shawmoney: checks 
LaoWang0215: checks 
*** TURN *** [8h Td 8s] [Jc]
2VERY: checks 
shawmoney: checks 
LaoWang0215: bets $0.04
2VERY: folds 
shawmoney: folds 
Uncalled bet ($0.04) returned to LaoWang0215
LaoWang0215 collected $0.06 from pot
LaoWang0215: doesn't show hand 
*** SUMMARY ***
Total pot $0.06 | Rake $0 
Board [8h Td 8s Jc]
Seat 1: mrjapa1000 folded before Flop (didn't bet)
Seat 2: Dorex2007 folded before Flop (didn't bet)
Seat 3: jl1955 folded before Flop (didn't bet)
Seat 4: Tobiz89 folded before Flop (didn't bet)
Seat 5: LaoWang0215 (button) collected ($0.06)
Seat 6: 2VERY (small blind) folded on the Turn
Seat 7: shawmoney (big blind) folded on the Turn
Seat 8: valeriafim folded before Flop (didn't bet)
Seat 9: blopisanz folded before Flop (didn't bet)



PokerStars Hand #234469399956:  Hold'em No Limit ($0.01/$0.02 USD) - 2022/02/28 21:25:53 PT [2022/03/01 0:25:53 ET]
Table 'Marlu' 9-max Seat #6 is the button
Seat 1: mrjapa1000 ($3.41 in chips) 
Seat 2: Dorex2007 ($3.56 in chips) 
Seat 3: jl1955 ($1.50 in chips) 
Seat 4: Tobiz89 ($2.20 in chips) 
Seat 5: LaoWang0215 ($0.44 in chips) 
Seat 6: 2VERY ($1.57 in chips) 
Seat 7: shawmoney ($2.98 in chips) 
Seat 8: valeriafim ($2.16 in chips) 
Seat 9: blopisanz ($2.02 in chips) 
shawmoney: posts small blind $0.01
valeriafim: posts big blind $0.02
*** HOLE CARDS ***
Dealt to Dorex2007 [3d Ks]
blopisanz: folds 
mrjapa1000: folds 
Dorex2007: folds 
jl1955: folds 
Tobiz89: folds 
LaoWang0215: calls $0.02
2VERY: folds 
shawmoney: raises $0.04 to $0.06
valeriafim: folds 
LaoWang0215: folds 
Uncalled bet ($0.04) returned to shawmoney
shawmoney collected $0.06 from pot
shawmoney: doesn't show hand 
*** SUMMARY ***
Total pot $0.06 | Rake $0 
Seat 1: mrjapa1000 folded before Flop (didn't bet)
Seat 2: Dorex2007 folded before Flop (didn't bet)
Seat 3: jl1955 folded before Flop (didn't bet)
Seat 4: Tobiz89 folded before Flop (didn't bet)
Seat 5: LaoWang0215 folded before Flop
Seat 6: 2VERY (button) folded before Flop (didn't bet)
Seat 7: shawmoney (small blind) collected ($0.06)
Seat 8: valeriafim (big blind) folded before Flop
Seat 9: blopisanz folded before Flop (didn't bet)



PokerStars Hand #234469403849:  Hold'em No Limit ($0.01/$0.02 USD) - 2022/02/28 21:26:23 PT [2022/03/01 0:26:23 ET]
Table 'Marlu' 9-max Seat #7 is the button
Seat 1: mrjapa1000 ($3.41 in chips) 
Seat 2: Dorex2007 ($3.56 in chips) 
Seat 3: jl1955 ($1.50 in chips) 
Seat 4: Tobiz89 ($2.20 in chips) 
Seat 5: LaoWang0215 ($0.42 in chips) 
Seat 6: 2VERY ($1.57 in chips) 
Seat 7: shawmoney ($3.02 in chips) 
Seat 8: valeriafim ($2.14 in chips) 
Seat 9: blopisanz ($2.02 in chips) 
valeriafim: posts small blind $0.01
blopisanz: posts big blind $0.02
*** HOLE CARDS ***
Dealt to Dorex2007 [4h 4s]
mrjapa1000: folds 
Dorex2007: calls $0.02
jl1955: folds 
Tobiz89: folds 
LaoWang0215: calls $0.02
2VERY: folds 
shawmoney: calls $0.02
valeriafim: calls $0.01
blopisanz: checks 
*** FLOP *** [8s 9h As]
valeriafim: checks 
blopisanz: bets $0.02
Dorex2007: folds 
LaoWang0215: folds 
shawmoney: folds 
valeriafim: calls $0.02
*** TURN *** [8s 9h As] [Jc]
valeriafim: checks 
blopisanz: checks 
*** RIVER *** [8s 9h As Jc] [5s]
valeriafim: checks 
blopisanz: bets $0.05
valeriafim: calls $0.05
*** SHOW DOWN ***
blopisanz: shows [7s 6h] (a straight, Five to Nine)
valeriafim: mucks hand 
blopisanz collected $0.23 from pot
*** SUMMARY ***
Total pot $0.24 | Rake $0.01 
Board [8s 9h As Jc 5s]
Seat 1: mrjapa1000 folded before Flop (didn't bet)
Seat 2: Dorex2007 folded on the Flop
Seat 3: jl1955 folded before Flop (didn't bet)
Seat 4: Tobiz89 folded before Flop (didn't bet)
Seat 5: LaoWang0215 folded on the Flop
Seat 6: 2VERY folded before Flop (didn't bet)
Seat 7: shawmoney (button) folded on the Flop
Seat 8: valeriafim (small blind) mucked [Tc Js]
Seat 9: blopisanz (big blind) showed [7s 6h] and won ($0.23) with a straight, Five to Nine



PokerStars Hand #234469410922:  Hold'em No Limit ($0.01/$0.02 USD) - 2022/02/28 21:27:17 PT [2022/03/01 0:27:17 ET]
Table 'Marlu' 9-max Seat #8 is the button
Seat 1: mrjapa1000 ($3.41 in chips) 
Seat 2: Dorex2007 ($3.54 in chips) 
Seat 3: jl1955 ($1.50 in chips) 
Seat 4: Tobiz89 ($2.20 in chips) 
Seat 5: LaoWang0215 ($0.40 in chips) 
Seat 6: 2VERY ($1.57 in chips) 
Seat 7: shawmoney ($3 in chips) 
Seat 8: valeriafim ($2.05 in chips) 
Seat 9: blopisanz ($2.16 in chips) 
blopisanz: posts small blind $0.01
mrjapa1000: posts big blind $0.02
*** HOLE CARDS ***
Dealt to Dorex2007 [4d 9c]
Dorex2007: folds 
jl1955: folds 
Tobiz89: raises $0.04 to $0.06
LaoWang0215: calls $0.06
2VERY: folds 
shawmoney: folds 
valeriafim: folds 
blopisanz: folds 
mrjapa1000: calls $0.04
*** FLOP *** [6d 6s Qc]
mrjapa1000: bets $0.06
Tobiz89: calls $0.06
LaoWang0215: folds 
*** TURN *** [6d 6s Qc] [7s]
mrjapa1000: bets $0.10
Tobiz89: calls $0.10
*** RIVER *** [6d 6s Qc 7s] [7d]
mrjapa1000: bets $0.16
Tobiz89: calls $0.16
*** SHOW DOWN ***
mrjapa1000: shows [Kc Qh] (two pair, Queens and Sevens)
Tobiz89: shows [Ac Ad] (two pair, Aces and Sevens)
Tobiz89 collected $0.80 from pot
*** SUMMARY ***
Total pot $0.83 | Rake $0.03 
Board [6d 6s Qc 7s 7d]
Seat 1: mrjapa1000 (big blind) showed [Kc Qh] and lost with two pair, Queens and Sevens
Seat 2: Dorex2007 folded before Flop (didn't bet)
Seat 3: jl1955 folded before Flop (didn't bet)
Seat 4: Tobiz89 showed [Ac Ad] and won ($0.80) with two pair, Aces and Sevens
Seat 5: LaoWang0215 folded on the Flop
Seat 6: 2VERY folded before Flop (didn't bet)
Seat 7: shawmoney folded before Flop (didn't bet)
Seat 8: valeriafim (button) folded before Flop (didn't bet)
Seat 9: blopisanz (small blind) folded before Flop



PokerStars Hand #234469417804:  Hold'em No Limit ($0.01/$0.02 USD) - 2022/02/28 21:28:09 PT [2022/03/01 0:28:09 ET]
Table 'Marlu' 9-max Seat #9 is the button
Seat 1: mrjapa1000 ($3.03 in chips) 
Seat 2: Dorex2007 ($3.54 in chips) 
Seat 3: jl1955 ($1.50 in chips) 
Seat 4: Tobiz89 ($2.62 in chips) 
Seat 5: LaoWang0215 ($0.34 in chips) 
Seat 6: 2VERY ($1.57 in chips) 
Seat 7: shawmoney ($3 in chips) 
Seat 8: valeriafim ($2.05 in chips) 
Seat 9: blopisanz ($2.15 in chips) 
mrjapa1000: posts small blind $0.01
Dorex2007: posts big blind $0.02
*** HOLE CARDS ***
Dealt to Dorex2007 [7s 7d]
jl1955: folds 
Tobiz89: folds 
LaoWang0215: calls $0.02
2VERY: folds 
shawmoney: calls $0.02
valeriafim: calls $0.02
blopisanz: folds 
mrjapa1000: calls $0.01
Dorex2007: checks 
*** FLOP *** [2c 4d 5s]
mrjapa1000: checks 
Dorex2007: checks 
LaoWang0215: checks 
shawmoney: bets $0.07
valeriafim: calls $0.07
mrjapa1000: folds 
Dorex2007: folds 
LaoWang0215: folds 
*** TURN *** [2c 4d 5s] [Ks]
shawmoney: bets $0.23
valeriafim: folds 
Uncalled bet ($0.23) returned to shawmoney
shawmoney collected $0.23 from pot
shawmoney: doesn't show hand 
*** SUMMARY ***
Total pot $0.24 | Rake $0.01 
Board [2c 4d 5s Ks]
Seat 1: mrjapa1000 (small blind) folded on the Flop
Seat 2: Dorex2007 (big blind) folded on the Flop
Seat 3: jl1955 folded before Flop (didn't bet)
Seat 4: Tobiz89 folded before Flop (didn't bet)
Seat 5: LaoWang0215 folded on the Flop
Seat 6: 2VERY folded before Flop (didn't bet)
Seat 7: shawmoney collected ($0.23)
Seat 8: valeriafim folded on the Turn
Seat 9: blopisanz (button) folded before Flop (didn't bet)



PokerStars Hand #234469424602:  Hold'em No Limit ($0.01/$0.02 USD) - 2022/02/28 21:29:01 PT [2022/03/01 0:29:01 ET]
Table 'Marlu' 9-max Seat #1 is the button
Seat 1: mrjapa1000 ($3.01 in chips) 
Seat 2: Dorex2007 ($3.52 in chips) 
Seat 3: jl1955 ($1.50 in chips) 
Seat 4: Tobiz89 ($2.62 in chips) 
Seat 5: LaoWang0215 ($0.32 in chips) 
Seat 6: 2VERY ($1.57 in chips) 
Seat 7: shawmoney ($3.14 in chips) 
Seat 8: valeriafim ($1.96 in chips) 
Seat 9: blopisanz ($2.15 in chips) 
Dorex2007: posts small blind $0.01
jl1955: posts big blind $0.02
*** HOLE CARDS ***
Dealt to Dorex2007 [6d 9s]
Tobiz89: folds 
LaoWang0215: folds 
2VERY: folds 
shawmoney: folds 
valeriafim: calls $0.02
blopisanz: folds 
mrjapa1000: calls $0.02
Dorex2007: folds 
jl1955: checks 
*** FLOP *** [As 7h Qs]
jl1955: checks 
valeriafim: checks 
mrjapa1000: checks 
*** TURN *** [As 7h Qs] [5d]
jl1955: bets $0.07
valeriafim: folds 
mrjapa1000: folds 
Uncalled bet ($0.07) returned to jl1955
jl1955 collected $0.07 from pot
jl1955: doesn't show hand 
*** SUMMARY ***
Total pot $0.07 | Rake $0 
Board [As 7h Qs 5d]
Seat 1: mrjapa1000 (button) folded on the Turn
Seat 2: Dorex2007 (small blind) folded before Flop
Seat 3: jl1955 (big blind) collected ($0.07)
Seat 4: Tobiz89 folded before Flop (didn't bet)
Seat 5: LaoWang0215 folded before Flop (didn't bet)
Seat 6: 2VERY folded before Flop (didn't bet)
Seat 7: shawmoney folded before Flop (didn't bet)
Seat 8: valeriafim folded on the Turn
Seat 9: blopisanz folded before Flop (didn't bet)



PokerStars Hand #234469430243:  Hold'em No Limit ($0.01/$0.02 USD) - 2022/02/28 21:29:44 PT [2022/03/01 0:29:44 ET]
Table 'Marlu' 9-max Seat #2 is the button
Seat 1: mrjapa1000 ($2.99 in chips) 
Seat 2: Dorex2007 ($3.51 in chips) 
Seat 3: jl1955 ($1.55 in chips) 
Seat 4: Tobiz89 ($2.62 in chips) 
Seat 5: LaoWang0215 ($0.32 in chips) 
Seat 6: 2VERY ($1.57 in chips) 
Seat 7: shawmoney ($3.14 in chips) 
Seat 8: valeriafim ($1.94 in chips) 
Seat 9: blopisanz ($2.15 in chips) 
jl1955: posts small blind $0.01
Tobiz89: posts big blind $0.02
*** HOLE CARDS ***
Dealt to Dorex2007 [7h 9s]
LaoWang0215: calls $0.02
2VERY: folds 
shawmoney: folds 
valeriafim: calls $0.02
blopisanz: folds 
mrjapa1000: folds 
Dorex2007: folds 
jl1955: folds 
Tobiz89: checks 
*** FLOP *** [Ac Qh 2h]
Tobiz89: checks 
LaoWang0215: checks 
valeriafim: checks 
*** TURN *** [Ac Qh 2h] [6s]
Tobiz89: checks 
LaoWang0215: bets $0.08
valeriafim: folds 
Tobiz89: folds 
Uncalled bet ($0.08) returned to LaoWang0215
LaoWang0215 collected $0.07 from pot
LaoWang0215: doesn't show hand 
*** SUMMARY ***
Total pot $0.07 | Rake $0 
Board [Ac Qh 2h 6s]
Seat 1: mrjapa1000 folded before Flop (didn't bet)
Seat 2: Dorex2007 (button) folded before Flop (didn't bet)
Seat 3: jl1955 (small blind) folded before Flop
Seat 4: Tobiz89 (big blind) folded on the Turn
Seat 5: LaoWang0215 collected ($0.07)
Seat 6: 2VERY folded before Flop (didn't bet)
Seat 7: shawmoney folded before Flop (didn't bet)
Seat 8: valeriafim folded on the Turn
Seat 9: blopisanz folded before Flop (didn't bet)



PokerStars Hand #234469437885:  Hold'em No Limit ($0.01/$0.02 USD) - 2022/02/28 21:30:43 PT [2022/03/01 0:30:43 ET]
Table 'Marlu' 9-max Seat #3 is the button
Seat 1: mrjapa1000 ($2.99 in chips) 
Seat 2: Dorex2007 ($3.51 in chips) 
Seat 3: jl1955 ($1.54 in chips) 
Seat 4: Tobiz89 ($2.60 in chips) 
Seat 5: LaoWang0215 ($0.37 in chips) 
Seat 6: 2VERY ($1.57 in chips) 
Seat 7: shawmoney ($3.14 in chips) 
Seat 8: valeriafim ($1.92 in chips) 
Seat 9: blopisanz ($2.15 in chips) 
Tobiz89: posts small blind $0.01
LaoWang0215: posts big blind $0.02
*** HOLE CARDS ***
Dealt to Dorex2007 [8s 8h]
2VERY: folds 
shawmoney: folds 
valeriafim: folds 
blopisanz has timed out
blopisanz: folds 
mrjapa1000: raises $0.04 to $0.06
Dorex2007: folds 
jl1955: folds 
Tobiz89: folds 
LaoWang0215: calls $0.04
*** FLOP *** [2s 3d 6c]
LaoWang0215: checks 
mrjapa1000: bets $0.04
LaoWang0215: calls $0.04
*** TURN *** [2s 3d 6c] [6s]
LaoWang0215: checks 
mrjapa1000: bets $0.07
LaoWang0215: folds 
Uncalled bet ($0.07) returned to mrjapa1000
mrjapa1000 collected $0.20 from pot
mrjapa1000: doesn't show hand 
*** SUMMARY ***
Total pot $0.21 | Rake $0.01 
Board [2s 3d 6c 6s]
Seat 1: mrjapa1000 collected ($0.20)
Seat 2: Dorex2007 folded before Flop (didn't bet)
Seat 3: jl1955 (button) folded before Flop (didn't bet)
Seat 4: Tobiz89 (small blind) folded before Flop
Seat 5: LaoWang0215 (big blind) folded on the Turn
Seat 6: 2VERY folded before Flop (didn't bet)
Seat 7: shawmoney folded before Flop (didn't bet)
Seat 8: valeriafim folded before Flop (didn't bet)
Seat 9: blopisanz folded before Flop (didn't bet)



PokerStars Hand #234469453153:  Hold'em No Limit ($0.01/$0.02 USD) - 2022/02/28 21:31:33 PT [2022/03/01 0:31:33 ET]
Table 'Marlu' 9-max Seat #4 is the button
Seat 1: mrjapa1000 ($3.09 in chips) 
Seat 2: Dorex2007 ($3.51 in chips) 
Seat 3: jl1955 ($1.54 in chips) 
Seat 4: Tobiz89 ($2.59 in chips) 
Seat 5: LaoWang0215 ($0.27 in chips) 
Seat 6: 2VERY ($1.57 in chips) 
Seat 7: shawmoney ($3.14 in chips) 
Seat 8: valeriafim ($1.92 in chips) 
Seat 9: blopisanz ($2.15 in chips) 
LaoWang0215: posts small blind $0.01
2VERY: posts big blind $0.02
*** HOLE CARDS ***
Dealt to Dorex2007 [9c 7s]
shawmoney: folds 
valeriafim: calls $0.02
blopisanz: folds 
mrjapa1000: calls $0.02
Dorex2007: folds 
jl1955: raises $0.09 to $0.11
Tobiz89: folds 
LaoWang0215: folds 
2VERY: folds 
valeriafim: calls $0.09
mrjapa1000: folds 
*** FLOP *** [2c Jc 8h]
valeriafim: checks 
jl1955: bets $0.26
valeriafim: folds 
Uncalled bet ($0.26) returned to jl1955
jl1955 collected $0.26 from pot
jl1955: doesn't show hand 
*** SUMMARY ***
Total pot $0.27 | Rake $0.01 
Board [2c Jc 8h]
Seat 1: mrjapa1000 folded before Flop
Seat 2: Dorex2007 folded before Flop (didn't bet)
Seat 3: jl1955 collected ($0.26)
Seat 4: Tobiz89 (button) folded before Flop (didn't bet)
Seat 5: LaoWang0215 (small blind) folded before Flop
Seat 6: 2VERY (big blind) folded before Flop
Seat 7: shawmoney folded before Flop (didn't bet)
Seat 8: valeriafim folded on the Flop
Seat 9: blopisanz folded before Flop (didn't bet)



PokerStars Hand #234469457522:  Hold'em No Limit ($0.01/$0.02 USD) - 2022/02/28 21:32:06 PT [2022/03/01 0:32:06 ET]
Table 'Marlu' 9-max Seat #5 is the button
Seat 1: mrjapa1000 ($3.07 in chips) 
Seat 2: Dorex2007 ($3.51 in chips) 
Seat 3: jl1955 ($1.69 in chips) 
Seat 4: Tobiz89 ($2.59 in chips) 
Seat 5: LaoWang0215 ($0.26 in chips) 
Seat 6: 2VERY ($1.55 in chips) 
Seat 7: shawmoney ($3.14 in chips) 
Seat 8: valeriafim ($1.81 in chips) 
Seat 9: blopisanz ($2.15 in chips) 
2VERY: posts small blind $0.01
shawmoney: posts big blind $0.02
*** HOLE CARDS ***
Dealt to Dorex2007 [3h 2h]
valeriafim: folds 
blopisanz: folds 
mrjapa1000: folds 
Dorex2007: folds 
jl1955: folds 
Tobiz89: folds 
LaoWang0215: calls $0.02
2VERY: folds 
shawmoney: checks 
*** FLOP *** [3c Kd Td]
shawmoney: bets $0.02
LaoWang0215: raises $0.22 to $0.24 and is all-in
shawmoney: folds 
Uncalled bet ($0.22) returned to LaoWang0215
LaoWang0215 collected $0.09 from pot
LaoWang0215: doesn't show hand 
*** SUMMARY ***
Total pot $0.09 | Rake $0 
Board [3c Kd Td]
Seat 1: mrjapa1000 folded before Flop (didn't bet)
Seat 2: Dorex2007 folded before Flop (didn't bet)
Seat 3: jl1955 folded before Flop (didn't bet)
Seat 4: Tobiz89 folded before Flop (didn't bet)
Seat 5: LaoWang0215 (button) collected ($0.09)
Seat 6: 2VERY (small blind) folded before Flop
Seat 7: shawmoney (big blind) folded on the Flop
Seat 8: valeriafim folded before Flop (didn't bet)
Seat 9: blopisanz folded before Flop (didn't bet)



PokerStars Hand #234469460775:  Hold'em No Limit ($0.01/$0.02 USD) - 2022/02/28 21:32:31 PT [2022/03/01 0:32:31 ET]
Table 'Marlu' 9-max Seat #6 is the button
Seat 1: mrjapa1000 ($3.07 in chips) 
Seat 2: Dorex2007 ($3.51 in chips) 
Seat 3: jl1955 ($1.69 in chips) 
Seat 4: Tobiz89 ($2.59 in chips) 
Seat 5: LaoWang0215 ($0.31 in chips) 
Seat 6: 2VERY ($1.54 in chips) 
Seat 7: shawmoney ($3.10 in chips) 
Seat 8: valeriafim ($1.81 in chips) 
Seat 9: blopisanz ($2.15 in chips) 
shawmoney: posts small blind $0.01
valeriafim: posts big blind $0.02
*** HOLE CARDS ***
Dealt to Dorex2007 [Jh 7c]
blopisanz: calls $0.02
mrjapa1000: folds 
Dorex2007: folds 
jl1955: folds 
Tobiz89: folds 
LaoWang0215: folds 
2VERY: folds 
shawmoney: calls $0.01
valeriafim: checks 
*** FLOP *** [6c 3h 5s]
shawmoney: bets $0.06
valeriafim: folds 
blopisanz: calls $0.06
*** TURN *** [6c 3h 5s] [8c]
shawmoney: bets $0.17
blopisanz: folds 
Uncalled bet ($0.17) returned to shawmoney
shawmoney collected $0.17 from pot
shawmoney: doesn't show hand 
*** SUMMARY ***
Total pot $0.18 | Rake $0.01 
Board [6c 3h 5s 8c]
Seat 1: mrjapa1000 folded before Flop (didn't bet)
Seat 2: Dorex2007 folded before Flop (didn't bet)
Seat 3: jl1955 folded before Flop (didn't bet)
Seat 4: Tobiz89 folded before Flop (didn't bet)
Seat 5: LaoWang0215 folded before Flop (didn't bet)
Seat 6: 2VERY (button) folded before Flop (didn't bet)
Seat 7: shawmoney (small blind) collected ($0.17)
Seat 8: valeriafim (big blind) folded on the Flop
Seat 9: blopisanz folded on the Turn



PokerStars Hand #234469466388:  Hold'em No Limit ($0.01/$0.02 USD) - 2022/02/28 21:33:14 PT [2022/03/01 0:33:14 ET]
Table 'Marlu' 9-max Seat #7 is the button
Seat 1: mrjapa1000 ($3.07 in chips) 
Seat 2: Dorex2007 ($3.51 in chips) 
Seat 3: jl1955 ($1.69 in chips) 
Seat 4: Tobiz89 ($2.59 in chips) 
Seat 5: LaoWang0215 ($0.31 in chips) 
Seat 6: 2VERY ($1.54 in chips) 
Seat 7: shawmoney ($3.19 in chips) 
Seat 8: valeriafim ($1.79 in chips) 
Seat 9: blopisanz ($2.07 in chips) 
valeriafim: posts small blind $0.01
blopisanz: posts big blind $0.02
*** HOLE CARDS ***
Dealt to Dorex2007 [4s 5s]
mrjapa1000: folds 
Dorex2007: folds 
jl1955: folds 
Tobiz89: folds 
LaoWang0215: folds 
2VERY: folds 
shawmoney: folds 
valeriafim: calls $0.01
blopisanz: checks 
*** FLOP *** [Ac 6s 4c]
valeriafim: checks 
blopisanz: bets $0.04
valeriafim: calls $0.04
*** TURN *** [Ac 6s 4c] [8s]
valeriafim: checks 
blopisanz: bets $0.05
valeriafim: calls $0.05
*** RIVER *** [Ac 6s 4c 8s] [Kh]
valeriafim: checks 
blopisanz: checks 
*** SHOW DOWN ***
valeriafim: shows [3d 5h] (high card Ace)
blopisanz: shows [Ah 3c] (a pair of Aces)
blopisanz collected $0.21 from pot
*** SUMMARY ***
Total pot $0.22 | Rake $0.01 
Board [Ac 6s 4c 8s Kh]
Seat 1: mrjapa1000 folded before Flop (didn't bet)
Seat 2: Dorex2007 folded before Flop (didn't bet)
Seat 3: jl1955 folded before Flop (didn't bet)
Seat 4: Tobiz89 folded before Flop (didn't bet)
Seat 5: LaoWang0215 folded before Flop (didn't bet)
Seat 6: 2VERY folded before Flop (didn't bet)
Seat 7: shawmoney (button) folded before Flop (didn't bet)
Seat 8: valeriafim (small blind) showed [3d 5h] and lost with high card Ace
Seat 9: blopisanz (big blind) showed [Ah 3c] and won ($0.21) with a pair of Aces



PokerStars Hand #234469477742:  Hold'em No Limit ($0.01/$0.02 USD) - 2022/02/28 21:34:43 PT [2022/03/01 0:34:43 ET]
Table 'Marlu' 9-max Seat #8 is the button
Seat 1: mrjapa1000 ($3.07 in chips) 
Seat 2: Dorex2007 ($3.51 in chips) 
Seat 3: jl1955 ($1.69 in chips) 
Seat 4: Tobiz89 ($2.59 in chips) 
Seat 5: LaoWang0215 ($0.31 in chips) 
Seat 6: 2VERY ($1.54 in chips) 
Seat 7: shawmoney ($3.19 in chips) 
Seat 8: valeriafim ($1.68 in chips) 
Seat 9: blopisanz ($2.17 in chips) 
blopisanz: posts small blind $0.01
mrjapa1000: posts big blind $0.02
*** HOLE CARDS ***
Dealt to Dorex2007 [Th 7c]
Dorex2007: folds 
jl1955: folds 
Tobiz89: raises $0.04 to $0.06
LaoWang0215: calls $0.06
2VERY: folds 
shawmoney: calls $0.06
valeriafim: calls $0.06
blopisanz: folds 
mrjapa1000: calls $0.04
*** FLOP *** [8c Ac 2c]
mrjapa1000: bets $0.10
Tobiz89: calls $0.10
LaoWang0215: raises $0.15 to $0.25 and is all-in
shawmoney: folds 
valeriafim: folds 
mrjapa1000: raises $0.15 to $0.40
Tobiz89: folds 
Uncalled bet ($0.15) returned to mrjapa1000
*** TURN *** [8c Ac 2c] [8h]
*** RIVER *** [8c Ac 2c 8h] [Jh]
*** SHOW DOWN ***
mrjapa1000: shows [Tc Qc] (a flush, Ace high)
LaoWang0215: shows [6c 5c] (a flush, Ace high - lower cards)
mrjapa1000 cashed out the hand for $0.87 | Cash Out Fee $0.01
*** SUMMARY ***
Total pot $0.91 | Rake $0.03 
Board [8c Ac 2c 8h Jh]
Seat 1: mrjapa1000 (big blind) showed [Tc Qc] and won ($0.88) with a flush, Ace high (pot not awarded as player cashed out)
Seat 2: Dorex2007 folded before Flop (didn't bet)
Seat 3: jl1955 folded before Flop (didn't bet)
Seat 4: Tobiz89 folded on the Flop
Seat 5: LaoWang0215 showed [6c 5c] and lost with a flush, Ace high
Seat 6: 2VERY folded before Flop (didn't bet)
Seat 7: shawmoney folded on the Flop
Seat 8: valeriafim (button) folded on the Flop
Seat 9: blopisanz (small blind) folded before Flop



PokerStars Hand #234469484661:  Hold'em No Limit ($0.01/$0.02 USD) - 2022/02/28 21:35:37 PT [2022/03/01 0:35:37 ET]
Table 'Marlu' 9-max Seat #9 is the button
Seat 1: mrjapa1000 ($3.63 in chips) 
Seat 2: Dorex2007 ($3.51 in chips) 
Seat 3: jl1955 ($1.69 in chips) 
Seat 4: Tobiz89 ($2.43 in chips) 
Seat 6: 2VERY ($1.54 in chips) 
Seat 7: shawmoney ($3.13 in chips) 
Seat 8: valeriafim ($1.62 in chips) 
Seat 9: blopisanz ($2.16 in chips) 
mrjapa1000: posts small blind $0.01
Dorex2007: posts big blind $0.02
*** HOLE CARDS ***
Dealt to Dorex2007 [Jh 8c]
LaoWang0215 leaves the table
jl1955: folds 
aleksey222775 joins the table at seat #5 
Tobiz89: raises $0.04 to $0.06
2VERY: folds 
shawmoney: folds 
valeriafim: calls $0.06
blopisanz: folds 
mrjapa1000: folds 
Dorex2007: folds 
*** FLOP *** [5h 4s 3d]
Tobiz89: bets $0.09
valeriafim: folds 
Uncalled bet ($0.09) returned to Tobiz89
Tobiz89 collected $0.14 from pot
Tobiz89: doesn't show hand 
*** SUMMARY ***
Total pot $0.15 | Rake $0.01 
Board [5h 4s 3d]
Seat 1: mrjapa1000 (small blind) folded before Flop
Seat 2: Dorex2007 (big blind) folded before Flop
Seat 3: jl1955 folded before Flop (didn't bet)
Seat 4: Tobiz89 collected ($0.14)
Seat 6: 2VERY folded before Flop (didn't bet)
Seat 7: shawmoney folded before Flop (didn't bet)
Seat 8: valeriafim folded on the Flop
Seat 9: blopisanz (button) folded before Flop (didn't bet)



PokerStars Hand #234469489558:  Hold'em No Limit ($0.01/$0.02 USD) - 2022/02/28 21:36:14 PT [2022/03/01 0:36:14 ET]
Table 'Marlu' 9-max Seat #1 is the button
Seat 1: mrjapa1000 ($3.62 in chips) 
Seat 2: Dorex2007 ($3.49 in chips) 
Seat 3: jl1955 ($1.69 in chips) 
Seat 4: Tobiz89 ($2.51 in chips) 
Seat 5: aleksey222775 ($1.60 in chips) 
Seat 6: 2VERY ($1.54 in chips) 
Seat 7: shawmoney ($3.13 in chips) 
Seat 8: valeriafim ($1.56 in chips) 
Seat 9: blopisanz ($2.16 in chips) 
Dorex2007: posts small blind $0.01
jl1955: posts big blind $0.02
aleksey222775: posts big blind $0.02
*** HOLE CARDS ***
Dealt to Dorex2007 [9s 2c]
Tobiz89: folds 
aleksey222775: checks 
2VERY: folds 
shawmoney: calls $0.02
valeriafim: folds 
blopisanz: folds 
mrjapa1000: calls $0.02
Dorex2007: folds 
jl1955: checks 
*** FLOP *** [7s 8c Tc]
jl1955: checks 
aleksey222775: checks 
shawmoney: checks 
mrjapa1000: bets $0.03
jl1955: folds 
aleksey222775: folds 
shawmoney: folds 
Uncalled bet ($0.03) returned to mrjapa1000
mrjapa1000 collected $0.09 from pot
mrjapa1000: doesn't show hand 
*** SUMMARY ***
Total pot $0.09 | Rake $0 
Board [7s 8c Tc]
Seat 1: mrjapa1000 (button) collected ($0.09)
Seat 2: Dorex2007 (small blind) folded before Flop
Seat 3: jl1955 (big blind) folded on the Flop
Seat 4: Tobiz89 folded before Flop (didn't bet)
Seat 5: aleksey222775 folded on the Flop (didn't bet)
Seat 6: 2VERY folded before Flop (didn't bet)
Seat 7: shawmoney folded on the Flop
Seat 8: valeriafim folded before Flop (didn't bet)
Seat 9: blopisanz folded before Flop (didn't bet)



PokerStars Hand #234469494959:  Hold'em No Limit ($0.01/$0.02 USD) - 2022/02/28 21:36:57 PT [2022/03/01 0:36:57 ET]
Table 'Marlu' 9-max Seat #2 is the button
Seat 1: mrjapa1000 ($3.69 in chips) 
Seat 2: Dorex2007 ($3.48 in chips) 
Seat 3: jl1955 ($1.67 in chips) 
Seat 4: Tobiz89 ($2.51 in chips) 
Seat 5: aleksey222775 ($1.58 in chips) 
Seat 6: 2VERY ($1.54 in chips) 
Seat 7: shawmoney ($3.11 in chips) 
Seat 8: valeriafim ($1.56 in chips) 
Seat 9: blopisanz ($2.16 in chips) 
jl1955: posts small blind $0.01
Tobiz89: posts big blind $0.02
*** HOLE CARDS ***
Dealt to Dorex2007 [Jc Td]
aleksey222775 has timed out
aleksey222775: folds 
2VERY: folds 
shawmoney: folds 
valeriafim: raises $0.04 to $0.06
blopisanz: folds 
mrjapa1000: folds 
Dorex2007: folds 
jl1955: folds 
Tobiz89: folds 
Uncalled bet ($0.04) returned to valeriafim
valeriafim collected $0.05 from pot
valeriafim: doesn't show hand 
*** SUMMARY ***
Total pot $0.05 | Rake $0 
Seat 1: mrjapa1000 folded before Flop (didn't bet)
Seat 2: Dorex2007 (button) folded before Flop (didn't bet)
Seat 3: jl1955 (small blind) folded before Flop
Seat 4: Tobiz89 (big blind) folded before Flop
Seat 5: aleksey222775 folded before Flop (didn't bet)
Seat 6: 2VERY folded before Flop (didn't bet)
Seat 7: shawmoney folded before Flop (didn't bet)
Seat 8: valeriafim collected ($0.05)
Seat 9: blopisanz folded before Flop (didn't bet)



PokerStars Hand #234469498666:  Hold'em No Limit ($0.01/$0.02 USD) - 2022/02/28 21:37:26 PT [2022/03/01 0:37:26 ET]
Table 'Marlu' 9-max Seat #3 is the button
Seat 1: mrjapa1000 ($3.69 in chips) 
Seat 2: Dorex2007 ($3.48 in chips) 
Seat 3: jl1955 ($1.66 in chips) 
Seat 4: Tobiz89 ($2.49 in chips) 
Seat 5: aleksey222775 ($1.58 in chips) 
Seat 6: 2VERY ($1.54 in chips) 
Seat 7: shawmoney ($3.11 in chips) 
Seat 8: valeriafim ($1.59 in chips) 
Seat 9: blopisanz ($2.16 in chips) 
Tobiz89: posts small blind $0.01
aleksey222775: posts big blind $0.02
*** HOLE CARDS ***
Dealt to Dorex2007 [Td Qc]
2VERY: folds 
shawmoney: folds 
valeriafim: calls $0.02
blopisanz: folds 
mrjapa1000: folds 
Dorex2007: folds 
jl1955: folds 
Tobiz89: folds 
aleksey222775 has timed out
aleksey222775: checks 
*** FLOP *** [5h Qh Qd]
aleksey222775 has timed out
aleksey222775: checks 
valeriafim: checks 
*** TURN *** [5h Qh Qd] [6h]
aleksey222775 has timed out
aleksey222775: checks 
valeriafim: checks 
*** RIVER *** [5h Qh Qd 6h] [3d]
jl1955 leaves the table
aleksey222775 has timed out
aleksey222775: checks 
valeriafim: checks 
*** SHOW DOWN ***
aleksey222775: shows [3c 2c] (two pair, Queens and Threes)
valeriafim: shows [Jc 5d] (two pair, Queens and Fives)
valeriafim collected $0.05 from pot
*** SUMMARY ***
Total pot $0.05 | Rake $0 
Board [5h Qh Qd 6h 3d]
Seat 1: mrjapa1000 folded before Flop (didn't bet)
Seat 2: Dorex2007 folded before Flop (didn't bet)
Seat 3: jl1955 (button) folded before Flop (didn't bet)
Seat 4: Tobiz89 (small blind) folded before Flop
Seat 5: aleksey222775 (big blind) showed [3c 2c] and lost with two pair, Queens and Threes
Seat 6: 2VERY folded before Flop (didn't bet)
Seat 7: shawmoney folded before Flop (didn't bet)
Seat 8: valeriafim showed [Jc 5d] and won ($0.05) with two pair, Queens and Fives
Seat 9: blopisanz folded before Flop (didn't bet)



PokerStars Hand #234469513910:  Hold'em No Limit ($0.01/$0.02 USD) - 2022/02/28 21:39:25 PT [2022/03/01 0:39:25 ET]
Table 'Marlu' 9-max Seat #4 is the button
Seat 1: mrjapa1000 ($3.69 in chips) 
Seat 2: Dorex2007 ($3.48 in chips) 
Seat 4: Tobiz89 ($2.48 in chips) 
Seat 5: aleksey222775 ($1.56 in chips) 
Seat 6: 2VERY ($1.54 in chips) 
Seat 7: shawmoney ($3.11 in chips) 
Seat 8: valeriafim ($1.62 in chips) 
Seat 9: blopisanz ($2.16 in chips) 
aleksey222775: posts small blind $0.01
2VERY: posts big blind $0.02
*** HOLE CARDS ***
Dealt to Dorex2007 [3c 3h]
shawmoney: folds 
valeriafim: calls $0.02
blopisanz: folds 
mrjapa1000 has timed out
mrjapa1000: folds 
Dorex2007: raises $0.02 to $0.04
Tobiz89: calls $0.04
aleksey222775 has timed out
aleksey222775: folds 
2VERY: calls $0.02
aleksey222775 is disconnected 
valeriafim: calls $0.02
*** FLOP *** [9c Jh 7d]
2VERY: checks 
valeriafim: checks 
Dorex2007: checks 
Tobiz89: checks 
*** TURN *** [9c Jh 7d] [7s]
2VERY: checks 
valeriafim: checks 
Dorex2007: checks 
Tobiz89: checks 
*** RIVER *** [9c Jh 7d 7s] [Js]
2VERY: checks 
valeriafim: checks 
Dorex2007: checks 
Tobiz89: checks 
*** SHOW DOWN ***
2VERY: shows [5d Kd] (two pair, Jacks and Sevens)
valeriafim: mucks hand 
Dorex2007: mucks hand 
Tobiz89: mucks hand 
2VERY collected $0.16 from pot
*** SUMMARY ***
Total pot $0.17 | Rake $0.01 
Board [9c Jh 7d 7s Js]
Seat 1: mrjapa1000 folded before Flop (didn't bet)
Seat 2: Dorex2007 mucked [3c 3h]
Seat 4: Tobiz89 (button) mucked [2s 2d]
Seat 5: aleksey222775 (small blind) folded before Flop
Seat 6: 2VERY (big blind) showed [5d Kd] and won ($0.16) with two pair, Jacks and Sevens
Seat 7: shawmoney folded before Flop (didn't bet)
Seat 8: valeriafim mucked [5s 8s]
Seat 9: blopisanz folded before Flop (didn't bet)



PokerStars Hand #234469528315:  Hold'em No Limit ($0.01/$0.02 USD) - 2022/02/28 21:41:01 PT [2022/03/01 0:41:01 ET]
Table 'Marlu' 9-max Seat #6 is the button
Seat 1: mrjapa1000 ($3.69 in chips) 
Seat 2: Dorex2007 ($3.44 in chips) 
Seat 4: Tobiz89 ($2.44 in chips) 
Seat 6: 2VERY ($1.66 in chips) 
Seat 7: shawmoney ($3.11 in chips) 
Seat 8: valeriafim ($1.58 in chips) 
Seat 9: blopisanz ($2.16 in chips) 
shawmoney: posts small blind $0.01
valeriafim: posts big blind $0.02
*** HOLE CARDS ***
Dealt to Dorex2007 [4h 4c]
blopisanz: folds 
mrjapa1000: folds 
Dorex2007: raises $0.02 to $0.04
Tobiz89: folds 
2VERY: folds 
shawmoney: folds 
valeriafim: calls $0.02
*** FLOP *** [8s Qc 9d]
valeriafim: checks 
Dorex2007: checks 
*** TURN *** [8s Qc 9d] [7s]
lerivera joins the table at seat #3 
valeriafim: checks 
Dorex2007: checks 
*** RIVER *** [8s Qc 9d 7s] [Ts]
valeriafim: checks 
Dorex2007: bets $0.09
valeriafim: folds 
Uncalled bet ($0.09) returned to Dorex2007
Dorex2007 collected $0.09 from pot
Dorex2007: doesn't show hand 
*** SUMMARY ***
Total pot $0.09 | Rake $0 
Board [8s Qc 9d 7s Ts]
Seat 1: mrjapa1000 folded before Flop (didn't bet)
Seat 2: Dorex2007 collected ($0.09)
Seat 4: Tobiz89 folded before Flop (didn't bet)
Seat 6: 2VERY (button) folded before Flop (didn't bet)
Seat 7: shawmoney (small blind) folded before Flop
Seat 8: valeriafim (big blind) folded on the River
Seat 9: blopisanz folded before Flop (didn't bet)



PokerStars Hand #234469534083:  Hold'em No Limit ($0.01/$0.02 USD) - 2022/02/28 21:41:47 PT [2022/03/01 0:41:47 ET]
Table 'Marlu' 9-max Seat #7 is the button
Seat 2: Dorex2007 ($3.49 in chips) 
Seat 4: Tobiz89 ($2.44 in chips) 
Seat 6: 2VERY ($1.66 in chips) 
Seat 7: shawmoney ($3.10 in chips) 
Seat 8: valeriafim ($1.54 in chips) 
Seat 9: blopisanz ($2.16 in chips) 
valeriafim: posts small blind $0.01
blopisanz: posts big blind $0.02
lerivera: sits out 
*** HOLE CARDS ***
Dealt to Dorex2007 [2s 2d]
Dorex2007: folds 
Tobiz89: folds 
2VERY: folds 
shawmoney: folds 
valeriafim: calls $0.01
blopisanz: checks 
*** FLOP *** [Kh 3c Ts]
valeriafim: checks 
blopisanz: checks 
*** TURN *** [Kh 3c Ts] [Td]
valeriafim: checks 
blopisanz: checks 
*** RIVER *** [Kh 3c Ts Td] [5h]
valeriafim: checks 
blopisanz: checks 
*** SHOW DOWN ***
valeriafim: shows [9d 8d] (a pair of Tens)
blopisanz: shows [As 7s] (a pair of Tens - Ace kicker)
blopisanz collected $0.04 from pot
*** SUMMARY ***
Total pot $0.04 | Rake $0 
Board [Kh 3c Ts Td 5h]
Seat 2: Dorex2007 folded before Flop (didn't bet)
Seat 4: Tobiz89 folded before Flop (didn't bet)
Seat 6: 2VERY folded before Flop (didn't bet)
Seat 7: shawmoney (button) folded before Flop (didn't bet)
Seat 8: valeriafim (small blind) showed [9d 8d] and lost with a pair of Tens
Seat 9: blopisanz (big blind) showed [As 7s] and won ($0.04) with a pair of Tens



PokerStars Hand #234469542242:  Hold'em No Limit ($0.01/$0.02 USD) - 2022/02/28 21:42:52 PT [2022/03/01 0:42:52 ET]
Table 'Marlu' 9-max Seat #8 is the button
Seat 2: Dorex2007 ($3.49 in chips) 
Seat 4: Tobiz89 ($2.44 in chips) 
Seat 6: 2VERY ($1.66 in chips) 
Seat 7: shawmoney ($3.10 in chips) 
Seat 8: valeriafim ($1.52 in chips) 
Seat 9: blopisanz ($2.18 in chips) 
blopisanz: posts small blind $0.01
Dorex2007: posts big blind $0.02
lerivera: sits out 
*** HOLE CARDS ***
Dealt to Dorex2007 [Th 6h]
Tobiz89: folds 
2VERY: folds 
shawmoney: folds 
valeriafim: folds 
blopisanz: folds 
Uncalled bet ($0.01) returned to Dorex2007
Dorex2007 collected $0.02 from pot
Dorex2007: doesn't show hand 
*** SUMMARY ***
Total pot $0.02 | Rake $0 
Seat 2: Dorex2007 (big blind) collected ($0.02)
Seat 4: Tobiz89 folded before Flop (didn't bet)
Seat 6: 2VERY folded before Flop (didn't bet)
Seat 7: shawmoney folded before Flop (didn't bet)
Seat 8: valeriafim (button) folded before Flop (didn't bet)
Seat 9: blopisanz (small blind) folded before Flop



PokerStars Hand #234469543697:  Hold'em No Limit ($0.01/$0.02 USD) - 2022/02/28 21:43:03 PT [2022/03/01 0:43:03 ET]
Table 'Marlu' 9-max Seat #9 is the button
Seat 2: Dorex2007 ($3.50 in chips) 
Seat 3: lerivera ($2 in chips) 
Seat 4: Tobiz89 ($2.44 in chips) 
Seat 6: 2VERY ($1.66 in chips) 
Seat 7: shawmoney ($3.10 in chips) 
Seat 8: valeriafim ($1.52 in chips) 
Seat 9: blopisanz ($2.17 in chips) 
Dorex2007: posts small blind $0.01
lerivera: posts big blind $0.02
*** HOLE CARDS ***
Dealt to Dorex2007 [Ks 9h]
Tobiz89: folds 
2VERY: raises $0.04 to $0.06
shawmoney: folds 
valeriafim: calls $0.06
blopisanz: folds 
Dorex2007: folds 
lerivera: folds 
*** FLOP *** [5d Ah 8h]
2VERY: bets $0.07
valeriafim: raises $1.39 to $1.46 and is all-in
2VERY: folds 
Uncalled bet ($1.39) returned to valeriafim
valeriafim collected $0.28 from pot
valeriafim: doesn't show hand 
*** SUMMARY ***
Total pot $0.29 | Rake $0.01 
Board [5d Ah 8h]
Seat 2: Dorex2007 (small blind) folded before Flop
Seat 3: lerivera (big blind) folded before Flop
Seat 4: Tobiz89 folded before Flop (didn't bet)
Seat 6: 2VERY folded on the Flop
Seat 7: shawmoney folded before Flop (didn't bet)
Seat 8: valeriafim collected ($0.28)
Seat 9: blopisanz (button) folded before Flop (didn't bet)



PokerStars Hand #234469548694:  Hold'em No Limit ($0.01/$0.02 USD) - 2022/02/28 21:43:43 PT [2022/03/01 0:43:43 ET]
Table 'Marlu' 9-max Seat #2 is the button
Seat 1: mrjapa1000 ($3.69 in chips) 
Seat 2: Dorex2007 ($3.49 in chips) 
Seat 3: lerivera ($1.98 in chips) 
Seat 4: Tobiz89 ($2.44 in chips) 
Seat 6: 2VERY ($1.53 in chips) 
Seat 7: shawmoney ($3.10 in chips) 
Seat 8: valeriafim ($1.67 in chips) 
Seat 9: blopisanz ($2.17 in chips) 
lerivera: posts small blind $0.01
Tobiz89: posts big blind $0.02
mrjapa1000: posts small & big blinds $0.03
*** HOLE CARDS ***
Dealt to Dorex2007 [2s 6d]
2VERY: folds 
shawmoney: calls $0.02
valeriafim: calls $0.02
blopisanz: folds 
mrjapa1000: checks 
Dorex2007: folds 
lerivera: folds 
Tobiz89: checks 
*** FLOP *** [5s Jh Td]
Tobiz89: checks 
shawmoney: bets $0.07
valeriafim: calls $0.07
mrjapa1000: folds 
Tobiz89: folds 
*** TURN *** [5s Jh Td] [2c]
shawmoney: bets $0.17
valeriafim: calls $0.17
*** RIVER *** [5s Jh Td 2c] [9d]
shawmoney: bets $0.28
valeriafim: calls $0.28
*** SHOW DOWN ***
shawmoney: shows [As Jc] (a pair of Jacks)
valeriafim: mucks hand 
shawmoney collected $1.10 from pot
*** SUMMARY ***
Total pot $1.14 | Rake $0.04 
Board [5s Jh Td 2c 9d]
Seat 1: mrjapa1000 folded on the Flop (didn't bet)
Seat 2: Dorex2007 (button) folded before Flop (didn't bet)
Seat 3: lerivera (small blind) folded before Flop
Seat 4: Tobiz89 (big blind) folded on the Flop
Seat 6: 2VERY folded before Flop (didn't bet)
Seat 7: shawmoney showed [As Jc] and won ($1.10) with a pair of Jacks
Seat 8: valeriafim mucked [8s 9s]
Seat 9: blopisanz folded before Flop (didn't bet)



PokerStars Hand #234469555144:  Hold'em No Limit ($0.01/$0.02 USD) - 2022/02/28 21:44:33 PT [2022/03/01 0:44:33 ET]
Table 'Marlu' 9-max Seat #3 is the button
Seat 1: mrjapa1000 ($3.66 in chips) 
Seat 2: Dorex2007 ($3.49 in chips) 
Seat 3: lerivera ($1.97 in chips) 
Seat 4: Tobiz89 ($2.42 in chips) 
Seat 6: 2VERY ($1.53 in chips) 
Seat 7: shawmoney ($3.66 in chips) 
Seat 8: valeriafim ($1.13 in chips) 
Seat 9: blopisanz ($2.17 in chips) 
Tobiz89: posts small blind $0.01
2VERY: posts big blind $0.02
*** HOLE CARDS ***
Dealt to Dorex2007 [Tc 8c]
shawmoney: folds 
valeriafim: calls $0.02
blopisanz: folds 
mrjapa1000: folds 
Dorex2007: folds 
lerivera: folds 
Tobiz89: folds 
2VERY: checks 
*** FLOP *** [8s 9d 2d]
2VERY: checks 
valeriafim: checks 
*** TURN *** [8s 9d 2d] [6s]
2VERY: checks 
valeriafim: checks 
*** RIVER *** [8s 9d 2d 6s] [Qs]
2VERY: checks 
valeriafim: checks 
*** SHOW DOWN ***
2VERY: shows [2h 4d] (a pair of Deuces)
valeriafim: mucks hand 
2VERY collected $0.05 from pot
*** SUMMARY ***
Total pot $0.05 | Rake $0 
Board [8s 9d 2d 6s Qs]
Seat 1: mrjapa1000 folded before Flop (didn't bet)
Seat 2: Dorex2007 folded before Flop (didn't bet)
Seat 3: lerivera (button) folded before Flop (didn't bet)
Seat 4: Tobiz89 (small blind) folded before Flop
Seat 6: 2VERY (big blind) showed [2h 4d] and won ($0.05) with a pair of Deuces
Seat 7: shawmoney folded before Flop (didn't bet)
Seat 8: valeriafim mucked [Th 3h]
Seat 9: blopisanz folded before Flop (didn't bet)



PokerStars Hand #234469559645:  Hold'em No Limit ($0.01/$0.02 USD) - 2022/02/28 21:45:09 PT [2022/03/01 0:45:09 ET]
Table 'Marlu' 9-max Seat #4 is the button
Seat 1: mrjapa1000 ($3.66 in chips) 
Seat 2: Dorex2007 ($3.49 in chips) 
Seat 3: lerivera ($1.97 in chips) 
Seat 4: Tobiz89 ($2.41 in chips) 
Seat 6: 2VERY ($1.56 in chips) 
Seat 7: shawmoney ($3.66 in chips) 
Seat 8: valeriafim ($1.11 in chips) 
Seat 9: blopisanz ($2.17 in chips) 
2VERY: posts small blind $0.01
shawmoney: posts big blind $0.02
*** HOLE CARDS ***
Dealt to Dorex2007 [Qd 4s]
valeriafim: calls $0.02
blopisanz: folds 
mrjapa1000 has timed out
mrjapa1000: folds 
Dorex2007: folds 
lerivera: folds 
Tobiz89: folds 
2VERY: folds 
shawmoney: checks 
*** FLOP *** [3h 4h Ad]
shawmoney: checks 
valeriafim: checks 
*** TURN *** [3h 4h Ad] [Ac]
shawmoney: bets $0.05
valeriafim: folds 
Uncalled bet ($0.05) returned to shawmoney
shawmoney collected $0.05 from pot
shawmoney: doesn't show hand 
*** SUMMARY ***
Total pot $0.05 | Rake $0 
Board [3h 4h Ad Ac]
Seat 1: mrjapa1000 folded before Flop (didn't bet)
Seat 2: Dorex2007 folded before Flop (didn't bet)
Seat 3: lerivera folded before Flop (didn't bet)
Seat 4: Tobiz89 (button) folded before Flop (didn't bet)
Seat 6: 2VERY (small blind) folded before Flop
Seat 7: shawmoney (big blind) collected ($0.05)
Seat 8: valeriafim folded on the Turn
Seat 9: blopisanz folded before Flop (didn't bet)



PokerStars Hand #234469564356:  Hold'em No Limit ($0.01/$0.02 USD) - 2022/02/28 21:45:46 PT [2022/03/01 0:45:46 ET]
Table 'Marlu' 9-max Seat #6 is the button
Seat 1: mrjapa1000 ($3.66 in chips) 
Seat 2: Dorex2007 ($3.49 in chips) 
Seat 3: lerivera ($1.97 in chips) 
Seat 4: Tobiz89 ($2.41 in chips) 
Seat 6: 2VERY ($1.55 in chips) 
Seat 7: shawmoney ($3.69 in chips) 
Seat 8: valeriafim ($1.09 in chips) 
Seat 9: blopisanz ($2.17 in chips) 
shawmoney: posts small blind $0.01
valeriafim: posts big blind $0.02
*** HOLE CARDS ***
Dealt to Dorex2007 [4h Qc]
blopisanz: folds 
mrjapa1000: folds 
Dorex2007: folds 
lerivera: folds 
Tobiz89: folds 
2VERY: folds 
shawmoney: folds 
Uncalled bet ($0.01) returned to valeriafim
valeriafim collected $0.02 from pot
*** SUMMARY ***
Total pot $0.02 | Rake $0 
Seat 1: mrjapa1000 folded before Flop (didn't bet)
Seat 2: Dorex2007 folded before Flop (didn't bet)
Seat 3: lerivera folded before Flop (didn't bet)
Seat 4: Tobiz89 folded before Flop (didn't bet)
Seat 6: 2VERY (button) folded before Flop (didn't bet)
Seat 7: shawmoney (small blind) folded before Flop
Seat 8: valeriafim (big blind) collected ($0.02)
Seat 9: blopisanz folded before Flop (didn't bet)



PokerStars Hand #234469566966:  Hold'em No Limit ($0.01/$0.02 USD) - 2022/02/28 21:46:06 PT [2022/03/01 0:46:06 ET]
Table 'Marlu' 9-max Seat #7 is the button
Seat 1: mrjapa1000 ($3.66 in chips) 
Seat 2: Dorex2007 ($3.49 in chips) 
Seat 3: lerivera ($1.97 in chips) 
Seat 4: Tobiz89 ($2.41 in chips) 
Seat 6: 2VERY ($1.55 in chips) 
Seat 7: shawmoney ($3.68 in chips) 
Seat 8: valeriafim ($1.10 in chips) 
Seat 9: blopisanz ($2.17 in chips) 
valeriafim: posts small blind $0.01
blopisanz: posts big blind $0.02
*** HOLE CARDS ***
Dealt to Dorex2007 [Ad Jd]
mrjapa1000: folds 
Dorex2007: calls $0.02
lerivera: folds 
Tobiz89: raises $0.08 to $0.10
2VERY: folds 
shawmoney: folds 
valeriafim: folds 
blopisanz: folds 
Dorex2007: folds 
Uncalled bet ($0.08) returned to Tobiz89
Tobiz89 collected $0.07 from pot
Tobiz89: doesn't show hand 
*** SUMMARY ***
Total pot $0.07 | Rake $0 
Seat 1: mrjapa1000 folded before Flop (didn't bet)
Seat 2: Dorex2007 folded before Flop
Seat 3: lerivera folded before Flop (didn't bet)
Seat 4: Tobiz89 collected ($0.07)
Seat 6: 2VERY folded before Flop (didn't bet)
Seat 7: shawmoney (button) folded before Flop (didn't bet)
Seat 8: valeriafim (small blind) folded before Flop
Seat 9: blopisanz (big blind) folded before Flop



PokerStars Hand #234469572225:  Hold'em No Limit ($0.01/$0.02 USD) - 2022/02/28 21:46:48 PT [2022/03/01 0:46:48 ET]
Table 'Marlu' 9-max Seat #8 is the button
Seat 1: mrjapa1000 ($3.66 in chips) 
Seat 2: Dorex2007 ($3.47 in chips) 
Seat 3: lerivera ($1.97 in chips) 
Seat 4: Tobiz89 ($2.46 in chips) 
Seat 6: 2VERY ($1.55 in chips) 
Seat 7: shawmoney ($3.68 in chips) 
Seat 8: valeriafim ($1.09 in chips) 
Seat 9: blopisanz ($2.15 in chips) 
blopisanz: posts small blind $0.01
mrjapa1000: posts big blind $0.02
*** HOLE CARDS ***
Dealt to Dorex2007 [9d Jd]
Dorex2007: folds 
lerivera: folds 
Tobiz89: folds 
2VERY: folds 
shawmoney: calls $0.02
valeriafim: calls $0.02
blopisanz: folds 
mrjapa1000: checks 
*** FLOP *** [Js 4h 4c]
mrjapa1000: checks 
shawmoney: bets $0.04
valeriafim: folds 
mrjapa1000: folds 
Uncalled bet ($0.04) returned to shawmoney
shawmoney collected $0.07 from pot
shawmoney: doesn't show hand 
*** SUMMARY ***
Total pot $0.07 | Rake $0 
Board [Js 4h 4c]
Seat 1: mrjapa1000 (big blind) folded on the Flop
Seat 2: Dorex2007 folded before Flop (didn't bet)
Seat 3: lerivera folded before Flop (didn't bet)
Seat 4: Tobiz89 folded before Flop (didn't bet)
Seat 6: 2VERY folded before Flop (didn't bet)
Seat 7: shawmoney collected ($0.07)
Seat 8: valeriafim (button) folded on the Flop
Seat 9: blopisanz (small blind) folded before Flop



PokerStars Hand #234469577041:  Hold'em No Limit ($0.01/$0.02 USD) - 2022/02/28 21:47:26 PT [2022/03/01 0:47:26 ET]
Table 'Marlu' 9-max Seat #9 is the button
Seat 1: mrjapa1000 ($3.64 in chips) 
Seat 2: Dorex2007 ($3.47 in chips) 
Seat 3: lerivera ($1.97 in chips) 
Seat 4: Tobiz89 ($2.46 in chips) 
Seat 6: 2VERY ($1.55 in chips) 
Seat 7: shawmoney ($3.73 in chips) 
Seat 8: valeriafim ($1.07 in chips) 
Seat 9: blopisanz ($2.14 in chips) 
mrjapa1000: posts small blind $0.01
Dorex2007: posts big blind $0.02
*** HOLE CARDS ***
Dealt to Dorex2007 [2h 4s]
lerivera: folds 
Tobiz89: folds 
2VERY: folds 
shawmoney: folds 
valeriafim: calls $0.02
blopisanz: folds 
mrjapa1000: folds 
Dorex2007: checks 
*** FLOP *** [4c 8h Ts]
Dorex2007: checks 
valeriafim: checks 
*** TURN *** [4c 8h Ts] [3d]
Dorex2007: checks 
valeriafim: checks 
*** RIVER *** [4c 8h Ts 3d] [9h]
Dorex2007: checks 
valeriafim: checks 
*** SHOW DOWN ***
Dorex2007: shows [2h 4s] (a pair of Fours)
valeriafim: shows [9s 7c] (a pair of Nines)
valeriafim collected $0.05 from pot
*** SUMMARY ***
Total pot $0.05 | Rake $0 
Board [4c 8h Ts 3d 9h]
Seat 1: mrjapa1000 (small blind) folded before Flop
Seat 2: Dorex2007 (big blind) showed [2h 4s] and lost with a pair of Fours
Seat 3: lerivera folded before Flop (didn't bet)
Seat 4: Tobiz89 folded before Flop (didn't bet)
Seat 6: 2VERY folded before Flop (didn't bet)
Seat 7: shawmoney folded before Flop (didn't bet)
Seat 8: valeriafim showed [9s 7c] and won ($0.05) with a pair of Nines
Seat 9: blopisanz (button) folded before Flop (didn't bet)



PokerStars Hand #234469581904:  Hold'em No Limit ($0.01/$0.02 USD) - 2022/02/28 21:48:04 PT [2022/03/01 0:48:04 ET]
Table 'Marlu' 9-max Seat #1 is the button
Seat 1: mrjapa1000 ($3.63 in chips) 
Seat 2: Dorex2007 ($3.45 in chips) 
Seat 3: lerivera ($1.97 in chips) 
Seat 4: Tobiz89 ($2.46 in chips) 
Seat 6: 2VERY ($1.55 in chips) 
Seat 7: shawmoney ($3.73 in chips) 
Seat 8: valeriafim ($1.10 in chips) 
Seat 9: blopisanz ($2.14 in chips) 
Dorex2007: posts small blind $0.01
lerivera: posts big blind $0.02
*** HOLE CARDS ***
Dealt to Dorex2007 [Qd 6d]
Tobiz89: raises $0.04 to $0.06
2VERY: folds 
shawmoney: folds 
valeriafim: calls $0.06
blopisanz: folds 
mrjapa1000: calls $0.06
Dorex2007: folds 
lerivera: folds 
*** FLOP *** [Ks Qc 4h]
Tobiz89: checks 
valeriafim: checks 
mrjapa1000: bets $0.07
Tobiz89: folds 
valeriafim: folds 
Uncalled bet ($0.07) returned to mrjapa1000
mrjapa1000 collected $0.20 from pot
mrjapa1000: doesn't show hand 
*** SUMMARY ***
Total pot $0.21 | Rake $0.01 
Board [Ks Qc 4h]
Seat 1: mrjapa1000 (button) collected ($0.20)
Seat 2: Dorex2007 (small blind) folded before Flop
Seat 3: lerivera (big blind) folded before Flop
Seat 4: Tobiz89 folded on the Flop
Seat 6: 2VERY folded before Flop (didn't bet)
Seat 7: shawmoney folded before Flop (didn't bet)
Seat 8: valeriafim folded on the Flop
Seat 9: blopisanz folded before Flop (didn't bet)



PokerStars Hand #234469586594:  Hold'em No Limit ($0.01/$0.02 USD) - 2022/02/28 21:48:41 PT [2022/03/01 0:48:41 ET]
Table 'Marlu' 9-max Seat #2 is the button
Seat 1: mrjapa1000 ($3.77 in chips) 
Seat 2: Dorex2007 ($3.44 in chips) 
Seat 3: lerivera ($1.95 in chips) 
Seat 4: Tobiz89 ($2.40 in chips) 
Seat 6: 2VERY ($1.55 in chips) 
Seat 7: shawmoney ($3.73 in chips) 
Seat 8: valeriafim ($1.04 in chips) 
Seat 9: blopisanz ($2.14 in chips) 
lerivera: posts small blind $0.01
Tobiz89: posts big blind $0.02
*** HOLE CARDS ***
Dealt to Dorex2007 [Jd Ac]
2VERY: folds 
shawmoney: folds 
valeriafim: calls $0.02
blopisanz: folds 
mrjapa1000: folds 
Dorex2007: raises $0.02 to $0.04
lerivera: folds 
Tobiz89: folds 
valeriafim: calls $0.02
*** FLOP *** [Ks Qc 7c]
valeriafim: checks 
Dorex2007: checks 
*** TURN *** [Ks Qc 7c] [As]
valeriafim: checks 
Dorex2007: checks 
*** RIVER *** [Ks Qc 7c As] [2d]
valeriafim: checks 
Dorex2007: checks 
*** SHOW DOWN ***
valeriafim: shows [8h 7s] (a pair of Sevens)
Dorex2007: shows [Jd Ac] (a pair of Aces)
Dorex2007 collected $0.11 from pot
*** SUMMARY ***
Total pot $0.11 | Rake $0 
Board [Ks Qc 7c As 2d]
Seat 1: mrjapa1000 folded before Flop (didn't bet)
Seat 2: Dorex2007 (button) showed [Jd Ac] and won ($0.11) with a pair of Aces
Seat 3: lerivera (small blind) folded before Flop
Seat 4: Tobiz89 (big blind) folded before Flop
Seat 6: 2VERY folded before Flop (didn't bet)
Seat 7: shawmoney folded before Flop (didn't bet)
Seat 8: valeriafim showed [8h 7s] and lost with a pair of Sevens
Seat 9: blopisanz folded before Flop (didn't bet)



PokerStars Hand #234469593064:  Hold'em No Limit ($0.01/$0.02 USD) - 2022/02/28 21:49:33 PT [2022/03/01 0:49:33 ET]
Table 'Marlu' 9-max Seat #3 is the button
Seat 1: mrjapa1000 ($3.77 in chips) 
Seat 2: Dorex2007 ($3.51 in chips) 
Seat 3: lerivera ($1.94 in chips) 
Seat 4: Tobiz89 ($2.38 in chips) 
Seat 6: 2VERY ($1.55 in chips) 
Seat 7: shawmoney ($3.73 in chips) 
Seat 8: valeriafim ($1 in chips) 
Seat 9: blopisanz ($2.14 in chips) 
Tobiz89: posts small blind $0.01
2VERY: posts big blind $0.02
*** HOLE CARDS ***
Dealt to Dorex2007 [Kh Js]
shawmoney: calls $0.02
valeriafim: calls $0.02
blopisanz: folds 
mrjapa1000: calls $0.02
Dorex2007: calls $0.02
lerivera: folds 
Tobiz89: raises $0.16 to $0.18
2VERY: folds 
shawmoney: folds 
valeriafim: folds 
mrjapa1000: folds 
Dorex2007: folds 
Uncalled bet ($0.16) returned to Tobiz89
Tobiz89 collected $0.12 from pot
aleksey222775 leaves the table
Tobiz89: doesn't show hand 
*** SUMMARY ***
Total pot $0.12 | Rake $0 
Seat 1: mrjapa1000 folded before Flop
Seat 2: Dorex2007 folded before Flop
Seat 3: lerivera (button) folded before Flop (didn't bet)
Seat 4: Tobiz89 (small blind) collected ($0.12)
Seat 6: 2VERY (big blind) folded before Flop
Seat 7: shawmoney folded before Flop
Seat 8: valeriafim folded before Flop
Seat 9: blopisanz folded before Flop (didn't bet)



PokerStars Hand #234469597632:  Hold'em No Limit ($0.01/$0.02 USD) - 2022/02/28 21:50:09 PT [2022/03/01 0:50:09 ET]
Table 'Marlu' 9-max Seat #4 is the button
Seat 1: mrjapa1000 ($3.75 in chips) 
Seat 2: Dorex2007 ($3.49 in chips) 
Seat 3: lerivera ($1.94 in chips) 
Seat 4: Tobiz89 ($2.48 in chips) 
Seat 6: 2VERY ($1.53 in chips) 
Seat 7: shawmoney ($3.71 in chips) 
Seat 8: valeriafim ($0.98 in chips) 
Seat 9: blopisanz ($2.14 in chips) 
2VERY: posts small blind $0.01
shawmoney: posts big blind $0.02
*** HOLE CARDS ***
Dealt to Dorex2007 [Kc 8c]
valeriafim: folds 
OLLIT543674 joins the table at seat #5 
blopisanz: folds 
mrjapa1000: folds 
Dorex2007: folds 
lerivera: folds 
OLLIT543674 leaves the table
Tobiz89: folds 
2VERY: folds 
Uncalled bet ($0.01) returned to shawmoney
shawmoney collected $0.02 from pot
shawmoney: doesn't show hand 
*** SUMMARY ***
Total pot $0.02 | Rake $0 
Seat 1: mrjapa1000 folded before Flop (didn't bet)
Seat 2: Dorex2007 folded before Flop (didn't bet)
Seat 3: lerivera folded before Flop (didn't bet)
Seat 4: Tobiz89 (button) folded before Flop (didn't bet)
Seat 6: 2VERY (small blind) folded before Flop
Seat 7: shawmoney (big blind) collected ($0.02)
Seat 8: valeriafim folded before Flop (didn't bet)
Seat 9: blopisanz folded before Flop (didn't bet)



PokerStars Hand #234469600111:  Hold'em No Limit ($0.01/$0.02 USD) - 2022/02/28 21:50:29 PT [2022/03/01 0:50:29 ET]
Table 'Marlu' 9-max Seat #6 is the button
Seat 1: mrjapa1000 ($3.75 in chips) 
Seat 2: Dorex2007 ($3.49 in chips) 
Seat 3: lerivera ($1.94 in chips) 
Seat 4: Tobiz89 ($2.48 in chips) 
Seat 6: 2VERY ($1.52 in chips) 
Seat 7: shawmoney ($3.72 in chips) 
Seat 8: valeriafim ($0.98 in chips) 
Seat 9: blopisanz ($2.14 in chips) 
shawmoney: posts small blind $0.01
valeriafim: posts big blind $0.02
*** HOLE CARDS ***
Dealt to Dorex2007 [4d 6c]
blopisanz: calls $0.02
mrjapa1000: calls $0.02
Dorex2007: folds 
lerivera: folds 
Tobiz89: folds 
2VERY: raises $0.08 to $0.10
shawmoney: folds 
valeriafim: calls $0.08
blopisanz: folds 
mrjapa1000: folds 
*** FLOP *** [5d 3c 7c]
valeriafim: checks 
2VERY: bets $0.12
valeriafim: calls $0.12
*** TURN *** [5d 3c 7c] [As]
valeriafim: checks 
2VERY: checks 
*** RIVER *** [5d 3c 7c As] [Js]
tomashovka55 joins the table at seat #5 
valeriafim: checks 
2VERY: checks 
*** SHOW DOWN ***
valeriafim: shows [6d Tc] (high card Ace)
2VERY: shows [Jc Qs] (a pair of Jacks)
2VERY collected $0.47 from pot
*** SUMMARY ***
Total pot $0.49 | Rake $0.02 
Board [5d 3c 7c As Js]
Seat 1: mrjapa1000 folded before Flop
Seat 2: Dorex2007 folded before Flop (didn't bet)
Seat 3: lerivera folded before Flop (didn't bet)
Seat 4: Tobiz89 folded before Flop (didn't bet)
Seat 6: 2VERY (button) showed [Jc Qs] and won ($0.47) with a pair of Jacks
Seat 7: shawmoney (small blind) folded before Flop
Seat 8: valeriafim (big blind) showed [6d Tc] and lost with high card Ace
Seat 9: blopisanz folded before Flop



PokerStars Hand #234469608306:  Hold'em No Limit ($0.01/$0.02 USD) - 2022/02/28 21:51:35 PT [2022/03/01 0:51:35 ET]
Table 'Marlu' 9-max Seat #7 is the button
Seat 1: mrjapa1000 ($3.73 in chips) 
Seat 2: Dorex2007 ($3.49 in chips) 
Seat 3: lerivera ($1.94 in chips) 
Seat 4: Tobiz89 ($2.48 in chips) 
Seat 6: 2VERY ($1.77 in chips) 
Seat 7: shawmoney ($3.71 in chips) 
Seat 8: valeriafim ($0.76 in chips) 
Seat 9: blopisanz ($2.12 in chips) 
valeriafim: posts small blind $0.01
blopisanz: posts big blind $0.02
tomashovka55: sits out 
*** HOLE CARDS ***
Dealt to Dorex2007 [Jh Ts]
mrjapa1000: folds 
mrjapa1000 leaves the table
Dorex2007: folds 
lerivera: folds 
Tobiz89: folds 
2VERY: raises $0.04 to $0.06
shawmoney: calls $0.06
valeriafim: calls $0.05
blopisanz: folds 
*** FLOP *** [Qh Kh Ah]
valeriafim: checks 
2VERY: checks 
shawmoney: checks 
*** TURN *** [Qh Kh Ah] [Js]
valeriafim: checks 
2VERY: checks 
shawmoney: checks 
*** RIVER *** [Qh Kh Ah Js] [6s]
valeriafim: checks 
2VERY: checks 
shawmoney: checks 
*** SHOW DOWN ***
valeriafim: shows [4s 6c] (a pair of Sixes)
2VERY: shows [Qc Jd] (two pair, Queens and Jacks)
shawmoney: mucks hand 
2VERY collected $0.19 from pot
*** SUMMARY ***
Total pot $0.20 | Rake $0.01 
Board [Qh Kh Ah Js 6s]
Seat 1: mrjapa1000 folded before Flop (didn't bet)
Seat 2: Dorex2007 folded before Flop (didn't bet)
Seat 3: lerivera folded before Flop (didn't bet)
Seat 4: Tobiz89 folded before Flop (didn't bet)
Seat 6: 2VERY showed [Qc Jd] and won ($0.19) with two pair, Queens and Jacks
Seat 7: shawmoney (button) mucked [6d Qd]
Seat 8: valeriafim (small blind) showed [4s 6c] and lost with a pair of Sixes
Seat 9: blopisanz (big blind) folded before Flop



PokerStars Hand #234469621847:  Hold'em No Limit ($0.01/$0.02 USD) - 2022/02/28 21:52:28 PT [2022/03/01 0:52:28 ET]
Table 'Marlu' 9-max Seat #8 is the button
Seat 2: Dorex2007 ($3.49 in chips) 
Seat 3: lerivera ($1.94 in chips) 
Seat 4: Tobiz89 ($2.48 in chips) 
Seat 6: 2VERY ($1.90 in chips) 
Seat 7: shawmoney ($3.65 in chips) 
Seat 8: valeriafim ($0.70 in chips) 
Seat 9: blopisanz ($2.10 in chips) 
blopisanz: posts small blind $0.01
Dorex2007: posts big blind $0.02
tomashovka55: sits out 
*** HOLE CARDS ***
Dealt to Dorex2007 [7c 6d]
Z496RM joins the table at seat #1 
lerivera: folds 
Tobiz89: folds 
2VERY: raises $0.04 to $0.06
shawmoney: folds 
valeriafim: folds 
blopisanz: folds 
Dorex2007: folds 
Uncalled bet ($0.04) returned to 2VERY
2VERY collected $0.05 from pot
2VERY: doesn't show hand 
*** SUMMARY ***
Total pot $0.05 | Rake $0 
Seat 2: Dorex2007 (big blind) folded before Flop
Seat 3: lerivera folded before Flop (didn't bet)
Seat 4: Tobiz89 folded before Flop (didn't bet)
Seat 6: 2VERY collected ($0.05)
Seat 7: shawmoney folded before Flop (didn't bet)
Seat 8: valeriafim (button) folded before Flop (didn't bet)
Seat 9: blopisanz (small blind) folded before Flop



PokerStars Hand #234469623633:  Hold'em No Limit ($0.01/$0.02 USD) - 2022/02/28 21:52:43 PT [2022/03/01 0:52:43 ET]
Table 'Marlu' 9-max Seat #9 is the button
Seat 2: Dorex2007 ($3.47 in chips) 
Seat 3: lerivera ($1.94 in chips) 
Seat 4: Tobiz89 ($2.48 in chips) 
Seat 6: 2VERY ($1.93 in chips) 
Seat 7: shawmoney ($3.65 in chips) 
Seat 8: valeriafim ($0.70 in chips) 
Seat 9: blopisanz ($2.09 in chips) 
Dorex2007: posts small blind $0.01
lerivera: posts big blind $0.02
tomashovka55: sits out 
*** HOLE CARDS ***
Dealt to Dorex2007 [8d 2h]
Tobiz89: folds 
2VERY: folds 
shawmoney: folds 
valeriafim: folds 
blopisanz: folds 
Dorex2007: folds 
Uncalled bet ($0.01) returned to lerivera
lerivera collected $0.02 from pot
lerivera: doesn't show hand 
*** SUMMARY ***
Total pot $0.02 | Rake $0 
Seat 2: Dorex2007 (small blind) folded before Flop
Seat 3: lerivera (big blind) collected ($0.02)
Seat 4: Tobiz89 folded before Flop (didn't bet)
Seat 6: 2VERY folded before Flop (didn't bet)
Seat 7: shawmoney folded before Flop (didn't bet)
Seat 8: valeriafim folded before Flop (didn't bet)
Seat 9: blopisanz (button) folded before Flop (didn't bet)



PokerStars Hand #234469625544:  Hold'em No Limit ($0.01/$0.02 USD) - 2022/02/28 21:52:58 PT [2022/03/01 0:52:58 ET]
Table 'Marlu' 9-max Seat #2 is the button
Seat 1: Z496RM ($0.90 in chips) 
Seat 2: Dorex2007 ($3.46 in chips) 
Seat 3: lerivera ($1.95 in chips) 
Seat 4: Tobiz89 ($2.48 in chips) 
Seat 6: 2VERY ($1.93 in chips) 
Seat 7: shawmoney ($3.65 in chips) 
Seat 8: valeriafim ($0.70 in chips) 
Seat 9: blopisanz ($2.09 in chips) 
lerivera: posts small blind $0.01
Tobiz89: posts big blind $0.02
tomashovka55: sits out 
Z496RM: posts big blind $0.02
*** HOLE CARDS ***
Dealt to Dorex2007 [5s 7h]
2VERY has timed out
2VERY: folds 
shawmoney: folds 
valeriafim: calls $0.02
blopisanz: folds 
Z496RM: checks 
Dorex2007: folds 
lerivera: folds 
Tobiz89: raises $0.10 to $0.12
valeriafim: folds 
Z496RM: calls $0.10
*** FLOP *** [3d 5d Ac]
Tobiz89: bets $0.17
Z496RM: folds 
Uncalled bet ($0.17) returned to Tobiz89
Tobiz89 collected $0.26 from pot
Tobiz89: doesn't show hand 
*** SUMMARY ***
Total pot $0.27 | Rake $0.01 
Board [3d 5d Ac]
Seat 1: Z496RM folded on the Flop
Seat 2: Dorex2007 (button) folded before Flop (didn't bet)
Seat 3: lerivera (small blind) folded before Flop
Seat 4: Tobiz89 (big blind) collected ($0.26)
Seat 6: 2VERY folded before Flop (didn't bet)
Seat 7: shawmoney folded before Flop (didn't bet)
Seat 8: valeriafim folded before Flop
Seat 9: blopisanz folded before Flop (didn't bet)



PokerStars Hand #234469629679:  Hold'em No Limit ($0.01/$0.02 USD) - 2022/02/28 21:53:32 PT [2022/03/01 0:53:32 ET]
Table 'Marlu' 9-max Seat #3 is the button
Seat 1: Z496RM ($0.78 in chips) 
Seat 2: Dorex2007 ($3.46 in chips) 
Seat 3: lerivera ($1.94 in chips) 
Seat 4: Tobiz89 ($2.62 in chips) 
Seat 5: tomashovka55 ($2 in chips) 
Seat 7: shawmoney ($3.65 in chips) 
Seat 8: valeriafim ($0.68 in chips) 
Seat 9: blopisanz ($2.09 in chips) 
Tobiz89: posts small blind $0.01
tomashovka55: posts big blind $0.02
*** HOLE CARDS ***
Dealt to Dorex2007 [4s 5s]
shawmoney: calls $0.02
valeriafim: calls $0.02
blopisanz: folds 
Z496RM: raises $0.09 to $0.11
Dorex2007: folds 
lerivera: folds 
Tobiz89: folds 
tomashovka55: folds 
shawmoney: calls $0.09
valeriafim: calls $0.09
*** FLOP *** [3d Jc Jd]
shawmoney: checks 
valeriafim: bets $0.57 and is all-in
Z496RM: raises $0.10 to $0.67 and is all-in
shawmoney: calls $0.67
*** TURN *** [3d Jc Jd] [8c]
*** RIVER *** [3d Jc Jd 8c] [Qs]
*** SHOW DOWN ***
shawmoney: shows [Kh Ks] (two pair, Kings and Jacks)
Z496RM: shows [Tc Jh] (three of a kind, Jacks)
valeriafim: shows [3c 4c] (two pair, Jacks and Threes)
Z496RM cashed out the hand for $1.90 | Cash Out Fee $0.02
*** SUMMARY ***
Total pot $2.27 Main pot $2. Side pot $0.19. | Rake $0.08 
Board [3d Jc Jd 8c Qs]
Seat 1: Z496RM showed [Tc Jh] and won ($2.19) with three of a kind, Jacks (pot not awarded as player cashed out)
Seat 2: Dorex2007 folded before Flop (didn't bet)
Seat 3: lerivera (button) folded before Flop (didn't bet)
Seat 4: Tobiz89 (small blind) folded before Flop
Seat 5: tomashovka55 (big blind) folded before Flop
Seat 7: shawmoney showed [Kh Ks] and lost with two pair, Kings and Jacks
Seat 8: valeriafim showed [3c 4c] and lost with two pair, Jacks and Threes
Seat 9: blopisanz folded before Flop (didn't bet)



PokerStars Hand #234469636875:  Hold'em No Limit ($0.01/$0.02 USD) - 2022/02/28 21:54:30 PT [2022/03/01 0:54:30 ET]
Table 'Marlu' 9-max Seat #4 is the button
Seat 1: Z496RM ($1.90 in chips) 
Seat 2: Dorex2007 ($3.46 in chips) 
Seat 3: lerivera ($1.94 in chips) 
Seat 4: Tobiz89 ($2.61 in chips) 
Seat 5: tomashovka55 ($2 in chips) 
Seat 6: 2VERY ($1.93 in chips) 
Seat 7: shawmoney ($2.87 in chips) 
Seat 9: blopisanz ($2.09 in chips) 
tomashovka55: posts small blind $0.01
2VERY: posts big blind $0.02
*** HOLE CARDS ***
Dealt to Dorex2007 [Ad 8h]
shawmoney: folds 
blopisanz: folds 
Z496RM: calls $0.02
Dorex2007: folds 
lerivera: raises $0.06 to $0.08
Tobiz89: folds 
tomashovka55: folds 
2VERY: folds 
Z496RM: calls $0.06
*** FLOP *** [7d Kh 8c]
Z496RM: bets $1.82 and is all-in
lerivera: folds 
Uncalled bet ($1.82) returned to Z496RM
Z496RM collected $0.18 from pot
Z496RM: doesn't show hand 
*** SUMMARY ***
Total pot $0.19 | Rake $0.01 
Board [7d Kh 8c]
Seat 1: Z496RM collected ($0.18)
Seat 2: Dorex2007 folded before Flop (didn't bet)
Seat 3: lerivera folded on the Flop
Seat 4: Tobiz89 (button) folded before Flop (didn't bet)
Seat 5: tomashovka55 (small blind) folded before Flop
Seat 6: 2VERY (big blind) folded before Flop
Seat 7: shawmoney folded before Flop (didn't bet)
Seat 9: blopisanz folded before Flop (didn't bet)



PokerStars Hand #234469641944:  Hold'em No Limit ($0.01/$0.02 USD) - 2022/02/28 21:55:11 PT [2022/03/01 0:55:11 ET]
Table 'Marlu' 9-max Seat #5 is the button
Seat 1: Z496RM ($2 in chips) 
Seat 2: Dorex2007 ($3.46 in chips) 
Seat 3: lerivera ($1.86 in chips) 
Seat 4: Tobiz89 ($2.61 in chips) 
Seat 5: tomashovka55 ($2 in chips) 
Seat 6: 2VERY ($1.91 in chips) 
Seat 7: shawmoney ($2.87 in chips) 
Seat 8: valeriafim ($2 in chips) 
Seat 9: blopisanz ($2.09 in chips) 
2VERY: posts small blind $0.01
shawmoney: posts big blind $0.02
*** HOLE CARDS ***
Dealt to Dorex2007 [Kd 4c]
valeriafim: calls $0.02
blopisanz: folds 
Z496RM: folds 
Dorex2007: folds 
lerivera: folds 
Tobiz89: folds 
tomashovka55: folds 
2VERY: folds 
shawmoney: checks 
*** FLOP *** [As 9s 8h]
shawmoney: checks 
valeriafim: checks 
*** TURN *** [As 9s 8h] [Qd]
shawmoney: checks 
valeriafim: checks 
*** RIVER *** [As 9s 8h Qd] [7c]
shawmoney: checks 
valeriafim: checks 
*** SHOW DOWN ***
shawmoney: shows [4d 6h] (high card Ace)
valeriafim: shows [8s Kc] (a pair of Eights)
valeriafim collected $0.05 from pot
*** SUMMARY ***
Total pot $0.05 | Rake $0 
Board [As 9s 8h Qd 7c]
Seat 1: Z496RM folded before Flop (didn't bet)
Seat 2: Dorex2007 folded before Flop (didn't bet)
Seat 3: lerivera folded before Flop (didn't bet)
Seat 4: Tobiz89 folded before Flop (didn't bet)
Seat 5: tomashovka55 (button) folded before Flop (didn't bet)
Seat 6: 2VERY (small blind) folded before Flop
Seat 7: shawmoney (big blind) showed [4d 6h] and lost with high card Ace
Seat 8: valeriafim showed [8s Kc] and won ($0.05) with a pair of Eights
Seat 9: blopisanz folded before Flop (didn't bet)



PokerStars Hand #234469645587:  Hold'em No Limit ($0.01/$0.02 USD) - 2022/02/28 21:55:45 PT [2022/03/01 0:55:45 ET]
Table 'Marlu' 9-max Seat #6 is the button
Seat 1: Z496RM ($2 in chips) 
Seat 2: Dorex2007 ($3.46 in chips) 
Seat 3: lerivera ($1.86 in chips) 
Seat 4: Tobiz89 ($2.61 in chips) 
Seat 5: tomashovka55 ($2 in chips) 
Seat 6: 2VERY ($1.90 in chips) 
Seat 7: shawmoney ($2.85 in chips) 
Seat 8: valeriafim ($2.03 in chips) 
Seat 9: blopisanz ($2.09 in chips) 
shawmoney: posts small blind $0.01
valeriafim: posts big blind $0.02
*** HOLE CARDS ***
Dealt to Dorex2007 [5h Js]
blopisanz has timed out
blopisanz: folds 
Z496RM: folds 
Z496RM leaves the table
Dorex2007: folds 
lerivera: calls $0.02
Tobiz89: folds 
tomashovka55: folds 
2VERY: raises $0.06 to $0.08
shawmoney: folds 
valeriafim: calls $0.06
lerivera: calls $0.06
*** FLOP *** [8d Ah 4d]
valeriafim: checks 
lerivera: checks 
2VERY: bets $0.12
valeriafim: calls $0.12
lerivera: folds 
*** TURN *** [8d Ah 4d] [As]
valeriafim: checks 
2VERY: checks 
*** RIVER *** [8d Ah 4d As] [7h]
valeriafim: checks 
2VERY: checks 
*** SHOW DOWN ***
valeriafim: shows [Qh Qc] (two pair, Aces and Queens)
2VERY: mucks hand 
valeriafim collected $0.47 from pot
*** SUMMARY ***
Total pot $0.49 | Rake $0.02 
Board [8d Ah 4d As 7h]
Seat 1: Z496RM folded before Flop (didn't bet)
Seat 2: Dorex2007 folded before Flop (didn't bet)
Seat 3: lerivera folded on the Flop
Seat 4: Tobiz89 folded before Flop (didn't bet)
Seat 5: tomashovka55 folded before Flop (didn't bet)
Seat 6: 2VERY (button) mucked [Jc Kc]
Seat 7: shawmoney (small blind) folded before Flop
Seat 8: valeriafim (big blind) showed [Qh Qc] and won ($0.47) with two pair, Aces and Queens
Seat 9: blopisanz folded before Flop (didn't bet)



PokerStars Hand #234469652008:  Hold'em No Limit ($0.01/$0.02 USD) - 2022/02/28 21:56:46 PT [2022/03/01 0:56:46 ET]
Table 'Marlu' 9-max Seat #7 is the button
Seat 2: Dorex2007 ($3.46 in chips) 
Seat 3: lerivera ($1.78 in chips) 
Seat 4: Tobiz89 ($2.61 in chips) 
Seat 5: tomashovka55 ($2 in chips) 
Seat 6: 2VERY ($1.70 in chips) 
Seat 7: shawmoney ($2.84 in chips) 
Seat 8: valeriafim ($2.30 in chips) 
Seat 9: blopisanz ($2.09 in chips) 
valeriafim: posts small blind $0.01
blopisanz: posts big blind $0.02
*** HOLE CARDS ***
Dealt to Dorex2007 [9c Ad]
Dorex2007: folds 
lerivera: folds 
Tobiz89: folds 
tomashovka55: folds 
2VERY: raises $0.04 to $0.06
shawmoney: folds 
valeriafim: calls $0.05
blopisanz: folds 
*** FLOP *** [As 7h 8c]
valeriafim: checks 
2VERY: bets $0.07
valeriafim: calls $0.07
*** TURN *** [As 7h 8c] [7s]
valeriafim: checks 
2VERY: checks 
*** RIVER *** [As 7h 8c 7s] [Jh]
valeriafim: bets $2.17 and is all-in
2VERY: folds 
Uncalled bet ($2.17) returned to valeriafim
valeriafim collected $0.27 from pot
valeriafim: doesn't show hand 
*** SUMMARY ***
Total pot $0.28 | Rake $0.01 
Board [As 7h 8c 7s Jh]
Seat 2: Dorex2007 folded before Flop (didn't bet)
Seat 3: lerivera folded before Flop (didn't bet)
Seat 4: Tobiz89 folded before Flop (didn't bet)
Seat 5: tomashovka55 folded before Flop (didn't bet)
Seat 6: 2VERY folded on the River
Seat 7: shawmoney (button) folded before Flop (didn't bet)
Seat 8: valeriafim (small blind) collected ($0.27)
Seat 9: blopisanz (big blind) folded before Flop



PokerStars Hand #234469657241:  Hold'em No Limit ($0.01/$0.02 USD) - 2022/02/28 21:57:34 PT [2022/03/01 0:57:34 ET]
Table 'Marlu' 9-max Seat #8 is the button
Seat 2: Dorex2007 ($3.46 in chips) 
Seat 3: lerivera ($1.78 in chips) 
Seat 4: Tobiz89 ($2.61 in chips) 
Seat 5: tomashovka55 ($2 in chips) 
Seat 6: 2VERY ($1.57 in chips) 
Seat 7: shawmoney ($2.84 in chips) 
Seat 8: valeriafim ($2.44 in chips) 
Seat 9: blopisanz ($2.07 in chips) 
blopisanz: posts small blind $0.01
Dorex2007: posts big blind $0.02
*** HOLE CARDS ***
Dealt to Dorex2007 [3h 5s]
lerivera: folds 
Tobiz89: folds 
tomashovka55: folds 
2VERY: folds 
shawmoney: calls $0.02
valeriafim: calls $0.02
blopisanz: folds 
Dorex2007: checks 
*** FLOP *** [4c Th 2s]
Dorex2007: checks 
shawmoney: checks 
valeriafim: bets $0.12
Dorex2007: folds 
shawmoney: folds 
Uncalled bet ($0.12) returned to valeriafim
valeriafim collected $0.07 from pot
valeriafim: doesn't show hand 
*** SUMMARY ***
Total pot $0.07 | Rake $0 
Board [4c Th 2s]
Seat 2: Dorex2007 (big blind) folded on the Flop
Seat 3: lerivera folded before Flop (didn't bet)
Seat 4: Tobiz89 folded before Flop (didn't bet)
Seat 5: tomashovka55 folded before Flop (didn't bet)
Seat 6: 2VERY folded before Flop (didn't bet)
Seat 7: shawmoney folded on the Flop
Seat 8: valeriafim (button) collected ($0.07)
Seat 9: blopisanz (small blind) folded before Flop



PokerStars Hand #234469662171:  Hold'em No Limit ($0.01/$0.02 USD) - 2022/02/28 21:58:20 PT [2022/03/01 0:58:20 ET]
Table 'Marlu' 9-max Seat #9 is the button
Seat 2: Dorex2007 ($3.44 in chips) 
Seat 3: lerivera ($1.78 in chips) 
Seat 4: Tobiz89 ($2.61 in chips) 
Seat 5: tomashovka55 ($2 in chips) 
Seat 6: 2VERY ($1.57 in chips) 
Seat 7: shawmoney ($2.82 in chips) 
Seat 8: valeriafim ($2.49 in chips) 
Seat 9: blopisanz ($2.06 in chips) 
Dorex2007: posts small blind $0.01
lerivera: posts big blind $0.02
*** HOLE CARDS ***
Dealt to Dorex2007 [Kd 2d]
Tobiz89: folds 
tomashovka55: folds 
2VERY: folds 
shawmoney: calls $0.02
valeriafim: calls $0.02
blopisanz: folds 
Dorex2007: folds 
lerivera: checks 
*** FLOP *** [8d Ah 9s]
lerivera: checks 
shawmoney: bets $0.04
valeriafim: folds 
lerivera: calls $0.04
*** TURN *** [8d Ah 9s] [7c]
lerivera: bets $0.06
bagram8789 joins the table at seat #1 
shawmoney: raises $0.06 to $0.12
lerivera: calls $0.06
*** RIVER *** [8d Ah 9s 7c] [5s]
lerivera: checks 
shawmoney: bets $0.38
lerivera: folds 
Uncalled bet ($0.38) returned to shawmoney
shawmoney collected $0.38 from pot
shawmoney: doesn't show hand 
*** SUMMARY ***
Total pot $0.39 | Rake $0.01 
Board [8d Ah 9s 7c 5s]
Seat 2: Dorex2007 (small blind) folded before Flop
Seat 3: lerivera (big blind) folded on the River
Seat 4: Tobiz89 folded before Flop (didn't bet)
Seat 5: tomashovka55 folded before Flop (didn't bet)
Seat 6: 2VERY folded before Flop (didn't bet)
Seat 7: shawmoney collected ($0.38)
Seat 8: valeriafim folded on the Flop
Seat 9: blopisanz (button) folded before Flop (didn't bet)



PokerStars Hand #234469668871:  Hold'em No Limit ($0.01/$0.02 USD) - 2022/02/28 21:59:21 PT [2022/03/01 0:59:21 ET]
Table 'Marlu' 9-max Seat #2 is the button
Seat 1: bagram8789 ($1.60 in chips) 
Seat 2: Dorex2007 ($3.43 in chips) 
Seat 3: lerivera ($1.60 in chips) 
Seat 5: tomashovka55 ($2 in chips) 
Seat 6: 2VERY ($1.57 in chips) 
Seat 7: shawmoney ($3.02 in chips) 
Seat 8: valeriafim ($2.47 in chips) 
Seat 9: blopisanz ($2.06 in chips) 
lerivera: posts small blind $0.01
Tobiz89: is sitting out 
tomashovka55: posts big blind $0.02
Tobiz89 leaves the table
bagram8789: posts big blind $0.02
*** HOLE CARDS ***
Dealt to Dorex2007 [5d 6d]
2VERY: folds 
shawmoney: folds 
valeriafim: folds 
blopisanz: folds 
bagram8789: checks 
Dorex2007: folds 
lerivera: raises $0.08 to $0.10
tomashovka55: folds 
bagram8789: calls $0.08
*** FLOP *** [7s 3d 5c]
lerivera: bets $0.10
bagram8789: calls $0.10
*** TURN *** [7s 3d 5c] [7c]
Carpy 1 joins the table at seat #4 
lerivera: checks 
bagram8789: checks 
*** RIVER *** [7s 3d 5c 7c] [8s]
lerivera: bets $0.06
bagram8789: folds 
Uncalled bet ($0.06) returned to lerivera
lerivera collected $0.41 from pot
lerivera: doesn't show hand 
*** SUMMARY ***
Total pot $0.42 | Rake $0.01 
Board [7s 3d 5c 7c 8s]
Seat 1: bagram8789 folded on the River
Seat 2: Dorex2007 (button) folded before Flop (didn't bet)
Seat 3: lerivera (small blind) collected ($0.41)
Seat 5: tomashovka55 (big blind) folded before Flop
Seat 6: 2VERY folded before Flop (didn't bet)
Seat 7: shawmoney folded before Flop (didn't bet)
Seat 8: valeriafim folded before Flop (didn't bet)
Seat 9: blopisanz folded before Flop (didn't bet)



PokerStars Hand #234469676243:  Hold'em No Limit ($0.01/$0.02 USD) - 2022/02/28 22:00:30 PT [2022/03/01 1:00:30 ET]
Table 'Marlu' 9-max Seat #3 is the button
Seat 1: bagram8789 ($1.40 in chips) 
Seat 2: Dorex2007 ($3.43 in chips) 
Seat 3: lerivera ($1.81 in chips) 
Seat 5: tomashovka55 ($2 in chips) 
Seat 6: 2VERY ($1.57 in chips) 
Seat 7: shawmoney ($3.02 in chips) 
Seat 8: valeriafim ($2.47 in chips) 
Seat 9: blopisanz ($2.06 in chips) 
tomashovka55: posts small blind $0.01
2VERY: posts big blind $0.02
*** HOLE CARDS ***
Dealt to Dorex2007 [2d 6d]
shawmoney: folds 
valeriafim: calls $0.02
blopisanz: folds 
bagram8789: folds 
Dorex2007: folds 
lerivera: folds 
tomashovka55: raises $0.13 to $0.15
2VERY: folds 
valeriafim: folds 
Uncalled bet ($0.13) returned to tomashovka55
tomashovka55 collected $0.06 from pot
tomashovka55: doesn't show hand 
*** SUMMARY ***
Total pot $0.06 | Rake $0 
Seat 1: bagram8789 folded before Flop (didn't bet)
Seat 2: Dorex2007 folded before Flop (didn't bet)
Seat 3: lerivera (button) folded before Flop (didn't bet)
Seat 5: tomashovka55 (small blind) collected ($0.06)
Seat 6: 2VERY (big blind) folded before Flop
Seat 7: shawmoney folded before Flop (didn't bet)
Seat 8: valeriafim folded before Flop
Seat 9: blopisanz folded before Flop (didn't bet)



PokerStars Hand #234469678518:  Hold'em No Limit ($0.01/$0.02 USD) - 2022/02/28 22:00:50 PT [2022/03/01 1:00:50 ET]
Table 'Marlu' 9-max Seat #5 is the button
Seat 1: bagram8789 ($1.40 in chips) 
Seat 2: Dorex2007 ($3.43 in chips) 
Seat 3: lerivera ($1.81 in chips) 
Seat 4: Carpy 1 ($1.60 in chips) 
Seat 5: tomashovka55 ($2.04 in chips) 
Seat 6: 2VERY ($1.55 in chips) 
Seat 7: shawmoney ($3.02 in chips) 
Seat 8: valeriafim ($2.45 in chips) 
Seat 9: blopisanz ($2.06 in chips) 
2VERY: posts small blind $0.01
shawmoney: posts big blind $0.02
Carpy 1: posts big blind $0.02
*** HOLE CARDS ***
Dealt to Dorex2007 [5s 4h]
valeriafim: calls $0.02
blopisanz: folds 
bagram8789: folds 
Dorex2007: folds 
lerivera: folds 
Carpy 1: raises $0.06 to $0.08
tomashovka55: calls $0.08
2VERY: folds 
shawmoney: folds 
valeriafim: calls $0.06
*** FLOP *** [7d 2d 3d]
valeriafim: checks 
Carpy 1: bets $0.10
tomashovka55: folds 
valeriafim: folds 
Uncalled bet ($0.10) returned to Carpy 1
Carpy 1 collected $0.26 from pot
Carpy 1: doesn't show hand 
*** SUMMARY ***
Total pot $0.27 | Rake $0.01 
Board [7d 2d 3d]
Seat 1: bagram8789 folded before Flop (didn't bet)
Seat 2: Dorex2007 folded before Flop (didn't bet)
Seat 3: lerivera folded before Flop (didn't bet)
Seat 4: Carpy 1 collected ($0.26)
Seat 5: tomashovka55 (button) folded on the Flop
Seat 6: 2VERY (small blind) folded before Flop
Seat 7: shawmoney (big blind) folded before Flop
Seat 8: valeriafim folded on the Flop
Seat 9: blopisanz folded before Flop (didn't bet)



PokerStars Hand #234469684017:  Hold'em No Limit ($0.01/$0.02 USD) - 2022/02/28 22:01:36 PT [2022/03/01 1:01:36 ET]
Table 'Marlu' 9-max Seat #6 is the button
Seat 1: bagram8789 ($1.40 in chips) 
Seat 2: Dorex2007 ($3.43 in chips) 
Seat 3: lerivera ($1.81 in chips) 
Seat 4: Carpy 1 ($1.78 in chips) 
Seat 5: tomashovka55 ($2 in chips) 
Seat 6: 2VERY ($1.54 in chips) 
Seat 7: shawmoney ($3 in chips) 
Seat 8: valeriafim ($2.37 in chips) 
Seat 9: blopisanz ($2.06 in chips) 
shawmoney: posts small blind $0.01
valeriafim: posts big blind $0.02
*** HOLE CARDS ***
Dealt to Dorex2007 [8d 4d]
blopisanz: folds 
bagram8789: folds 
Dorex2007: folds 
lerivera: folds 
Carpy 1: folds 
tomashovka55: folds 
2VERY: folds 
shawmoney: raises $0.02 to $0.04
valeriafim: calls $0.02
*** FLOP *** [Kh 8s Jc]
shawmoney: bets $0.02
valeriafim: calls $0.02
*** TURN *** [Kh 8s Jc] [6h]
shawmoney: checks 
valeriafim: checks 
*** RIVER *** [Kh 8s Jc 6h] [7s]
shawmoney: checks 
valeriafim: checks 
*** SHOW DOWN ***
shawmoney: shows [Ac Td] (high card Ace)
valeriafim: shows [Ts 8h] (a pair of Eights)
valeriafim collected $0.12 from pot
*** SUMMARY ***
Total pot $0.12 | Rake $0 
Board [Kh 8s Jc 6h 7s]
Seat 1: bagram8789 folded before Flop (didn't bet)
Seat 2: Dorex2007 folded before Flop (didn't bet)
Seat 3: lerivera folded before Flop (didn't bet)
Seat 4: Carpy 1 folded before Flop (didn't bet)
Seat 5: tomashovka55 folded before Flop (didn't bet)
Seat 6: 2VERY (button) folded before Flop (didn't bet)
Seat 7: shawmoney (small blind) showed [Ac Td] and lost with high card Ace
Seat 8: valeriafim (big blind) showed [Ts 8h] and won ($0.12) with a pair of Eights
Seat 9: blopisanz folded before Flop (didn't bet)



PokerStars Hand #234469689488:  Hold'em No Limit ($0.01/$0.02 USD) - 2022/02/28 22:02:21 PT [2022/03/01 1:02:21 ET]
Table 'Marlu' 9-max Seat #7 is the button
Seat 1: bagram8789 ($1.40 in chips) 
Seat 2: Dorex2007 ($3.43 in chips) 
Seat 3: lerivera ($1.81 in chips) 
Seat 4: Carpy 1 ($1.78 in chips) 
Seat 5: tomashovka55 ($2 in chips) 
Seat 6: 2VERY ($1.54 in chips) 
Seat 7: shawmoney ($2.94 in chips) 
Seat 8: valeriafim ($2.43 in chips) 
Seat 9: blopisanz ($2.06 in chips) 
valeriafim: posts small blind $0.01
blopisanz: posts big blind $0.02
*** HOLE CARDS ***
Dealt to Dorex2007 [5d Ts]
bagram8789: folds 
Dorex2007: folds 
lerivera: folds 
Carpy 1: folds 
tomashovka55: folds 
2VERY: folds 
shawmoney: folds 
valeriafim: calls $0.01
blopisanz: checks 
*** FLOP *** [7h 3s Ks]
valeriafim: bets $0.08
blopisanz: folds 
Uncalled bet ($0.08) returned to valeriafim
valeriafim collected $0.04 from pot
*** SUMMARY ***
Total pot $0.04 | Rake $0 
Board [7h 3s Ks]
Seat 1: bagram8789 folded before Flop (didn't bet)
Seat 2: Dorex2007 folded before Flop (didn't bet)
Seat 3: lerivera folded before Flop (didn't bet)
Seat 4: Carpy 1 folded before Flop (didn't bet)
Seat 5: tomashovka55 folded before Flop (didn't bet)
Seat 6: 2VERY folded before Flop (didn't bet)
Seat 7: shawmoney (button) folded before Flop (didn't bet)
Seat 8: valeriafim (small blind) collected ($0.04)
Seat 9: blopisanz (big blind) folded on the Flop



PokerStars Hand #234469694493:  Hold'em No Limit ($0.01/$0.02 USD) - 2022/02/28 22:03:01 PT [2022/03/01 1:03:01 ET]
Table 'Marlu' 9-max Seat #8 is the button
Seat 1: bagram8789 ($1.40 in chips) 
Seat 2: Dorex2007 ($3.43 in chips) 
Seat 3: lerivera ($1.81 in chips) 
Seat 4: Carpy 1 ($1.78 in chips) 
Seat 5: tomashovka55 ($2 in chips) 
Seat 6: 2VERY ($1.54 in chips) 
Seat 7: shawmoney ($2.94 in chips) 
Seat 8: valeriafim ($2.45 in chips) 
Seat 9: blopisanz ($2.04 in chips) 
blopisanz: posts small blind $0.01
bagram8789: posts big blind $0.02
*** HOLE CARDS ***
Dealt to Dorex2007 [Jh 5c]
Dorex2007: folds 
lerivera: folds 
Carpy 1: folds 
tomashovka55: raises $0.03 to $0.05
2VERY: folds 
shawmoney: folds 
valeriafim: calls $0.05
blopisanz: folds 
bagram8789: folds 
*** FLOP *** [3d 8h 2s]
tomashovka55: checks 
valeriafim: checks 
*** TURN *** [3d 8h 2s] [5d]
tomashovka55: checks 
valeriafim: checks 
*** RIVER *** [3d 8h 2s 5d] [4c]
tomashovka55: checks 
valeriafim: bets $0.08
tomashovka55: folds 
Uncalled bet ($0.08) returned to valeriafim
valeriafim collected $0.13 from pot
valeriafim: doesn't show hand 
*** SUMMARY ***
Total pot $0.13 | Rake $0 
Board [3d 8h 2s 5d 4c]
Seat 1: bagram8789 (big blind) folded before Flop
Seat 2: Dorex2007 folded before Flop (didn't bet)
Seat 3: lerivera folded before Flop (didn't bet)
Seat 4: Carpy 1 folded before Flop (didn't bet)
Seat 5: tomashovka55 folded on the River
Seat 6: 2VERY folded before Flop (didn't bet)
Seat 7: shawmoney folded before Flop (didn't bet)
Seat 8: valeriafim (button) collected ($0.13)
Seat 9: blopisanz (small blind) folded before Flop



