PokerStars Hand #237611708355:  Hold'em No Limit ($0.02/$0.05 USD) - 2022/07/26 19:31:12 PT [2022/07/26 22:31:12 ET]
Table 'Alisary' 9-max Seat #9 is the button
Seat 1: itilt89 ($5 in chips) 
Seat 2: UK_diego ($2.10 in chips) 
Seat 4: lucifergaia ($7.89 in chips) 
Seat 5: r4oB ($5.76 in chips) 
Seat 6: adrian_gd ($4.31 in chips) 
Seat 7: nunu1977 ($7.41 in chips) 
Seat 8: Dorex2007 ($5 in chips) 
Seat 9: LedOma ($3.07 in chips) 
itilt89: posts small blind $0.02
UK_diego: posts big blind $0.05
Tiago Heu: sits out 
Dorex2007: posts big blind $0.05
*** HOLE CARDS ***
Dealt to Dorex2007 [4h 8d]
lucifergaia: folds 
r4oB: folds 
adrian_gd: raises $0.05 to $0.10
nunu1977: calls $0.10
Dorex2007: folds 
LedOma: folds 
itilt89: calls $0.08
UK_diego: folds 
*** FLOP *** [2s 2c Th]
itilt89: checks 
adrian_gd: bets $0.19
nunu1977: folds 
itilt89: folds 
Uncalled bet ($0.19) returned to adrian_gd
adrian_gd collected $0.38 from pot
adrian_gd: doesn't show hand 
*** SUMMARY ***
Total pot $0.40 | Rake $0.02 
Board [2s 2c Th]
Seat 1: itilt89 (small blind) folded on the Flop
Seat 2: UK_diego (big blind) folded before Flop
Seat 4: lucifergaia folded before Flop (didn't bet)
Seat 5: r4oB folded before Flop (didn't bet)
Seat 6: adrian_gd collected ($0.38)
Seat 7: nunu1977 folded on the Flop
Seat 8: Dorex2007 folded before Flop (didn't bet)
Seat 9: LedOma (button) folded before Flop (didn't bet)



PokerStars Hand #237611721327:  Hold'em No Limit ($0.02/$0.05 USD) - 2022/07/26 19:32:00 PT [2022/07/26 22:32:00 ET]
Table 'Alisary' 9-max Seat #1 is the button
Seat 1: itilt89 ($5 in chips) 
Seat 2: UK_diego ($2.05 in chips) 
Seat 3: Tiago Heu ($5 in chips) 
Seat 4: lucifergaia ($7.89 in chips) 
Seat 5: r4oB ($5.76 in chips) 
Seat 6: adrian_gd ($4.59 in chips) 
Seat 7: nunu1977 ($7.31 in chips) 
Seat 8: Dorex2007 ($5 in chips) 
Seat 9: LedOma ($3.07 in chips) 
UK_diego: posts small blind $0.02
Tiago Heu: posts big blind $0.05
*** HOLE CARDS ***
Dealt to Dorex2007 [Qd 6h]
lucifergaia: raises $0.10 to $0.15
r4oB: calls $0.15
adrian_gd: folds 
nunu1977: calls $0.15
Dorex2007: folds 
LedOma: folds 
itilt89: folds 
UK_diego: raises $0.95 to $1.10
Tiago Heu: folds 
lucifergaia: folds 
r4oB: folds 
nunu1977: folds 
Uncalled bet ($0.95) returned to UK_diego
UK_diego collected $0.65 from pot
UK_diego: doesn't show hand 
*** SUMMARY ***
Total pot $0.65 | Rake $0 
Seat 1: itilt89 (button) folded before Flop (didn't bet)
Seat 2: UK_diego (small blind) collected ($0.65)
Seat 3: Tiago Heu (big blind) folded before Flop
Seat 4: lucifergaia folded before Flop
Seat 5: r4oB folded before Flop
Seat 6: adrian_gd folded before Flop (didn't bet)
Seat 7: nunu1977 folded before Flop
Seat 8: Dorex2007 folded before Flop (didn't bet)
Seat 9: LedOma folded before Flop (didn't bet)



PokerStars Hand #237611729753:  Hold'em No Limit ($0.02/$0.05 USD) - 2022/07/26 19:32:47 PT [2022/07/26 22:32:47 ET]
Table 'Alisary' 9-max Seat #2 is the button
Seat 1: itilt89 ($5 in chips) 
Seat 2: UK_diego ($2.55 in chips) 
Seat 3: Tiago Heu ($4.95 in chips) 
Seat 4: lucifergaia ($7.74 in chips) 
Seat 5: r4oB ($5.61 in chips) 
Seat 6: adrian_gd ($4.59 in chips) 
Seat 7: nunu1977 ($7.16 in chips) 
Seat 8: Dorex2007 ($5 in chips) 
Seat 9: LedOma ($3.07 in chips) 
Tiago Heu: posts small blind $0.02
lucifergaia: posts big blind $0.05
*** HOLE CARDS ***
Dealt to Dorex2007 [7c 4c]
r4oB: folds 
adrian_gd: calls $0.05
nunu1977: folds 
Dorex2007: folds 
LedOma: folds 
itilt89: raises $0.15 to $0.20
UK_diego: folds 
Tiago Heu: calls $0.18
lucifergaia: raises $0.65 to $0.85
adrian_gd: folds 
itilt89: calls $0.65
Tiago Heu: calls $0.65
*** FLOP *** [Tc Jd 5h]
Tiago Heu: checks 
lucifergaia: checks 
itilt89: bets $1.25
Tiago Heu: calls $1.25
lucifergaia: folds 
*** TURN *** [Tc Jd 5h] [3c]
Tiago Heu: checks 
itilt89: checks 
*** RIVER *** [Tc Jd 5h 3c] [Th]
Tiago Heu: bets $0.70
itilt89: calls $0.70
*** SHOW DOWN ***
Tiago Heu: shows [Kd 9d] (a pair of Tens)
itilt89: shows [9s Js] (two pair, Jacks and Tens)
itilt89 collected $6.23 from pot
*** SUMMARY ***
Total pot $6.50 | Rake $0.27 
Board [Tc Jd 5h 3c Th]
Seat 1: itilt89 showed [9s Js] and won ($6.23) with two pair, Jacks and Tens
Seat 2: UK_diego (button) folded before Flop (didn't bet)
Seat 3: Tiago Heu (small blind) showed [Kd 9d] and lost with a pair of Tens
Seat 4: lucifergaia (big blind) folded on the Flop
Seat 5: r4oB folded before Flop (didn't bet)
Seat 6: adrian_gd folded before Flop
Seat 7: nunu1977 folded before Flop (didn't bet)
Seat 8: Dorex2007 folded before Flop (didn't bet)
Seat 9: LedOma folded before Flop (didn't bet)



PokerStars Hand #237611751765:  Hold'em No Limit ($0.02/$0.05 USD) - 2022/07/26 19:34:52 PT [2022/07/26 22:34:52 ET]
Table 'Alisary' 9-max Seat #3 is the button
Seat 1: itilt89 ($8.43 in chips) 
Seat 2: UK_diego ($2.55 in chips) 
Seat 3: Tiago Heu ($2.15 in chips) 
Seat 4: lucifergaia ($6.89 in chips) 
Seat 5: r4oB ($5.61 in chips) 
Seat 6: adrian_gd ($4.54 in chips) 
Seat 7: nunu1977 ($7.16 in chips) 
Seat 8: Dorex2007 ($5 in chips) 
Seat 9: LedOma ($3.07 in chips) 
lucifergaia: posts small blind $0.02
r4oB: posts big blind $0.05
*** HOLE CARDS ***
Dealt to Dorex2007 [Ah 5c]
adrian_gd: raises $0.05 to $0.10
nunu1977: folds 
Dorex2007: folds 
LedOma: folds 
itilt89: folds 
UK_diego: folds 
Tiago Heu: raises $0.05 to $0.15
lucifergaia: folds 
r4oB: calls $0.10
adrian_gd: calls $0.05
*** FLOP *** [4h 8c As]
r4oB: checks 
adrian_gd: bets $0.22
Tiago Heu: raises $0.22 to $0.44
r4oB: folds 
adrian_gd: folds 
Uncalled bet ($0.22) returned to Tiago Heu
Tiago Heu collected $0.87 from pot
Tiago Heu: doesn't show hand 
*** SUMMARY ***
Total pot $0.91 | Rake $0.04 
Board [4h 8c As]
Seat 1: itilt89 folded before Flop (didn't bet)
Seat 2: UK_diego folded before Flop (didn't bet)
Seat 3: Tiago Heu (button) collected ($0.87)
Seat 4: lucifergaia (small blind) folded before Flop
Seat 5: r4oB (big blind) folded on the Flop
Seat 6: adrian_gd folded on the Flop
Seat 7: nunu1977 folded before Flop (didn't bet)
Seat 8: Dorex2007 folded before Flop (didn't bet)
Seat 9: LedOma folded before Flop (didn't bet)



PokerStars Hand #237611761865:  Hold'em No Limit ($0.02/$0.05 USD) - 2022/07/26 19:35:48 PT [2022/07/26 22:35:48 ET]
Table 'Alisary' 9-max Seat #4 is the button
Seat 1: itilt89 ($8.43 in chips) 
Seat 2: UK_diego ($2.55 in chips) 
Seat 3: Tiago Heu ($2.65 in chips) 
Seat 4: lucifergaia ($6.87 in chips) 
Seat 5: r4oB ($5.46 in chips) 
Seat 6: adrian_gd ($4.17 in chips) 
Seat 7: nunu1977 ($7.16 in chips) 
Seat 8: Dorex2007 ($5 in chips) 
Seat 9: LedOma ($3.07 in chips) 
r4oB: posts small blind $0.02
adrian_gd: posts big blind $0.05
*** HOLE CARDS ***
Dealt to Dorex2007 [5s Qd]
nunu1977: folds 
Dorex2007: folds 
LedOma: folds 
itilt89: folds 
UK_diego: folds 
Tiago Heu: folds 
lucifergaia: raises $0.10 to $0.15
r4oB: calls $0.13
adrian_gd: calls $0.10
*** FLOP *** [3d 5c 3s]
r4oB: checks 
adrian_gd: bets $0.21
lucifergaia: folds 
r4oB: folds 
Uncalled bet ($0.21) returned to adrian_gd
adrian_gd collected $0.43 from pot
adrian_gd: doesn't show hand 
*** SUMMARY ***
Total pot $0.45 | Rake $0.02 
Board [3d 5c 3s]
Seat 1: itilt89 folded before Flop (didn't bet)
Seat 2: UK_diego folded before Flop (didn't bet)
Seat 3: Tiago Heu folded before Flop (didn't bet)
Seat 4: lucifergaia (button) folded on the Flop
Seat 5: r4oB (small blind) folded on the Flop
Seat 6: adrian_gd (big blind) collected ($0.43)
Seat 7: nunu1977 folded before Flop (didn't bet)
Seat 8: Dorex2007 folded before Flop (didn't bet)
Seat 9: LedOma folded before Flop (didn't bet)



PokerStars Hand #237611770751:  Hold'em No Limit ($0.02/$0.05 USD) - 2022/07/26 19:36:37 PT [2022/07/26 22:36:37 ET]
Table 'Alisary' 9-max Seat #5 is the button
Seat 1: itilt89 ($8.43 in chips) 
Seat 2: UK_diego ($2.55 in chips) 
Seat 3: Tiago Heu ($2.65 in chips) 
Seat 4: lucifergaia ($6.72 in chips) 
Seat 5: r4oB ($5.31 in chips) 
Seat 6: adrian_gd ($4.45 in chips) 
Seat 7: nunu1977 ($7.16 in chips) 
Seat 8: Dorex2007 ($5 in chips) 
Seat 9: LedOma ($3.07 in chips) 
adrian_gd: posts small blind $0.02
nunu1977: posts big blind $0.05
*** HOLE CARDS ***
Dealt to Dorex2007 [7d 4c]
Dorex2007: folds 
LedOma: folds 
itilt89: raises $0.10 to $0.15
UK_diego: folds 
Tiago Heu: folds 
lucifergaia: folds 
r4oB: folds 
adrian_gd: folds 
nunu1977: folds 
Uncalled bet ($0.10) returned to itilt89
itilt89 collected $0.12 from pot
itilt89: doesn't show hand 
*** SUMMARY ***
Total pot $0.12 | Rake $0 
Seat 1: itilt89 collected ($0.12)
Seat 2: UK_diego folded before Flop (didn't bet)
Seat 3: Tiago Heu folded before Flop (didn't bet)
Seat 4: lucifergaia folded before Flop (didn't bet)
Seat 5: r4oB (button) folded before Flop (didn't bet)
Seat 6: adrian_gd (small blind) folded before Flop
Seat 7: nunu1977 (big blind) folded before Flop
Seat 8: Dorex2007 folded before Flop (didn't bet)
Seat 9: LedOma folded before Flop (didn't bet)



PokerStars Hand #237611776702:  Hold'em No Limit ($0.02/$0.05 USD) - 2022/07/26 19:37:10 PT [2022/07/26 22:37:10 ET]
Table 'Alisary' 9-max Seat #6 is the button
Seat 1: itilt89 ($8.50 in chips) 
Seat 2: UK_diego ($2.55 in chips) 
Seat 3: Tiago Heu ($2.65 in chips) 
Seat 4: lucifergaia ($6.72 in chips) 
Seat 5: r4oB ($5.31 in chips) 
Seat 6: adrian_gd ($4.43 in chips) 
Seat 7: nunu1977 ($7.11 in chips) 
Seat 8: Dorex2007 ($5 in chips) 
Seat 9: LedOma ($3.07 in chips) 
nunu1977: posts small blind $0.02
Dorex2007: posts big blind $0.05
*** HOLE CARDS ***
Dealt to Dorex2007 [9c As]
LedOma: folds 
itilt89: folds 
UK_diego: folds 
Tiago Heu: folds 
lucifergaia: folds 
r4oB: folds 
adrian_gd: raises $0.05 to $0.10
nunu1977: folds 
Dorex2007: calls $0.05
*** FLOP *** [Td Qd 9d]
Dorex2007: checks 
adrian_gd: checks 
*** TURN *** [Td Qd 9d] [5s]
Dorex2007: checks 
adrian_gd: bets $0.10
Dorex2007: calls $0.10
*** RIVER *** [Td Qd 9d 5s] [Ks]
Dorex2007: bets $0.20
r4oB is disconnected 
r4oB is disconnected 
adrian_gd: raises $0.20 to $0.40
Dorex2007: folds 
Uncalled bet ($0.20) returned to adrian_gd
adrian_gd collected $0.79 from pot
adrian_gd: doesn't show hand 
*** SUMMARY ***
Total pot $0.82 | Rake $0.03 
Board [Td Qd 9d 5s Ks]
Seat 1: itilt89 folded before Flop (didn't bet)
Seat 2: UK_diego folded before Flop (didn't bet)
Seat 3: Tiago Heu folded before Flop (didn't bet)
Seat 4: lucifergaia folded before Flop (didn't bet)
Seat 5: r4oB folded before Flop (didn't bet)
Seat 6: adrian_gd (button) collected ($0.79)
Seat 7: nunu1977 (small blind) folded before Flop
Seat 8: Dorex2007 (big blind) folded on the River
Seat 9: LedOma folded before Flop (didn't bet)



PokerStars Hand #237611788200:  Hold'em No Limit ($0.02/$0.05 USD) - 2022/07/26 19:38:13 PT [2022/07/26 22:38:13 ET]
Table 'Alisary' 9-max Seat #7 is the button
Seat 1: itilt89 ($8.50 in chips) 
Seat 2: UK_diego ($2.55 in chips) 
Seat 3: Tiago Heu ($2.65 in chips) 
Seat 4: lucifergaia ($6.72 in chips) 
Seat 5: r4oB ($5.31 in chips) 
Seat 6: adrian_gd ($4.82 in chips) 
Seat 7: nunu1977 ($7.09 in chips) 
Seat 8: Dorex2007 ($5 in chips) 
Seat 9: LedOma ($3.07 in chips) 
Dorex2007: posts small blind $0.02
LedOma: posts big blind $0.05
*** HOLE CARDS ***
Dealt to Dorex2007 [Jd 3s]
itilt89: folds 
UK_diego: calls $0.05
Tiago Heu has timed out
Tiago Heu: folds 
lucifergaia: folds 
r4oB: folds 
adrian_gd: folds 
nunu1977: raises $0.05 to $0.10
Dorex2007: folds 
LedOma: folds 
UK_diego: calls $0.05
*** FLOP *** [8h Tc Th]
UK_diego: bets $0.13
nunu1977: folds 
Uncalled bet ($0.13) returned to UK_diego
UK_diego collected $0.26 from pot
UK_diego: doesn't show hand 
*** SUMMARY ***
Total pot $0.27 | Rake $0.01 
Board [8h Tc Th]
Seat 1: itilt89 folded before Flop (didn't bet)
Seat 2: UK_diego collected ($0.26)
Seat 3: Tiago Heu folded before Flop (didn't bet)
Seat 4: lucifergaia folded before Flop (didn't bet)
Seat 5: r4oB folded before Flop (didn't bet)
Seat 6: adrian_gd folded before Flop (didn't bet)
Seat 7: nunu1977 (button) folded on the Flop
Seat 8: Dorex2007 (small blind) folded before Flop
Seat 9: LedOma (big blind) folded before Flop



PokerStars Hand #237611795878:  Hold'em No Limit ($0.02/$0.05 USD) - 2022/07/26 19:38:56 PT [2022/07/26 22:38:56 ET]
Table 'Alisary' 9-max Seat #8 is the button
Seat 1: itilt89 ($8.50 in chips) 
Seat 2: UK_diego ($2.71 in chips) 
Seat 4: lucifergaia ($6.72 in chips) 
Seat 5: r4oB ($5.31 in chips) 
Seat 6: adrian_gd ($4.82 in chips) 
Seat 7: nunu1977 ($6.99 in chips) 
Seat 8: Dorex2007 ($5 in chips) 
Seat 9: LedOma ($3.02 in chips) 
LedOma: posts small blind $0.02
itilt89: posts big blind $0.05
*** HOLE CARDS ***
Dealt to Dorex2007 [5c Kd]
UK_diego: calls $0.05
lucifergaia: folds 
r4oB: folds 
adrian_gd: folds 
nunu1977: folds 
Dorex2007: folds 
LedOma: folds 
itilt89: checks 
*** FLOP *** [8h 4c Td]
itilt89: checks 
UK_diego: checks 
*** TURN *** [8h 4c Td] [2s]
itilt89: checks 
UK_diego: checks 
*** RIVER *** [8h 4c Td 2s] [7h]
itilt89: bets $0.20
UK_diego: calls $0.20
*** SHOW DOWN ***
itilt89: shows [9d 6s] (a straight, Six to Ten)
UK_diego: mucks hand 
itilt89 collected $0.50 from pot
*** SUMMARY ***
Total pot $0.52 | Rake $0.02 
Board [8h 4c Td 2s 7h]
Seat 1: itilt89 (big blind) showed [9d 6s] and won ($0.50) with a straight, Six to Ten
Seat 2: UK_diego mucked [Jh Qs]
Seat 4: lucifergaia folded before Flop (didn't bet)
Seat 5: r4oB folded before Flop (didn't bet)
Seat 6: adrian_gd folded before Flop (didn't bet)
Seat 7: nunu1977 folded before Flop (didn't bet)
Seat 8: Dorex2007 (button) folded before Flop (didn't bet)
Seat 9: LedOma (small blind) folded before Flop



PokerStars Hand #237611804018:  Hold'em No Limit ($0.02/$0.05 USD) - 2022/07/26 19:39:34 PT [2022/07/26 22:39:34 ET]
Table 'Alisary' 9-max Seat #9 is the button
Seat 1: itilt89 ($8.75 in chips) 
Seat 2: UK_diego ($2.46 in chips) 
Seat 3: Tiago Heu ($2.65 in chips) 
Seat 4: lucifergaia ($6.72 in chips) 
Seat 5: r4oB ($5.31 in chips) 
Seat 6: adrian_gd ($4.82 in chips) 
Seat 7: nunu1977 ($6.99 in chips) 
Seat 8: Dorex2007 ($5 in chips) 
Seat 9: LedOma ($3 in chips) 
itilt89: posts small blind $0.02
UK_diego: posts big blind $0.05
*** HOLE CARDS ***
Dealt to Dorex2007 [Ac Tc]
Tiago Heu: folds 
lucifergaia: folds 
r4oB: calls $0.05
adrian_gd: folds 
nunu1977: raises $0.15 to $0.20
Dorex2007: calls $0.20
LedOma: folds 
itilt89: calls $0.18
UK_diego: raises $0.15 to $0.35
r4oB: calls $0.30
nunu1977: raises $0.55 to $0.90
Dorex2007: folds 
itilt89: folds 
UK_diego: calls $0.55
r4oB: calls $0.55
*** FLOP *** [Kd Ks 9h]
UK_diego: checks 
r4oB: checks 
nunu1977: checks 
*** TURN *** [Kd Ks 9h] [6c]
UK_diego: checks 
r4oB: bets $0.93
nunu1977: folds 
UK_diego: raises $0.63 to $1.56 and is all-in
r4oB: calls $0.63
*** RIVER *** [Kd Ks 9h 6c] [4d]
*** SHOW DOWN ***
UK_diego: shows [Kc Ad] (three of a kind, Kings)
r4oB: shows [Th 7h] (a pair of Kings)
UK_diego collected $5.96 from pot
r4oB cashed out the hand for $0.53 | Cash Out Fee $0.01
*** SUMMARY ***
Total pot $6.22 | Rake $0.26 
Board [Kd Ks 9h 6c 4d]
Seat 1: itilt89 (small blind) folded before Flop
Seat 2: UK_diego (big blind) showed [Kc Ad] and won ($5.96) with three of a kind, Kings
Seat 3: Tiago Heu folded before Flop (didn't bet)
Seat 4: lucifergaia folded before Flop (didn't bet)
Seat 5: r4oB showed [Th 7h] and lost with a pair of Kings (cashed out).
Seat 6: adrian_gd folded before Flop (didn't bet)
Seat 7: nunu1977 folded on the Turn
Seat 8: Dorex2007 folded before Flop
Seat 9: LedOma (button) folded before Flop (didn't bet)



PokerStars Hand #237611819528:  Hold'em No Limit ($0.02/$0.05 USD) - 2022/07/26 19:41:02 PT [2022/07/26 22:41:02 ET]
Table 'Alisary' 9-max Seat #1 is the button
Seat 1: itilt89 ($8.55 in chips) 
Seat 2: UK_diego ($5.96 in chips) 
Seat 3: Tiago Heu ($2.65 in chips) 
Seat 4: lucifergaia ($6.72 in chips) 
Seat 5: r4oB ($3.38 in chips) 
Seat 6: adrian_gd ($4.82 in chips) 
Seat 7: nunu1977 ($6.09 in chips) 
Seat 8: Dorex2007 ($5 in chips) 
Seat 9: LedOma ($3 in chips) 
UK_diego: posts small blind $0.02
Tiago Heu: posts big blind $0.05
*** HOLE CARDS ***
Dealt to Dorex2007 [8c Jc]
lucifergaia: folds 
r4oB: folds 
adrian_gd: folds 
nunu1977: raises $0.05 to $0.10
Dorex2007: folds 
LedOma: raises $0.10 to $0.20
itilt89: raises $0.60 to $0.80
UK_diego: folds 
Tiago Heu: folds 
nunu1977: folds 
LedOma: raises $0.70 to $1.50
itilt89: calls $0.70
*** FLOP *** [Ad Js 6s]
LedOma: bets $0.25
itilt89: raises $1.25 to $1.50
LedOma: calls $1.25 and is all-in
*** TURN *** [Ad Js 6s] [Jh]
*** RIVER *** [Ad Js 6s Jh] [9h]
*** SHOW DOWN ***
LedOma: shows [As Ah] (a full house, Aces full of Jacks)
itilt89: shows [Kh Kd] (two pair, Kings and Jacks)
LedOma collected $5.91 from pot
*** SUMMARY ***
Total pot $6.17 | Rake $0.26 
Board [Ad Js 6s Jh 9h]
Seat 1: itilt89 (button) showed [Kh Kd] and lost with two pair, Kings and Jacks
Seat 2: UK_diego (small blind) folded before Flop
Seat 3: Tiago Heu (big blind) folded before Flop
Seat 4: lucifergaia folded before Flop (didn't bet)
Seat 5: r4oB folded before Flop (didn't bet)
Seat 6: adrian_gd folded before Flop (didn't bet)
Seat 7: nunu1977 folded before Flop
Seat 8: Dorex2007 folded before Flop (didn't bet)
Seat 9: LedOma showed [As Ah] and won ($5.91) with a full house, Aces full of Jacks



PokerStars Hand #237611836534:  Hold'em No Limit ($0.02/$0.05 USD) - 2022/07/26 19:42:30 PT [2022/07/26 22:42:30 ET]
Table 'Alisary' 9-max Seat #2 is the button
Seat 1: itilt89 ($5.55 in chips) 
Seat 2: UK_diego ($5.94 in chips) 
Seat 3: Tiago Heu ($2.60 in chips) 
Seat 4: lucifergaia ($6.72 in chips) 
Seat 5: r4oB ($3.38 in chips) 
Seat 6: adrian_gd ($4.82 in chips) 
Seat 7: nunu1977 ($5.99 in chips) 
Seat 8: Dorex2007 ($5 in chips) 
Seat 9: LedOma ($5.91 in chips) 
Tiago Heu: posts small blind $0.02
lucifergaia: posts big blind $0.05
*** HOLE CARDS ***
Dealt to Dorex2007 [2d Ad]
r4oB: calls $0.05
adrian_gd has timed out
adrian_gd: folds 
nunu1977: folds 
Dorex2007: raises $0.05 to $0.10
LedOma: calls $0.10
itilt89: folds 
UK_diego: folds 
Tiago Heu: folds 
lucifergaia: folds 
r4oB: calls $0.05
*** FLOP *** [9s 4h 6s]
r4oB: checks 
Dorex2007: checks 
LedOma: checks 
*** TURN *** [9s 4h 6s] [Qd]
r4oB: bets $0.17
Dorex2007: folds 
LedOma: folds 
Uncalled bet ($0.17) returned to r4oB
r4oB collected $0.35 from pot
r4oB: doesn't show hand 
*** SUMMARY ***
Total pot $0.37 | Rake $0.02 
Board [9s 4h 6s Qd]
Seat 1: itilt89 folded before Flop (didn't bet)
Seat 2: UK_diego (button) folded before Flop (didn't bet)
Seat 3: Tiago Heu (small blind) folded before Flop
Seat 4: lucifergaia (big blind) folded before Flop
Seat 5: r4oB collected ($0.35)
Seat 6: adrian_gd folded before Flop (didn't bet)
Seat 7: nunu1977 folded before Flop (didn't bet)
Seat 8: Dorex2007 folded on the Turn
Seat 9: LedOma folded on the Turn



PokerStars Hand #237611846829:  Hold'em No Limit ($0.02/$0.05 USD) - 2022/07/26 19:43:29 PT [2022/07/26 22:43:29 ET]
Table 'Alisary' 9-max Seat #3 is the button
Seat 1: itilt89 ($5.55 in chips) 
Seat 2: UK_diego ($5.94 in chips) 
Seat 3: Tiago Heu ($2.58 in chips) 
Seat 4: lucifergaia ($6.67 in chips) 
Seat 5: r4oB ($3.63 in chips) 
Seat 6: adrian_gd ($4.82 in chips) 
Seat 7: nunu1977 ($5.99 in chips) 
Seat 8: Dorex2007 ($5 in chips) 
Seat 9: LedOma ($5.81 in chips) 
lucifergaia: posts small blind $0.02
r4oB: posts big blind $0.05
*** HOLE CARDS ***
Dealt to Dorex2007 [8s 7d]
adrian_gd: folds 
nunu1977: folds 
Dorex2007 has timed out
Dorex2007: folds 
LedOma: raises $0.10 to $0.15
itilt89: calls $0.15
UK_diego: folds 
Tiago Heu: folds 
lucifergaia: folds 
r4oB: folds 
*** FLOP *** [Ks 4s 2s]
LedOma: checks 
itilt89: checks 
*** TURN *** [Ks 4s 2s] [6s]
LedOma: bets $0.17
itilt89: folds 
Uncalled bet ($0.17) returned to LedOma
LedOma collected $0.35 from pot
*** SUMMARY ***
Total pot $0.37 | Rake $0.02 
Board [Ks 4s 2s 6s]
Seat 1: itilt89 folded on the Turn
Seat 2: UK_diego folded before Flop (didn't bet)
Seat 3: Tiago Heu (button) folded before Flop (didn't bet)
Seat 4: lucifergaia (small blind) folded before Flop
Seat 5: r4oB (big blind) folded before Flop
Seat 6: adrian_gd folded before Flop (didn't bet)
Seat 7: nunu1977 folded before Flop (didn't bet)
Seat 8: Dorex2007 folded before Flop (didn't bet)
Seat 9: LedOma collected ($0.35)



PokerStars Hand #237611857253:  Hold'em No Limit ($0.02/$0.05 USD) - 2022/07/26 19:44:30 PT [2022/07/26 22:44:30 ET]
Table 'Alisary' 9-max Seat #4 is the button
Seat 1: itilt89 ($5.40 in chips) 
Seat 2: UK_diego ($5.94 in chips) 
Seat 3: Tiago Heu ($2.58 in chips) 
Seat 4: lucifergaia ($6.65 in chips) 
Seat 5: r4oB ($3.58 in chips) 
Seat 6: adrian_gd ($4.82 in chips) 
Seat 7: nunu1977 ($5.99 in chips) 
Seat 8: Dorex2007 ($5 in chips) 
Seat 9: LedOma ($6.01 in chips) 
r4oB: posts small blind $0.02
adrian_gd: posts big blind $0.05
*** HOLE CARDS ***
Dealt to Dorex2007 [7s Jd]
nunu1977: raises $0.05 to $0.10
Dorex2007: folds 
LedOma: folds 
itilt89: folds 
UK_diego: calls $0.10
Tiago Heu: folds 
lucifergaia: folds 
r4oB: calls $0.08
adrian_gd: raises $0.05 to $0.15
nunu1977: calls $0.05
UK_diego: calls $0.05
r4oB: calls $0.05
*** FLOP *** [2c 3d 5s]
r4oB: checks 
adrian_gd: bets $0.29
nunu1977: calls $0.29
UK_diego: calls $0.29
r4oB: calls $0.29
*** TURN *** [2c 3d 5s] [Ac]
r4oB: checks 
adrian_gd: bets $0.84
nunu1977: calls $0.84
UK_diego: folds 
r4oB: calls $0.84
*** RIVER *** [2c 3d 5s Ac] [8d]
r4oB: checks 
adrian_gd: bets $3.54 and is all-in
nunu1977: folds 
r4oB: folds 
Uncalled bet ($3.54) returned to adrian_gd
adrian_gd collected $4.10 from pot
adrian_gd: doesn't show hand 
*** SUMMARY ***
Total pot $4.28 | Rake $0.18 
Board [2c 3d 5s Ac 8d]
Seat 1: itilt89 folded before Flop (didn't bet)
Seat 2: UK_diego folded on the Turn
Seat 3: Tiago Heu folded before Flop (didn't bet)
Seat 4: lucifergaia (button) folded before Flop (didn't bet)
Seat 5: r4oB (small blind) folded on the River
Seat 6: adrian_gd (big blind) collected ($4.10)
Seat 7: nunu1977 folded on the River
Seat 8: Dorex2007 folded before Flop (didn't bet)
Seat 9: LedOma folded before Flop (didn't bet)



PokerStars Hand #237611877113:  Hold'em No Limit ($0.02/$0.05 USD) - 2022/07/26 19:45:57 PT [2022/07/26 22:45:57 ET]
Table 'Alisary' 9-max Seat #5 is the button
Seat 1: itilt89 ($5.40 in chips) 
Seat 2: UK_diego ($5.50 in chips) 
Seat 3: Tiago Heu ($2.58 in chips) 
Seat 4: lucifergaia ($6.65 in chips) 
Seat 5: r4oB ($2.30 in chips) 
Seat 6: adrian_gd ($7.64 in chips) 
Seat 7: nunu1977 ($4.71 in chips) 
Seat 8: Dorex2007 ($5 in chips) 
Seat 9: LedOma ($6.01 in chips) 
adrian_gd: posts small blind $0.02
nunu1977: posts big blind $0.05
*** HOLE CARDS ***
Dealt to Dorex2007 [5d Ac]
Dorex2007: folds 
LedOma: folds 
itilt89: folds 
UK_diego: calls $0.05
Tiago Heu: folds 
lucifergaia: folds 
r4oB: calls $0.05
adrian_gd: raises $0.10 to $0.15
nunu1977: calls $0.10
UK_diego: calls $0.10
r4oB: calls $0.10
*** FLOP *** [Ah 2c Jd]
adrian_gd: bets $0.29
nunu1977: calls $0.29
UK_diego: folds 
r4oB: folds 
*** TURN *** [Ah 2c Jd] [5h]
adrian_gd: bets $1.13
nunu1977: raises $3.14 to $4.27 and is all-in
adrian_gd: calls $3.14
*** RIVER *** [Ah 2c Jd 5h] [9c]
*** SHOW DOWN ***
adrian_gd: shows [9d Kd] (a pair of Nines)
nunu1977: shows [2h Jc] (two pair, Jacks and Deuces)
nunu1977 collected $9.32 from pot
*** SUMMARY ***
Total pot $9.72 | Rake $0.40 
Board [Ah 2c Jd 5h 9c]
Seat 1: itilt89 folded before Flop (didn't bet)
Seat 2: UK_diego folded on the Flop
Seat 3: Tiago Heu folded before Flop (didn't bet)
Seat 4: lucifergaia folded before Flop (didn't bet)
Seat 5: r4oB (button) folded on the Flop
Seat 6: adrian_gd (small blind) showed [9d Kd] and lost with a pair of Nines
Seat 7: nunu1977 (big blind) showed [2h Jc] and won ($9.32) with two pair, Jacks and Deuces
Seat 8: Dorex2007 folded before Flop (didn't bet)
Seat 9: LedOma folded before Flop (didn't bet)



PokerStars Hand #237611892888:  Hold'em No Limit ($0.02/$0.05 USD) - 2022/07/26 19:47:18 PT [2022/07/26 22:47:18 ET]
Table 'Alisary' 9-max Seat #6 is the button
Seat 1: itilt89 ($5.40 in chips) 
Seat 2: UK_diego ($5.35 in chips) 
Seat 3: Tiago Heu ($2.58 in chips) 
Seat 4: lucifergaia ($6.65 in chips) 
Seat 5: r4oB ($2.15 in chips) 
Seat 6: adrian_gd ($2.93 in chips) 
Seat 7: nunu1977 ($9.32 in chips) 
Seat 8: Dorex2007 ($5 in chips) 
Seat 9: LedOma ($6.01 in chips) 
nunu1977: posts small blind $0.02
Dorex2007: posts big blind $0.05
*** HOLE CARDS ***
Dealt to Dorex2007 [6s 9s]
LedOma: raises $0.10 to $0.15
itilt89: folds 
UK_diego: folds 
Tiago Heu: raises $0.10 to $0.25
lucifergaia: folds 
r4oB: folds 
adrian_gd: folds 
nunu1977: calls $0.23
Dorex2007: folds 
LedOma: raises $0.80 to $1.05
Tiago Heu: calls $0.80
nunu1977: folds 
*** FLOP *** [Th 2s 3c]
LedOma: bets $0.40
Tiago Heu: calls $0.40
*** TURN *** [Th 2s 3c] [9d]
LedOma: bets $4.56 and is all-in
Tiago Heu: folds 
Uncalled bet ($4.56) returned to LedOma
LedOma collected $3.07 from pot
*** SUMMARY ***
Total pot $3.20 | Rake $0.13 
Board [Th 2s 3c 9d]
Seat 1: itilt89 folded before Flop (didn't bet)
Seat 2: UK_diego folded before Flop (didn't bet)
Seat 3: Tiago Heu folded on the Turn
Seat 4: lucifergaia folded before Flop (didn't bet)
Seat 5: r4oB folded before Flop (didn't bet)
Seat 6: adrian_gd (button) folded before Flop (didn't bet)
Seat 7: nunu1977 (small blind) folded before Flop
Seat 8: Dorex2007 (big blind) folded before Flop
Seat 9: LedOma collected ($3.07)



PokerStars Hand #237611905979:  Hold'em No Limit ($0.02/$0.05 USD) - 2022/07/26 19:48:35 PT [2022/07/26 22:48:35 ET]
Table 'Alisary' 9-max Seat #7 is the button
Seat 1: itilt89 ($5.40 in chips) 
Seat 2: UK_diego ($5.35 in chips) 
Seat 3: Tiago Heu ($1.13 in chips) 
Seat 4: lucifergaia ($6.65 in chips) 
Seat 5: r4oB ($2.15 in chips) 
Seat 6: adrian_gd ($2.93 in chips) 
Seat 7: nunu1977 ($9.07 in chips) 
Seat 8: Dorex2007 ($5 in chips) 
Seat 9: LedOma ($7.63 in chips) 
Dorex2007: posts small blind $0.02
LedOma: posts big blind $0.05
*** HOLE CARDS ***
Dealt to Dorex2007 [7d Kc]
itilt89: folds 
UK_diego: folds 
Tiago Heu: raises $0.10 to $0.15
lucifergaia: folds 
r4oB: folds 
adrian_gd: folds 
nunu1977: calls $0.15
Dorex2007: folds 
LedOma: folds 
*** FLOP *** [8s 5s As]
Tiago Heu: bets $0.17
nunu1977: raises $0.17 to $0.34
Tiago Heu: folds 
Uncalled bet ($0.17) returned to nunu1977
nunu1977 collected $0.68 from pot
nunu1977: doesn't show hand 
*** SUMMARY ***
Total pot $0.71 | Rake $0.03 
Board [8s 5s As]
Seat 1: itilt89 folded before Flop (didn't bet)
Seat 2: UK_diego folded before Flop (didn't bet)
Seat 3: Tiago Heu folded on the Flop
Seat 4: lucifergaia folded before Flop (didn't bet)
Seat 5: r4oB folded before Flop (didn't bet)
Seat 6: adrian_gd folded before Flop (didn't bet)
Seat 7: nunu1977 (button) collected ($0.68)
Seat 8: Dorex2007 (small blind) folded before Flop
Seat 9: LedOma (big blind) folded before Flop



PokerStars Hand #237611913624:  Hold'em No Limit ($0.02/$0.05 USD) - 2022/07/26 19:49:20 PT [2022/07/26 22:49:20 ET]
Table 'Alisary' 9-max Seat #8 is the button
Seat 1: itilt89 ($5.40 in chips) 
Seat 2: UK_diego ($5.35 in chips) 
Seat 3: Tiago Heu ($0.81 in chips) 
Seat 4: lucifergaia ($6.65 in chips) 
Seat 5: r4oB ($2.15 in chips) 
Seat 6: adrian_gd ($2.93 in chips) 
Seat 7: nunu1977 ($9.43 in chips) 
Seat 8: Dorex2007 ($5 in chips) 
Seat 9: LedOma ($7.58 in chips) 
LedOma: posts small blind $0.02
itilt89: posts big blind $0.05
*** HOLE CARDS ***
Dealt to Dorex2007 [Kh 6c]
UK_diego: folds 
Tiago Heu: folds 
lucifergaia: raises $0.10 to $0.15
r4oB: folds 
adrian_gd: folds 
nunu1977: calls $0.15
Dorex2007: folds 
LedOma: folds 
itilt89: calls $0.10
*** FLOP *** [Jh 3h 5s]
itilt89: checks 
lucifergaia: checks 
nunu1977: checks 
*** TURN *** [Jh 3h 5s] [6s]
itilt89: checks 
lucifergaia: checks 
nunu1977: checks 
*** RIVER *** [Jh 3h 5s 6s] [Ah]
itilt89: checks 
lucifergaia: checks 
nunu1977: checks 
*** SHOW DOWN ***
itilt89: shows [Th Ac] (a pair of Aces)
lucifergaia: mucks hand 
nunu1977: mucks hand 
itilt89 collected $0.45 from pot
*** SUMMARY ***
Total pot $0.47 | Rake $0.02 
Board [Jh 3h 5s 6s Ah]
Seat 1: itilt89 (big blind) showed [Th Ac] and won ($0.45) with a pair of Aces
Seat 2: UK_diego folded before Flop (didn't bet)
Seat 3: Tiago Heu folded before Flop (didn't bet)
Seat 4: lucifergaia mucked [9d 8d]
Seat 5: r4oB folded before Flop (didn't bet)
Seat 6: adrian_gd folded before Flop (didn't bet)
Seat 7: nunu1977 mucked [9c 4c]
Seat 8: Dorex2007 (button) folded before Flop (didn't bet)
Seat 9: LedOma (small blind) folded before Flop



PokerStars Hand #237611923876:  Hold'em No Limit ($0.02/$0.05 USD) - 2022/07/26 19:50:19 PT [2022/07/26 22:50:19 ET]
Table 'Alisary' 9-max Seat #9 is the button
Seat 1: itilt89 ($5.70 in chips) 
Seat 2: UK_diego ($5.35 in chips) 
Seat 3: Tiago Heu ($4.42 in chips) 
Seat 4: lucifergaia ($6.50 in chips) 
Seat 5: r4oB ($2.15 in chips) 
Seat 6: adrian_gd ($2.93 in chips) 
Seat 7: nunu1977 ($9.28 in chips) 
Seat 8: Dorex2007 ($5 in chips) 
Seat 9: LedOma ($7.56 in chips) 
itilt89: posts small blind $0.02
UK_diego: posts big blind $0.05
*** HOLE CARDS ***
Dealt to Dorex2007 [5h 6d]
Tiago Heu: raises $0.05 to $0.10
lucifergaia: folds 
r4oB: folds 
adrian_gd: folds 
nunu1977: folds 
Dorex2007: folds 
LedOma: raises $0.05 to $0.15
itilt89: folds 
UK_diego: calls $0.10
Tiago Heu: calls $0.05
*** FLOP *** [6c 2c 7s]
UK_diego: checks 
Tiago Heu: checks 
LedOma: bets $0.22
UK_diego: folds 
Tiago Heu: calls $0.22
*** TURN *** [6c 2c 7s] [7d]
Tiago Heu: checks 
LedOma: bets $0.45
Tiago Heu: calls $0.45
*** RIVER *** [6c 2c 7s 7d] [Qh]
Tiago Heu: checks 
LedOma: bets $0.74
Tiago Heu: folds 
Uncalled bet ($0.74) returned to LedOma
LedOma collected $1.73 from pot
*** SUMMARY ***
Total pot $1.81 | Rake $0.08 
Board [6c 2c 7s 7d Qh]
Seat 1: itilt89 (small blind) folded before Flop
Seat 2: UK_diego (big blind) folded on the Flop
Seat 3: Tiago Heu folded on the River
Seat 4: lucifergaia folded before Flop (didn't bet)
Seat 5: r4oB folded before Flop (didn't bet)
Seat 6: adrian_gd folded before Flop (didn't bet)
Seat 7: nunu1977 folded before Flop (didn't bet)
Seat 8: Dorex2007 folded before Flop (didn't bet)
Seat 9: LedOma (button) collected ($1.73)



PokerStars Hand #237611940522:  Hold'em No Limit ($0.02/$0.05 USD) - 2022/07/26 19:51:55 PT [2022/07/26 22:51:55 ET]
Table 'Alisary' 9-max Seat #1 is the button
Seat 1: itilt89 ($5.68 in chips) 
Seat 2: UK_diego ($5.20 in chips) 
Seat 3: Tiago Heu ($3.60 in chips) 
Seat 4: lucifergaia ($6.50 in chips) 
Seat 5: r4oB ($2.15 in chips) 
Seat 6: adrian_gd ($2.93 in chips) 
Seat 7: nunu1977 ($9.28 in chips) 
Seat 8: Dorex2007 ($5 in chips) 
Seat 9: LedOma ($8.47 in chips) 
UK_diego: posts small blind $0.02
Tiago Heu: posts big blind $0.05
*** HOLE CARDS ***
Dealt to Dorex2007 [Td 5s]
lucifergaia: folds 
r4oB: calls $0.05
adrian_gd: folds 
nunu1977: folds 
Dorex2007: folds 
LedOma: folds 
itilt89: raises $0.15 to $0.20
UK_diego: folds 
Tiago Heu: calls $0.15
r4oB: calls $0.15
*** FLOP *** [Jc Qc Kd]
Tiago Heu: bets $0.29
r4oB: folds 
itilt89: folds 
Uncalled bet ($0.29) returned to Tiago Heu
Tiago Heu collected $0.59 from pot
Tiago Heu: doesn't show hand 
*** SUMMARY ***
Total pot $0.62 | Rake $0.03 
Board [Jc Qc Kd]
Seat 1: itilt89 (button) folded on the Flop
Seat 2: UK_diego (small blind) folded before Flop
Seat 3: Tiago Heu (big blind) collected ($0.59)
Seat 4: lucifergaia folded before Flop (didn't bet)
Seat 5: r4oB folded on the Flop
Seat 6: adrian_gd folded before Flop (didn't bet)
Seat 7: nunu1977 folded before Flop (didn't bet)
Seat 8: Dorex2007 folded before Flop (didn't bet)
Seat 9: LedOma folded before Flop (didn't bet)



PokerStars Hand #237611949658:  Hold'em No Limit ($0.02/$0.05 USD) - 2022/07/26 19:52:50 PT [2022/07/26 22:52:50 ET]
Table 'Alisary' 9-max Seat #2 is the button
Seat 1: itilt89 ($5.48 in chips) 
Seat 2: UK_diego ($5.18 in chips) 
Seat 3: Tiago Heu ($3.99 in chips) 
Seat 4: lucifergaia ($6.50 in chips) 
Seat 5: r4oB ($1.95 in chips) 
Seat 6: adrian_gd ($2.93 in chips) 
Seat 7: nunu1977 ($9.28 in chips) 
Seat 8: Dorex2007 ($5 in chips) 
Seat 9: LedOma ($8.47 in chips) 
Tiago Heu: posts small blind $0.02
lucifergaia: posts big blind $0.05
*** HOLE CARDS ***
Dealt to Dorex2007 [Kd 5h]
r4oB: calls $0.05
adrian_gd: folds 
nunu1977: folds 
Dorex2007: folds 
LedOma: folds 
itilt89: folds 
UK_diego: calls $0.05
Tiago Heu: calls $0.03
lucifergaia: raises $0.20 to $0.25
r4oB: calls $0.20
UK_diego: calls $0.20
Tiago Heu: calls $0.20
*** FLOP *** [Ks 2c 3h]
Tiago Heu: bets $0.15
lucifergaia: calls $0.15
r4oB: folds 
UK_diego: folds 
*** TURN *** [Ks 2c 3h] [As]
Tiago Heu: bets $0.15
lucifergaia: calls $0.15
*** RIVER *** [Ks 2c 3h As] [Ah]
Tiago Heu: checks 
lucifergaia: checks 
*** SHOW DOWN ***
Tiago Heu: shows [3s 5d] (two pair, Aces and Threes)
lucifergaia: shows [Qd Qs] (two pair, Aces and Queens)
lucifergaia collected $1.53 from pot
*** SUMMARY ***
Total pot $1.60 | Rake $0.07 
Board [Ks 2c 3h As Ah]
Seat 1: itilt89 folded before Flop (didn't bet)
Seat 2: UK_diego (button) folded on the Flop
Seat 3: Tiago Heu (small blind) showed [3s 5d] and lost with two pair, Aces and Threes
Seat 4: lucifergaia (big blind) showed [Qd Qs] and won ($1.53) with two pair, Aces and Queens
Seat 5: r4oB folded on the Flop
Seat 6: adrian_gd folded before Flop (didn't bet)
Seat 7: nunu1977 folded before Flop (didn't bet)
Seat 8: Dorex2007 folded before Flop (didn't bet)
Seat 9: LedOma folded before Flop (didn't bet)



PokerStars Hand #237611973888:  Hold'em No Limit ($0.02/$0.05 USD) - 2022/07/26 19:54:14 PT [2022/07/26 22:54:14 ET]
Table 'Alisary' 9-max Seat #3 is the button
Seat 1: itilt89 ($5.48 in chips) 
Seat 2: UK_diego ($4.93 in chips) 
Seat 3: Tiago Heu ($3.44 in chips) 
Seat 4: lucifergaia ($7.48 in chips) 
Seat 5: r4oB ($1.70 in chips) 
Seat 6: adrian_gd ($2.93 in chips) 
Seat 7: nunu1977 ($9.28 in chips) 
Seat 8: Dorex2007 ($5 in chips) 
Seat 9: LedOma ($8.47 in chips) 
lucifergaia: posts small blind $0.02
r4oB: posts big blind $0.05
*** HOLE CARDS ***
Dealt to Dorex2007 [Kc 6c]
adrian_gd: calls $0.05
nunu1977: calls $0.05
Dorex2007: folds 
LedOma: folds 
itilt89: folds 
UK_diego: folds 
Tiago Heu: folds 
lucifergaia: calls $0.03
r4oB: raises $1.65 to $1.70 and is all-in
adrian_gd: folds 
nunu1977: folds 
lucifergaia: folds 
Uncalled bet ($1.65) returned to r4oB
r4oB collected $0.20 from pot
r4oB: doesn't show hand 
*** SUMMARY ***
Total pot $0.20 | Rake $0 
Seat 1: itilt89 folded before Flop (didn't bet)
Seat 2: UK_diego folded before Flop (didn't bet)
Seat 3: Tiago Heu (button) folded before Flop (didn't bet)
Seat 4: lucifergaia (small blind) folded before Flop
Seat 5: r4oB (big blind) collected ($0.20)
Seat 6: adrian_gd folded before Flop
Seat 7: nunu1977 folded before Flop
Seat 8: Dorex2007 folded before Flop (didn't bet)
Seat 9: LedOma folded before Flop (didn't bet)



PokerStars Hand #237611979852:  Hold'em No Limit ($0.02/$0.05 USD) - 2022/07/26 19:54:49 PT [2022/07/26 22:54:49 ET]
Table 'Alisary' 9-max Seat #4 is the button
Seat 1: itilt89 ($5.48 in chips) 
Seat 2: UK_diego ($4.93 in chips) 
Seat 3: Tiago Heu ($3.44 in chips) 
Seat 4: lucifergaia ($7.43 in chips) 
Seat 5: r4oB ($1.85 in chips) 
Seat 6: adrian_gd ($2.88 in chips) 
Seat 7: nunu1977 ($9.23 in chips) 
Seat 8: Dorex2007 ($5 in chips) 
Seat 9: LedOma ($8.47 in chips) 
r4oB: posts small blind $0.02
adrian_gd: posts big blind $0.05
*** HOLE CARDS ***
Dealt to Dorex2007 [8c 9s]
nunu1977: raises $0.05 to $0.10
Dorex2007: folds 
LedOma: folds 
itilt89: calls $0.10
UK_diego: raises $0.05 to $0.15
Tiago Heu: folds 
lucifergaia: folds 
r4oB: calls $0.13
adrian_gd: calls $0.10
nunu1977: calls $0.05
itilt89: calls $0.05
*** FLOP *** [9c Jd 3c]
r4oB: checks 
adrian_gd: bets $0.36
nunu1977: calls $0.36
itilt89: calls $0.36
UK_diego: calls $0.36
r4oB: folds 
*** TURN *** [9c Jd 3c] [Th]
adrian_gd: bets $1.05
nunu1977: folds 
itilt89: folds 
UK_diego: raises $3.37 to $4.42 and is all-in
adrian_gd: calls $1.32 and is all-in
Uncalled bet ($2.05) returned to UK_diego
*** RIVER *** [9c Jd 3c Th] [Ac]
*** SHOW DOWN ***
adrian_gd: shows [Qs Kh] (a straight, Ten to Ace)
UK_diego: shows [Ks Qc] (a straight, Ten to Ace)
adrian_gd collected $3.32 from pot
UK_diego collected $3.32 from pot
*** SUMMARY ***
Total pot $6.93 | Rake $0.29 
Board [9c Jd 3c Th Ac]
Seat 1: itilt89 folded on the Turn
Seat 2: UK_diego showed [Ks Qc] and won ($3.32) with a straight, Ten to Ace
Seat 3: Tiago Heu folded before Flop (didn't bet)
Seat 4: lucifergaia (button) folded before Flop (didn't bet)
Seat 5: r4oB (small blind) folded on the Flop
Seat 6: adrian_gd (big blind) showed [Qs Kh] and won ($3.32) with a straight, Ten to Ace
Seat 7: nunu1977 folded on the Turn
Seat 8: Dorex2007 folded before Flop (didn't bet)
Seat 9: LedOma folded before Flop (didn't bet)



PokerStars Hand #237612003698:  Hold'em No Limit ($0.02/$0.05 USD) - 2022/07/26 19:56:32 PT [2022/07/26 22:56:32 ET]
Table 'Alisary' 9-max Seat #5 is the button
Seat 1: itilt89 ($5 in chips) 
Seat 2: UK_diego ($5.37 in chips) 
Seat 3: Tiago Heu ($3.44 in chips) 
Seat 4: lucifergaia ($7.43 in chips) 
Seat 5: r4oB ($1.70 in chips) 
Seat 6: adrian_gd ($3.32 in chips) 
Seat 7: nunu1977 ($8.72 in chips) 
Seat 8: Dorex2007 ($5 in chips) 
Seat 9: LedOma ($8.47 in chips) 
adrian_gd: posts small blind $0.02
nunu1977: posts big blind $0.05
*** HOLE CARDS ***
Dealt to Dorex2007 [Kd 9c]
Dorex2007: folds 
LedOma: folds 
itilt89: folds 
UK_diego: folds 
Tiago Heu: folds 
lucifergaia: raises $0.10 to $0.15
r4oB: calls $0.15
adrian_gd: calls $0.13
nunu1977: calls $0.10
*** FLOP *** [7c 2h 4d]
adrian_gd: bets $0.29
nunu1977: folds 
lucifergaia: folds 
r4oB: folds 
Uncalled bet ($0.29) returned to adrian_gd
adrian_gd collected $0.58 from pot
adrian_gd: doesn't show hand 
*** SUMMARY ***
Total pot $0.60 | Rake $0.02 
Board [7c 2h 4d]
Seat 1: itilt89 folded before Flop (didn't bet)
Seat 2: UK_diego folded before Flop (didn't bet)
Seat 3: Tiago Heu folded before Flop (didn't bet)
Seat 4: lucifergaia folded on the Flop
Seat 5: r4oB (button) folded on the Flop
Seat 6: adrian_gd (small blind) collected ($0.58)
Seat 7: nunu1977 (big blind) folded on the Flop
Seat 8: Dorex2007 folded before Flop (didn't bet)
Seat 9: LedOma folded before Flop (didn't bet)



PokerStars Hand #237612009944:  Hold'em No Limit ($0.02/$0.05 USD) - 2022/07/26 19:57:16 PT [2022/07/26 22:57:16 ET]
Table 'Alisary' 9-max Seat #6 is the button
Seat 1: itilt89 ($5 in chips) 
Seat 2: UK_diego ($5.37 in chips) 
Seat 3: Tiago Heu ($3.44 in chips) 
Seat 4: lucifergaia ($7.28 in chips) 
Seat 5: r4oB ($1.55 in chips) 
Seat 6: adrian_gd ($3.75 in chips) 
Seat 7: nunu1977 ($8.57 in chips) 
Seat 8: Dorex2007 ($5 in chips) 
Seat 9: LedOma ($8.47 in chips) 
nunu1977: posts small blind $0.02
Dorex2007: posts big blind $0.05
*** HOLE CARDS ***
Dealt to Dorex2007 [5s Qd]
LedOma: folds 
itilt89: raises $0.10 to $0.15
UK_diego: folds 
Tiago Heu: folds 
lucifergaia: folds 
r4oB: folds 
adrian_gd: folds 
nunu1977: folds 
Dorex2007: folds 
Uncalled bet ($0.10) returned to itilt89
itilt89 collected $0.12 from pot
itilt89: doesn't show hand 
*** SUMMARY ***
Total pot $0.12 | Rake $0 
Seat 1: itilt89 collected ($0.12)
Seat 2: UK_diego folded before Flop (didn't bet)
Seat 3: Tiago Heu folded before Flop (didn't bet)
Seat 4: lucifergaia folded before Flop (didn't bet)
Seat 5: r4oB folded before Flop (didn't bet)
Seat 6: adrian_gd (button) folded before Flop (didn't bet)
Seat 7: nunu1977 (small blind) folded before Flop
Seat 8: Dorex2007 (big blind) folded before Flop
Seat 9: LedOma folded before Flop (didn't bet)



PokerStars Hand #237612014409:  Hold'em No Limit ($0.02/$0.05 USD) - 2022/07/26 19:57:47 PT [2022/07/26 22:57:47 ET]
Table 'Alisary' 9-max Seat #7 is the button
Seat 1: itilt89 ($5.07 in chips) 
Seat 2: UK_diego ($5.37 in chips) 
Seat 3: Tiago Heu ($3.44 in chips) 
Seat 4: lucifergaia ($7.28 in chips) 
Seat 5: r4oB ($1.55 in chips) 
Seat 6: adrian_gd ($3.75 in chips) 
Seat 7: nunu1977 ($8.55 in chips) 
Seat 8: Dorex2007 ($5 in chips) 
Seat 9: LedOma ($8.47 in chips) 
Dorex2007: posts small blind $0.02
LedOma: posts big blind $0.05
*** HOLE CARDS ***
Dealt to Dorex2007 [Ah 7d]
itilt89: folds 
UK_diego: folds 
Tiago Heu: raises $0.25 to $0.30
lucifergaia: calls $0.30
r4oB: folds 
adrian_gd: folds 
nunu1977: calls $0.30
Dorex2007: folds 
LedOma: folds 
*** FLOP *** [Kh 9h Td]
Tiago Heu: bets $0.46
lucifergaia: calls $0.46
nunu1977: calls $0.46
*** TURN *** [Kh 9h Td] [9c]
Tiago Heu: bets $1.12
lucifergaia: folds 
nunu1977: folds 
Uncalled bet ($1.12) returned to Tiago Heu
Tiago Heu collected $2.25 from pot
Tiago Heu: doesn't show hand 
*** SUMMARY ***
Total pot $2.35 | Rake $0.10 
Board [Kh 9h Td 9c]
Seat 1: itilt89 folded before Flop (didn't bet)
Seat 2: UK_diego folded before Flop (didn't bet)
Seat 3: Tiago Heu collected ($2.25)
Seat 4: lucifergaia folded on the Turn
Seat 5: r4oB folded before Flop (didn't bet)
Seat 6: adrian_gd folded before Flop (didn't bet)
Seat 7: nunu1977 (button) folded on the Turn
Seat 8: Dorex2007 (small blind) folded before Flop
Seat 9: LedOma (big blind) folded before Flop



PokerStars Hand #237612021826:  Hold'em No Limit ($0.02/$0.05 USD) - 2022/07/26 19:58:40 PT [2022/07/26 22:58:40 ET]
Table 'Alisary' 9-max Seat #8 is the button
Seat 1: itilt89 ($5.07 in chips) 
Seat 2: UK_diego ($5.37 in chips) 
Seat 3: Tiago Heu ($4.93 in chips) 
Seat 4: lucifergaia ($6.52 in chips) 
Seat 5: r4oB ($1.55 in chips) 
Seat 6: adrian_gd ($3.75 in chips) 
Seat 7: nunu1977 ($7.79 in chips) 
Seat 8: Dorex2007 ($5 in chips) 
Seat 9: LedOma ($8.42 in chips) 
LedOma: posts small blind $0.02
itilt89: posts big blind $0.05
*** HOLE CARDS ***
Dealt to Dorex2007 [Ad 7c]
UK_diego: raises $0.05 to $0.10
Tiago Heu: folds 
lucifergaia: folds 
r4oB: raises $1.45 to $1.55 and is all-in
adrian_gd: calls $1.55
nunu1977: folds 
Dorex2007: folds 
LedOma: folds 
itilt89: folds 
UK_diego: folds 
*** FLOP *** [2c Jh 8s]
*** TURN *** [2c Jh 8s] [5d]
*** RIVER *** [2c Jh 8s 5d] [Td]
*** SHOW DOWN ***
r4oB: shows [Ac Qh] (high card Ace)
adrian_gd: shows [Kh As] (high card Ace - King kicker)
adrian_gd collected $3.13 from pot
*** SUMMARY ***
Total pot $3.27 | Rake $0.14 
Board [2c Jh 8s 5d Td]
Seat 1: itilt89 (big blind) folded before Flop
Seat 2: UK_diego folded before Flop
Seat 3: Tiago Heu folded before Flop (didn't bet)
Seat 4: lucifergaia folded before Flop (didn't bet)
Seat 5: r4oB showed [Ac Qh] and lost with high card Ace
Seat 6: adrian_gd showed [Kh As] and won ($3.13) with high card Ace
Seat 7: nunu1977 folded before Flop (didn't bet)
Seat 8: Dorex2007 (button) folded before Flop (didn't bet)
Seat 9: LedOma (small blind) folded before Flop



PokerStars Hand #237612029521:  Hold'em No Limit ($0.02/$0.05 USD) - 2022/07/26 19:59:36 PT [2022/07/26 22:59:36 ET]
Table 'Alisary' 9-max Seat #9 is the button
Seat 1: itilt89 ($5.02 in chips) 
Seat 2: UK_diego ($5.27 in chips) 
Seat 3: Tiago Heu ($4.93 in chips) 
Seat 4: lucifergaia ($6.52 in chips) 
Seat 6: adrian_gd ($5.33 in chips) 
Seat 7: nunu1977 ($7.79 in chips) 
Seat 8: Dorex2007 ($5 in chips) 
Seat 9: LedOma ($8.40 in chips) 
itilt89: posts small blind $0.02
UK_diego: posts big blind $0.05
*** HOLE CARDS ***
Dealt to Dorex2007 [7h Kh]
Tiago Heu: folds 
lucifergaia: folds 
r4oB leaves the table
adrian_gd has timed out
adrian_gd: folds 
nunu1977: folds 
Dorex2007: raises $0.05 to $0.10
LedOma: folds 
itilt89: folds 
UK_diego: calls $0.05
*** FLOP *** [4c 6c Qs]
UK_diego: checks 
Dorex2007: checks 
*** TURN *** [4c 6c Qs] [4d]
UK_diego: bets $0.21
Dorex2007: folds 
Uncalled bet ($0.21) returned to UK_diego
UK_diego collected $0.21 from pot
onlyfoolsguy joins the table at seat #5 
UK_diego: doesn't show hand 
*** SUMMARY ***
Total pot $0.22 | Rake $0.01 
Board [4c 6c Qs 4d]
Seat 1: itilt89 (small blind) folded before Flop
Seat 2: UK_diego (big blind) collected ($0.21)
Seat 3: Tiago Heu folded before Flop (didn't bet)
Seat 4: lucifergaia folded before Flop (didn't bet)
Seat 6: adrian_gd folded before Flop (didn't bet)
Seat 7: nunu1977 folded before Flop (didn't bet)
Seat 8: Dorex2007 folded on the Turn
Seat 9: LedOma (button) folded before Flop (didn't bet)



PokerStars Hand #237612035351:  Hold'em No Limit ($0.02/$0.05 USD) - 2022/07/26 20:00:17 PT [2022/07/26 23:00:17 ET]
Table 'Alisary' 9-max Seat #1 is the button
Seat 1: itilt89 ($5 in chips) 
Seat 2: UK_diego ($5.38 in chips) 
Seat 3: Tiago Heu ($4.93 in chips) 
Seat 4: lucifergaia ($6.52 in chips) 
Seat 6: adrian_gd ($5.33 in chips) 
Seat 7: nunu1977 ($7.79 in chips) 
Seat 8: Dorex2007 ($5 in chips) 
Seat 9: LedOma ($8.40 in chips) 
UK_diego: posts small blind $0.02
Tiago Heu: posts big blind $0.05
onlyfoolsguy: sits out 
*** HOLE CARDS ***
Dealt to Dorex2007 [Kd As]
lucifergaia: folds 
adrian_gd: raises $0.10 to $0.15
nunu1977: folds 
Dorex2007: raises $0.30 to $0.45
LedOma: folds 
itilt89: folds 
UK_diego: folds 
Tiago Heu: folds 
adrian_gd: calls $0.30
*** FLOP *** [Kh 8s Ac]
adrian_gd: bets $0.46
Dorex2007: calls $0.46
*** TURN *** [Kh 8s Ac] [7s]
adrian_gd: bets $0.90
Dorex2007: raises $3.19 to $4.09 and is all-in
adrian_gd: calls $3.19
*** RIVER *** [Kh 8s Ac 7s] [Qs]
*** SHOW DOWN ***
adrian_gd: shows [Ah 7h] (two pair, Aces and Sevens)
Dorex2007: shows [Kd As] (two pair, Aces and Kings)
adrian_gd cashed out the hand for $0.44
Dorex2007 cashed out the hand for $9.12 | Cash Out Fee $0.09
*** SUMMARY ***
Total pot $10.07 | Rake $0.42 
Board [Kh 8s Ac 7s Qs]
Seat 1: itilt89 (button) folded before Flop (didn't bet)
Seat 2: UK_diego (small blind) folded before Flop
Seat 3: Tiago Heu (big blind) folded before Flop
Seat 4: lucifergaia folded before Flop (didn't bet)
Seat 6: adrian_gd showed [Ah 7h] and lost with two pair, Aces and Sevens (cashed out).
Seat 7: nunu1977 folded before Flop (didn't bet)
Seat 8: Dorex2007 showed [Kd As] and won ($9.65) with two pair, Aces and Kings (pot not awarded as player cashed out)
Seat 9: LedOma folded before Flop (didn't bet)



PokerStars Hand #237612048037:  Hold'em No Limit ($0.02/$0.05 USD) - 2022/07/26 20:01:36 PT [2022/07/26 23:01:36 ET]
Table 'Alisary' 9-max Seat #2 is the button
Seat 1: itilt89 ($5 in chips) 
Seat 2: UK_diego ($5.36 in chips) 
Seat 3: Tiago Heu ($4.88 in chips) 
Seat 4: lucifergaia ($6.52 in chips) 
Seat 5: onlyfoolsguy ($5 in chips) 
Seat 6: adrian_gd ($0.77 in chips) 
Seat 7: nunu1977 ($7.79 in chips) 
Seat 8: Dorex2007 ($9.12 in chips) 
Seat 9: LedOma ($8.40 in chips) 
Tiago Heu: posts small blind $0.02
lucifergaia: posts big blind $0.05
onlyfoolsguy: posts big blind $0.05
*** HOLE CARDS ***
Dealt to Dorex2007 [Jd Kc]
onlyfoolsguy: checks 
adrian_gd: folds 
nunu1977: folds 
Dorex2007: calls $0.05
LedOma: raises $0.20 to $0.25
itilt89: folds 
UK_diego: folds 
Tiago Heu: folds 
lucifergaia: folds 
onlyfoolsguy: folds 
Dorex2007: folds 
Uncalled bet ($0.20) returned to LedOma
LedOma collected $0.22 from pot
*** SUMMARY ***
Total pot $0.22 | Rake $0 
Seat 1: itilt89 folded before Flop (didn't bet)
Seat 2: UK_diego (button) folded before Flop (didn't bet)
Seat 3: Tiago Heu (small blind) folded before Flop
Seat 4: lucifergaia (big blind) folded before Flop
Seat 5: onlyfoolsguy folded before Flop (didn't bet)
Seat 6: adrian_gd folded before Flop (didn't bet)
Seat 7: nunu1977 folded before Flop (didn't bet)
Seat 8: Dorex2007 folded before Flop
Seat 9: LedOma collected ($0.22)



PokerStars Hand #237612053428:  Hold'em No Limit ($0.02/$0.05 USD) - 2022/07/26 20:02:09 PT [2022/07/26 23:02:09 ET]
Table 'Alisary' 9-max Seat #3 is the button
Seat 1: itilt89 ($5 in chips) 
Seat 2: UK_diego ($5.36 in chips) 
Seat 3: Tiago Heu ($4.86 in chips) 
Seat 4: lucifergaia ($6.47 in chips) 
Seat 5: onlyfoolsguy ($4.95 in chips) 
Seat 6: adrian_gd ($0.77 in chips) 
Seat 7: nunu1977 ($7.79 in chips) 
Seat 8: Dorex2007 ($9.07 in chips) 
Seat 9: LedOma ($8.57 in chips) 
lucifergaia: posts small blind $0.02
onlyfoolsguy: posts big blind $0.05
*** HOLE CARDS ***
Dealt to Dorex2007 [8s 4c]
adrian_gd: raises $0.10 to $0.15
nunu1977: folds 
Dorex2007: folds 
LedOma: folds 
itilt89: folds 
UK_diego: calls $0.15
Tiago Heu: folds 
lucifergaia: folds 
onlyfoolsguy: calls $0.10
*** FLOP *** [3s As 5d]
onlyfoolsguy: checks 
adrian_gd: bets $0.22
UK_diego: raises $0.45 to $0.67
onlyfoolsguy: folds 
adrian_gd: calls $0.40 and is all-in
Uncalled bet ($0.05) returned to UK_diego
*** TURN *** [3s As 5d] [6d]
*** RIVER *** [3s As 5d 6d] [9c]
*** SHOW DOWN ***
adrian_gd: shows [8h 8d] (a pair of Eights)
UK_diego: shows [Kh 6h] (a pair of Sixes)
adrian_gd collected $1.64 from pot
UK_diego cashed out the hand for $0.26
*** SUMMARY ***
Total pot $1.71 | Rake $0.07 
Board [3s As 5d 6d 9c]
Seat 1: itilt89 folded before Flop (didn't bet)
Seat 2: UK_diego showed [Kh 6h] and lost with a pair of Sixes (cashed out).
Seat 3: Tiago Heu (button) folded before Flop (didn't bet)
Seat 4: lucifergaia (small blind) folded before Flop
Seat 5: onlyfoolsguy (big blind) folded on the Flop
Seat 6: adrian_gd showed [8h 8d] and won ($1.64) with a pair of Eights
Seat 7: nunu1977 folded before Flop (didn't bet)
Seat 8: Dorex2007 folded before Flop (didn't bet)
Seat 9: LedOma folded before Flop (didn't bet)



PokerStars Hand #237612065153:  Hold'em No Limit ($0.02/$0.05 USD) - 2022/07/26 20:03:21 PT [2022/07/26 23:03:21 ET]
Table 'Alisary' 9-max Seat #4 is the button
Seat 1: itilt89 ($5 in chips) 
Seat 2: UK_diego ($4.85 in chips) 
Seat 3: Tiago Heu ($4.86 in chips) 
Seat 4: lucifergaia ($6.45 in chips) 
Seat 5: onlyfoolsguy ($4.80 in chips) 
Seat 6: adrian_gd ($1.64 in chips) 
Seat 7: nunu1977 ($7.79 in chips) 
Seat 8: Dorex2007 ($9.07 in chips) 
Seat 9: LedOma ($8.57 in chips) 
onlyfoolsguy: posts small blind $0.02
adrian_gd: posts big blind $0.05
*** HOLE CARDS ***
Dealt to Dorex2007 [2s Jd]
nunu1977: calls $0.05
Dorex2007: folds 
LedOma: folds 
itilt89: folds 
UK_diego: folds 
Tiago Heu: raises $0.25 to $0.30
lucifergaia: folds 
onlyfoolsguy: folds 
adrian_gd: calls $0.25
nunu1977: calls $0.25
*** FLOP *** [Qd Ac 4c]
adrian_gd: bets $0.44
nunu1977: calls $0.44
Tiago Heu: calls $0.44
*** TURN *** [Qd Ac 4c] [5d]
adrian_gd: bets $0.90 and is all-in
nunu1977: calls $0.90
Tiago Heu: folds 
*** RIVER *** [Qd Ac 4c 5d] [9h]
*** SHOW DOWN ***
adrian_gd: shows [As Tc] (a pair of Aces)
nunu1977: shows [2c Qc] (a pair of Queens)
adrian_gd collected $3.87 from pot
*** SUMMARY ***
Total pot $4.04 | Rake $0.17 
Board [Qd Ac 4c 5d 9h]
Seat 1: itilt89 folded before Flop (didn't bet)
Seat 2: UK_diego folded before Flop (didn't bet)
Seat 3: Tiago Heu folded on the Turn
Seat 4: lucifergaia (button) folded before Flop (didn't bet)
Seat 5: onlyfoolsguy (small blind) folded before Flop
Seat 6: adrian_gd (big blind) showed [As Tc] and won ($3.87) with a pair of Aces
Seat 7: nunu1977 showed [2c Qc] and lost with a pair of Queens
Seat 8: Dorex2007 folded before Flop (didn't bet)
Seat 9: LedOma folded before Flop (didn't bet)



PokerStars Hand #237612081820:  Hold'em No Limit ($0.02/$0.05 USD) - 2022/07/26 20:05:04 PT [2022/07/26 23:05:04 ET]
Table 'Alisary' 9-max Seat #5 is the button
Seat 1: itilt89 ($5 in chips) 
Seat 2: UK_diego ($4.85 in chips) 
Seat 3: Tiago Heu ($4.12 in chips) 
Seat 4: lucifergaia ($6.45 in chips) 
Seat 5: onlyfoolsguy ($4.78 in chips) 
Seat 6: adrian_gd ($3.87 in chips) 
Seat 7: nunu1977 ($6.15 in chips) 
Seat 8: Dorex2007 ($9.07 in chips) 
Seat 9: LedOma ($8.57 in chips) 
adrian_gd: posts small blind $0.02
nunu1977: posts big blind $0.05
*** HOLE CARDS ***
Dealt to Dorex2007 [Kh 2c]
Dorex2007: folds 
LedOma: folds 
itilt89: folds 
UK_diego: folds 
Tiago Heu: folds 
lucifergaia: raises $0.10 to $0.15
onlyfoolsguy: folds 
adrian_gd: folds 
nunu1977: folds 
Uncalled bet ($0.10) returned to lucifergaia
lucifergaia collected $0.12 from pot
lucifergaia: doesn't show hand 
*** SUMMARY ***
Total pot $0.12 | Rake $0 
Seat 1: itilt89 folded before Flop (didn't bet)
Seat 2: UK_diego folded before Flop (didn't bet)
Seat 3: Tiago Heu folded before Flop (didn't bet)
Seat 4: lucifergaia collected ($0.12)
Seat 5: onlyfoolsguy (button) folded before Flop (didn't bet)
Seat 6: adrian_gd (small blind) folded before Flop
Seat 7: nunu1977 (big blind) folded before Flop
Seat 8: Dorex2007 folded before Flop (didn't bet)
Seat 9: LedOma folded before Flop (didn't bet)



PokerStars Hand #237612085717:  Hold'em No Limit ($0.02/$0.05 USD) - 2022/07/26 20:05:28 PT [2022/07/26 23:05:28 ET]
Table 'Alisary' 9-max Seat #6 is the button
Seat 1: itilt89 ($5 in chips) 
Seat 2: UK_diego ($4.85 in chips) 
Seat 3: Tiago Heu ($4.12 in chips) 
Seat 4: lucifergaia ($6.52 in chips) 
Seat 5: onlyfoolsguy ($4.78 in chips) 
Seat 6: adrian_gd ($3.85 in chips) 
Seat 7: nunu1977 ($6.10 in chips) 
Seat 8: Dorex2007 ($9.07 in chips) 
Seat 9: LedOma ($8.57 in chips) 
nunu1977: posts small blind $0.02
Dorex2007: posts big blind $0.05
*** HOLE CARDS ***
Dealt to Dorex2007 [Qc 4c]
LedOma: folds 
itilt89: folds 
UK_diego: calls $0.05
Tiago Heu: folds 
lucifergaia: folds 
onlyfoolsguy: folds 
adrian_gd: folds 
nunu1977: calls $0.03
Dorex2007: checks 
*** FLOP *** [Ad 6d 2h]
nunu1977: checks 
Dorex2007: checks 
UK_diego: bets $0.05
nunu1977: folds 
Dorex2007: folds 
Uncalled bet ($0.05) returned to UK_diego
UK_diego collected $0.14 from pot
UK_diego: doesn't show hand 
*** SUMMARY ***
Total pot $0.15 | Rake $0.01 
Board [Ad 6d 2h]
Seat 1: itilt89 folded before Flop (didn't bet)
Seat 2: UK_diego collected ($0.14)
Seat 3: Tiago Heu folded before Flop (didn't bet)
Seat 4: lucifergaia folded before Flop (didn't bet)
Seat 5: onlyfoolsguy folded before Flop (didn't bet)
Seat 6: adrian_gd (button) folded before Flop (didn't bet)
Seat 7: nunu1977 (small blind) folded on the Flop
Seat 8: Dorex2007 (big blind) folded on the Flop
Seat 9: LedOma folded before Flop (didn't bet)



PokerStars Hand #237612093099:  Hold'em No Limit ($0.02/$0.05 USD) - 2022/07/26 20:06:14 PT [2022/07/26 23:06:14 ET]
Table 'Alisary' 9-max Seat #7 is the button
Seat 1: itilt89 ($5 in chips) 
Seat 2: UK_diego ($4.94 in chips) 
Seat 3: Tiago Heu ($4.12 in chips) 
Seat 4: lucifergaia ($6.52 in chips) 
Seat 5: onlyfoolsguy ($4.78 in chips) 
Seat 6: adrian_gd ($3.85 in chips) 
Seat 7: nunu1977 ($6.05 in chips) 
Seat 8: Dorex2007 ($9.02 in chips) 
Seat 9: LedOma ($8.57 in chips) 
Dorex2007: posts small blind $0.02
LedOma: posts big blind $0.05
*** HOLE CARDS ***
Dealt to Dorex2007 [6s 5s]
itilt89: folds 
UK_diego: folds 
Tiago Heu: folds 
lucifergaia: folds 
onlyfoolsguy: raises $0.10 to $0.15
adrian_gd: folds 
nunu1977: folds 
Dorex2007: folds 
LedOma: folds 
Uncalled bet ($0.10) returned to onlyfoolsguy
onlyfoolsguy collected $0.12 from pot
onlyfoolsguy: doesn't show hand 
*** SUMMARY ***
Total pot $0.12 | Rake $0 
Seat 1: itilt89 folded before Flop (didn't bet)
Seat 2: UK_diego folded before Flop (didn't bet)
Seat 3: Tiago Heu folded before Flop (didn't bet)
Seat 4: lucifergaia folded before Flop (didn't bet)
Seat 5: onlyfoolsguy collected ($0.12)
Seat 6: adrian_gd folded before Flop (didn't bet)
Seat 7: nunu1977 (button) folded before Flop (didn't bet)
Seat 8: Dorex2007 (small blind) folded before Flop
Seat 9: LedOma (big blind) folded before Flop



PokerStars Hand #237612097713:  Hold'em No Limit ($0.02/$0.05 USD) - 2022/07/26 20:06:42 PT [2022/07/26 23:06:42 ET]
Table 'Alisary' 9-max Seat #8 is the button
Seat 1: itilt89 ($5 in chips) 
Seat 2: UK_diego ($4.94 in chips) 
Seat 3: Tiago Heu ($4.12 in chips) 
Seat 4: lucifergaia ($6.52 in chips) 
Seat 5: onlyfoolsguy ($4.85 in chips) 
Seat 6: adrian_gd ($3.85 in chips) 
Seat 7: nunu1977 ($6.05 in chips) 
Seat 8: Dorex2007 ($9 in chips) 
Seat 9: LedOma ($8.52 in chips) 
LedOma: posts small blind $0.02
itilt89: posts big blind $0.05
*** HOLE CARDS ***
Dealt to Dorex2007 [Qs 3s]
UK_diego: calls $0.05
Tiago Heu: folds 
lucifergaia: folds 
onlyfoolsguy: folds 
adrian_gd: folds 
nunu1977: folds 
Dorex2007: folds 
LedOma: folds 
itilt89: checks 
*** FLOP *** [6s 5h Jd]
itilt89: bets $0.09
UK_diego: calls $0.09
*** TURN *** [6s 5h Jd] [Jc]
itilt89: checks 
UK_diego: checks 
*** RIVER *** [6s 5h Jd Jc] [5c]
itilt89: checks 
UK_diego: checks 
*** SHOW DOWN ***
itilt89: shows [2s 6d] (two pair, Jacks and Sixes)
UK_diego: mucks hand 
itilt89 collected $0.29 from pot
*** SUMMARY ***
Total pot $0.30 | Rake $0.01 
Board [6s 5h Jd Jc 5c]
Seat 1: itilt89 (big blind) showed [2s 6d] and won ($0.29) with two pair, Jacks and Sixes
Seat 2: UK_diego mucked [Kc 2c]
Seat 3: Tiago Heu folded before Flop (didn't bet)
Seat 4: lucifergaia folded before Flop (didn't bet)
Seat 5: onlyfoolsguy folded before Flop (didn't bet)
Seat 6: adrian_gd folded before Flop (didn't bet)
Seat 7: nunu1977 folded before Flop (didn't bet)
Seat 8: Dorex2007 (button) folded before Flop (didn't bet)
Seat 9: LedOma (small blind) folded before Flop



PokerStars Hand #237612105702:  Hold'em No Limit ($0.02/$0.05 USD) - 2022/07/26 20:07:31 PT [2022/07/26 23:07:31 ET]
Table 'Alisary' 9-max Seat #9 is the button
Seat 1: itilt89 ($5.15 in chips) 
Seat 2: UK_diego ($4.80 in chips) 
Seat 3: Tiago Heu ($4.12 in chips) 
Seat 4: lucifergaia ($6.52 in chips) 
Seat 5: onlyfoolsguy ($4.85 in chips) 
Seat 6: adrian_gd ($3.85 in chips) 
Seat 7: nunu1977 ($6.05 in chips) 
Seat 8: Dorex2007 ($9 in chips) 
Seat 9: LedOma ($8.50 in chips) 
itilt89: posts small blind $0.02
UK_diego: posts big blind $0.05
*** HOLE CARDS ***
Dealt to Dorex2007 [Qs Tc]
Tiago Heu: folds 
lucifergaia: raises $0.10 to $0.15
onlyfoolsguy: folds 
adrian_gd: folds 
nunu1977: folds 
Dorex2007: folds 
LedOma: folds 
itilt89: calls $0.13
UK_diego: calls $0.10
*** FLOP *** [7c 3h 6s]
itilt89: bets $0.22
UK_diego: calls $0.22
lucifergaia: folds 
*** TURN *** [7c 3h 6s] [Ts]
adrian_gd leaves the table
itilt89: bets $0.45
UK_diego: calls $0.45
*** RIVER *** [7c 3h 6s Ts] [Jd]
itilt89: bets $0.80
UK_diego: calls $0.80
*** SHOW DOWN ***
itilt89: shows [7s 5h] (a pair of Sevens)
UK_diego: mucks hand 
itilt89 collected $3.25 from pot
*** SUMMARY ***
Total pot $3.39 | Rake $0.14 
Board [7c 3h 6s Ts Jd]
Seat 1: itilt89 (small blind) showed [7s 5h] and won ($3.25) with a pair of Sevens
Seat 2: UK_diego (big blind) mucked [2d Ac]
Seat 3: Tiago Heu folded before Flop (didn't bet)
Seat 4: lucifergaia folded on the Flop
Seat 5: onlyfoolsguy folded before Flop (didn't bet)
Seat 6: adrian_gd folded before Flop (didn't bet)
Seat 7: nunu1977 folded before Flop (didn't bet)
Seat 8: Dorex2007 folded before Flop (didn't bet)
Seat 9: LedOma (button) folded before Flop (didn't bet)



PokerStars Hand #237612113473:  Hold'em No Limit ($0.02/$0.05 USD) - 2022/07/26 20:08:20 PT [2022/07/26 23:08:20 ET]
Table 'Alisary' 9-max Seat #1 is the button
Seat 1: itilt89 ($6.78 in chips) 
Seat 2: UK_diego ($3.18 in chips) 
Seat 3: Tiago Heu ($4.12 in chips) 
Seat 4: lucifergaia ($6.37 in chips) 
Seat 5: onlyfoolsguy ($4.85 in chips) 
Seat 7: nunu1977 ($6.05 in chips) 
Seat 8: Dorex2007 ($9 in chips) 
Seat 9: LedOma ($8.50 in chips) 
UK_diego: posts small blind $0.02
Tiago Heu: posts big blind $0.05
*** HOLE CARDS ***
Dealt to Dorex2007 [9s 8s]
lucifergaia: folds 
onlyfoolsguy: folds 
nunu1977: raises $0.10 to $0.15
Dorex2007: folds 
LedOma: raises $0.25 to $0.40
itilt89: calls $0.40
UK_diego: folds 
Tiago Heu: folds 
nunu1977: calls $0.25
*** FLOP *** [9d Tc 8d]
nunu1977: checks 
LedOma: bets $1
itilt89: raises $2.25 to $3.25
nunu1977: folds 
LedOma: raises $2.25 to $5.50
itilt89: raises $0.88 to $6.38 and is all-in
LedOma: calls $0.88
*** TURN *** [9d Tc 8d] [6d]
*** RIVER *** [9d Tc 8d 6d] [4s]
*** SHOW DOWN ***
LedOma: shows [Qh Js] (a straight, Eight to Queen)
itilt89: shows [Th Jh] (a pair of Tens)
LedOma collected $13.45 from pot
*** SUMMARY ***
Total pot $14.03 | Rake $0.58 
Board [9d Tc 8d 6d 4s]
Seat 1: itilt89 (button) showed [Th Jh] and lost with a pair of Tens
Seat 2: UK_diego (small blind) folded before Flop
Seat 3: Tiago Heu (big blind) folded before Flop
Seat 4: lucifergaia folded before Flop (didn't bet)
Seat 5: onlyfoolsguy folded before Flop (didn't bet)
Seat 7: nunu1977 folded on the Flop
Seat 8: Dorex2007 folded before Flop (didn't bet)
Seat 9: LedOma showed [Qh Js] and won ($13.45) with a straight, Eight to Queen



PokerStars Hand #237612126360:  Hold'em No Limit ($0.02/$0.05 USD) - 2022/07/26 20:09:41 PT [2022/07/26 23:09:41 ET]
Table 'Alisary' 9-max Seat #2 is the button
Seat 1: itilt89 ($5 in chips) 
Seat 2: UK_diego ($3.16 in chips) 
Seat 3: Tiago Heu ($4.07 in chips) 
Seat 4: lucifergaia ($6.37 in chips) 
Seat 5: onlyfoolsguy ($4.85 in chips) 
Seat 7: nunu1977 ($5.65 in chips) 
Seat 8: Dorex2007 ($9 in chips) 
Seat 9: LedOma ($15.17 in chips) 
Tiago Heu: posts small blind $0.02
lucifergaia: posts big blind $0.05
*** HOLE CARDS ***
Dealt to Dorex2007 [Ad Jh]
onlyfoolsguy: folds 
nunu1977: calls $0.05
Dorex2007: calls $0.05
LedOma: folds 
itilt89: folds 
UK_diego: calls $0.05
Tiago Heu: folds 
lucifergaia: raises $0.25 to $0.30
nunu1977: calls $0.25
Dorex2007: folds 
UK_diego: calls $0.25
*** FLOP *** [3c As Ts]
lucifergaia: bets $0.70
nunu1977: calls $0.70
UK_diego: folds 
*** TURN *** [3c As Ts] [4c]
lucifergaia: bets $1.70
nunu1977: calls $1.70
*** RIVER *** [3c As Ts 4c] [Qs]
lucifergaia: checks 
nunu1977: bets $2.95 and is all-in
AIH303 joins the table at seat #6 
lucifergaia: folds 
Uncalled bet ($2.95) returned to nunu1977
nunu1977 collected $5.53 from pot
nunu1977: doesn't show hand 
*** SUMMARY ***
Total pot $5.77 | Rake $0.24 
Board [3c As Ts 4c Qs]
Seat 1: itilt89 folded before Flop (didn't bet)
Seat 2: UK_diego (button) folded on the Flop
Seat 3: Tiago Heu (small blind) folded before Flop
Seat 4: lucifergaia (big blind) folded on the River
Seat 5: onlyfoolsguy folded before Flop (didn't bet)
Seat 7: nunu1977 collected ($5.53)
Seat 8: Dorex2007 folded before Flop
Seat 9: LedOma folded before Flop (didn't bet)



PokerStars Hand #237612136774:  Hold'em No Limit ($0.02/$0.05 USD) - 2022/07/26 20:10:47 PT [2022/07/26 23:10:47 ET]
Table 'Alisary' 9-max Seat #3 is the button
Seat 1: itilt89 ($5 in chips) 
Seat 2: UK_diego ($2.86 in chips) 
Seat 3: Tiago Heu ($4.05 in chips) 
Seat 4: lucifergaia ($5 in chips) 
Seat 5: onlyfoolsguy ($4.85 in chips) 
Seat 7: nunu1977 ($8.48 in chips) 
Seat 8: Dorex2007 ($8.95 in chips) 
Seat 9: LedOma ($15.17 in chips) 
lucifergaia: posts small blind $0.02
onlyfoolsguy: posts big blind $0.05
AIH303: sits out 
*** HOLE CARDS ***
Dealt to Dorex2007 [Qc 7c]
nunu1977: folds 
Dorex2007: folds 
LedOma: raises $0.10 to $0.15
itilt89: folds 
nunu1977 leaves the table
UK_diego: calls $0.15
Tiago Heu: calls $0.15
lucifergaia: raises $0.65 to $0.80
onlyfoolsguy: folds 
LedOma: folds 
UK_diego: calls $0.65
Tiago Heu: folds 
*** FLOP *** [9d 9s 4c]
lucifergaia: checks 
UK_diego: checks 
*** TURN *** [9d 9s 4c] [7s]
lucifergaia: checks 
UK_diego: bets $0.93
lucifergaia: folds 
Uncalled bet ($0.93) returned to UK_diego
UK_diego collected $1.87 from pot
UK_diego: doesn't show hand 
*** SUMMARY ***
Total pot $1.95 | Rake $0.08 
Board [9d 9s 4c 7s]
Seat 1: itilt89 folded before Flop (didn't bet)
Seat 2: UK_diego collected ($1.87)
Seat 3: Tiago Heu (button) folded before Flop
Seat 4: lucifergaia (small blind) folded on the Turn
Seat 5: onlyfoolsguy (big blind) folded before Flop
Seat 7: nunu1977 folded before Flop (didn't bet)
Seat 8: Dorex2007 folded before Flop (didn't bet)
Seat 9: LedOma folded before Flop



PokerStars Hand #237612145820:  Hold'em No Limit ($0.02/$0.05 USD) - 2022/07/26 20:11:44 PT [2022/07/26 23:11:44 ET]
Table 'Alisary' 9-max Seat #4 is the button
Seat 1: itilt89 ($5 in chips) 
Seat 2: UK_diego ($3.93 in chips) 
Seat 3: Tiago Heu ($3.90 in chips) 
Seat 4: lucifergaia ($5 in chips) 
Seat 5: onlyfoolsguy ($4.80 in chips) 
Seat 6: AIH303 ($5 in chips) 
Seat 8: Dorex2007 ($8.95 in chips) 
Seat 9: LedOma ($15.02 in chips) 
onlyfoolsguy: posts small blind $0.02
AIH303: posts big blind $0.05
*** HOLE CARDS ***
Dealt to Dorex2007 [Jh 9c]
Dorex2007: folds 
LedOma: folds 
itilt89: raises $0.10 to $0.15
UK_diego: folds 
Tiago Heu: calls $0.15
lucifergaia: calls $0.15
onlyfoolsguy: folds 
AIH303 has timed out
AIH303: folds 
*** FLOP *** [Ah 6s 2h]
itilt89: bets $0.38
Tiago Heu: folds 
lucifergaia: folds 
Uncalled bet ($0.38) returned to itilt89
itilt89 collected $0.50 from pot
itilt89: doesn't show hand 
*** SUMMARY ***
Total pot $0.52 | Rake $0.02 
Board [Ah 6s 2h]
Seat 1: itilt89 collected ($0.50)
Seat 2: UK_diego folded before Flop (didn't bet)
Seat 3: Tiago Heu folded on the Flop
Seat 4: lucifergaia (button) folded on the Flop
Seat 5: onlyfoolsguy (small blind) folded before Flop
Seat 6: AIH303 (big blind) folded before Flop
Seat 8: Dorex2007 folded before Flop (didn't bet)
Seat 9: LedOma folded before Flop (didn't bet)



PokerStars Hand #237612156337:  Hold'em No Limit ($0.02/$0.05 USD) - 2022/07/26 20:12:50 PT [2022/07/26 23:12:50 ET]
Table 'Alisary' 9-max Seat #5 is the button
Seat 1: itilt89 ($5.35 in chips) 
Seat 2: UK_diego ($3.93 in chips) 
Seat 3: Tiago Heu ($3.75 in chips) 
Seat 4: lucifergaia ($5 in chips) 
Seat 5: onlyfoolsguy ($4.78 in chips) 
Seat 6: AIH303 ($4.95 in chips) 
Seat 8: Dorex2007 ($8.95 in chips) 
Seat 9: LedOma ($15.02 in chips) 
AIH303: posts small blind $0.02
Dorex2007: posts big blind $0.05
*** HOLE CARDS ***
Dealt to Dorex2007 [6c 3h]
LedOma: folds 
itilt89: folds 
UK_diego has timed out
UK_diego: folds 
Tiago Heu: raises $0.25 to $0.30
lucifergaia: folds 
onlyfoolsguy: folds 
AIH303 is disconnected 
Ginnungagap7 joins the table at seat #7 
AIH303 has timed out while disconnected
AIH303: folds 
Dorex2007: folds 
Uncalled bet ($0.25) returned to Tiago Heu
Tiago Heu collected $0.12 from pot
Tiago Heu: doesn't show hand 
*** SUMMARY ***
Total pot $0.12 | Rake $0 
Seat 1: itilt89 folded before Flop (didn't bet)
Seat 2: UK_diego folded before Flop (didn't bet)
Seat 3: Tiago Heu collected ($0.12)
Seat 4: lucifergaia folded before Flop (didn't bet)
Seat 5: onlyfoolsguy (button) folded before Flop (didn't bet)
Seat 6: AIH303 (small blind) folded before Flop
Seat 8: Dorex2007 (big blind) folded before Flop
Seat 9: LedOma folded before Flop (didn't bet)



PokerStars Hand #237612165628:  Hold'em No Limit ($0.02/$0.05 USD) - 2022/07/26 20:13:50 PT [2022/07/26 23:13:50 ET]
Table 'Alisary' 9-max Seat #8 is the button
Seat 1: itilt89 ($5.35 in chips) 
Seat 2: UK_diego ($3.93 in chips) 
Seat 3: Tiago Heu ($3.82 in chips) 
Seat 4: lucifergaia ($5 in chips) 
Seat 8: Dorex2007 ($8.90 in chips) 
Seat 9: LedOma ($15.02 in chips) 
LedOma: posts small blind $0.02
itilt89: posts big blind $0.05
Ginnungagap7: sits out 
*** HOLE CARDS ***
Dealt to Dorex2007 [7c Qd]
UK_diego: folds 
Tiago Heu: folds 
lucifergaia: folds 
Dorex2007: folds 
LedOma: raises $0.10 to $0.15
itilt89: folds 
Uncalled bet ($0.10) returned to LedOma
LedOma collected $0.10 from pot
*** SUMMARY ***
Total pot $0.10 | Rake $0 
Seat 1: itilt89 (big blind) folded before Flop
Seat 2: UK_diego folded before Flop (didn't bet)
Seat 3: Tiago Heu folded before Flop (didn't bet)
Seat 4: lucifergaia folded before Flop (didn't bet)
Seat 8: Dorex2007 (button) folded before Flop (didn't bet)
Seat 9: LedOma (small blind) collected ($0.10)



PokerStars Hand #237612169840:  Hold'em No Limit ($0.02/$0.05 USD) - 2022/07/26 20:14:17 PT [2022/07/26 23:14:17 ET]
Table 'Alisary' 9-max Seat #9 is the button
Seat 1: itilt89 ($5.30 in chips) 
Seat 2: UK_diego ($3.93 in chips) 
Seat 3: Tiago Heu ($3.82 in chips) 
Seat 4: lucifergaia ($5 in chips) 
Seat 8: Dorex2007 ($8.90 in chips) 
Seat 9: LedOma ($15.07 in chips) 
itilt89: posts small blind $0.02
UK_diego: posts big blind $0.05
Ginnungagap7: sits out 
*** HOLE CARDS ***
Dealt to Dorex2007 [5h 4s]
Tiago Heu: folds 
lucifergaia: raises $0.10 to $0.15
Dorex2007: folds 
LedOma: folds 
itilt89: folds 
UK_diego: calls $0.10
*** FLOP *** [Qc 2d Kd]
UK_diego: checks 
lucifergaia: checks 
*** TURN *** [Qc 2d Kd] [8c]
UK_diego: checks 
lucifergaia: checks 
*** RIVER *** [Qc 2d Kd 8c] [4c]
UK_diego: checks 
lucifergaia: checks 
*** SHOW DOWN ***
UK_diego: shows [7d 4d] (a pair of Fours)
lucifergaia: shows [9c 9h] (a pair of Nines)
lucifergaia collected $0.31 from pot
*** SUMMARY ***
Total pot $0.32 | Rake $0.01 
Board [Qc 2d Kd 8c 4c]
Seat 1: itilt89 (small blind) folded before Flop
Seat 2: UK_diego (big blind) showed [7d 4d] and lost with a pair of Fours
Seat 3: Tiago Heu folded before Flop (didn't bet)
Seat 4: lucifergaia showed [9c 9h] and won ($0.31) with a pair of Nines
Seat 8: Dorex2007 folded before Flop (didn't bet)
Seat 9: LedOma (button) folded before Flop (didn't bet)



PokerStars Hand #237612177059:  Hold'em No Limit ($0.02/$0.05 USD) - 2022/07/26 20:15:04 PT [2022/07/26 23:15:04 ET]
Table 'Alisary' 9-max Seat #1 is the button
Seat 1: itilt89 ($5.28 in chips) 
Seat 2: UK_diego ($3.78 in chips) 
Seat 3: Tiago Heu ($3.82 in chips) 
Seat 4: lucifergaia ($5.16 in chips) 
Seat 6: AIH303 ($4.93 in chips) 
Seat 8: Dorex2007 ($8.90 in chips) 
Seat 9: LedOma ($15.07 in chips) 
UK_diego: posts small blind $0.02
Tiago Heu: posts big blind $0.05
Ginnungagap7: sits out 
*** HOLE CARDS ***
Dealt to Dorex2007 [3c Ts]
lucifergaia: folds 
AIH303 has timed out
AIH303: folds 
Dorex2007: folds 
LedOma: raises $0.10 to $0.15
itilt89: calls $0.15
UK_diego: folds 
Tiago Heu: calls $0.10
*** FLOP *** [Ks Td 9c]
Tiago Heu: bets $0.22
LedOma: folds 
itilt89: calls $0.22
*** TURN *** [Ks Td 9c] [8s]
Tiago Heu: bets $0.43
itilt89: calls $0.43
*** RIVER *** [Ks Td 9c 8s] [6s]
Tiago Heu: checks 
itilt89: checks 
*** SHOW DOWN ***
Tiago Heu: shows [Jd Kd] (a pair of Kings)
itilt89: mucks hand 
Tiago Heu collected $1.70 from pot
*** SUMMARY ***
Total pot $1.77 | Rake $0.07 
Board [Ks Td 9c 8s 6s]
Seat 1: itilt89 (button) mucked [Jh 8h]
Seat 2: UK_diego (small blind) folded before Flop
Seat 3: Tiago Heu (big blind) showed [Jd Kd] and won ($1.70) with a pair of Kings
Seat 4: lucifergaia folded before Flop (didn't bet)
Seat 6: AIH303 folded before Flop (didn't bet)
Seat 8: Dorex2007 folded before Flop (didn't bet)
Seat 9: LedOma folded on the Flop



PokerStars Hand #237612190330:  Hold'em No Limit ($0.02/$0.05 USD) - 2022/07/26 20:16:28 PT [2022/07/26 23:16:28 ET]
Table 'Alisary' 9-max Seat #2 is the button
Seat 1: itilt89 ($5 in chips) 
Seat 2: UK_diego ($3.76 in chips) 
Seat 3: Tiago Heu ($4.72 in chips) 
Seat 4: lucifergaia ($5.16 in chips) 
Seat 6: AIH303 ($4.93 in chips) 
Seat 8: Dorex2007 ($8.90 in chips) 
Seat 9: LedOma ($14.92 in chips) 
Tiago Heu: posts small blind $0.02
lucifergaia: posts big blind $0.05
Ginnungagap7: sits out 
*** HOLE CARDS ***
Dealt to Dorex2007 [7s 2c]
AIH303: folds 
Dorex2007: folds 
LedOma: raises $0.10 to $0.15
itilt89: folds 
UK_diego: calls $0.15
Tiago Heu: calls $0.13
lucifergaia: folds 
*** FLOP *** [Qd 2d 9s]
Tiago Heu: checks 
LedOma: bets $0.16
UK_diego: folds 
Tiago Heu: calls $0.16
*** TURN *** [Qd 2d 9s] [Ks]
Tiago Heu: checks 
LedOma: bets $0.39
Tiago Heu: calls $0.39
*** RIVER *** [Qd 2d 9s Ks] [5c]
Tiago Heu: bets $1.53
LedOma: folds 
Uncalled bet ($1.53) returned to Tiago Heu
Tiago Heu collected $1.53 from pot
Tiago Heu: doesn't show hand 
*** SUMMARY ***
Total pot $1.60 | Rake $0.07 
Board [Qd 2d 9s Ks 5c]
Seat 1: itilt89 folded before Flop (didn't bet)
Seat 2: UK_diego (button) folded on the Flop
Seat 3: Tiago Heu (small blind) collected ($1.53)
Seat 4: lucifergaia (big blind) folded before Flop
Seat 6: AIH303 folded before Flop (didn't bet)
Seat 8: Dorex2007 folded before Flop (didn't bet)
Seat 9: LedOma folded on the River



PokerStars Hand #237612212321:  Hold'em No Limit ($0.02/$0.05 USD) - 2022/07/26 20:18:13 PT [2022/07/26 23:18:13 ET]
Table 'Alisary' 9-max Seat #3 is the button
Seat 1: itilt89 ($5 in chips) 
Seat 2: UK_diego ($3.61 in chips) 
Seat 3: Tiago Heu ($5.55 in chips) 
Seat 4: lucifergaia ($5.11 in chips) 
Seat 6: AIH303 ($4.93 in chips) 
Seat 8: Dorex2007 ($8.90 in chips) 
Seat 9: LedOma ($14.22 in chips) 
lucifergaia: posts small blind $0.02
AIH303: posts big blind $0.05
Ginnungagap7: sits out 
*** HOLE CARDS ***
Dealt to Dorex2007 [Kd 8d]
Dorex2007: calls $0.05
LedOma: folds 
LedOma leaves the table
itilt89: folds 
UK_diego: raises $0.17 to $0.22
Tiago Heu: folds 
lucifergaia: folds 
AIH303: calls $0.17
Dorex2007: folds 
*** FLOP *** [2s 4c 5c]
AIH303: checks 
UK_diego: bets $0.49
AIH303: folds 
Uncalled bet ($0.49) returned to UK_diego
UK_diego collected $0.49 from pot
UK_diego: doesn't show hand 
*** SUMMARY ***
Total pot $0.51 | Rake $0.02 
Board [2s 4c 5c]
Seat 1: itilt89 folded before Flop (didn't bet)
Seat 2: UK_diego collected ($0.49)
Seat 3: Tiago Heu (button) folded before Flop (didn't bet)
Seat 4: lucifergaia (small blind) folded before Flop
Seat 6: AIH303 (big blind) folded on the Flop
Seat 8: Dorex2007 folded before Flop
Seat 9: LedOma folded before Flop (didn't bet)



PokerStars Hand #237612216941:  Hold'em No Limit ($0.02/$0.05 USD) - 2022/07/26 20:18:43 PT [2022/07/26 23:18:43 ET]
Table 'Alisary' 9-max Seat #4 is the button
Seat 1: itilt89 ($5 in chips) 
Seat 2: UK_diego ($3.88 in chips) 
Seat 3: Tiago Heu ($5.55 in chips) 
Seat 4: lucifergaia ($5.09 in chips) 
Seat 6: AIH303 ($4.71 in chips) 
Seat 7: Ginnungagap7 ($2 in chips) 
Seat 8: Dorex2007 ($8.85 in chips) 
AIH303: posts small blind $0.02
Ginnungagap7: posts big blind $0.05
*** HOLE CARDS ***
Dealt to Dorex2007 [Ad 8c]
Dorex2007 has timed out
Dorex2007: folds 
itilt89: folds 
UK_diego: calls $0.05
Tiago Heu: folds 
lucifergaia: folds 
AIH303: folds 
Ginnungagap7: checks 
*** FLOP *** [4c 3d 4h]
Ginnungagap7: checks 
UK_diego: bets $1
Ginnungagap7: folds 
Uncalled bet ($1) returned to UK_diego
UK_diego collected $0.12 from pot
UK_diego: doesn't show hand 
*** SUMMARY ***
Total pot $0.12 | Rake $0 
Board [4c 3d 4h]
Seat 1: itilt89 folded before Flop (didn't bet)
Seat 2: UK_diego collected ($0.12)
Seat 3: Tiago Heu folded before Flop (didn't bet)
Seat 4: lucifergaia (button) folded before Flop (didn't bet)
Seat 6: AIH303 (small blind) folded before Flop
Seat 7: Ginnungagap7 (big blind) folded on the Flop
Seat 8: Dorex2007 folded before Flop (didn't bet)



PokerStars Hand #237612221885:  Hold'em No Limit ($0.02/$0.05 USD) - 2022/07/26 20:19:15 PT [2022/07/26 23:19:15 ET]
Table 'Alisary' 9-max Seat #6 is the button
Seat 1: itilt89 ($5 in chips) 
Seat 2: UK_diego ($3.95 in chips) 
Seat 3: Tiago Heu ($5.55 in chips) 
Seat 4: lucifergaia ($5.09 in chips) 
Seat 6: AIH303 ($4.69 in chips) 
Seat 7: Ginnungagap7 ($1.95 in chips) 
Seat 8: Dorex2007 ($8.85 in chips) 
Ginnungagap7: posts small blind $0.02
Dorex2007: posts big blind $0.05
*** HOLE CARDS ***
Dealt to Dorex2007 [Ts 5s]
itilt89: folds 
UK_diego: folds 
Tiago Heu: folds 
hugoriza joins the table at seat #9 
lucifergaia: folds 
AIH303 has timed out
AIH303: folds 
Ginnungagap7: folds 
Uncalled bet ($0.03) returned to Dorex2007
Dorex2007 collected $0.04 from pot
Dorex2007: doesn't show hand 
*** SUMMARY ***
Total pot $0.04 | Rake $0 
Seat 1: itilt89 folded before Flop (didn't bet)
Seat 2: UK_diego folded before Flop (didn't bet)
Seat 3: Tiago Heu folded before Flop (didn't bet)
Seat 4: lucifergaia folded before Flop (didn't bet)
Seat 6: AIH303 (button) folded before Flop (didn't bet)
Seat 7: Ginnungagap7 (small blind) folded before Flop
Seat 8: Dorex2007 (big blind) collected ($0.04)



PokerStars Hand #237612226404:  Hold'em No Limit ($0.02/$0.05 USD) - 2022/07/26 20:19:44 PT [2022/07/26 23:19:44 ET]
Table 'Alisary' 9-max Seat #7 is the button
Seat 1: itilt89 ($5 in chips) 
Seat 2: UK_diego ($3.95 in chips) 
Seat 3: Tiago Heu ($5.55 in chips) 
Seat 4: lucifergaia ($5.09 in chips) 
Seat 7: Ginnungagap7 ($1.93 in chips) 
Seat 8: Dorex2007 ($8.87 in chips) 
Seat 9: hugoriza ($2 in chips) 
Dorex2007: posts small blind $0.02
hugoriza: posts big blind $0.05
*** HOLE CARDS ***
Dealt to Dorex2007 [4s Qc]
itilt89: raises $0.07 to $0.12
UK_diego: folds 
Tiago Heu: folds 
lucifergaia: folds 
Ginnungagap7: folds 
Dorex2007: folds 
hugoriza: raises $0.26 to $0.38
itilt89: calls $0.26
*** FLOP *** [2c Ad 7c]
hugoriza: bets $0.32
itilt89: raises $2.08 to $2.40
hugoriza: calls $1.30 and is all-in
Uncalled bet ($0.78) returned to itilt89
*** TURN *** [2c Ad 7c] [Ks]
*** RIVER *** [2c Ad 7c Ks] [2d]
*** SHOW DOWN ***
hugoriza: shows [Ac Kd] (two pair, Aces and Kings)
itilt89: shows [As 5s] (two pair, Aces and Deuces)
hugoriza collected $3.85 from pot
*** SUMMARY ***
Total pot $4.02 | Rake $0.17 
Board [2c Ad 7c Ks 2d]
Seat 1: itilt89 showed [As 5s] and lost with two pair, Aces and Deuces
Seat 2: UK_diego folded before Flop (didn't bet)
Seat 3: Tiago Heu folded before Flop (didn't bet)
Seat 4: lucifergaia folded before Flop (didn't bet)
Seat 7: Ginnungagap7 (button) folded before Flop (didn't bet)
Seat 8: Dorex2007 (small blind) folded before Flop
Seat 9: hugoriza (big blind) showed [Ac Kd] and won ($3.85) with two pair, Aces and Kings



PokerStars Hand #237612232833:  Hold'em No Limit ($0.02/$0.05 USD) - 2022/07/26 20:20:24 PT [2022/07/26 23:20:24 ET]
Table 'Alisary' 9-max Seat #8 is the button
Seat 1: itilt89 ($5 in chips) 
Seat 2: UK_diego ($3.95 in chips) 
Seat 3: Tiago Heu ($5.55 in chips) 
Seat 4: lucifergaia ($5.09 in chips) 
Seat 6: AIH303 ($4.69 in chips) 
Seat 7: Ginnungagap7 ($1.93 in chips) 
Seat 8: Dorex2007 ($8.85 in chips) 
Seat 9: hugoriza ($3.85 in chips) 
hugoriza: posts small blind $0.02
itilt89: posts big blind $0.05
*** HOLE CARDS ***
Dealt to Dorex2007 [Qc 4c]
UK_diego: folds 
Tiago Heu: folds 
lucifergaia: folds 
AIH303: raises $0.05 to $0.10
Ginnungagap7: raises $0.27 to $0.37
Dorex2007: folds 
hugoriza: folds 
itilt89: calls $0.32
AIH303: folds 
*** FLOP *** [3d Ks Ac]
itilt89: checks 
Ginnungagap7: bets $0.55
itilt89: folds 
Uncalled bet ($0.55) returned to Ginnungagap7
Ginnungagap7 collected $0.82 from pot
Ginnungagap7: doesn't show hand 
*** SUMMARY ***
Total pot $0.86 | Rake $0.04 
Board [3d Ks Ac]
Seat 1: itilt89 (big blind) folded on the Flop
Seat 2: UK_diego folded before Flop (didn't bet)
Seat 3: Tiago Heu folded before Flop (didn't bet)
Seat 4: lucifergaia folded before Flop (didn't bet)
Seat 6: AIH303 folded before Flop
Seat 7: Ginnungagap7 collected ($0.82)
Seat 8: Dorex2007 (button) folded before Flop (didn't bet)
Seat 9: hugoriza (small blind) folded before Flop



PokerStars Hand #237612238392:  Hold'em No Limit ($0.02/$0.05 USD) - 2022/07/26 20:21:00 PT [2022/07/26 23:21:00 ET]
Table 'Alisary' 9-max Seat #9 is the button
Seat 1: itilt89 ($5 in chips) 
Seat 2: UK_diego ($3.95 in chips) 
Seat 3: Tiago Heu ($5.55 in chips) 
Seat 4: lucifergaia ($5.09 in chips) 
Seat 6: AIH303 ($4.59 in chips) 
Seat 7: Ginnungagap7 ($2.38 in chips) 
Seat 8: Dorex2007 ($8.85 in chips) 
Seat 9: hugoriza ($3.83 in chips) 
itilt89: posts small blind $0.02
UK_diego: posts big blind $0.05
onlyfoolsguy: sits out 
*** HOLE CARDS ***
Dealt to Dorex2007 [4d Qh]
Tiago Heu: folds 
lucifergaia: folds 
AIH303: folds 
Ginnungagap7: folds 
Dorex2007: folds 
hugoriza: raises $0.12 to $0.17
itilt89: folds 
UK_diego: calls $0.12
*** FLOP *** [8c 9h 6h]
UK_diego: bets $0.35
hugoriza: raises $3.31 to $3.66 and is all-in
itilt89 leaves the table
UK_diego: folds 
Uncalled bet ($3.31) returned to hugoriza
hugoriza collected $1.02 from pot
hugoriza: doesn't show hand 
*** SUMMARY ***
Total pot $1.06 | Rake $0.04 
Board [8c 9h 6h]
Seat 1: itilt89 (small blind) folded before Flop
Seat 2: UK_diego (big blind) folded on the Flop
Seat 3: Tiago Heu folded before Flop (didn't bet)
Seat 4: lucifergaia folded before Flop (didn't bet)
Seat 6: AIH303 folded before Flop (didn't bet)
Seat 7: Ginnungagap7 folded before Flop (didn't bet)
Seat 8: Dorex2007 folded before Flop (didn't bet)
Seat 9: hugoriza (button) collected ($1.02)



PokerStars Hand #237612244694:  Hold'em No Limit ($0.02/$0.05 USD) - 2022/07/26 20:21:41 PT [2022/07/26 23:21:41 ET]
Table 'Alisary' 9-max Seat #2 is the button
Seat 2: UK_diego ($3.43 in chips) 
Seat 3: Tiago Heu ($5.55 in chips) 
Seat 4: lucifergaia ($5.09 in chips) 
Seat 6: AIH303 ($4.59 in chips) 
Seat 7: Ginnungagap7 ($2.38 in chips) 
Seat 8: Dorex2007 ($8.85 in chips) 
Seat 9: hugoriza ($4.33 in chips) 
Tiago Heu: posts small blind $0.02
lucifergaia: posts big blind $0.05
onlyfoolsguy: sits out 
*** HOLE CARDS ***
Dealt to Dorex2007 [7d Td]
AIH303: folds 
Ginnungagap7: folds 
Dorex2007: folds 
hugoriza: calls $0.05
UK_diego: folds 
Tiago Heu: folds 
lucifergaia: checks 
*** FLOP *** [Ks Qd 8s]
lucifergaia: checks 
hugoriza: bets $0.05
lucifergaia: calls $0.05
*** TURN *** [Ks Qd 8s] [Jh]
lucifergaia: checks 
hugoriza: bets $0.05
lucifergaia: calls $0.05
*** RIVER *** [Ks Qd 8s Jh] [Js]
lucifergaia: checks 
hugoriza: bets $0.05
lucifergaia: calls $0.05
*** SHOW DOWN ***
hugoriza: shows [Qh Tc] (two pair, Queens and Jacks)
lucifergaia: shows [2d Qc] (two pair, Queens and Jacks)
lucifergaia collected $0.20 from pot
hugoriza collected $0.20 from pot
*** SUMMARY ***
Total pot $0.42 | Rake $0.02 
Board [Ks Qd 8s Jh Js]
Seat 2: UK_diego (button) folded before Flop (didn't bet)
Seat 3: Tiago Heu (small blind) folded before Flop
Seat 4: lucifergaia (big blind) showed [2d Qc] and won ($0.20) with two pair, Queens and Jacks
Seat 6: AIH303 folded before Flop (didn't bet)
Seat 7: Ginnungagap7 folded before Flop (didn't bet)
Seat 8: Dorex2007 folded before Flop (didn't bet)
Seat 9: hugoriza showed [Qh Tc] and won ($0.20) with two pair, Queens and Jacks



PokerStars Hand #237612248887:  Hold'em No Limit ($0.02/$0.05 USD) - 2022/07/26 20:22:08 PT [2022/07/26 23:22:08 ET]
Table 'Alisary' 9-max Seat #3 is the button
Seat 2: UK_diego ($3.43 in chips) 
Seat 3: Tiago Heu ($5.53 in chips) 
Seat 4: lucifergaia ($5.09 in chips) 
Seat 5: onlyfoolsguy ($4.78 in chips) 
Seat 6: AIH303 ($4.59 in chips) 
Seat 7: Ginnungagap7 ($2.38 in chips) 
Seat 8: Dorex2007 ($8.85 in chips) 
Seat 9: hugoriza ($4.33 in chips) 
lucifergaia: posts small blind $0.02
onlyfoolsguy: posts big blind $0.05
*** HOLE CARDS ***
Dealt to Dorex2007 [9d Jd]
AIH303: folds 
Ginnungagap7: folds 
Dorex2007: calls $0.05
hugoriza: calls $0.05
UK_diego: calls $0.05
Tiago Heu: raises $0.10 to $0.15
lucifergaia: folds 
onlyfoolsguy: folds 
Dorex2007: calls $0.10
hugoriza: calls $0.10
UK_diego: calls $0.10
*** FLOP *** [2c 7h 7s]
Dorex2007: checks 
hugoriza: checks 
UK_diego: checks 
Tiago Heu: bets $0.32
Dorex2007: folds 
hugoriza: folds 
UK_diego: folds 
Uncalled bet ($0.32) returned to Tiago Heu
Tiago Heu collected $0.64 from pot
Tiago Heu: doesn't show hand 
*** SUMMARY ***
Total pot $0.67 | Rake $0.03 
Board [2c 7h 7s]
Seat 2: UK_diego folded on the Flop
Seat 3: Tiago Heu (button) collected ($0.64)
Seat 4: lucifergaia (small blind) folded before Flop
Seat 5: onlyfoolsguy (big blind) folded before Flop
Seat 6: AIH303 folded before Flop (didn't bet)
Seat 7: Ginnungagap7 folded before Flop (didn't bet)
Seat 8: Dorex2007 folded on the Flop
Seat 9: hugoriza folded on the Flop



PokerStars Hand #237612257636:  Hold'em No Limit ($0.02/$0.05 USD) - 2022/07/26 20:23:04 PT [2022/07/26 23:23:04 ET]
Table 'Alisary' 9-max Seat #4 is the button
Seat 2: UK_diego ($3.28 in chips) 
Seat 3: Tiago Heu ($6.02 in chips) 
Seat 4: lucifergaia ($5.07 in chips) 
Seat 5: onlyfoolsguy ($4.73 in chips) 
Seat 6: AIH303 ($4.59 in chips) 
Seat 7: Ginnungagap7 ($2.38 in chips) 
Seat 8: Dorex2007 ($8.70 in chips) 
Seat 9: hugoriza ($4.18 in chips) 
onlyfoolsguy: posts small blind $0.02
AIH303: posts big blind $0.05
*** HOLE CARDS ***
Dealt to Dorex2007 [9c 3s]
Ginnungagap7: raises $0.10 to $0.15
Dorex2007: folds 
hugoriza: folds 
UK_diego: folds 
hugoriza leaves the table
Tiago Heu: folds 
lucifergaia: folds 
onlyfoolsguy: calls $0.13
AIH303: folds 
*** FLOP *** [Th 6h 8d]
onlyfoolsguy has timed out
onlyfoolsguy: checks 
Ginnungagap7: checks 
*** TURN *** [Th 6h 8d] [Ah]
onlyfoolsguy: checks 
Ginnungagap7: bets $0.26
onlyfoolsguy: folds 
Uncalled bet ($0.26) returned to Ginnungagap7
Ginnungagap7 collected $0.34 from pot
Ginnungagap7: doesn't show hand 
*** SUMMARY ***
Total pot $0.35 | Rake $0.01 
Board [Th 6h 8d Ah]
Seat 2: UK_diego folded before Flop (didn't bet)
Seat 3: Tiago Heu folded before Flop (didn't bet)
Seat 4: lucifergaia (button) folded before Flop (didn't bet)
Seat 5: onlyfoolsguy (small blind) folded on the Turn
Seat 6: AIH303 (big blind) folded before Flop
Seat 7: Ginnungagap7 collected ($0.34)
Seat 8: Dorex2007 folded before Flop (didn't bet)
Seat 9: hugoriza folded before Flop (didn't bet)



PokerStars Hand #237612280521:  Hold'em No Limit ($0.02/$0.05 USD) - 2022/07/26 20:24:30 PT [2022/07/26 23:24:30 ET]
Table 'Alisary' 9-max Seat #6 is the button
Seat 2: UK_diego ($3.28 in chips) 
Seat 3: Tiago Heu ($6.02 in chips) 
Seat 4: lucifergaia ($5.07 in chips) 
Seat 6: AIH303 ($4.54 in chips) 
Seat 7: Ginnungagap7 ($2.57 in chips) 
Seat 8: Dorex2007 ($8.70 in chips) 
Ginnungagap7: posts small blind $0.02
Dorex2007: posts big blind $0.05
*** HOLE CARDS ***
Dealt to Dorex2007 [2d 3s]
UK_diego: folds 
Tiago Heu: folds 
lucifergaia: raises $0.10 to $0.15
AIH303: folds 
Ginnungagap7: folds 
Dorex2007: folds 
Uncalled bet ($0.10) returned to lucifergaia
lucifergaia collected $0.12 from pot
lucifergaia: doesn't show hand 
*** SUMMARY ***
Total pot $0.12 | Rake $0 
Seat 2: UK_diego folded before Flop (didn't bet)
Seat 3: Tiago Heu folded before Flop (didn't bet)
Seat 4: lucifergaia collected ($0.12)
Seat 6: AIH303 (button) folded before Flop (didn't bet)
Seat 7: Ginnungagap7 (small blind) folded before Flop
Seat 8: Dorex2007 (big blind) folded before Flop



PokerStars Hand #237612282989:  Hold'em No Limit ($0.02/$0.05 USD) - 2022/07/26 20:24:46 PT [2022/07/26 23:24:46 ET]
Table 'Alisary' 9-max Seat #7 is the button
Seat 2: UK_diego ($3.28 in chips) 
Seat 3: Tiago Heu ($6.02 in chips) 
Seat 4: lucifergaia ($5.14 in chips) 
Seat 6: AIH303 ($4.54 in chips) 
Seat 7: Ginnungagap7 ($2.55 in chips) 
Seat 8: Dorex2007 ($8.65 in chips) 
Dorex2007: posts small blind $0.02
UK_diego: posts big blind $0.05
*** HOLE CARDS ***
Dealt to Dorex2007 [6h 9d]
Tiago Heu: folds 
lucifergaia: folds 
AIH303: folds 
Ginnungagap7: folds 
Dorex2007: folds 
Uncalled bet ($0.03) returned to UK_diego
UK_diego collected $0.04 from pot
UK_diego: doesn't show hand 
*** SUMMARY ***
Total pot $0.04 | Rake $0 
Seat 2: UK_diego (big blind) collected ($0.04)
Seat 3: Tiago Heu folded before Flop (didn't bet)
Seat 4: lucifergaia folded before Flop (didn't bet)
Seat 6: AIH303 folded before Flop (didn't bet)
Seat 7: Ginnungagap7 (button) folded before Flop (didn't bet)
Seat 8: Dorex2007 (small blind) folded before Flop



PokerStars Hand #237612285470:  Hold'em No Limit ($0.02/$0.05 USD) - 2022/07/26 20:25:02 PT [2022/07/26 23:25:02 ET]
Table 'Alisary' 9-max Seat #8 is the button
Seat 2: UK_diego ($3.30 in chips) 
Seat 3: Tiago Heu ($6.02 in chips) 
Seat 4: lucifergaia ($5.14 in chips) 
Seat 6: AIH303 ($4.54 in chips) 
Seat 7: Ginnungagap7 ($2.55 in chips) 
Seat 8: Dorex2007 ($8.63 in chips) 
UK_diego: posts small blind $0.02
Tiago Heu: posts big blind $0.05
*** HOLE CARDS ***
Dealt to Dorex2007 [3h 4c]
lucifergaia: raises $0.10 to $0.15
AIH303: folds 
Ginnungagap7: folds 
Dorex2007: folds 
UK_diego: calls $0.13
Tiago Heu: folds 
*** FLOP *** [Ad As 7c]
UK_diego: checks 
lucifergaia: checks 
*** TURN *** [Ad As 7c] [8c]
UK_diego: checks 
lucifergaia: bets $0.26
UK_diego: calls $0.26
*** RIVER *** [Ad As 7c 8c] [3s]
UK_diego: checks 
lucifergaia: checks 
*** SHOW DOWN ***
UK_diego: shows [9h Kc] (a pair of Aces)
lucifergaia: shows [7h 8h] (two pair, Aces and Eights)
lucifergaia collected $0.83 from pot
*** SUMMARY ***
Total pot $0.87 | Rake $0.04 
Board [Ad As 7c 8c 3s]
Seat 2: UK_diego (small blind) showed [9h Kc] and lost with a pair of Aces
Seat 3: Tiago Heu (big blind) folded before Flop
Seat 4: lucifergaia showed [7h 8h] and won ($0.83) with two pair, Aces and Eights
Seat 6: AIH303 folded before Flop (didn't bet)
Seat 7: Ginnungagap7 folded before Flop (didn't bet)
Seat 8: Dorex2007 (button) folded before Flop (didn't bet)



PokerStars Hand #237612291292:  Hold'em No Limit ($0.02/$0.05 USD) - 2022/07/26 20:25:40 PT [2022/07/26 23:25:40 ET]
Table 'Alisary' 9-max Seat #2 is the button
Seat 2: UK_diego ($2.89 in chips) 
Seat 3: Tiago Heu ($5.97 in chips) 
Seat 6: AIH303 ($4.54 in chips) 
Seat 7: Ginnungagap7 ($2.55 in chips) 
Seat 8: Dorex2007 ($8.63 in chips) 
Tiago Heu: posts small blind $0.02
lucifergaia: is sitting out 
AIH303: posts big blind $0.05
*** HOLE CARDS ***
Dealt to Dorex2007 [Ac 6h]
Ginnungagap7: raises $0.05 to $0.10
Dorex2007: folds 
UK_diego: folds 
lucifergaia leaves the table
Tiago Heu: calls $0.08
AIH303: folds 
*** FLOP *** [Qd 6d 7d]
Tiago Heu is connected 
Tiago Heu: bets $0.12
Ginnungagap7: raises $0.48 to $0.60
Tiago Heu: folds 
Uncalled bet ($0.48) returned to Ginnungagap7
Ginnungagap7 collected $0.47 from pot
Ginnungagap7: doesn't show hand 
*** SUMMARY ***
Total pot $0.49 | Rake $0.02 
Board [Qd 6d 7d]
Seat 2: UK_diego (button) folded before Flop (didn't bet)
Seat 3: Tiago Heu (small blind) folded on the Flop
Seat 6: AIH303 (big blind) folded before Flop
Seat 7: Ginnungagap7 collected ($0.47)
Seat 8: Dorex2007 folded before Flop (didn't bet)



