PokerStars Hand #237652567640:  Hold'em No Limit ($0.02/$0.05 USD) - 2022/07/28 19:39:30 PT [2022/07/28 22:39:30 ET]
Table 'Dubhe II' 9-max Seat #7 is the button
Seat 2: BlackMagic974 ($7 in chips) 
Seat 3: hyuga309 ($1.70 in chips) 
Seat 4: Dorex2007 ($5 in chips) 
Seat 5: enixblr ($5.24 in chips) 
Seat 6: Shevcuk ($12.84 in chips) 
Seat 7: SilvestrimJ ($2.08 in chips) 
Seat 9: Ginnungagap7 ($4.96 in chips) 
Ginnungagap7: posts small blind $0.02
BlackMagic974: posts big blind $0.05
Dorex2007: posts big blind $0.05
*** HOLE CARDS ***
Dealt to Dorex2007 [Jc As]
hyuga309: folds 
Dorex2007: raises $0.20 to $0.25
enixblr: folds 
Shevcuk: folds 
SilvestrimJ has timed out
SilvestrimJ: folds 
Ginnungagap7: folds 
BlackMagic974: folds 
Uncalled bet ($0.20) returned to Dorex2007
Dorex2007 collected $0.12 from pot
Dorex2007: doesn't show hand 
*** SUMMARY ***
Total pot $0.12 | Rake $0 
Seat 2: BlackMagic974 (big blind) folded before Flop
Seat 3: hyuga309 folded before Flop (didn't bet)
Seat 4: Dorex2007 collected ($0.12)
Seat 5: enixblr folded before Flop (didn't bet)
Seat 6: Shevcuk folded before Flop (didn't bet)
Seat 7: SilvestrimJ (button) folded before Flop (didn't bet)
Seat 9: Ginnungagap7 (small blind) folded before Flop



PokerStars Hand #237652576902:  Hold'em No Limit ($0.02/$0.05 USD) - 2022/07/28 19:40:21 PT [2022/07/28 22:40:21 ET]
Table 'Dubhe II' 9-max Seat #9 is the button
Seat 2: BlackMagic974 ($6.95 in chips) 
Seat 3: hyuga309 ($1.70 in chips) 
Seat 4: Dorex2007 ($5.07 in chips) 
Seat 5: enixblr ($5.24 in chips) 
Seat 6: Shevcuk ($12.84 in chips) 
Seat 7: SilvestrimJ ($2.08 in chips) 
Seat 9: Ginnungagap7 ($4.94 in chips) 
BlackMagic974: posts small blind $0.02
hyuga309: posts big blind $0.05
*** HOLE CARDS ***
Dealt to Dorex2007 [2s 7h]
Dorex2007: folds 
enixblr: folds 
Shevcuk: folds 
SilvestrimJ: folds 
SilvestrimJ leaves the table
Ginnungagap7: raises $0.10 to $0.15
victordyfox leaves the table
BlackMagic974: calls $0.13
hyuga309: raises $1.55 to $1.70 and is all-in
Ginnungagap7: folds 
BlackMagic974: calls $1.55
*** FLOP *** [8s 3s 6c]
*** TURN *** [8s 3s 6c] [Ad]
*** RIVER *** [8s 3s 6c Ad] [As]
*** SHOW DOWN ***
BlackMagic974: shows [Tc Th] (two pair, Aces and Tens)
hyuga309: shows [Qh Kc] (a pair of Aces)
BlackMagic974 collected $3.40 from pot
hyuga309 cashed out the hand for $1.48 | Cash Out Fee $0.01
*** SUMMARY ***
Total pot $3.55 | Rake $0.15 
Board [8s 3s 6c Ad As]
Seat 2: BlackMagic974 (small blind) showed [Tc Th] and won ($3.40) with two pair, Aces and Tens
Seat 3: hyuga309 (big blind) showed [Qh Kc] and lost with a pair of Aces (cashed out).
Seat 4: Dorex2007 folded before Flop (didn't bet)
Seat 5: enixblr folded before Flop (didn't bet)
Seat 6: Shevcuk folded before Flop (didn't bet)
Seat 7: SilvestrimJ folded before Flop (didn't bet)
Seat 9: Ginnungagap7 (button) folded before Flop



PokerStars Hand #237652586833:  Hold'em No Limit ($0.02/$0.05 USD) - 2022/07/28 19:41:17 PT [2022/07/28 22:41:17 ET]
Table 'Dubhe II' 9-max Seat #2 is the button
Seat 2: BlackMagic974 ($8.65 in chips) 
Seat 3: hyuga309 ($1.48 in chips) 
Seat 4: Dorex2007 ($5.07 in chips) 
Seat 5: enixblr ($5.24 in chips) 
Seat 6: Shevcuk ($12.84 in chips) 
Seat 9: Ginnungagap7 ($4.79 in chips) 
hyuga309: posts small blind $0.02
Dorex2007: posts big blind $0.05
abbi555: sits out 
*** HOLE CARDS ***
Dealt to Dorex2007 [Tc Ad]
enixblr: folds 
laureano290 joins the table at seat #7 
Shevcuk: folds 
Ginnungagap7: folds 
BlackMagic974: folds 
hyuga309: folds 
Uncalled bet ($0.03) returned to Dorex2007
Dorex2007 collected $0.04 from pot
Dorex2007: doesn't show hand 
*** SUMMARY ***
Total pot $0.04 | Rake $0 
Seat 2: BlackMagic974 (button) folded before Flop (didn't bet)
Seat 3: hyuga309 (small blind) folded before Flop
Seat 4: Dorex2007 (big blind) collected ($0.04)
Seat 5: enixblr folded before Flop (didn't bet)
Seat 6: Shevcuk folded before Flop (didn't bet)
Seat 9: Ginnungagap7 folded before Flop (didn't bet)



PokerStars Hand #237652590425:  Hold'em No Limit ($0.02/$0.05 USD) - 2022/07/28 19:41:37 PT [2022/07/28 22:41:37 ET]
Table 'Dubhe II' 9-max Seat #3 is the button
Seat 2: BlackMagic974 ($8.65 in chips) 
Seat 3: hyuga309 ($1.46 in chips) 
Seat 4: Dorex2007 ($5.09 in chips) 
Seat 5: enixblr ($5.24 in chips) 
Seat 6: Shevcuk ($12.84 in chips) 
Seat 9: Ginnungagap7 ($4.79 in chips) 
Dorex2007: posts small blind $0.02
enixblr: posts big blind $0.05
laureano290: sits out 
abbi555: sits out 
*** HOLE CARDS ***
Dealt to Dorex2007 [4h Ts]
Shevcuk: folds 
Ginnungagap7: folds 
BlackMagic974: folds 
hyuga309: raises $0.05 to $0.10
Dorex2007: folds 
enixblr: calls $0.05
*** FLOP *** [Ac Kd 3d]
enixblr: checks 
hyuga309: bets $0.05
enixblr: folds 
Uncalled bet ($0.05) returned to hyuga309
hyuga309 collected $0.21 from pot
hyuga309: doesn't show hand 
*** SUMMARY ***
Total pot $0.22 | Rake $0.01 
Board [Ac Kd 3d]
Seat 2: BlackMagic974 folded before Flop (didn't bet)
Seat 3: hyuga309 (button) collected ($0.21)
Seat 4: Dorex2007 (small blind) folded before Flop
Seat 5: enixblr (big blind) folded on the Flop
Seat 6: Shevcuk folded before Flop (didn't bet)
Seat 9: Ginnungagap7 folded before Flop (didn't bet)



PokerStars Hand #237652594482:  Hold'em No Limit ($0.02/$0.05 USD) - 2022/07/28 19:42:01 PT [2022/07/28 22:42:01 ET]
Table 'Dubhe II' 9-max Seat #4 is the button
Seat 2: BlackMagic974 ($8.65 in chips) 
Seat 3: hyuga309 ($1.57 in chips) 
Seat 4: Dorex2007 ($5.07 in chips) 
Seat 5: enixblr ($5.14 in chips) 
Seat 6: Shevcuk ($12.84 in chips) 
Seat 9: Ginnungagap7 ($4.79 in chips) 
enixblr: posts small blind $0.02
Shevcuk: posts big blind $0.05
laureano290: sits out 
abbi555: sits out 
*** HOLE CARDS ***
Dealt to Dorex2007 [As 4d]
Ginnungagap7: folds 
BlackMagic974: raises $0.15 to $0.20
hyuga309: folds 
Dorex2007: folds 
enixblr: folds 
Shevcuk: calls $0.15
*** FLOP *** [8s 9s 8d]
Shevcuk: checks 
BlackMagic974: bets $0.25
Shevcuk: calls $0.25
*** TURN *** [8s 9s 8d] [3c]
Lagosha joins the table at seat #1 
Shevcuk: checks 
BlackMagic974: bets $0.54
Shevcuk: calls $0.54
*** RIVER *** [8s 9s 8d 3c] [3s]
Shevcuk: checks 
BlackMagic974: checks 
*** SHOW DOWN ***
Shevcuk: shows [6s 6c] (two pair, Eights and Sixes)
BlackMagic974: shows [Th Ts] (two pair, Tens and Eights)
BlackMagic974 collected $1.92 from pot
*** SUMMARY ***
Total pot $2 | Rake $0.08 
Board [8s 9s 8d 3c 3s]
Seat 2: BlackMagic974 showed [Th Ts] and won ($1.92) with two pair, Tens and Eights
Seat 3: hyuga309 folded before Flop (didn't bet)
Seat 4: Dorex2007 (button) folded before Flop (didn't bet)
Seat 5: enixblr (small blind) folded before Flop
Seat 6: Shevcuk (big blind) showed [6s 6c] and lost with two pair, Eights and Sixes
Seat 9: Ginnungagap7 folded before Flop (didn't bet)



PokerStars Hand #237652607802:  Hold'em No Limit ($0.02/$0.05 USD) - 2022/07/28 19:43:16 PT [2022/07/28 22:43:16 ET]
Table 'Dubhe II' 9-max Seat #5 is the button
Seat 2: BlackMagic974 ($9.58 in chips) 
Seat 3: hyuga309 ($1.57 in chips) 
Seat 4: Dorex2007 ($5.07 in chips) 
Seat 5: enixblr ($5.12 in chips) 
Seat 6: Shevcuk ($11.85 in chips) 
Seat 7: laureano290 ($5 in chips) 
Seat 9: Ginnungagap7 ($4.79 in chips) 
Shevcuk: posts small blind $0.02
laureano290: posts big blind $0.05
abbi555: sits out 
Lagosha: sits out 
*** HOLE CARDS ***
Dealt to Dorex2007 [9s 7h]
Ginnungagap7: folds 
BlackMagic974: raises $0.10 to $0.15
hyuga309: folds 
Dorex2007: folds 
enixblr: folds 
Shevcuk: folds 
laureano290: folds 
Uncalled bet ($0.10) returned to BlackMagic974
BlackMagic974 collected $0.12 from pot
BlackMagic974: doesn't show hand 
*** SUMMARY ***
Total pot $0.12 | Rake $0 
Seat 2: BlackMagic974 collected ($0.12)
Seat 3: hyuga309 folded before Flop (didn't bet)
Seat 4: Dorex2007 folded before Flop (didn't bet)
Seat 5: enixblr (button) folded before Flop (didn't bet)
Seat 6: Shevcuk (small blind) folded before Flop
Seat 7: laureano290 (big blind) folded before Flop
Seat 9: Ginnungagap7 folded before Flop (didn't bet)



PokerStars Hand #237652610164:  Hold'em No Limit ($0.02/$0.05 USD) - 2022/07/28 19:43:29 PT [2022/07/28 22:43:29 ET]
Table 'Dubhe II' 9-max Seat #6 is the button
Seat 2: BlackMagic974 ($9.65 in chips) 
Seat 3: hyuga309 ($1.57 in chips) 
Seat 4: Dorex2007 ($5.07 in chips) 
Seat 5: enixblr ($5.12 in chips) 
Seat 6: Shevcuk ($11.83 in chips) 
Seat 7: laureano290 ($5 in chips) 
Seat 8: abbi555 ($12.73 in chips) 
Seat 9: Ginnungagap7 ($4.79 in chips) 
laureano290: posts small blind $0.02
abbi555: posts big blind $0.05
Lagosha: sits out 
*** HOLE CARDS ***
Dealt to Dorex2007 [Ad Jh]
Ginnungagap7: folds 
BlackMagic974: calls $0.05
hyuga309 has timed out
hyuga309: folds 
Dorex2007: raises $0.10 to $0.15
enixblr: folds 
Shevcuk: folds 
laureano290: folds 
abbi555: folds 
BlackMagic974: calls $0.10
*** FLOP *** [4s 9h 8d]
BlackMagic974: checks 
Dorex2007: checks 
*** TURN *** [4s 9h 8d] [Ah]
BlackMagic974: checks 
Dorex2007: bets $0.23
BlackMagic974: raises $0.28 to $0.51
Dorex2007: calls $0.28
*** RIVER *** [4s 9h 8d Ah] [9c]
BlackMagic974: bets $0.66
Dorex2007: calls $0.66
*** SHOW DOWN ***
BlackMagic974: shows [8s 9s] (a full house, Nines full of Eights)
Dorex2007: mucks hand 
BlackMagic974 collected $2.60 from pot
*** SUMMARY ***
Total pot $2.71 | Rake $0.11 
Board [4s 9h 8d Ah 9c]
Seat 2: BlackMagic974 showed [8s 9s] and won ($2.60) with a full house, Nines full of Eights
Seat 3: hyuga309 folded before Flop (didn't bet)
Seat 4: Dorex2007 mucked [Ad Jh]
Seat 5: enixblr folded before Flop (didn't bet)
Seat 6: Shevcuk (button) folded before Flop (didn't bet)
Seat 7: laureano290 (small blind) folded before Flop
Seat 8: abbi555 (big blind) folded before Flop
Seat 9: Ginnungagap7 folded before Flop (didn't bet)



PokerStars Hand #237652632185:  Hold'em No Limit ($0.02/$0.05 USD) - 2022/07/28 19:45:02 PT [2022/07/28 22:45:02 ET]
Table 'Dubhe II' 9-max Seat #7 is the button
Seat 2: BlackMagic974 ($10.93 in chips) 
Seat 3: hyuga309 ($1.57 in chips) 
Seat 4: Dorex2007 ($5 in chips) 
Seat 5: enixblr ($5.12 in chips) 
Seat 6: Shevcuk ($11.83 in chips) 
Seat 7: laureano290 ($5 in chips) 
Seat 8: abbi555 ($12.68 in chips) 
Seat 9: Ginnungagap7 ($4.79 in chips) 
abbi555: posts small blind $0.02
Ginnungagap7: posts big blind $0.05
Lagosha: sits out 
*** HOLE CARDS ***
Dealt to Dorex2007 [Jd 7c]
BlackMagic974: folds 
hyuga309: folds 
Dorex2007: folds 
enixblr: folds 
Shevcuk: raises $0.10 to $0.15
laureano290: folds 
abbi555: folds 
Ginnungagap7: folds 
Uncalled bet ($0.10) returned to Shevcuk
Shevcuk collected $0.12 from pot
Shevcuk: doesn't show hand 
*** SUMMARY ***
Total pot $0.12 | Rake $0 
Seat 2: BlackMagic974 folded before Flop (didn't bet)
Seat 3: hyuga309 folded before Flop (didn't bet)
Seat 4: Dorex2007 folded before Flop (didn't bet)
Seat 5: enixblr folded before Flop (didn't bet)
Seat 6: Shevcuk collected ($0.12)
Seat 7: laureano290 (button) folded before Flop (didn't bet)
Seat 8: abbi555 (small blind) folded before Flop
Seat 9: Ginnungagap7 (big blind) folded before Flop



PokerStars Hand #237652641957:  Hold'em No Limit ($0.02/$0.05 USD) - 2022/07/28 19:45:21 PT [2022/07/28 22:45:21 ET]
Table 'Dubhe II' 9-max Seat #8 is the button
Seat 1: Lagosha ($5 in chips) 
Seat 2: BlackMagic974 ($10.93 in chips) 
Seat 3: hyuga309 ($1.57 in chips) 
Seat 4: Dorex2007 ($5 in chips) 
Seat 5: enixblr ($5.12 in chips) 
Seat 6: Shevcuk ($11.90 in chips) 
Seat 7: laureano290 ($5 in chips) 
Seat 8: abbi555 ($12.66 in chips) 
Seat 9: Ginnungagap7 ($4.74 in chips) 
Ginnungagap7: posts small blind $0.02
Lagosha: posts big blind $0.05
*** HOLE CARDS ***
Dealt to Dorex2007 [6c 3h]
BlackMagic974: folds 
hyuga309: folds 
Dorex2007: folds 
enixblr: folds 
Shevcuk: folds 
laureano290: folds 
abbi555: folds 
Ginnungagap7: folds 
Uncalled bet ($0.03) returned to Lagosha
Lagosha collected $0.04 from pot
Lagosha: doesn't show hand 
*** SUMMARY ***
Total pot $0.04 | Rake $0 
Seat 1: Lagosha (big blind) collected ($0.04)
Seat 2: BlackMagic974 folded before Flop (didn't bet)
Seat 3: hyuga309 folded before Flop (didn't bet)
Seat 4: Dorex2007 folded before Flop (didn't bet)
Seat 5: enixblr folded before Flop (didn't bet)
Seat 6: Shevcuk folded before Flop (didn't bet)
Seat 7: laureano290 folded before Flop (didn't bet)
Seat 8: abbi555 (button) folded before Flop (didn't bet)
Seat 9: Ginnungagap7 (small blind) folded before Flop



PokerStars Hand #237652645032:  Hold'em No Limit ($0.02/$0.05 USD) - 2022/07/28 19:45:40 PT [2022/07/28 22:45:40 ET]
Table 'Dubhe II' 9-max Seat #9 is the button
Seat 1: Lagosha ($5.02 in chips) 
Seat 2: BlackMagic974 ($10.93 in chips) 
Seat 3: hyuga309 ($1.57 in chips) 
Seat 4: Dorex2007 ($5 in chips) 
Seat 5: enixblr ($5.12 in chips) 
Seat 6: Shevcuk ($11.90 in chips) 
Seat 7: laureano290 ($5 in chips) 
Seat 8: abbi555 ($12.66 in chips) 
Seat 9: Ginnungagap7 ($4.72 in chips) 
Lagosha: posts small blind $0.02
BlackMagic974: posts big blind $0.05
*** HOLE CARDS ***
Dealt to Dorex2007 [2c 3s]
hyuga309: folds 
Dorex2007: folds 
enixblr: folds 
Shevcuk: raises $0.10 to $0.15
laureano290: folds 
abbi555: calls $0.15
Ginnungagap7: folds 
Lagosha: folds 
BlackMagic974: folds 
*** FLOP *** [5s Th 2h]
Shevcuk: bets $0.25
abbi555: calls $0.25
*** TURN *** [5s Th 2h] [4d]
Shevcuk: bets $0.60
abbi555: calls $0.60
*** RIVER *** [5s Th 2h 4d] [As]
Shevcuk: checks 
abbi555: checks 
*** SHOW DOWN ***
Shevcuk: shows [Td Kd] (a pair of Tens)
abbi555: shows [Ah 9h] (a pair of Aces)
abbi555 collected $1.96 from pot
*** SUMMARY ***
Total pot $2.07 | Rake $0.11 
Board [5s Th 2h 4d As]
Seat 1: Lagosha (small blind) folded before Flop
Seat 2: BlackMagic974 (big blind) folded before Flop
Seat 3: hyuga309 folded before Flop (didn't bet)
Seat 4: Dorex2007 folded before Flop (didn't bet)
Seat 5: enixblr folded before Flop (didn't bet)
Seat 6: Shevcuk showed [Td Kd] and lost with a pair of Tens
Seat 7: laureano290 folded before Flop (didn't bet)
Seat 8: abbi555 showed [Ah 9h] and won ($1.96) with a pair of Aces
Seat 9: Ginnungagap7 (button) folded before Flop (didn't bet)



PokerStars Hand #237652655488:  Hold'em No Limit ($0.02/$0.05 USD) - 2022/07/28 19:46:42 PT [2022/07/28 22:46:42 ET]
Table 'Dubhe II' 9-max Seat #1 is the button
Seat 1: Lagosha ($5 in chips) 
Seat 2: BlackMagic974 ($10.88 in chips) 
Seat 3: hyuga309 ($1.57 in chips) 
Seat 4: Dorex2007 ($5 in chips) 
Seat 5: enixblr ($5.12 in chips) 
Seat 6: Shevcuk ($10.90 in chips) 
Seat 7: laureano290 ($5 in chips) 
Seat 8: abbi555 ($13.62 in chips) 
Seat 9: Ginnungagap7 ($4.72 in chips) 
BlackMagic974: posts small blind $0.02
hyuga309: posts big blind $0.05
*** HOLE CARDS ***
Dealt to Dorex2007 [4d Kd]
Dorex2007: folds 
enixblr: folds 
Shevcuk: folds 
laureano290: folds 
abbi555: folds 
Ginnungagap7: raises $0.10 to $0.15
Lagosha: folds 
BlackMagic974: calls $0.13
hyuga309: folds 
*** FLOP *** [Js 8h Ac]
BlackMagic974: checks 
Ginnungagap7: bets $0.26
BlackMagic974: calls $0.26
*** TURN *** [Js 8h Ac] [2d]
BlackMagic974: checks 
Ginnungagap7: bets $0.62
BlackMagic974: calls $0.62
*** RIVER *** [Js 8h Ac 2d] [9d]
BlackMagic974: checks 
Ginnungagap7: checks 
*** SHOW DOWN ***
BlackMagic974: shows [9h Tc] (a pair of Nines)
Ginnungagap7: shows [Ah Th] (a pair of Aces)
Ginnungagap7 collected $2.02 from pot
*** SUMMARY ***
Total pot $2.11 | Rake $0.09 
Board [Js 8h Ac 2d 9d]
Seat 1: Lagosha (button) folded before Flop (didn't bet)
Seat 2: BlackMagic974 (small blind) showed [9h Tc] and lost with a pair of Nines
Seat 3: hyuga309 (big blind) folded before Flop
Seat 4: Dorex2007 folded before Flop (didn't bet)
Seat 5: enixblr folded before Flop (didn't bet)
Seat 6: Shevcuk folded before Flop (didn't bet)
Seat 7: laureano290 folded before Flop (didn't bet)
Seat 8: abbi555 folded before Flop (didn't bet)
Seat 9: Ginnungagap7 showed [Ah Th] and won ($2.02) with a pair of Aces



PokerStars Hand #237652666849:  Hold'em No Limit ($0.02/$0.05 USD) - 2022/07/28 19:47:49 PT [2022/07/28 22:47:49 ET]
Table 'Dubhe II' 9-max Seat #2 is the button
Seat 1: Lagosha ($5 in chips) 
Seat 2: BlackMagic974 ($9.85 in chips) 
Seat 3: hyuga309 ($1.52 in chips) 
Seat 4: Dorex2007 ($5 in chips) 
Seat 5: enixblr ($5.12 in chips) 
Seat 6: Shevcuk ($10.90 in chips) 
Seat 7: laureano290 ($5 in chips) 
Seat 8: abbi555 ($13.62 in chips) 
Seat 9: Ginnungagap7 ($5.71 in chips) 
hyuga309: posts small blind $0.02
Dorex2007: posts big blind $0.05
*** HOLE CARDS ***
Dealt to Dorex2007 [3d 8d]
enixblr: folds 
Shevcuk: folds 
laureano290: raises $0.07 to $0.12
abbi555: calls $0.12
Ginnungagap7: folds 
Lagosha: folds 
BlackMagic974: calls $0.12
hyuga309: folds 
Dorex2007: folds 
*** FLOP *** [Ah 9s 7c]
laureano290: checks 
abbi555: bets $0.41
BlackMagic974: folds 
laureano290: folds 
Uncalled bet ($0.41) returned to abbi555
abbi555 collected $0.41 from pot
abbi555: doesn't show hand 
*** SUMMARY ***
Total pot $0.43 | Rake $0.02 
Board [Ah 9s 7c]
Seat 1: Lagosha folded before Flop (didn't bet)
Seat 2: BlackMagic974 (button) folded on the Flop
Seat 3: hyuga309 (small blind) folded before Flop
Seat 4: Dorex2007 (big blind) folded before Flop
Seat 5: enixblr folded before Flop (didn't bet)
Seat 6: Shevcuk folded before Flop (didn't bet)
Seat 7: laureano290 folded on the Flop
Seat 8: abbi555 collected ($0.41)
Seat 9: Ginnungagap7 folded before Flop (didn't bet)



PokerStars Hand #237652674238:  Hold'em No Limit ($0.02/$0.05 USD) - 2022/07/28 19:48:33 PT [2022/07/28 22:48:33 ET]
Table 'Dubhe II' 9-max Seat #3 is the button
Seat 1: Lagosha ($5 in chips) 
Seat 2: BlackMagic974 ($9.73 in chips) 
Seat 3: hyuga309 ($1.50 in chips) 
Seat 4: Dorex2007 ($5 in chips) 
Seat 5: enixblr ($5.12 in chips) 
Seat 6: Shevcuk ($10.90 in chips) 
Seat 7: laureano290 ($5 in chips) 
Seat 8: abbi555 ($13.91 in chips) 
Seat 9: Ginnungagap7 ($5.71 in chips) 
Dorex2007: posts small blind $0.02
enixblr: posts big blind $0.05
*** HOLE CARDS ***
Dealt to Dorex2007 [7s 9d]
Shevcuk: folds 
laureano290: folds 
abbi555: folds 
Ginnungagap7: folds 
Lagosha: folds 
BlackMagic974: folds 
hyuga309: folds 
Dorex2007: folds 
Uncalled bet ($0.03) returned to enixblr
enixblr collected $0.04 from pot
enixblr: doesn't show hand 
*** SUMMARY ***
Total pot $0.04 | Rake $0 
Seat 1: Lagosha folded before Flop (didn't bet)
Seat 2: BlackMagic974 folded before Flop (didn't bet)
Seat 3: hyuga309 (button) folded before Flop (didn't bet)
Seat 4: Dorex2007 (small blind) folded before Flop
Seat 5: enixblr (big blind) collected ($0.04)
Seat 6: Shevcuk folded before Flop (didn't bet)
Seat 7: laureano290 folded before Flop (didn't bet)
Seat 8: abbi555 folded before Flop (didn't bet)
Seat 9: Ginnungagap7 folded before Flop (didn't bet)



PokerStars Hand #237652677804:  Hold'em No Limit ($0.02/$0.05 USD) - 2022/07/28 19:48:55 PT [2022/07/28 22:48:55 ET]
Table 'Dubhe II' 9-max Seat #4 is the button
Seat 1: Lagosha ($5 in chips) 
Seat 2: BlackMagic974 ($9.73 in chips) 
Seat 3: hyuga309 ($1.50 in chips) 
Seat 4: Dorex2007 ($5 in chips) 
Seat 5: enixblr ($5.14 in chips) 
Seat 6: Shevcuk ($10.90 in chips) 
Seat 7: laureano290 ($5 in chips) 
Seat 8: abbi555 ($13.91 in chips) 
Seat 9: Ginnungagap7 ($5.71 in chips) 
enixblr: posts small blind $0.02
Shevcuk: posts big blind $0.05
*** HOLE CARDS ***
Dealt to Dorex2007 [7c 5h]
laureano290: folds 
abbi555: folds 
Ginnungagap7: folds 
Lagosha: raises $0.12 to $0.17
BlackMagic974: folds 
hyuga309: folds 
Dorex2007: folds 
enixblr: folds 
Shevcuk: folds 
Uncalled bet ($0.12) returned to Lagosha
Lagosha collected $0.12 from pot
Lagosha: doesn't show hand 
*** SUMMARY ***
Total pot $0.12 | Rake $0 
Seat 1: Lagosha collected ($0.12)
Seat 2: BlackMagic974 folded before Flop (didn't bet)
Seat 3: hyuga309 folded before Flop (didn't bet)
Seat 4: Dorex2007 (button) folded before Flop (didn't bet)
Seat 5: enixblr (small blind) folded before Flop
Seat 6: Shevcuk (big blind) folded before Flop
Seat 7: laureano290 folded before Flop (didn't bet)
Seat 8: abbi555 folded before Flop (didn't bet)
Seat 9: Ginnungagap7 folded before Flop (didn't bet)



PokerStars Hand #237652681369:  Hold'em No Limit ($0.02/$0.05 USD) - 2022/07/28 19:49:16 PT [2022/07/28 22:49:16 ET]
Table 'Dubhe II' 9-max Seat #5 is the button
Seat 1: Lagosha ($5.07 in chips) 
Seat 2: BlackMagic974 ($9.73 in chips) 
Seat 3: hyuga309 ($1.50 in chips) 
Seat 4: Dorex2007 ($5 in chips) 
Seat 5: enixblr ($5.12 in chips) 
Seat 6: Shevcuk ($10.85 in chips) 
Seat 7: laureano290 ($5 in chips) 
Seat 8: abbi555 ($13.91 in chips) 
Seat 9: Ginnungagap7 ($5.71 in chips) 
Shevcuk: posts small blind $0.02
laureano290: posts big blind $0.05
*** HOLE CARDS ***
Dealt to Dorex2007 [3s 4h]
abbi555: folds 
Ginnungagap7: folds 
Lagosha: folds 
BlackMagic974: folds 
hyuga309: folds 
Dorex2007: folds 
BlackMagic974 leaves the table
enixblr: raises $0.05 to $0.10
Shevcuk: folds 
laureano290: folds 
Uncalled bet ($0.05) returned to enixblr
enixblr collected $0.12 from pot
enixblr: doesn't show hand 
*** SUMMARY ***
Total pot $0.12 | Rake $0 
Seat 1: Lagosha folded before Flop (didn't bet)
Seat 2: BlackMagic974 folded before Flop (didn't bet)
Seat 3: hyuga309 folded before Flop (didn't bet)
Seat 4: Dorex2007 folded before Flop (didn't bet)
Seat 5: enixblr (button) collected ($0.12)
Seat 6: Shevcuk (small blind) folded before Flop
Seat 7: laureano290 (big blind) folded before Flop
Seat 8: abbi555 folded before Flop (didn't bet)
Seat 9: Ginnungagap7 folded before Flop (didn't bet)



PokerStars Hand #237652685217:  Hold'em No Limit ($0.02/$0.05 USD) - 2022/07/28 19:49:39 PT [2022/07/28 22:49:39 ET]
Table 'Dubhe II' 9-max Seat #6 is the button
Seat 1: Lagosha ($5.07 in chips) 
Seat 3: hyuga309 ($1.50 in chips) 
Seat 4: Dorex2007 ($5 in chips) 
Seat 5: enixblr ($5.19 in chips) 
Seat 6: Shevcuk ($10.83 in chips) 
Seat 7: laureano290 ($5 in chips) 
Seat 8: abbi555 ($13.91 in chips) 
Seat 9: Ginnungagap7 ($5.71 in chips) 
laureano290: posts small blind $0.02
abbi555: posts big blind $0.05
*** HOLE CARDS ***
Dealt to Dorex2007 [7h 3s]
Ginnungagap7: folds 
Lagosha: folds 
hyuga309: folds 
Dorex2007: folds 
enixblr: folds 
Shevcuk: folds 
Ginnungagap7 leaves the table
laureano290: folds 
Uncalled bet ($0.03) returned to abbi555
abbi555 collected $0.04 from pot
abbi555: doesn't show hand 
*** SUMMARY ***
Total pot $0.04 | Rake $0 
Seat 1: Lagosha folded before Flop (didn't bet)
Seat 3: hyuga309 folded before Flop (didn't bet)
Seat 4: Dorex2007 folded before Flop (didn't bet)
Seat 5: enixblr folded before Flop (didn't bet)
Seat 6: Shevcuk (button) folded before Flop (didn't bet)
Seat 7: laureano290 (small blind) folded before Flop
Seat 8: abbi555 (big blind) collected ($0.04)
Seat 9: Ginnungagap7 folded before Flop (didn't bet)



PokerStars Hand #237652687354:  Hold'em No Limit ($0.02/$0.05 USD) - 2022/07/28 19:49:51 PT [2022/07/28 22:49:51 ET]
Table 'Dubhe II' 9-max Seat #7 is the button
Seat 1: Lagosha ($5.07 in chips) 
Seat 3: hyuga309 ($1.50 in chips) 
Seat 4: Dorex2007 ($5 in chips) 
Seat 5: enixblr ($5.19 in chips) 
Seat 6: Shevcuk ($10.83 in chips) 
Seat 7: laureano290 ($5 in chips) 
Seat 8: abbi555 ($13.93 in chips) 
abbi555: posts small blind $0.02
Lagosha: posts big blind $0.05
*** HOLE CARDS ***
Dealt to Dorex2007 [7s Kd]
hyuga309: folds 
Dorex2007 has timed out
Dorex2007: folds 
enixblr: folds 
Shevcuk: raises $0.10 to $0.15
laureano290: folds 
abbi555: folds 
Lagosha: folds 
Uncalled bet ($0.10) returned to Shevcuk
Shevcuk collected $0.12 from pot
Shevcuk: doesn't show hand 
*** SUMMARY ***
Total pot $0.12 | Rake $0 
Seat 1: Lagosha (big blind) folded before Flop
Seat 3: hyuga309 folded before Flop (didn't bet)
Seat 4: Dorex2007 folded before Flop (didn't bet)
Seat 5: enixblr folded before Flop (didn't bet)
Seat 6: Shevcuk collected ($0.12)
Seat 7: laureano290 (button) folded before Flop (didn't bet)
Seat 8: abbi555 (small blind) folded before Flop



PokerStars Hand #237652694794:  Hold'em No Limit ($0.02/$0.05 USD) - 2022/07/28 19:50:35 PT [2022/07/28 22:50:35 ET]
Table 'Dubhe II' 9-max Seat #8 is the button
Seat 1: Lagosha ($5.02 in chips) 
Seat 4: Dorex2007 ($5 in chips) 
Seat 5: enixblr ($5.19 in chips) 
Seat 6: Shevcuk ($10.90 in chips) 
Seat 7: laureano290 ($5 in chips) 
Seat 8: abbi555 ($13.91 in chips) 
Lagosha: posts small blind $0.02
hyuga309 has timed out
hyuga309: is sitting out 
Dorex2007: posts big blind $0.05
*** HOLE CARDS ***
Dealt to Dorex2007 [Js 9d]
enixblr: folds 
Shevcuk: folds 
laureano290: folds 
abbi555: folds 
Lagosha: folds 
Uncalled bet ($0.03) returned to Dorex2007
Dorex2007 collected $0.04 from pot
Dorex2007: doesn't show hand 
*** SUMMARY ***
Total pot $0.04 | Rake $0 
Seat 1: Lagosha (small blind) folded before Flop
Seat 4: Dorex2007 (big blind) collected ($0.04)
Seat 5: enixblr folded before Flop (didn't bet)
Seat 6: Shevcuk folded before Flop (didn't bet)
Seat 7: laureano290 folded before Flop (didn't bet)
Seat 8: abbi555 (button) folded before Flop (didn't bet)



PokerStars Hand #237652698909:  Hold'em No Limit ($0.02/$0.05 USD) - 2022/07/28 19:50:59 PT [2022/07/28 22:50:59 ET]
Table 'Dubhe II' 9-max Seat #1 is the button
Seat 1: Lagosha ($5 in chips) 
Seat 4: Dorex2007 ($5.02 in chips) 
Seat 5: enixblr ($5.19 in chips) 
Seat 6: Shevcuk ($10.90 in chips) 
Seat 7: laureano290 ($5 in chips) 
Seat 8: abbi555 ($13.91 in chips) 
Dorex2007: posts small blind $0.02
enixblr: posts big blind $0.05
*** HOLE CARDS ***
Dealt to Dorex2007 [8c 6h]
ElFideo1954 joins the table at seat #9 
Shevcuk: folds 
laureano290: folds 
abbi555: folds 
Lagosha: raises $0.10 to $0.15
Dorex2007: folds 
enixblr: folds 
Uncalled bet ($0.10) returned to Lagosha
Lagosha collected $0.12 from pot
Lagosha: doesn't show hand 
*** SUMMARY ***
Total pot $0.12 | Rake $0 
Seat 1: Lagosha (button) collected ($0.12)
Seat 4: Dorex2007 (small blind) folded before Flop
Seat 5: enixblr (big blind) folded before Flop
Seat 6: Shevcuk folded before Flop (didn't bet)
Seat 7: laureano290 folded before Flop (didn't bet)
Seat 8: abbi555 folded before Flop (didn't bet)



PokerStars Hand #237652701393:  Hold'em No Limit ($0.02/$0.05 USD) - 2022/07/28 19:51:14 PT [2022/07/28 22:51:14 ET]
Table 'Dubhe II' 9-max Seat #4 is the button
Seat 1: Lagosha ($5.07 in chips) 
Seat 4: Dorex2007 ($5 in chips) 
Seat 5: enixblr ($5.14 in chips) 
Seat 6: Shevcuk ($10.90 in chips) 
Seat 7: laureano290 ($5 in chips) 
Seat 8: abbi555 ($13.91 in chips) 
enixblr: posts small blind $0.02
Shevcuk: posts big blind $0.05
ElFideo1954: sits out 
*** HOLE CARDS ***
Dealt to Dorex2007 [Jh 2s]
laureano290: folds 
abbi555: folds 
Lagosha: folds 
Dorex2007: folds 
enixblr: folds 
Uncalled bet ($0.03) returned to Shevcuk
Shevcuk collected $0.04 from pot
Shevcuk: doesn't show hand 
*** SUMMARY ***
Total pot $0.04 | Rake $0 
Seat 1: Lagosha folded before Flop (didn't bet)
Seat 4: Dorex2007 (button) folded before Flop (didn't bet)
Seat 5: enixblr (small blind) folded before Flop
Seat 6: Shevcuk (big blind) collected ($0.04)
Seat 7: laureano290 folded before Flop (didn't bet)
Seat 8: abbi555 folded before Flop (didn't bet)



PokerStars Hand #237652703717:  Hold'em No Limit ($0.02/$0.05 USD) - 2022/07/28 19:51:28 PT [2022/07/28 22:51:28 ET]
Table 'Dubhe II' 9-max Seat #6 is the button
Seat 1: Lagosha ($5.07 in chips) 
Seat 4: Dorex2007 ($5 in chips) 
Seat 6: Shevcuk ($10.92 in chips) 
Seat 7: laureano290 ($5 in chips) 
Seat 8: abbi555 ($13.91 in chips) 
laureano290: posts small blind $0.02
abbi555: posts big blind $0.05
ElFideo1954: sits out 
*** HOLE CARDS ***
Dealt to Dorex2007 [5c 3s]
Lagosha: folds 
enixblr leaves the table
Dorex2007: folds 
Shevcuk: raises $0.10 to $0.15
laureano290: folds 
abbi555: folds 
Uncalled bet ($0.10) returned to Shevcuk
Shevcuk collected $0.12 from pot
Shevcuk: doesn't show hand 
*** SUMMARY ***
Total pot $0.12 | Rake $0 
Seat 1: Lagosha folded before Flop (didn't bet)
Seat 4: Dorex2007 folded before Flop (didn't bet)
Seat 6: Shevcuk (button) collected ($0.12)
Seat 7: laureano290 (small blind) folded before Flop
Seat 8: abbi555 (big blind) folded before Flop



PokerStars Hand #237652711780:  Hold'em No Limit ($0.02/$0.05 USD) - 2022/07/28 19:51:47 PT [2022/07/28 22:51:47 ET]
Table 'Dubhe II' 9-max Seat #7 is the button
Seat 1: Lagosha ($5.07 in chips) 
Seat 4: Dorex2007 ($5 in chips) 
Seat 6: Shevcuk ($10.99 in chips) 
Seat 7: laureano290 ($5 in chips) 
Seat 8: abbi555 ($13.86 in chips) 
Seat 9: ElFideo1954 ($5 in chips) 
abbi555: posts small blind $0.02
ElFideo1954: posts big blind $0.05
hyuga309: sits out 
*** HOLE CARDS ***
Dealt to Dorex2007 [Qc 8c]
Lagosha: folds 
Dorex2007: folds 
Shevcuk: raises $0.07 to $0.12
laureano290: folds 
abbi555: calls $0.10
ElFideo1954: folds 
*** FLOP *** [Js 3s 7s]
abbi555: checks 
Shevcuk: checks 
*** TURN *** [Js 3s 7s] [9d]
abbi555: checks 
Shevcuk: bets $0.14
abbi555: calls $0.14
*** RIVER *** [Js 3s 7s 9d] [Tc]
abbi555: checks 
Shevcuk: checks 
*** SHOW DOWN ***
abbi555: shows [Qd Td] (a pair of Tens)
Shevcuk: mucks hand 
abbi555 collected $0.55 from pot
*** SUMMARY ***
Total pot $0.57 | Rake $0.02 
Board [Js 3s 7s 9d Tc]
Seat 1: Lagosha folded before Flop (didn't bet)
Seat 4: Dorex2007 folded before Flop (didn't bet)
Seat 6: Shevcuk mucked [5d 6d]
Seat 7: laureano290 (button) folded before Flop (didn't bet)
Seat 8: abbi555 (small blind) showed [Qd Td] and won ($0.55) with a pair of Tens
Seat 9: ElFideo1954 (big blind) folded before Flop



PokerStars Hand #237652723485:  Hold'em No Limit ($0.02/$0.05 USD) - 2022/07/28 19:52:57 PT [2022/07/28 22:52:57 ET]
Table 'Dubhe II' 9-max Seat #8 is the button
Seat 3: hyuga309 ($1.50 in chips) 
Seat 4: Dorex2007 ($5 in chips) 
Seat 6: Shevcuk ($10.73 in chips) 
Seat 7: laureano290 ($5 in chips) 
Seat 8: abbi555 ($14.15 in chips) 
Seat 9: ElFideo1954 ($4.95 in chips) 
ElFideo1954: posts small blind $0.02
Lagosha: is sitting out 
hyuga309: posts big blind $0.05
*** HOLE CARDS ***
Dealt to Dorex2007 [Kc 4s]
Dorex2007: folds 
Shevcuk: folds 
laureano290: raises $0.07 to $0.12
abbi555: calls $0.12
ElFideo1954: calls $0.10
hyuga309: folds 
*** FLOP *** [As Ts 6s]
ElFideo1954: checks 
laureano290: checks 
abbi555: checks 
*** TURN *** [As Ts 6s] [4c]
ElFideo1954: checks 
laureano290: checks 
abbi555: checks 
*** RIVER *** [As Ts 6s 4c] [Jh]
ElFideo1954: checks 
laureano290: checks 
abbi555: checks 
*** SHOW DOWN ***
ElFideo1954: shows [7d 8d] (high card Ace)
laureano290: shows [Jd Td] (two pair, Jacks and Tens)
abbi555: mucks hand 
laureano290 collected $0.39 from pot
*** SUMMARY ***
Total pot $0.41 | Rake $0.02 
Board [As Ts 6s 4c Jh]
Seat 3: hyuga309 (big blind) folded before Flop
Seat 4: Dorex2007 folded before Flop (didn't bet)
Seat 6: Shevcuk folded before Flop (didn't bet)
Seat 7: laureano290 showed [Jd Td] and won ($0.39) with two pair, Jacks and Tens
Seat 8: abbi555 (button) mucked [9d 9c]
Seat 9: ElFideo1954 (small blind) showed [7d 8d] and lost with high card Ace



PokerStars Hand #237652733857:  Hold'em No Limit ($0.02/$0.05 USD) - 2022/07/28 19:53:59 PT [2022/07/28 22:53:59 ET]
Table 'Dubhe II' 9-max Seat #9 is the button
Seat 3: hyuga309 ($1.45 in chips) 
Seat 4: Dorex2007 ($5 in chips) 
Seat 6: Shevcuk ($10.73 in chips) 
Seat 7: laureano290 ($5.27 in chips) 
Seat 8: abbi555 ($14.03 in chips) 
Seat 9: ElFideo1954 ($4.83 in chips) 
hyuga309: posts small blind $0.02
Dorex2007: posts big blind $0.05
*** HOLE CARDS ***
Dealt to Dorex2007 [3c Kh]
Shevcuk: folds 
laureano290: raises $0.07 to $0.12
abbi555: folds 
ElFideo1954: calls $0.12
hyuga309: folds 
Dorex2007: folds 
*** FLOP *** [7h 5h 9c]
laureano290: checks 
ElFideo1954: bets $0.15
laureano290: calls $0.15
*** TURN *** [7h 5h 9c] [7s]
laureano290: checks 
ElFideo1954: checks 
*** RIVER *** [7h 5h 9c 7s] [As]
laureano290: checks 
ElFideo1954: checks 
*** SHOW DOWN ***
laureano290: shows [Qs Qc] (two pair, Queens and Sevens)
ElFideo1954: mucks hand 
laureano290 collected $0.58 from pot
*** SUMMARY ***
Total pot $0.61 | Rake $0.03 
Board [7h 5h 9c 7s As]
Seat 3: hyuga309 (small blind) folded before Flop
Seat 4: Dorex2007 (big blind) folded before Flop
Seat 6: Shevcuk folded before Flop (didn't bet)
Seat 7: laureano290 showed [Qs Qc] and won ($0.58) with two pair, Queens and Sevens
Seat 8: abbi555 folded before Flop (didn't bet)
Seat 9: ElFideo1954 (button) mucked [Jh 2h]



PokerStars Hand #237652739552:  Hold'em No Limit ($0.02/$0.05 USD) - 2022/07/28 19:54:33 PT [2022/07/28 22:54:33 ET]
Table 'Dubhe II' 9-max Seat #3 is the button
Seat 3: hyuga309 ($1.43 in chips) 
Seat 4: Dorex2007 ($5 in chips) 
Seat 6: Shevcuk ($10.73 in chips) 
Seat 7: laureano290 ($5.58 in chips) 
Seat 8: abbi555 ($14.03 in chips) 
Seat 9: ElFideo1954 ($4.56 in chips) 
Dorex2007: posts small blind $0.02
Shevcuk: posts big blind $0.05
*** HOLE CARDS ***
Dealt to Dorex2007 [9d Ad]
laureano290: folds 
abbi555: folds 
ElFideo1954: folds 
hyuga309: folds 
Dorex2007: calls $0.03
Shevcuk: raises $0.10 to $0.15
Dorex2007: calls $0.10
*** FLOP *** [7d Td Qh]
Dorex2007: bets $0.19
Shevcuk: folds 
Uncalled bet ($0.19) returned to Dorex2007
Dorex2007 collected $0.29 from pot
Dorex2007: doesn't show hand 
*** SUMMARY ***
Total pot $0.30 | Rake $0.01 
Board [7d Td Qh]
Seat 3: hyuga309 (button) folded before Flop (didn't bet)
Seat 4: Dorex2007 (small blind) collected ($0.29)
Seat 6: Shevcuk (big blind) folded on the Flop
Seat 7: laureano290 folded before Flop (didn't bet)
Seat 8: abbi555 folded before Flop (didn't bet)
Seat 9: ElFideo1954 folded before Flop (didn't bet)



PokerStars Hand #237652746379:  Hold'em No Limit ($0.02/$0.05 USD) - 2022/07/28 19:55:14 PT [2022/07/28 22:55:14 ET]
Table 'Dubhe II' 9-max Seat #4 is the button
Seat 3: hyuga309 ($1.43 in chips) 
Seat 4: Dorex2007 ($5.14 in chips) 
Seat 6: Shevcuk ($10.58 in chips) 
Seat 8: abbi555 ($14.03 in chips) 
Seat 9: ElFideo1954 ($4.56 in chips) 
Shevcuk: posts small blind $0.02
laureano290: is sitting out 
abbi555: posts big blind $0.05
*** HOLE CARDS ***
Dealt to Dorex2007 [9d 4s]
laureano290 leaves the table
ElFideo1954: folds 
hyuga309: folds 
Dorex2007: folds 
Shevcuk: folds 
Uncalled bet ($0.03) returned to abbi555
abbi555 collected $0.04 from pot
abbi555: doesn't show hand 
*** SUMMARY ***
Total pot $0.04 | Rake $0 
Seat 3: hyuga309 folded before Flop (didn't bet)
Seat 4: Dorex2007 (button) folded before Flop (didn't bet)
Seat 6: Shevcuk (small blind) folded before Flop
Seat 8: abbi555 (big blind) collected ($0.04)
Seat 9: ElFideo1954 folded before Flop (didn't bet)



PokerStars Hand #237652748430:  Hold'em No Limit ($0.02/$0.05 USD) - 2022/07/28 19:55:29 PT [2022/07/28 22:55:29 ET]
Table 'Dubhe II' 9-max Seat #6 is the button
Seat 3: hyuga309 ($1.43 in chips) 
Seat 4: Dorex2007 ($5.14 in chips) 
Seat 6: Shevcuk ($10.56 in chips) 
Seat 8: abbi555 ($14.05 in chips) 
Seat 9: ElFideo1954 ($4.56 in chips) 
abbi555: posts small blind $0.02
ElFideo1954: posts big blind $0.05
*** HOLE CARDS ***
Dealt to Dorex2007 [9s Qh]
hyuga309: folds 
Dorex2007: folds 
Shevcuk: raises $0.06 to $0.11
abbi555: calls $0.09
ElFideo1954: calls $0.06
*** FLOP *** [Jc 8c Qd]
abbi555: checks 
ElFideo1954: checks 
Shevcuk: checks 
*** TURN *** [Jc 8c Qd] [4d]
abbi555: checks 
ElFideo1954: checks 
Shevcuk: bets $0.24
abbi555: calls $0.24
ElFideo1954: calls $0.24
*** RIVER *** [Jc 8c Qd 4d] [Kh]
abbi555: checks 
ElFideo1954: checks 
OJustmal joins the table at seat #2 
Shevcuk: checks 
*** SHOW DOWN ***
abbi555: shows [Kd Ah] (a pair of Kings)
ElFideo1954: mucks hand 
Shevcuk: mucks hand 
abbi555 collected $1 from pot
*** SUMMARY ***
Total pot $1.05 | Rake $0.05 
Board [Jc 8c Qd 4d Kh]
Seat 3: hyuga309 folded before Flop (didn't bet)
Seat 4: Dorex2007 folded before Flop (didn't bet)
Seat 6: Shevcuk (button) mucked [5d 3d]
Seat 8: abbi555 (small blind) showed [Kd Ah] and won ($1) with a pair of Kings
Seat 9: ElFideo1954 (big blind) mucked [6d 8h]



PokerStars Hand #237652756246:  Hold'em No Limit ($0.02/$0.05 USD) - 2022/07/28 19:56:24 PT [2022/07/28 22:56:24 ET]
Table 'Dubhe II' 9-max Seat #8 is the button
Seat 2: OJustmal ($4 in chips) 
Seat 3: hyuga309 ($1.43 in chips) 
Seat 4: Dorex2007 ($5.14 in chips) 
Seat 6: Shevcuk ($10.21 in chips) 
Seat 8: abbi555 ($14.70 in chips) 
Seat 9: ElFideo1954 ($4.21 in chips) 
ElFideo1954: posts small blind $0.02
OJustmal: posts big blind $0.05
*** HOLE CARDS ***
Dealt to Dorex2007 [3c 3d]
hyuga309: folds 
Dorex2007: calls $0.05
Shevcuk: folds 
abbi555 has timed out
abbi555: folds 
ElFideo1954: calls $0.03
OJustmal: raises $0.10 to $0.15
Dorex2007: calls $0.10
ElFideo1954: calls $0.10
*** FLOP *** [5c 2c 9d]
ElFideo1954: checks 
OJustmal: bets $0.43
Dorex2007: folds 
ElFideo1954: folds 
Uncalled bet ($0.43) returned to OJustmal
OJustmal collected $0.43 from pot
OJustmal: doesn't show hand 
*** SUMMARY ***
Total pot $0.45 | Rake $0.02 
Board [5c 2c 9d]
Seat 2: OJustmal (big blind) collected ($0.43)
Seat 3: hyuga309 folded before Flop (didn't bet)
Seat 4: Dorex2007 folded on the Flop
Seat 6: Shevcuk folded before Flop (didn't bet)
Seat 8: abbi555 (button) folded before Flop (didn't bet)
Seat 9: ElFideo1954 (small blind) folded on the Flop



PokerStars Hand #237652763339:  Hold'em No Limit ($0.02/$0.05 USD) - 2022/07/28 19:57:14 PT [2022/07/28 22:57:14 ET]
Table 'Dubhe II' 9-max Seat #9 is the button
Seat 2: OJustmal ($4.28 in chips) 
Seat 3: hyuga309 ($1.43 in chips) 
Seat 4: Dorex2007 ($5 in chips) 
Seat 6: Shevcuk ($10.21 in chips) 
Seat 9: ElFideo1954 ($4.06 in chips) 
OJustmal: posts small blind $0.02
hyuga309: posts big blind $0.05
*** HOLE CARDS ***
Dealt to Dorex2007 [As 2c]
Dorex2007: folds 
Shevcuk: raises $0.10 to $0.15
ElFideo1954: folds 
OJustmal: folds 
hyuga309: folds 
Uncalled bet ($0.10) returned to Shevcuk
Shevcuk collected $0.12 from pot
Shevcuk: doesn't show hand 
*** SUMMARY ***
Total pot $0.12 | Rake $0 
Seat 2: OJustmal (small blind) folded before Flop
Seat 3: hyuga309 (big blind) folded before Flop
Seat 4: Dorex2007 folded before Flop (didn't bet)
Seat 6: Shevcuk collected ($0.12)
Seat 9: ElFideo1954 (button) folded before Flop (didn't bet)



PokerStars Hand #237652766210:  Hold'em No Limit ($0.02/$0.05 USD) - 2022/07/28 19:57:35 PT [2022/07/28 22:57:35 ET]
Table 'Dubhe II' 9-max Seat #2 is the button
Seat 2: OJustmal ($4.26 in chips) 
Seat 3: hyuga309 ($1.38 in chips) 
Seat 4: Dorex2007 ($5 in chips) 
Seat 6: Shevcuk ($10.28 in chips) 
Seat 9: ElFideo1954 ($4.06 in chips) 
hyuga309: posts small blind $0.02
Dorex2007: posts big blind $0.05
*** HOLE CARDS ***
Dealt to Dorex2007 [Ts Ac]
Shevcuk: folds 
ElFideo1954: folds 
OJustmal: raises $0.10 to $0.15
hyuga309: raises $1.23 to $1.38 and is all-in
Dorex2007: folds 
OJustmal: calls $1.23
*** FLOP *** [7h 4d Qd]
*** TURN *** [7h 4d Qd] [6s]
*** RIVER *** [7h 4d Qd 6s] [Kh]
*** SHOW DOWN ***
hyuga309: shows [Tc Kc] (a pair of Kings)
OJustmal: shows [Ks 7d] (two pair, Kings and Sevens)
OJustmal collected $2.69 from pot
hyuga309 cashed out the hand for $1.96 | Cash Out Fee $0.02
*** SUMMARY ***
Total pot $2.81 | Rake $0.12 
Board [7h 4d Qd 6s Kh]
Seat 2: OJustmal (button) showed [Ks 7d] and won ($2.69) with two pair, Kings and Sevens
Seat 3: hyuga309 (small blind) showed [Tc Kc] and lost with a pair of Kings (cashed out).
Seat 4: Dorex2007 (big blind) folded before Flop
Seat 6: Shevcuk folded before Flop (didn't bet)
Seat 9: ElFideo1954 folded before Flop (didn't bet)



PokerStars Hand #237652771426:  Hold'em No Limit ($0.02/$0.05 USD) - 2022/07/28 19:58:13 PT [2022/07/28 22:58:13 ET]
Table 'Dubhe II' 9-max Seat #3 is the button
Seat 2: OJustmal ($5.57 in chips) 
Seat 3: hyuga309 ($1.96 in chips) 
Seat 4: Dorex2007 ($5 in chips) 
Seat 6: Shevcuk ($10.28 in chips) 
Seat 8: abbi555 ($14.70 in chips) 
Seat 9: ElFideo1954 ($4.06 in chips) 
Dorex2007: posts small blind $0.02
Shevcuk: posts big blind $0.05
*** HOLE CARDS ***
Dealt to Dorex2007 [7d 4d]
abbi555: folds 
ElFideo1954: raises $0.05 to $0.10
OJustmal: folds 
hyuga309: folds 
Dorex2007: folds 
Shevcuk: calls $0.05
*** FLOP *** [Jc 7h Ad]
Shevcuk: bets $0.14
ElFideo1954: raises $0.14 to $0.28
Shevcuk: calls $0.14
*** TURN *** [Jc 7h Ad] [Th]
Shevcuk: checks 
ElFideo1954: bets $0.75
Shevcuk: calls $0.75
*** RIVER *** [Jc 7h Ad Th] [Qh]
Shevcuk: bets $2.19
ElFideo1954: raises $0.74 to $2.93 and is all-in
Shevcuk: calls $0.74
*** SHOW DOWN ***
ElFideo1954: shows [As Td] (two pair, Aces and Tens)
Shevcuk: shows [Jh 6h] (a flush, Queen high)
Shevcuk collected $7.80 from pot
*** SUMMARY ***
Total pot $8.14 | Rake $0.34 
Board [Jc 7h Ad Th Qh]
Seat 2: OJustmal folded before Flop (didn't bet)
Seat 3: hyuga309 (button) folded before Flop (didn't bet)
Seat 4: Dorex2007 (small blind) folded before Flop
Seat 6: Shevcuk (big blind) showed [Jh 6h] and won ($7.80) with a flush, Queen high
Seat 8: abbi555 folded before Flop (didn't bet)
Seat 9: ElFideo1954 showed [As Td] and lost with two pair, Aces and Tens



PokerStars Hand #237652781839:  Hold'em No Limit ($0.02/$0.05 USD) - 2022/07/28 19:59:28 PT [2022/07/28 22:59:28 ET]
Table 'Dubhe II' 9-max Seat #4 is the button
Seat 2: OJustmal ($5.57 in chips) 
Seat 3: hyuga309 ($1.96 in chips) 
Seat 4: Dorex2007 ($5 in chips) 
Seat 6: Shevcuk ($14.02 in chips) 
Seat 8: abbi555 ($14.70 in chips) 
Shevcuk: posts small blind $0.02
abbi555: posts big blind $0.05
*** HOLE CARDS ***
Dealt to Dorex2007 [7h 6d]
ElFideo1954 leaves the table
OJustmal: calls $0.05
hyuga309: calls $0.05
Dorex2007: folds 
Shevcuk: folds 
abbi555: checks 
*** FLOP *** [Qd 8c Ac]
abbi555: checks 
OJustmal: checks 
hyuga309: checks 
*** TURN *** [Qd 8c Ac] [7c]
abbi555: checks 
OJustmal: checks 
hyuga309: bets $0.05
abbi555: folds 
OJustmal: raises $0.26 to $0.31
hyuga309: raises $1.60 to $1.91 and is all-in
OJustmal: calls $1.60
*** RIVER *** [Qd 8c Ac 7c] [Tc]
*** SHOW DOWN ***
OJustmal: shows [Kc Js] (a flush, Ace high)
hyuga309: shows [7s 7d] (three of a kind, Sevens)
OJustmal collected $3.82 from pot
hyuga309 cashed out the hand for $2.83 | Cash Out Fee $0.03
*** SUMMARY ***
Total pot $3.99 | Rake $0.17 
Board [Qd 8c Ac 7c Tc]
Seat 2: OJustmal showed [Kc Js] and won ($3.82) with a flush, Ace high
Seat 3: hyuga309 showed [7s 7d] and lost with three of a kind, Sevens (cashed out).
Seat 4: Dorex2007 (button) folded before Flop (didn't bet)
Seat 6: Shevcuk (small blind) folded before Flop
Seat 8: abbi555 (big blind) folded on the Turn



