PokerStars Hand #237958963144:  Hold'em No Limit ($0.05/$0.10 USD) - 2022/08/12 22:40:26 PT [2022/08/13 1:40:26 ET]
Table 'Gerda III' 9-max Seat #8 is the button
Seat 1: kei635 ($13.42 in chips) 
Seat 2: Luigiams ($10.28 in chips) 
Seat 3: Spuds777 ($6.56 in chips) 
Seat 4: Candog98 ($12.83 in chips) 
Seat 5: ezzzis ($14.60 in chips) 
Seat 6: chicken532 ($5.45 in chips) 
Seat 7: Dorex2007 ($10 in chips) 
Seat 8: tateas ($3.77 in chips) 
Seat 9: Jamskulin ($12.83 in chips) 
Jamskulin: posts small blind $0.05
kei635: posts big blind $0.10
Dorex2007: posts big blind $0.10
*** HOLE CARDS ***
Dealt to Dorex2007 [2h 3s]
Luigiams: folds 
Spuds777: calls $0.10
Candog98: folds 
ezzzis: folds 
chicken532: raises $0.10 to $0.20
Dorex2007: folds 
tateas: calls $0.20
Jamskulin: folds 
kei635: folds 
Spuds777: calls $0.10
*** FLOP *** [7h 9h Qd]
Spuds777: checks 
chicken532: bets $0.40
tateas: folds 
Spuds777: calls $0.40
*** TURN *** [7h 9h Qd] [6d]
Spuds777: checks 
chicken532: bets $0.60
Spuds777: folds 
Uncalled bet ($0.60) returned to chicken532
chicken532 collected $1.58 from pot
*** SUMMARY ***
Total pot $1.65 | Rake $0.07 
Board [7h 9h Qd 6d]
Seat 1: kei635 (big blind) folded before Flop
Seat 2: Luigiams folded before Flop (didn't bet)
Seat 3: Spuds777 folded on the Turn
Seat 4: Candog98 folded before Flop (didn't bet)
Seat 5: ezzzis folded before Flop (didn't bet)
Seat 6: chicken532 collected ($1.58)
Seat 7: Dorex2007 folded before Flop (didn't bet)
Seat 8: tateas (button) folded on the Flop
Seat 9: Jamskulin (small blind) folded before Flop



PokerStars Hand #237958972823:  Hold'em No Limit ($0.05/$0.10 USD) - 2022/08/12 22:41:48 PT [2022/08/13 1:41:48 ET]
Table 'Gerda III' 9-max Seat #9 is the button
Seat 1: kei635 ($13.32 in chips) 
Seat 2: Luigiams ($10.28 in chips) 
Seat 3: Spuds777 ($5.96 in chips) 
Seat 4: Candog98 ($12.83 in chips) 
Seat 5: ezzzis ($14.60 in chips) 
Seat 6: chicken532 ($6.43 in chips) 
Seat 7: Dorex2007 ($10 in chips) 
Seat 8: tateas ($3.57 in chips) 
Seat 9: Jamskulin ($12.78 in chips) 
kei635: posts small blind $0.05
Luigiams: posts big blind $0.10
*** HOLE CARDS ***
Dealt to Dorex2007 [2d 3c]
Spuds777: folds 
Candog98: folds 
ezzzis: folds 
chicken532: raises $0.20 to $0.30
Dorex2007: folds 
tateas: folds 
Jamskulin: folds 
kei635: folds 
Luigiams: folds 
Uncalled bet ($0.20) returned to chicken532
chicken532 collected $0.25 from pot
*** SUMMARY ***
Total pot $0.25 | Rake $0 
Seat 1: kei635 (small blind) folded before Flop
Seat 2: Luigiams (big blind) folded before Flop
Seat 3: Spuds777 folded before Flop (didn't bet)
Seat 4: Candog98 folded before Flop (didn't bet)
Seat 5: ezzzis folded before Flop (didn't bet)
Seat 6: chicken532 collected ($0.25)
Seat 7: Dorex2007 folded before Flop (didn't bet)
Seat 8: tateas folded before Flop (didn't bet)
Seat 9: Jamskulin (button) folded before Flop (didn't bet)



PokerStars Hand #237958974615:  Hold'em No Limit ($0.05/$0.10 USD) - 2022/08/12 22:42:03 PT [2022/08/13 1:42:03 ET]
Table 'Gerda III' 9-max Seat #1 is the button
Seat 1: kei635 ($13.27 in chips) 
Seat 2: Luigiams ($10.18 in chips) 
Seat 3: Spuds777 ($5.96 in chips) 
Seat 4: Candog98 ($12.83 in chips) 
Seat 5: ezzzis ($14.60 in chips) 
Seat 6: chicken532 ($6.58 in chips) 
Seat 7: Dorex2007 ($10 in chips) 
Seat 8: tateas ($3.57 in chips) 
Seat 9: Jamskulin ($12.78 in chips) 
Luigiams: posts small blind $0.05
Spuds777: posts big blind $0.10
*** HOLE CARDS ***
Dealt to Dorex2007 [2d Kd]
Candog98: folds 
ezzzis: raises $0.20 to $0.30
chicken532: folds 
Dorex2007: folds 
tateas: folds 
Jamskulin: folds 
kei635: calls $0.30
Luigiams: raises $0.90 to $1.20
Spuds777: folds 
ezzzis: folds 
kei635: folds 
Uncalled bet ($0.90) returned to Luigiams
Luigiams collected $1 from pot
*** SUMMARY ***
Total pot $1 | Rake $0 
Seat 1: kei635 (button) folded before Flop
Seat 2: Luigiams (small blind) collected ($1)
Seat 3: Spuds777 (big blind) folded before Flop
Seat 4: Candog98 folded before Flop (didn't bet)
Seat 5: ezzzis folded before Flop
Seat 6: chicken532 folded before Flop (didn't bet)
Seat 7: Dorex2007 folded before Flop (didn't bet)
Seat 8: tateas folded before Flop (didn't bet)
Seat 9: Jamskulin folded before Flop (didn't bet)



PokerStars Hand #237958978109:  Hold'em No Limit ($0.05/$0.10 USD) - 2022/08/12 22:42:32 PT [2022/08/13 1:42:32 ET]
Table 'Gerda III' 9-max Seat #2 is the button
Seat 1: kei635 ($12.97 in chips) 
Seat 2: Luigiams ($10.88 in chips) 
Seat 3: Spuds777 ($5.86 in chips) 
Seat 4: Candog98 ($12.83 in chips) 
Seat 5: ezzzis ($14.30 in chips) 
Seat 6: chicken532 ($6.58 in chips) 
Seat 7: Dorex2007 ($10 in chips) 
Seat 8: tateas ($3.57 in chips) 
Seat 9: Jamskulin ($12.78 in chips) 
Spuds777: posts small blind $0.05
Candog98: posts big blind $0.10
*** HOLE CARDS ***
Dealt to Dorex2007 [Qc Ac]
ezzzis: folds 
chicken532: folds 
Dorex2007: raises $0.30 to $0.40
tateas: folds 
Jamskulin: folds 
kei635: folds 
Luigiams: folds 
Spuds777: calls $0.35
Candog98: folds 
*** FLOP *** [2s 5d 4h]
Spuds777: checks 
Dorex2007: checks 
*** TURN *** [2s 5d 4h] [Kc]
Spuds777: checks 
Dorex2007: bets $0.57
Spuds777: folds 
Uncalled bet ($0.57) returned to Dorex2007
Dorex2007 collected $0.86 from pot
Dorex2007: doesn't show hand 
*** SUMMARY ***
Total pot $0.90 | Rake $0.04 
Board [2s 5d 4h Kc]
Seat 1: kei635 folded before Flop (didn't bet)
Seat 2: Luigiams (button) folded before Flop (didn't bet)
Seat 3: Spuds777 (small blind) folded on the Turn
Seat 4: Candog98 (big blind) folded before Flop
Seat 5: ezzzis folded before Flop (didn't bet)
Seat 6: chicken532 folded before Flop (didn't bet)
Seat 7: Dorex2007 collected ($0.86)
Seat 8: tateas folded before Flop (didn't bet)
Seat 9: Jamskulin folded before Flop (didn't bet)



PokerStars Hand #237958985327:  Hold'em No Limit ($0.05/$0.10 USD) - 2022/08/12 22:43:32 PT [2022/08/13 1:43:32 ET]
Table 'Gerda III' 9-max Seat #3 is the button
Seat 1: kei635 ($12.97 in chips) 
Seat 2: Luigiams ($10.88 in chips) 
Seat 3: Spuds777 ($5.46 in chips) 
Seat 4: Candog98 ($12.73 in chips) 
Seat 5: ezzzis ($14.30 in chips) 
Seat 6: chicken532 ($6.58 in chips) 
Seat 7: Dorex2007 ($10.46 in chips) 
Seat 8: tateas ($3.57 in chips) 
Seat 9: Jamskulin ($12.78 in chips) 
Candog98: posts small blind $0.05
ezzzis: posts big blind $0.10
*** HOLE CARDS ***
Dealt to Dorex2007 [7h Js]
chicken532: folds 
Dorex2007: folds 
tateas: folds 
Jamskulin: raises $0.20 to $0.30
kei635: folds 
Luigiams: folds 
Spuds777: folds 
Candog98: folds 
ezzzis: folds 
Uncalled bet ($0.20) returned to Jamskulin
Jamskulin collected $0.25 from pot
Jamskulin: doesn't show hand 
*** SUMMARY ***
Total pot $0.25 | Rake $0 
Seat 1: kei635 folded before Flop (didn't bet)
Seat 2: Luigiams folded before Flop (didn't bet)
Seat 3: Spuds777 (button) folded before Flop (didn't bet)
Seat 4: Candog98 (small blind) folded before Flop
Seat 5: ezzzis (big blind) folded before Flop
Seat 6: chicken532 folded before Flop (didn't bet)
Seat 7: Dorex2007 folded before Flop (didn't bet)
Seat 8: tateas folded before Flop (didn't bet)
Seat 9: Jamskulin collected ($0.25)



PokerStars Hand #237958988490:  Hold'em No Limit ($0.05/$0.10 USD) - 2022/08/12 22:43:59 PT [2022/08/13 1:43:59 ET]
Table 'Gerda III' 9-max Seat #4 is the button
Seat 1: kei635 ($12.97 in chips) 
Seat 2: Luigiams ($10.88 in chips) 
Seat 3: Spuds777 ($5.46 in chips) 
Seat 4: Candog98 ($12.68 in chips) 
Seat 5: ezzzis ($14.20 in chips) 
Seat 6: chicken532 ($6.58 in chips) 
Seat 7: Dorex2007 ($10.46 in chips) 
Seat 8: tateas ($3.57 in chips) 
Seat 9: Jamskulin ($12.93 in chips) 
ezzzis: posts small blind $0.05
chicken532: posts big blind $0.10
*** HOLE CARDS ***
Dealt to Dorex2007 [Kc 8h]
Dorex2007: folds 
tateas: folds 
Jamskulin: folds 
kei635: folds 
Luigiams: raises $0.10 to $0.20
Spuds777: folds 
Candog98: folds 
ezzzis: folds 
chicken532: calls $0.10
*** FLOP *** [Jd 7d 3d]
chicken532: checks 
Luigiams: checks 
*** TURN *** [Jd 7d 3d] [Ks]
chicken532: checks 
Luigiams: bets $0.20
chicken532: calls $0.20
*** RIVER *** [Jd 7d 3d Ks] [Ts]
chicken532: checks 
Luigiams: checks 
*** SHOW DOWN ***
chicken532: shows [6h 6c] (a pair of Sixes)
Luigiams: mucks hand 
chicken532 collected $0.81 from pot
*** SUMMARY ***
Total pot $0.85 | Rake $0.04 
Board [Jd 7d 3d Ks Ts]
Seat 1: kei635 folded before Flop (didn't bet)
Seat 2: Luigiams mucked [5s 5h]
Seat 3: Spuds777 folded before Flop (didn't bet)
Seat 4: Candog98 (button) folded before Flop (didn't bet)
Seat 5: ezzzis (small blind) folded before Flop
Seat 6: chicken532 (big blind) showed [6h 6c] and won ($0.81) with a pair of Sixes
Seat 7: Dorex2007 folded before Flop (didn't bet)
Seat 8: tateas folded before Flop (didn't bet)
Seat 9: Jamskulin folded before Flop (didn't bet)



PokerStars Hand #237958995269:  Hold'em No Limit ($0.05/$0.10 USD) - 2022/08/12 22:44:57 PT [2022/08/13 1:44:57 ET]
Table 'Gerda III' 9-max Seat #5 is the button
Seat 1: kei635 ($12.97 in chips) 
Seat 2: Luigiams ($10.48 in chips) 
Seat 3: Spuds777 ($5.46 in chips) 
Seat 4: Candog98 ($12.68 in chips) 
Seat 5: ezzzis ($14.15 in chips) 
Seat 6: chicken532 ($6.99 in chips) 
Seat 7: Dorex2007 ($10.46 in chips) 
Seat 8: tateas ($3.57 in chips) 
Seat 9: Jamskulin ($12.93 in chips) 
chicken532: posts small blind $0.05
Dorex2007: posts big blind $0.10
*** HOLE CARDS ***
Dealt to Dorex2007 [8h Kh]
tateas: folds 
Jamskulin: raises $0.20 to $0.30
kei635: folds 
Luigiams: calls $0.30
Spuds777 has timed out
Spuds777: folds 
Candog98: folds 
ezzzis: folds 
chicken532: folds 
Dorex2007: folds 
*** FLOP *** [Ad 6h As]
Jamskulin: bets $0.40
Luigiams: folds 
Uncalled bet ($0.40) returned to Jamskulin
Jamskulin collected $0.71 from pot
Jamskulin: doesn't show hand 
*** SUMMARY ***
Total pot $0.75 | Rake $0.04 
Board [Ad 6h As]
Seat 1: kei635 folded before Flop (didn't bet)
Seat 2: Luigiams folded on the Flop
Seat 3: Spuds777 folded before Flop (didn't bet)
Seat 4: Candog98 folded before Flop (didn't bet)
Seat 5: ezzzis (button) folded before Flop (didn't bet)
Seat 6: chicken532 (small blind) folded before Flop
Seat 7: Dorex2007 (big blind) folded before Flop
Seat 8: tateas folded before Flop (didn't bet)
Seat 9: Jamskulin collected ($0.71)



PokerStars Hand #237959000597:  Hold'em No Limit ($0.05/$0.10 USD) - 2022/08/12 22:45:42 PT [2022/08/13 1:45:42 ET]
Table 'Gerda III' 9-max Seat #6 is the button
Seat 1: kei635 ($12.97 in chips) 
Seat 2: Luigiams ($10.18 in chips) 
Seat 3: Spuds777 ($5.46 in chips) 
Seat 4: Candog98 ($12.68 in chips) 
Seat 5: ezzzis ($14.15 in chips) 
Seat 6: chicken532 ($6.94 in chips) 
Seat 7: Dorex2007 ($10.36 in chips) 
Seat 8: tateas ($3.57 in chips) 
Seat 9: Jamskulin ($13.34 in chips) 
Dorex2007: posts small blind $0.05
tateas: posts big blind $0.10
*** HOLE CARDS ***
Dealt to Dorex2007 [7d Tc]
Jamskulin: folds 
kei635: raises $0.15 to $0.25
Luigiams: calls $0.25
Spuds777: folds 
Candog98: folds 
ezzzis: folds 
chicken532: folds 
Dorex2007: folds 
tateas: folds 
*** FLOP *** [Ah 3d 4d]
kei635: checks 
Luigiams: bets $0.30
kei635: calls $0.30
*** TURN *** [Ah 3d 4d] [As]
kei635: checks 
Luigiams: bets $0.40
kei635: calls $0.40
*** RIVER *** [Ah 3d 4d As] [2c]
kei635: checks 
Luigiams: checks 
*** SHOW DOWN ***
kei635: shows [6d 6h] (two pair, Aces and Sixes)
Luigiams: shows [Ac 6c] (three of a kind, Aces)
Luigiams collected $1.96 from pot
*** SUMMARY ***
Total pot $2.05 | Rake $0.09 
Board [Ah 3d 4d As 2c]
Seat 1: kei635 showed [6d 6h] and lost with two pair, Aces and Sixes
Seat 2: Luigiams showed [Ac 6c] and won ($1.96) with three of a kind, Aces
Seat 3: Spuds777 folded before Flop (didn't bet)
Seat 4: Candog98 folded before Flop (didn't bet)
Seat 5: ezzzis folded before Flop (didn't bet)
Seat 6: chicken532 (button) folded before Flop (didn't bet)
Seat 7: Dorex2007 (small blind) folded before Flop
Seat 8: tateas (big blind) folded before Flop
Seat 9: Jamskulin folded before Flop (didn't bet)



PokerStars Hand #237959007108:  Hold'em No Limit ($0.05/$0.10 USD) - 2022/08/12 22:46:39 PT [2022/08/13 1:46:39 ET]
Table 'Gerda III' 9-max Seat #7 is the button
Seat 1: kei635 ($12.02 in chips) 
Seat 2: Luigiams ($11.19 in chips) 
Seat 3: Spuds777 ($5.46 in chips) 
Seat 4: Candog98 ($12.68 in chips) 
Seat 5: ezzzis ($14.15 in chips) 
Seat 6: chicken532 ($6.94 in chips) 
Seat 7: Dorex2007 ($10.31 in chips) 
Seat 8: tateas ($3.47 in chips) 
Seat 9: Jamskulin ($13.34 in chips) 
tateas: posts small blind $0.05
Jamskulin: posts big blind $0.10
*** HOLE CARDS ***
Dealt to Dorex2007 [4h Th]
kei635: folds 
Luigiams: folds 
Spuds777: folds 
Candog98: folds 
ezzzis: folds 
chicken532: folds 
Dorex2007: folds 
tateas: raises $0.20 to $0.30
Jamskulin: calls $0.20
*** FLOP *** [Ts 6h 9h]
tateas: bets $0.50
Jamskulin: raises $12.54 to $13.04 and is all-in
tateas: calls $2.67 and is all-in
Uncalled bet ($9.87) returned to Jamskulin
*** TURN *** [Ts 6h 9h] [Ah]
*** RIVER *** [Ts 6h 9h Ah] [Kc]
*** SHOW DOWN ***
tateas: shows [9c Ac] (two pair, Aces and Nines)
Jamskulin: shows [7s Td] (a pair of Tens)
tateas cashed out the hand for $1.24 | Cash Out Fee $0.01
*** SUMMARY ***
Total pot $6.94 | Rake $0.31 
Board [Ts 6h 9h Ah Kc]
Seat 1: kei635 folded before Flop (didn't bet)
Seat 2: Luigiams folded before Flop (didn't bet)
Seat 3: Spuds777 folded before Flop (didn't bet)
Seat 4: Candog98 folded before Flop (didn't bet)
Seat 5: ezzzis folded before Flop (didn't bet)
Seat 6: chicken532 folded before Flop (didn't bet)
Seat 7: Dorex2007 (button) folded before Flop (didn't bet)
Seat 8: tateas (small blind) showed [9c Ac] and won ($6.63) with two pair, Aces and Nines (pot not awarded as player cashed out)
Seat 9: Jamskulin (big blind) showed [7s Td] and lost with a pair of Tens



PokerStars Hand #237959011523:  Hold'em No Limit ($0.05/$0.10 USD) - 2022/08/12 22:47:17 PT [2022/08/13 1:47:17 ET]
Table 'Gerda III' 9-max Seat #8 is the button
Seat 1: kei635 ($12.02 in chips) 
Seat 2: Luigiams ($11.19 in chips) 
Seat 3: Spuds777 ($5.46 in chips) 
Seat 4: Candog98 ($12.68 in chips) 
Seat 5: ezzzis ($14.15 in chips) 
Seat 6: chicken532 ($6.94 in chips) 
Seat 7: Dorex2007 ($10.31 in chips) 
Seat 8: tateas ($1.24 in chips) 
Seat 9: Jamskulin ($9.87 in chips) 
Jamskulin: posts small blind $0.05
kei635: posts big blind $0.10
*** HOLE CARDS ***
Dealt to Dorex2007 [9d 9s]
Luigiams: folds 
Spuds777: folds 
Candog98: folds 
ezzzis: folds 
chicken532: folds 
Dorex2007: calls $0.10
tateas: folds 
Jamskulin: calls $0.05
kei635: checks 
*** FLOP *** [5d Qd Qs]
Jamskulin: checks 
kei635: checks 
Dorex2007: bets $0.14
Jamskulin: folds 
kei635: calls $0.14
*** TURN *** [5d Qd Qs] [9c]
kei635: checks 
Dorex2007: bets $10.07 and is all-in
kei635: folds 
Uncalled bet ($10.07) returned to Dorex2007
Dorex2007 collected $0.55 from pot
Dorex2007: doesn't show hand 
*** SUMMARY ***
Total pot $0.58 | Rake $0.03 
Board [5d Qd Qs 9c]
Seat 1: kei635 (big blind) folded on the Turn
Seat 2: Luigiams folded before Flop (didn't bet)
Seat 3: Spuds777 folded before Flop (didn't bet)
Seat 4: Candog98 folded before Flop (didn't bet)
Seat 5: ezzzis folded before Flop (didn't bet)
Seat 6: chicken532 folded before Flop (didn't bet)
Seat 7: Dorex2007 collected ($0.55)
Seat 8: tateas (button) folded before Flop (didn't bet)
Seat 9: Jamskulin (small blind) folded on the Flop



PokerStars Hand #237959016955:  Hold'em No Limit ($0.05/$0.10 USD) - 2022/08/12 22:48:04 PT [2022/08/13 1:48:04 ET]
Table 'Gerda III' 9-max Seat #9 is the button
Seat 1: kei635 ($11.78 in chips) 
Seat 2: Luigiams ($11.19 in chips) 
Seat 3: Spuds777 ($5.46 in chips) 
Seat 4: Candog98 ($12.68 in chips) 
Seat 5: ezzzis ($14.15 in chips) 
Seat 6: chicken532 ($6.94 in chips) 
Seat 7: Dorex2007 ($10.62 in chips) 
Seat 8: tateas ($1.24 in chips) 
Seat 9: Jamskulin ($9.77 in chips) 
kei635: posts small blind $0.05
Luigiams: posts big blind $0.10
*** HOLE CARDS ***
Dealt to Dorex2007 [Kd 7h]
Spuds777: folds 
Candog98: folds 
ezzzis: folds 
chicken532: folds 
Dorex2007: folds 
tateas: folds 
Jamskulin: raises $0.20 to $0.30
kei635: folds 
Luigiams: folds 
Uncalled bet ($0.20) returned to Jamskulin
Jamskulin collected $0.25 from pot
Jamskulin: doesn't show hand 
*** SUMMARY ***
Total pot $0.25 | Rake $0 
Seat 1: kei635 (small blind) folded before Flop
Seat 2: Luigiams (big blind) folded before Flop
Seat 3: Spuds777 folded before Flop (didn't bet)
Seat 4: Candog98 folded before Flop (didn't bet)
Seat 5: ezzzis folded before Flop (didn't bet)
Seat 6: chicken532 folded before Flop (didn't bet)
Seat 7: Dorex2007 folded before Flop (didn't bet)
Seat 8: tateas folded before Flop (didn't bet)
Seat 9: Jamskulin (button) collected ($0.25)



PokerStars Hand #237959019345:  Hold'em No Limit ($0.05/$0.10 USD) - 2022/08/12 22:48:25 PT [2022/08/13 1:48:25 ET]
Table 'Gerda III' 9-max Seat #1 is the button
Seat 1: kei635 ($11.73 in chips) 
Seat 2: Luigiams ($11.09 in chips) 
Seat 4: Candog98 ($12.68 in chips) 
Seat 5: ezzzis ($14.15 in chips) 
Seat 6: chicken532 ($6.94 in chips) 
Seat 7: Dorex2007 ($10.62 in chips) 
Seat 8: tateas ($1.24 in chips) 
Seat 9: Jamskulin ($9.92 in chips) 
Luigiams: posts small blind $0.05
Spuds777: is sitting out 
Candog98: posts big blind $0.10
*** HOLE CARDS ***
Dealt to Dorex2007 [3s Ad]
ezzzis: folds 
chicken532 has timed out
chicken532: folds 
Dorex2007: folds 
tateas: folds 
Jamskulin: folds 
kei635: folds 
Luigiams: calls $0.05
Candog98: raises $0.20 to $0.30
Luigiams: folds 
Uncalled bet ($0.20) returned to Candog98
Candog98 collected $0.20 from pot
Candog98: doesn't show hand 
*** SUMMARY ***
Total pot $0.20 | Rake $0 
Seat 1: kei635 (button) folded before Flop (didn't bet)
Seat 2: Luigiams (small blind) folded before Flop
Seat 4: Candog98 (big blind) collected ($0.20)
Seat 5: ezzzis folded before Flop (didn't bet)
Seat 6: chicken532 folded before Flop (didn't bet)
Seat 7: Dorex2007 folded before Flop (didn't bet)
Seat 8: tateas folded before Flop (didn't bet)
Seat 9: Jamskulin folded before Flop (didn't bet)



PokerStars Hand #237959022238:  Hold'em No Limit ($0.05/$0.10 USD) - 2022/08/12 22:48:49 PT [2022/08/13 1:48:49 ET]
Table 'Gerda III' 9-max Seat #2 is the button
Seat 1: kei635 ($11.73 in chips) 
Seat 2: Luigiams ($10.99 in chips) 
Seat 4: Candog98 ($12.78 in chips) 
Seat 5: ezzzis ($14.15 in chips) 
Seat 7: Dorex2007 ($10.62 in chips) 
Seat 8: tateas ($1.24 in chips) 
Seat 9: Jamskulin ($9.92 in chips) 
Candog98: posts small blind $0.05
ezzzis: posts big blind $0.10
*** HOLE CARDS ***
Dealt to Dorex2007 [6d 3c]
Dorex2007: folds 
tateas: folds 
Jamskulin: folds 
kei635: folds 
Luigiams: raises $0.10 to $0.20
Candog98: folds 
ezzzis: calls $0.10
*** FLOP *** [Ac 2h Jc]
ezzzis: checks 
Luigiams: bets $0.20
ezzzis: calls $0.20
*** TURN *** [Ac 2h Jc] [Kh]
ezzzis: bets $0.81
Luigiams: folds 
Uncalled bet ($0.81) returned to ezzzis
ezzzis collected $0.81 from pot
ezzzis: doesn't show hand 
*** SUMMARY ***
Total pot $0.85 | Rake $0.04 
Board [Ac 2h Jc Kh]
Seat 1: kei635 folded before Flop (didn't bet)
Seat 2: Luigiams (button) folded on the Turn
Seat 4: Candog98 (small blind) folded before Flop
Seat 5: ezzzis (big blind) collected ($0.81)
Seat 7: Dorex2007 folded before Flop (didn't bet)
Seat 8: tateas folded before Flop (didn't bet)
Seat 9: Jamskulin folded before Flop (didn't bet)



PokerStars Hand #237959026893:  Hold'em No Limit ($0.05/$0.10 USD) - 2022/08/12 22:49:29 PT [2022/08/13 1:49:29 ET]
Table 'Gerda III' 9-max Seat #4 is the button
Seat 1: kei635 ($11.73 in chips) 
Seat 2: Luigiams ($10.59 in chips) 
Seat 4: Candog98 ($12.73 in chips) 
Seat 5: ezzzis ($14.56 in chips) 
Seat 6: chicken532 ($6.94 in chips) 
Seat 7: Dorex2007 ($10.62 in chips) 
Seat 8: tateas ($1.24 in chips) 
Seat 9: Jamskulin ($9.92 in chips) 
ezzzis: posts small blind $0.05
chicken532: posts big blind $0.10
*** HOLE CARDS ***
Dealt to Dorex2007 [Jd 7d]
Dorex2007: folds 
tateas: folds 
Jamskulin: folds 
kei635: raises $0.15 to $0.25
Luigiams: folds 
Candog98: raises $0.65 to $0.90
ezzzis: folds 
chicken532: folds 
kei635: calls $0.65
*** FLOP *** [Kc Th Ad]
kei635: checks 
Candog98: bets $1.50
kei635: folds 
Uncalled bet ($1.50) returned to Candog98
Candog98 collected $1.86 from pot
Candog98: doesn't show hand 
*** SUMMARY ***
Total pot $1.95 | Rake $0.09 
Board [Kc Th Ad]
Seat 1: kei635 folded on the Flop
Seat 2: Luigiams folded before Flop (didn't bet)
Seat 4: Candog98 (button) collected ($1.86)
Seat 5: ezzzis (small blind) folded before Flop
Seat 6: chicken532 (big blind) folded before Flop
Seat 7: Dorex2007 folded before Flop (didn't bet)
Seat 8: tateas folded before Flop (didn't bet)
Seat 9: Jamskulin folded before Flop (didn't bet)



PokerStars Hand #237959031027:  Hold'em No Limit ($0.05/$0.10 USD) - 2022/08/12 22:50:04 PT [2022/08/13 1:50:04 ET]
Table 'Gerda III' 9-max Seat #5 is the button
Seat 1: kei635 ($10.83 in chips) 
Seat 2: Luigiams ($10.59 in chips) 
Seat 4: Candog98 ($13.69 in chips) 
Seat 5: ezzzis ($14.51 in chips) 
Seat 6: chicken532 ($6.84 in chips) 
Seat 7: Dorex2007 ($10.62 in chips) 
Seat 8: tateas ($1.24 in chips) 
Seat 9: Jamskulin ($9.92 in chips) 
chicken532: posts small blind $0.05
Dorex2007: posts big blind $0.10
*** HOLE CARDS ***
Dealt to Dorex2007 [Td 7d]
tateas: folds 
Jamskulin: folds 
kei635: folds 
Luigiams: calls $0.10
Candog98: folds 
ezzzis: calls $0.10
chicken532: calls $0.05
Dorex2007: checks 
*** FLOP *** [8s 3h 2d]
chicken532: bets $0.20
Dorex2007: folds 
Luigiams: calls $0.20
ezzzis: calls $0.20
*** TURN *** [8s 3h 2d] [As]
chicken532: bets $0.30
Luigiams: calls $0.30
ezzzis: calls $0.30
*** RIVER *** [8s 3h 2d As] [Ac]
chicken532: checks 
Luigiams: checks 
ezzzis: checks 
*** SHOW DOWN ***
chicken532: shows [2c 6c] (two pair, Aces and Deuces)
Luigiams: shows [8d Jd] (two pair, Aces and Eights)
ezzzis: mucks hand 
Luigiams collected $1.81 from pot
*** SUMMARY ***
Total pot $1.90 | Rake $0.09 
Board [8s 3h 2d As Ac]
Seat 1: kei635 folded before Flop (didn't bet)
Seat 2: Luigiams showed [8d Jd] and won ($1.81) with two pair, Aces and Eights
Seat 4: Candog98 folded before Flop (didn't bet)
Seat 5: ezzzis (button) mucked [Ts 8h]
Seat 6: chicken532 (small blind) showed [2c 6c] and lost with two pair, Aces and Deuces
Seat 7: Dorex2007 (big blind) folded on the Flop
Seat 8: tateas folded before Flop (didn't bet)
Seat 9: Jamskulin folded before Flop (didn't bet)



PokerStars Hand #237959037675:  Hold'em No Limit ($0.05/$0.10 USD) - 2022/08/12 22:51:01 PT [2022/08/13 1:51:01 ET]
Table 'Gerda III' 9-max Seat #6 is the button
Seat 1: kei635 ($10.83 in chips) 
Seat 2: Luigiams ($11.80 in chips) 
Seat 4: Candog98 ($13.69 in chips) 
Seat 5: ezzzis ($13.91 in chips) 
Seat 6: chicken532 ($6.24 in chips) 
Seat 7: Dorex2007 ($10.52 in chips) 
Seat 8: tateas ($1.24 in chips) 
Seat 9: Jamskulin ($9.92 in chips) 
Dorex2007: posts small blind $0.05
tateas: posts big blind $0.10
*** HOLE CARDS ***
Dealt to Dorex2007 [5c 5d]
Jamskulin: folds 
kei635: raises $0.15 to $0.25
Luigiams: calls $0.25
Candog98: folds 
ezzzis: raises $0.85 to $1.10
chicken532: folds 
chicken532 leaves the table
Dorex2007: folds 
tateas: folds 
kei635: folds 
Luigiams: folds 
Uncalled bet ($0.85) returned to ezzzis
ezzzis collected $0.90 from pot
ezzzis: doesn't show hand 
*** SUMMARY ***
Total pot $0.90 | Rake $0 
Seat 1: kei635 folded before Flop
Seat 2: Luigiams folded before Flop
Seat 4: Candog98 folded before Flop (didn't bet)
Seat 5: ezzzis collected ($0.90)
Seat 6: chicken532 (button) folded before Flop (didn't bet)
Seat 7: Dorex2007 (small blind) folded before Flop
Seat 8: tateas (big blind) folded before Flop
Seat 9: Jamskulin folded before Flop (didn't bet)



PokerStars Hand #237959040221:  Hold'em No Limit ($0.05/$0.10 USD) - 2022/08/12 22:51:23 PT [2022/08/13 1:51:23 ET]
Table 'Gerda III' 9-max Seat #7 is the button
Seat 1: kei635 ($10.58 in chips) 
Seat 2: Luigiams ($11.55 in chips) 
Seat 4: Candog98 ($13.69 in chips) 
Seat 5: ezzzis ($14.56 in chips) 
Seat 7: Dorex2007 ($10.47 in chips) 
Seat 8: tateas ($1.14 in chips) 
Seat 9: Jamskulin ($9.92 in chips) 
tateas: posts small blind $0.05
Jamskulin: posts big blind $0.10
*** HOLE CARDS ***
Dealt to Dorex2007 [Kc Kh]
Hamidjon93 joins the table at seat #6 
kei635: raises $0.15 to $0.25
Luigiams: folds 
Candog98: calls $0.25
ezzzis: calls $0.25
Dorex2007: raises $1.45 to $1.70
tateas: folds 
Jamskulin: folds 
kei635: folds 
Candog98: folds 
ezzzis: folds 
Uncalled bet ($1.45) returned to Dorex2007
Dorex2007 collected $1.15 from pot
Dorex2007: doesn't show hand 
*** SUMMARY ***
Total pot $1.15 | Rake $0 
Seat 1: kei635 folded before Flop
Seat 2: Luigiams folded before Flop (didn't bet)
Seat 4: Candog98 folded before Flop
Seat 5: ezzzis folded before Flop
Seat 7: Dorex2007 (button) collected ($1.15)
Seat 8: tateas (small blind) folded before Flop
Seat 9: Jamskulin (big blind) folded before Flop



PokerStars Hand #237959043472:  Hold'em No Limit ($0.05/$0.10 USD) - 2022/08/12 22:51:51 PT [2022/08/13 1:51:51 ET]
Table 'Gerda III' 9-max Seat #8 is the button
Seat 1: kei635 ($10.33 in chips) 
Seat 2: Luigiams ($11.55 in chips) 
Seat 4: Candog98 ($13.44 in chips) 
Seat 5: ezzzis ($14.31 in chips) 
Seat 6: Hamidjon93 ($10 in chips) 
Seat 7: Dorex2007 ($11.37 in chips) 
Seat 8: tateas ($1.09 in chips) 
Seat 9: Jamskulin ($9.82 in chips) 
Jamskulin: posts small blind $0.05
kei635: posts big blind $0.10
Hamidjon93: posts big blind $0.10
*** HOLE CARDS ***
Dealt to Dorex2007 [Ts 2c]
Luigiams: folds 
Candog98: folds 
ezzzis: raises $0.30 to $0.40
Hamidjon93: calls $0.30
Dorex2007: folds 
tateas: raises $0.69 to $1.09 and is all-in
Jamskulin: folds 
kei635: folds 
ezzzis: calls $0.69
Hamidjon93: calls $0.69
*** FLOP *** [As 4s 6d]
ezzzis: bets $1.64
Hamidjon93: calls $1.64
*** TURN *** [As 4s 6d] [8s]
ezzzis: checks 
Hamidjon93: bets $3.20
ezzzis: raises $8.38 to $11.58 and is all-in
Hamidjon93: folds 
Uncalled bet ($8.38) returned to ezzzis
*** RIVER *** [As 4s 6d 8s] [6c]
*** SHOW DOWN ***
ezzzis: shows [9c Ac] (two pair, Aces and Sixes)
ezzzis collected $9.24 from side pot
tateas: shows [Ad Jd] (two pair, Aces and Sixes - Jack kicker)
tateas collected $3.27 from main pot
*** SUMMARY ***
Total pot $13.10 Main pot $3.27. Side pot $9.24. | Rake $0.59 
Board [As 4s 6d 8s 6c]
Seat 1: kei635 (big blind) folded before Flop
Seat 2: Luigiams folded before Flop (didn't bet)
Seat 4: Candog98 folded before Flop (didn't bet)
Seat 5: ezzzis showed [9c Ac] and won ($9.24) with two pair, Aces and Sixes
Seat 6: Hamidjon93 folded on the Turn
Seat 7: Dorex2007 folded before Flop (didn't bet)
Seat 8: tateas (button) showed [Ad Jd] and won ($3.27) with two pair, Aces and Sixes
Seat 9: Jamskulin (small blind) folded before Flop



PokerStars Hand #237959054465:  Hold'em No Limit ($0.05/$0.10 USD) - 2022/08/12 22:53:26 PT [2022/08/13 1:53:26 ET]
Table 'Gerda III' 9-max Seat #9 is the button
Seat 1: kei635 ($10.23 in chips) 
Seat 2: Luigiams ($11.55 in chips) 
Seat 4: Candog98 ($13.44 in chips) 
Seat 5: ezzzis ($17.62 in chips) 
Seat 6: Hamidjon93 ($4.07 in chips) 
Seat 7: Dorex2007 ($11.37 in chips) 
Seat 8: tateas ($3.27 in chips) 
Seat 9: Jamskulin ($9.77 in chips) 
kei635: posts small blind $0.05
Luigiams: posts big blind $0.10
Spuds777: sits out 
*** HOLE CARDS ***
Dealt to Dorex2007 [6c 9h]
Candog98: calls $0.10
ezzzis: folds 
Hamidjon93: raises $0.20 to $0.30
Dorex2007: folds 
tateas: calls $0.30
Jamskulin: folds 
kei635: folds 
Luigiams: calls $0.20
Candog98: calls $0.20
*** FLOP *** [2h 8d 3d]
Luigiams: checks 
Candog98: checks 
Hamidjon93: checks 
tateas: bets $0.90
Luigiams: folds 
Candog98: folds 
Hamidjon93: folds 
Uncalled bet ($0.90) returned to tateas
tateas collected $1.19 from pot
*** SUMMARY ***
Total pot $1.25 | Rake $0.06 
Board [2h 8d 3d]
Seat 1: kei635 (small blind) folded before Flop
Seat 2: Luigiams (big blind) folded on the Flop
Seat 4: Candog98 folded on the Flop
Seat 5: ezzzis folded before Flop (didn't bet)
Seat 6: Hamidjon93 folded on the Flop
Seat 7: Dorex2007 folded before Flop (didn't bet)
Seat 8: tateas collected ($1.19)
Seat 9: Jamskulin (button) folded before Flop (didn't bet)



PokerStars Hand #237959060233:  Hold'em No Limit ($0.05/$0.10 USD) - 2022/08/12 22:54:16 PT [2022/08/13 1:54:16 ET]
Table 'Gerda III' 9-max Seat #1 is the button
Seat 1: kei635 ($10.18 in chips) 
Seat 2: Luigiams ($11.25 in chips) 
Seat 3: Spuds777 ($5.46 in chips) 
Seat 4: Candog98 ($13.14 in chips) 
Seat 5: ezzzis ($17.62 in chips) 
Seat 6: Hamidjon93 ($3.77 in chips) 
Seat 7: Dorex2007 ($11.37 in chips) 
Seat 8: tateas ($4.16 in chips) 
Seat 9: Jamskulin ($9.77 in chips) 
Luigiams: posts small blind $0.05
Spuds777: posts big blind $0.10
*** HOLE CARDS ***
Dealt to Dorex2007 [9d 4s]
Candog98: folds 
ezzzis: folds 
Hamidjon93: folds 
Dorex2007: folds 
tateas: folds 
Jamskulin: raises $0.20 to $0.30
kei635: calls $0.30
Luigiams: folds 
Spuds777: folds 
*** FLOP *** [8h 4c Jc]
Jamskulin: checks 
kei635: bets $0.30
Jamskulin: calls $0.30
*** TURN *** [8h 4c Jc] [Qd]
Jamskulin: bets $1.29
kei635: raises $1.71 to $3
Jamskulin: calls $1.71
*** RIVER *** [8h 4c Jc Qd] [Qs]
Jamskulin: bets $6.17 and is all-in
kei635: folds 
Uncalled bet ($6.17) returned to Jamskulin
Jamskulin collected $6.94 from pot
Jamskulin: doesn't show hand 
*** SUMMARY ***
Total pot $7.35 | Rake $0.41 
Board [8h 4c Jc Qd Qs]
Seat 1: kei635 (button) folded on the River
Seat 2: Luigiams (small blind) folded before Flop
Seat 3: Spuds777 (big blind) folded before Flop
Seat 4: Candog98 folded before Flop (didn't bet)
Seat 5: ezzzis folded before Flop (didn't bet)
Seat 6: Hamidjon93 folded before Flop (didn't bet)
Seat 7: Dorex2007 folded before Flop (didn't bet)
Seat 8: tateas folded before Flop (didn't bet)
Seat 9: Jamskulin collected ($6.94)



PokerStars Hand #237959068172:  Hold'em No Limit ($0.05/$0.10 USD) - 2022/08/12 22:55:28 PT [2022/08/13 1:55:28 ET]
Table 'Gerda III' 9-max Seat #2 is the button
Seat 1: kei635 ($6.58 in chips) 
Seat 2: Luigiams ($11.20 in chips) 
Seat 3: Spuds777 ($5.36 in chips) 
Seat 4: Candog98 ($13.14 in chips) 
Seat 5: ezzzis ($17.62 in chips) 
Seat 6: Hamidjon93 ($3.77 in chips) 
Seat 7: Dorex2007 ($11.37 in chips) 
Seat 8: tateas ($4.16 in chips) 
Seat 9: Jamskulin ($13.11 in chips) 
Spuds777: posts small blind $0.05
Candog98: posts big blind $0.10
*** HOLE CARDS ***
Dealt to Dorex2007 [9h 2s]
ezzzis: folds 
Hamidjon93 has timed out
Hamidjon93: folds 
Dorex2007: folds 
tateas: raises $0.20 to $0.30
Jamskulin: folds 
kei635: folds 
kei635 leaves the table
Luigiams: calls $0.30
Spuds777: calls $0.25
Candog98: folds 
*** FLOP *** [6h Jd Qc]
Spuds777: checks 
tateas: bets $0.96
Luigiams: folds 
shank72 joins the table at seat #1 
Spuds777: folds 
Uncalled bet ($0.96) returned to tateas
tateas collected $0.96 from pot
*** SUMMARY ***
Total pot $1 | Rake $0.04 
Board [6h Jd Qc]
Seat 1: kei635 folded before Flop (didn't bet)
Seat 2: Luigiams (button) folded on the Flop
Seat 3: Spuds777 (small blind) folded on the Flop
Seat 4: Candog98 (big blind) folded before Flop
Seat 5: ezzzis folded before Flop (didn't bet)
Seat 6: Hamidjon93 folded before Flop (didn't bet)
Seat 7: Dorex2007 folded before Flop (didn't bet)
Seat 8: tateas collected ($0.96)
Seat 9: Jamskulin folded before Flop (didn't bet)



PokerStars Hand #237959073141:  Hold'em No Limit ($0.05/$0.10 USD) - 2022/08/12 22:56:17 PT [2022/08/13 1:56:17 ET]
Table 'Gerda III' 9-max Seat #3 is the button
Seat 2: Luigiams ($10.90 in chips) 
Seat 3: Spuds777 ($5.06 in chips) 
Seat 4: Candog98 ($13.04 in chips) 
Seat 5: ezzzis ($17.62 in chips) 
Seat 6: Hamidjon93 ($3.77 in chips) 
Seat 7: Dorex2007 ($11.37 in chips) 
Seat 8: tateas ($4.82 in chips) 
Seat 9: Jamskulin ($13.11 in chips) 
Candog98: posts small blind $0.05
ezzzis: posts big blind $0.10
shank72: sits out 
*** HOLE CARDS ***
Dealt to Dorex2007 [5d 2d]
Hamidjon93: raises $0.20 to $0.30
Dorex2007: folds 
tateas: folds 
Jamskulin: folds 
Luigiams: folds 
Spuds777: folds 
Candog98: folds 
ezzzis: folds 
Uncalled bet ($0.20) returned to Hamidjon93
Hamidjon93 collected $0.25 from pot
*** SUMMARY ***
Total pot $0.25 | Rake $0 
Seat 2: Luigiams folded before Flop (didn't bet)
Seat 3: Spuds777 (button) folded before Flop (didn't bet)
Seat 4: Candog98 (small blind) folded before Flop
Seat 5: ezzzis (big blind) folded before Flop
Seat 6: Hamidjon93 collected ($0.25)
Seat 7: Dorex2007 folded before Flop (didn't bet)
Seat 8: tateas folded before Flop (didn't bet)
Seat 9: Jamskulin folded before Flop (didn't bet)



PokerStars Hand #237959076237:  Hold'em No Limit ($0.05/$0.10 USD) - 2022/08/12 22:56:48 PT [2022/08/13 1:56:48 ET]
Table 'Gerda III' 9-max Seat #4 is the button
Seat 2: Luigiams ($10.90 in chips) 
Seat 3: Spuds777 ($5.06 in chips) 
Seat 4: Candog98 ($12.99 in chips) 
Seat 5: ezzzis ($17.52 in chips) 
Seat 6: Hamidjon93 ($3.92 in chips) 
Seat 7: Dorex2007 ($11.37 in chips) 
Seat 8: tateas ($4.82 in chips) 
Seat 9: Jamskulin ($13.11 in chips) 
ezzzis: posts small blind $0.05
Hamidjon93: posts big blind $0.10
shank72: sits out 
*** HOLE CARDS ***
Dealt to Dorex2007 [5c Kc]
Dorex2007: folds 
tateas: folds 
Jamskulin: raises $0.20 to $0.30
Luigiams: folds 
Spuds777 has timed out
Spuds777: folds 
Candog98: folds 
ezzzis: folds 
Hamidjon93: folds 
Uncalled bet ($0.20) returned to Jamskulin
Hamidjon93 leaves the table
Jamskulin collected $0.25 from pot
Jamskulin: doesn't show hand 
*** SUMMARY ***
Total pot $0.25 | Rake $0 
Seat 2: Luigiams folded before Flop (didn't bet)
Seat 3: Spuds777 folded before Flop (didn't bet)
Seat 4: Candog98 (button) folded before Flop (didn't bet)
Seat 5: ezzzis (small blind) folded before Flop
Seat 6: Hamidjon93 (big blind) folded before Flop
Seat 7: Dorex2007 folded before Flop (didn't bet)
Seat 8: tateas folded before Flop (didn't bet)
Seat 9: Jamskulin collected ($0.25)



PokerStars Hand #237959079725:  Hold'em No Limit ($0.05/$0.10 USD) - 2022/08/12 22:57:22 PT [2022/08/13 1:57:22 ET]
Table 'Gerda III' 9-max Seat #5 is the button
Seat 2: Luigiams ($10.90 in chips) 
Seat 4: Candog98 ($12.99 in chips) 
Seat 5: ezzzis ($17.47 in chips) 
Seat 7: Dorex2007 ($11.37 in chips) 
Seat 8: tateas ($4.82 in chips) 
Seat 9: Jamskulin ($13.26 in chips) 
Dorex2007: posts small blind $0.05
tateas: posts big blind $0.10
shank72: sits out 
*** HOLE CARDS ***
Dealt to Dorex2007 [3s 6h]
Jamskulin: folds 
Luigiams: raises $0.10 to $0.20
Candog98: calls $0.20
ezzzis: folds 
Dorex2007: folds 
tateas: calls $0.10
*** FLOP *** [Th 9d 3h]
tateas: checks 
Luigiams: checks 
Candog98: bets $0.50
tateas: folds 
Luigiams: folds 
Uncalled bet ($0.50) returned to Candog98
Candog98 collected $0.62 from pot
Candog98: doesn't show hand 
*** SUMMARY ***
Total pot $0.65 | Rake $0.03 
Board [Th 9d 3h]
Seat 2: Luigiams folded on the Flop
Seat 4: Candog98 collected ($0.62)
Seat 5: ezzzis (button) folded before Flop (didn't bet)
Seat 7: Dorex2007 (small blind) folded before Flop
Seat 8: tateas (big blind) folded on the Flop
Seat 9: Jamskulin folded before Flop (didn't bet)



PokerStars Hand #237959083205:  Hold'em No Limit ($0.05/$0.10 USD) - 2022/08/12 22:57:57 PT [2022/08/13 1:57:57 ET]
Table 'Gerda III' 9-max Seat #7 is the button
Seat 2: Luigiams ($10.70 in chips) 
Seat 3: Spuds777 ($5.06 in chips) 
Seat 4: Candog98 ($13.41 in chips) 
Seat 5: ezzzis ($17.47 in chips) 
Seat 7: Dorex2007 ($11.32 in chips) 
Seat 8: tateas ($4.62 in chips) 
Seat 9: Jamskulin ($13.26 in chips) 
tateas: posts small blind $0.05
Jamskulin: posts big blind $0.10
shank72: sits out 
*** HOLE CARDS ***
Dealt to Dorex2007 [Ts Ac]
Luigiams: folds 
Spuds777: folds 
Candog98: folds 
ezzzis: folds 
Dorex2007: calls $0.10
tateas: folds 
Jamskulin: checks 
*** FLOP *** [8s 4s 9s]
Jamskulin: checks 
Dorex2007: checks 
*** TURN *** [8s 4s 9s] [5s]
Jamskulin: checks 
Dorex2007: bets $0.16
Jamskulin: folds 
Uncalled bet ($0.16) returned to Dorex2007
Dorex2007 collected $0.24 from pot
glup828 joins the table at seat #6 
Dorex2007: doesn't show hand 
*** SUMMARY ***
Total pot $0.25 | Rake $0.01 
Board [8s 4s 9s 5s]
Seat 2: Luigiams folded before Flop (didn't bet)
Seat 3: Spuds777 folded before Flop (didn't bet)
Seat 4: Candog98 folded before Flop (didn't bet)
Seat 5: ezzzis folded before Flop (didn't bet)
Seat 7: Dorex2007 (button) collected ($0.24)
Seat 8: tateas (small blind) folded before Flop
Seat 9: Jamskulin (big blind) folded on the Turn



PokerStars Hand #237959087527:  Hold'em No Limit ($0.05/$0.10 USD) - 2022/08/12 22:58:39 PT [2022/08/13 1:58:39 ET]
Table 'Gerda III' 9-max Seat #8 is the button
Seat 1: shank72 ($8 in chips) 
Seat 2: Luigiams ($10.70 in chips) 
Seat 3: Spuds777 ($5.06 in chips) 
Seat 4: Candog98 ($13.41 in chips) 
Seat 5: ezzzis ($17.47 in chips) 
Seat 7: Dorex2007 ($11.46 in chips) 
Seat 8: tateas ($4.57 in chips) 
Seat 9: Jamskulin ($13.16 in chips) 
Jamskulin: posts small blind $0.05
shank72: posts big blind $0.10
glup828: sits out 
*** HOLE CARDS ***
Dealt to Dorex2007 [Ks 2s]
Luigiams: folds 
Spuds777: calls $0.10
Candog98: folds 
ezzzis: folds 
Dorex2007: folds 
tateas: calls $0.10
Jamskulin: folds 
shank72: checks 
*** FLOP *** [9c 3s 7d]
shank72: checks 
Spuds777: checks 
tateas: bets $0.30
shank72: folds 
Spuds777: folds 
Uncalled bet ($0.30) returned to tateas
tateas collected $0.33 from pot
*** SUMMARY ***
Total pot $0.35 | Rake $0.02 
Board [9c 3s 7d]
Seat 1: shank72 (big blind) folded on the Flop
Seat 2: Luigiams folded before Flop (didn't bet)
Seat 3: Spuds777 folded on the Flop
Seat 4: Candog98 folded before Flop (didn't bet)
Seat 5: ezzzis folded before Flop (didn't bet)
Seat 7: Dorex2007 folded before Flop (didn't bet)
Seat 8: tateas (button) collected ($0.33)
Seat 9: Jamskulin (small blind) folded before Flop



PokerStars Hand #237959091720:  Hold'em No Limit ($0.05/$0.10 USD) - 2022/08/12 22:59:20 PT [2022/08/13 1:59:20 ET]
Table 'Gerda III' 9-max Seat #9 is the button
Seat 1: shank72 ($7.90 in chips) 
Seat 2: Luigiams ($10.70 in chips) 
Seat 3: Spuds777 ($4.96 in chips) 
Seat 4: Candog98 ($13.41 in chips) 
Seat 5: ezzzis ($17.47 in chips) 
Seat 6: glup828 ($8 in chips) 
Seat 7: Dorex2007 ($11.46 in chips) 
Seat 8: tateas ($4.80 in chips) 
Seat 9: Jamskulin ($13.11 in chips) 
shank72: posts small blind $0.05
Luigiams: posts big blind $0.10
glup828: posts big blind $0.10
*** HOLE CARDS ***
Dealt to Dorex2007 [2s 9d]
Spuds777: folds 
Candog98: raises $0.30 to $0.40
ezzzis: folds 
glup828: calls $0.30
Dorex2007: folds 
tateas: folds 
Jamskulin: calls $0.40
shank72: folds 
Luigiams: calls $0.30
*** FLOP *** [2h 5s Ad]
Luigiams: checks 
Candog98: bets $0.40
glup828: calls $0.40
Jamskulin: folds 
Luigiams: calls $0.40
*** TURN *** [2h 5s Ad] [9s]
Luigiams: checks 
Candog98: bets $0.90
glup828: folds 
Luigiams: folds 
Uncalled bet ($0.90) returned to Candog98
Candog98 collected $2.72 from pot
Candog98: doesn't show hand 
*** SUMMARY ***
Total pot $2.85 | Rake $0.13 
Board [2h 5s Ad 9s]
Seat 1: shank72 (small blind) folded before Flop
Seat 2: Luigiams (big blind) folded on the Turn
Seat 3: Spuds777 folded before Flop (didn't bet)
Seat 4: Candog98 collected ($2.72)
Seat 5: ezzzis folded before Flop (didn't bet)
Seat 6: glup828 folded on the Turn
Seat 7: Dorex2007 folded before Flop (didn't bet)
Seat 8: tateas folded before Flop (didn't bet)
Seat 9: Jamskulin (button) folded on the Flop



PokerStars Hand #237959097250:  Hold'em No Limit ($0.05/$0.10 USD) - 2022/08/12 23:00:14 PT [2022/08/13 2:00:14 ET]
Table 'Gerda III' 9-max Seat #1 is the button
Seat 1: shank72 ($7.85 in chips) 
Seat 2: Luigiams ($9.90 in chips) 
Seat 3: Spuds777 ($4.96 in chips) 
Seat 4: Candog98 ($15.33 in chips) 
Seat 5: ezzzis ($17.47 in chips) 
Seat 6: glup828 ($7.20 in chips) 
Seat 7: Dorex2007 ($11.46 in chips) 
Seat 8: tateas ($4.80 in chips) 
Seat 9: Jamskulin ($12.71 in chips) 
Luigiams: posts small blind $0.05
Spuds777: posts big blind $0.10
*** HOLE CARDS ***
Dealt to Dorex2007 [Kc 9d]
Candog98: calls $0.10
ezzzis: folds 
glup828: calls $0.10
Dorex2007: folds 
tateas: folds 
Jamskulin: folds 
shank72: folds 
Luigiams: calls $0.05
Spuds777: checks 
*** FLOP *** [2s Qd Kh]
Luigiams: checks 
Spuds777: checks 
Candog98: checks 
glup828: checks 
*** TURN *** [2s Qd Kh] [3h]
Luigiams: checks 
Spuds777: checks 
Candog98: checks 
glup828: bets $0.38
Luigiams: folds 
Spuds777: folds 
Candog98: folds 
Uncalled bet ($0.38) returned to glup828
glup828 collected $0.38 from pot
*** SUMMARY ***
Total pot $0.40 | Rake $0.02 
Board [2s Qd Kh 3h]
Seat 1: shank72 (button) folded before Flop (didn't bet)
Seat 2: Luigiams (small blind) folded on the Turn
Seat 3: Spuds777 (big blind) folded on the Turn
Seat 4: Candog98 folded on the Turn
Seat 5: ezzzis folded before Flop (didn't bet)
Seat 6: glup828 collected ($0.38)
Seat 7: Dorex2007 folded before Flop (didn't bet)
Seat 8: tateas folded before Flop (didn't bet)
Seat 9: Jamskulin folded before Flop (didn't bet)



PokerStars Hand #237959102600:  Hold'em No Limit ($0.05/$0.10 USD) - 2022/08/12 23:01:03 PT [2022/08/13 2:01:03 ET]
Table 'Gerda III' 9-max Seat #2 is the button
Seat 1: shank72 ($7.85 in chips) 
Seat 2: Luigiams ($9.80 in chips) 
Seat 3: Spuds777 ($4.86 in chips) 
Seat 4: Candog98 ($15.23 in chips) 
Seat 5: ezzzis ($17.47 in chips) 
Seat 6: glup828 ($7.48 in chips) 
Seat 7: Dorex2007 ($11.46 in chips) 
Seat 8: tateas ($4.80 in chips) 
Seat 9: Jamskulin ($12.71 in chips) 
Spuds777: posts small blind $0.05
Candog98: posts big blind $0.10
*** HOLE CARDS ***
Dealt to Dorex2007 [2d 7h]
ezzzis: raises $0.20 to $0.30
glup828: folds 
Dorex2007: folds 
tateas: folds 
Jamskulin: folds 
shank72: folds 
Luigiams: folds 
Spuds777: folds 
Candog98: folds 
Uncalled bet ($0.20) returned to ezzzis
ezzzis collected $0.25 from pot
ezzzis: doesn't show hand 
*** SUMMARY ***
Total pot $0.25 | Rake $0 
Seat 1: shank72 folded before Flop (didn't bet)
Seat 2: Luigiams (button) folded before Flop (didn't bet)
Seat 3: Spuds777 (small blind) folded before Flop
Seat 4: Candog98 (big blind) folded before Flop
Seat 5: ezzzis collected ($0.25)
Seat 6: glup828 folded before Flop (didn't bet)
Seat 7: Dorex2007 folded before Flop (didn't bet)
Seat 8: tateas folded before Flop (didn't bet)
Seat 9: Jamskulin folded before Flop (didn't bet)



PokerStars Hand #237959112270:  Hold'em No Limit ($0.05/$0.10 USD) - 2022/08/12 23:01:32 PT [2022/08/13 2:01:32 ET]
Table 'Gerda III' 9-max Seat #3 is the button
Seat 1: shank72 ($7.85 in chips) 
Seat 2: Luigiams ($9.80 in chips) 
Seat 3: Spuds777 ($4.81 in chips) 
Seat 4: Candog98 ($15.13 in chips) 
Seat 5: ezzzis ($17.62 in chips) 
Seat 6: glup828 ($7.48 in chips) 
Seat 7: Dorex2007 ($11.46 in chips) 
Seat 8: tateas ($4.80 in chips) 
Seat 9: Jamskulin ($12.71 in chips) 
Candog98: posts small blind $0.05
ezzzis: posts big blind $0.10
*** HOLE CARDS ***
Dealt to Dorex2007 [8s 8h]
glup828: raises $0.25 to $0.35
Dorex2007: calls $0.35
tateas: folds 
Jamskulin: folds 
shank72: folds 
Luigiams: folds 
Spuds777: folds 
Candog98: folds 
ezzzis: calls $0.25
*** FLOP *** [9s 3s 2s]
ezzzis: checks 
glup828: bets $1.05
Dorex2007: folds 
ezzzis: folds 
Uncalled bet ($1.05) returned to glup828
glup828 collected $1.05 from pot
*** SUMMARY ***
Total pot $1.10 | Rake $0.05 
Board [9s 3s 2s]
Seat 1: shank72 folded before Flop (didn't bet)
Seat 2: Luigiams folded before Flop (didn't bet)
Seat 3: Spuds777 (button) folded before Flop (didn't bet)
Seat 4: Candog98 (small blind) folded before Flop
Seat 5: ezzzis (big blind) folded on the Flop
Seat 6: glup828 collected ($1.05)
Seat 7: Dorex2007 folded on the Flop
Seat 8: tateas folded before Flop (didn't bet)
Seat 9: Jamskulin folded before Flop (didn't bet)



PokerStars Hand #237959116444:  Hold'em No Limit ($0.05/$0.10 USD) - 2022/08/12 23:02:08 PT [2022/08/13 2:02:08 ET]
Table 'Gerda III' 9-max Seat #4 is the button
Seat 1: shank72 ($7.85 in chips) 
Seat 2: Luigiams ($9.80 in chips) 
Seat 3: Spuds777 ($4.81 in chips) 
Seat 4: Candog98 ($15.08 in chips) 
Seat 5: ezzzis ($17.27 in chips) 
Seat 6: glup828 ($8.18 in chips) 
Seat 7: Dorex2007 ($11.11 in chips) 
Seat 8: tateas ($4.80 in chips) 
Seat 9: Jamskulin ($12.71 in chips) 
ezzzis: posts small blind $0.05
glup828: posts big blind $0.10
*** HOLE CARDS ***
Dealt to Dorex2007 [Th 2s]
Dorex2007: folds 
tateas: folds 
Jamskulin: folds 
shank72: calls $0.10
Luigiams: folds 
Spuds777: calls $0.10
Candog98: folds 
ezzzis: folds 
glup828: checks 
*** FLOP *** [6d 6s 2d]
glup828: checks 
shank72: checks 
Spuds777: checks 
*** TURN *** [6d 6s 2d] [Ad]
glup828: checks 
shank72: bets $0.20
Spuds777: folds 
glup828: folds 
Uncalled bet ($0.20) returned to shank72
shank72 collected $0.33 from pot
*** SUMMARY ***
Total pot $0.35 | Rake $0.02 
Board [6d 6s 2d Ad]
Seat 1: shank72 collected ($0.33)
Seat 2: Luigiams folded before Flop (didn't bet)
Seat 3: Spuds777 folded on the Turn
Seat 4: Candog98 (button) folded before Flop (didn't bet)
Seat 5: ezzzis (small blind) folded before Flop
Seat 6: glup828 (big blind) folded on the Turn
Seat 7: Dorex2007 folded before Flop (didn't bet)
Seat 8: tateas folded before Flop (didn't bet)
Seat 9: Jamskulin folded before Flop (didn't bet)



PokerStars Hand #237959125117:  Hold'em No Limit ($0.05/$0.10 USD) - 2022/08/12 23:03:24 PT [2022/08/13 2:03:24 ET]
Table 'Gerda III' 9-max Seat #5 is the button
Seat 1: shank72 ($8.08 in chips) 
Seat 2: Luigiams ($9.80 in chips) 
Seat 3: Spuds777 ($4.71 in chips) 
Seat 4: Candog98 ($15.08 in chips) 
Seat 5: ezzzis ($17.22 in chips) 
Seat 6: glup828 ($8.08 in chips) 
Seat 7: Dorex2007 ($11.11 in chips) 
Seat 8: tateas ($4.80 in chips) 
Seat 9: Jamskulin ($12.71 in chips) 
glup828: posts small blind $0.05
Dorex2007: posts big blind $0.10
*** HOLE CARDS ***
Dealt to Dorex2007 [Kc 6d]
tateas: folds 
Jamskulin: folds 
shank72: folds 
Luigiams: folds 
Spuds777: calls $0.10
Candog98: folds 
ezzzis: folds 
glup828: calls $0.05
Dorex2007: checks 
*** FLOP *** [6s Jh 2h]
glup828: checks 
Dorex2007: checks 
Spuds777: checks 
*** TURN *** [6s Jh 2h] [Js]
glup828: checks 
Dorex2007: checks 
Spuds777: bets $0.29
glup828: folds 
Dorex2007: folds 
Uncalled bet ($0.29) returned to Spuds777
Spuds777 collected $0.29 from pot
Spuds777: doesn't show hand 
*** SUMMARY ***
Total pot $0.30 | Rake $0.01 
Board [6s Jh 2h Js]
Seat 1: shank72 folded before Flop (didn't bet)
Seat 2: Luigiams folded before Flop (didn't bet)
Seat 3: Spuds777 collected ($0.29)
Seat 4: Candog98 folded before Flop (didn't bet)
Seat 5: ezzzis (button) folded before Flop (didn't bet)
Seat 6: glup828 (small blind) folded on the Turn
Seat 7: Dorex2007 (big blind) folded on the Turn
Seat 8: tateas folded before Flop (didn't bet)
Seat 9: Jamskulin folded before Flop (didn't bet)



PokerStars Hand #237959134878:  Hold'em No Limit ($0.05/$0.10 USD) - 2022/08/12 23:04:50 PT [2022/08/13 2:04:50 ET]
Table 'Gerda III' 9-max Seat #6 is the button
Seat 1: shank72 ($8.08 in chips) 
Seat 2: Luigiams ($9.80 in chips) 
Seat 3: Spuds777 ($4.90 in chips) 
Seat 4: Candog98 ($15.08 in chips) 
Seat 5: ezzzis ($17.22 in chips) 
Seat 6: glup828 ($7.98 in chips) 
Seat 7: Dorex2007 ($11.01 in chips) 
Seat 9: Jamskulin ($12.71 in chips) 
Dorex2007: posts small blind $0.05
tateas: is sitting out 
Jamskulin: posts big blind $0.10
*** HOLE CARDS ***
Dealt to Dorex2007 [Qh Th]
shank72: folds 
Luigiams: folds 
Spuds777: calls $0.10
Candog98: folds 
ezzzis: folds 
glup828: folds 
Dorex2007: calls $0.05
Jamskulin: checks 
*** FLOP *** [4s Ah Td]
Dorex2007: checks 
Jamskulin: checks 
Spuds777: bets $0.20
Dorex2007: folds 
Jamskulin: folds 
Uncalled bet ($0.20) returned to Spuds777
Spuds777 collected $0.29 from pot
Spuds777: doesn't show hand 
*** SUMMARY ***
Total pot $0.30 | Rake $0.01 
Board [4s Ah Td]
Seat 1: shank72 folded before Flop (didn't bet)
Seat 2: Luigiams folded before Flop (didn't bet)
Seat 3: Spuds777 collected ($0.29)
Seat 4: Candog98 folded before Flop (didn't bet)
Seat 5: ezzzis folded before Flop (didn't bet)
Seat 6: glup828 (button) folded before Flop (didn't bet)
Seat 7: Dorex2007 (small blind) folded on the Flop
Seat 9: Jamskulin (big blind) folded on the Flop



PokerStars Hand #237959140427:  Hold'em No Limit ($0.05/$0.10 USD) - 2022/08/12 23:05:38 PT [2022/08/13 2:05:38 ET]
Table 'Gerda III' 9-max Seat #7 is the button
Seat 1: shank72 ($8.08 in chips) 
Seat 2: Luigiams ($9.80 in chips) 
Seat 3: Spuds777 ($5.09 in chips) 
Seat 4: Candog98 ($15.08 in chips) 
Seat 5: ezzzis ($17.22 in chips) 
Seat 6: glup828 ($7.98 in chips) 
Seat 7: Dorex2007 ($10.91 in chips) 
Seat 9: Jamskulin ($12.61 in chips) 
Jamskulin: posts small blind $0.05
shank72: posts big blind $0.10
*** HOLE CARDS ***
Dealt to Dorex2007 [6d 7c]
Luigiams: raises $0.30 to $0.40
Spuds777: folds 
Candog98: folds 
ezzzis: calls $0.40
glup828: folds 
Dorex2007: folds 
Jamskulin: folds 
shank72: folds 
*** FLOP *** [5d 3s 7h]
Luigiams: bets $0.60
ezzzis: folds 
Uncalled bet ($0.60) returned to Luigiams
Luigiams collected $0.91 from pot
*** SUMMARY ***
Total pot $0.95 | Rake $0.04 
Board [5d 3s 7h]
Seat 1: shank72 (big blind) folded before Flop
Seat 2: Luigiams collected ($0.91)
Seat 3: Spuds777 folded before Flop (didn't bet)
Seat 4: Candog98 folded before Flop (didn't bet)
Seat 5: ezzzis folded on the Flop
Seat 6: glup828 folded before Flop (didn't bet)
Seat 7: Dorex2007 (button) folded before Flop (didn't bet)
Seat 9: Jamskulin (small blind) folded before Flop



PokerStars Hand #237959143738:  Hold'em No Limit ($0.05/$0.10 USD) - 2022/08/12 23:06:07 PT [2022/08/13 2:06:07 ET]
Table 'Gerda III' 9-max Seat #9 is the button
Seat 1: shank72 ($7.98 in chips) 
Seat 2: Luigiams ($10.31 in chips) 
Seat 3: Spuds777 ($5.09 in chips) 
Seat 4: Candog98 ($15.08 in chips) 
Seat 5: ezzzis ($16.82 in chips) 
Seat 6: glup828 ($7.98 in chips) 
Seat 7: Dorex2007 ($10.91 in chips) 
Seat 9: Jamskulin ($12.56 in chips) 
shank72: posts small blind $0.05
Luigiams: posts big blind $0.10
*** HOLE CARDS ***
Dealt to Dorex2007 [Qc Jd]
Spuds777: folds 
Candog98: folds 
ezzzis: raises $0.20 to $0.30
glup828: calls $0.30
Dorex2007: calls $0.30
Jamskulin: folds 
shank72: folds 
Luigiams: calls $0.20
*** FLOP *** [3c 8d Qh]
Luigiams: checks 
ezzzis: checks 
glup828: checks 
Dorex2007: bets $1.19
Luigiams: folds 
ezzzis: folds 
glup828: folds 
Uncalled bet ($1.19) returned to Dorex2007
Dorex2007 collected $1.19 from pot
Dorex2007: doesn't show hand 
*** SUMMARY ***
Total pot $1.25 | Rake $0.06 
Board [3c 8d Qh]
Seat 1: shank72 (small blind) folded before Flop
Seat 2: Luigiams (big blind) folded on the Flop
Seat 3: Spuds777 folded before Flop (didn't bet)
Seat 4: Candog98 folded before Flop (didn't bet)
Seat 5: ezzzis folded on the Flop
Seat 6: glup828 folded on the Flop
Seat 7: Dorex2007 collected ($1.19)
Seat 9: Jamskulin (button) folded before Flop (didn't bet)



PokerStars Hand #237959149806:  Hold'em No Limit ($0.05/$0.10 USD) - 2022/08/12 23:07:01 PT [2022/08/13 2:07:01 ET]
Table 'Gerda III' 9-max Seat #1 is the button
Seat 1: shank72 ($7.93 in chips) 
Seat 2: Luigiams ($10.01 in chips) 
Seat 3: Spuds777 ($5.09 in chips) 
Seat 4: Candog98 ($15.08 in chips) 
Seat 5: ezzzis ($16.52 in chips) 
Seat 6: glup828 ($7.68 in chips) 
Seat 7: Dorex2007 ($11.80 in chips) 
Seat 9: Jamskulin ($12.56 in chips) 
Luigiams: posts small blind $0.05
Spuds777: posts big blind $0.10
*** HOLE CARDS ***
Dealt to Dorex2007 [Kd 9c]
Candog98: calls $0.10
ezzzis: folds 
glup828: folds 
Dorex2007: folds 
Jamskulin: folds 
shank72: folds 
Luigiams: raises $0.10 to $0.20
Spuds777: folds 
Candog98: calls $0.10
*** FLOP *** [6h 3d 7c]
Luigiams: bets $0.40
Candog98: folds 
Uncalled bet ($0.40) returned to Luigiams
Luigiams collected $0.48 from pot
*** SUMMARY ***
Total pot $0.50 | Rake $0.02 
Board [6h 3d 7c]
Seat 1: shank72 (button) folded before Flop (didn't bet)
Seat 2: Luigiams (small blind) collected ($0.48)
Seat 3: Spuds777 (big blind) folded before Flop
Seat 4: Candog98 folded on the Flop
Seat 5: ezzzis folded before Flop (didn't bet)
Seat 6: glup828 folded before Flop (didn't bet)
Seat 7: Dorex2007 folded before Flop (didn't bet)
Seat 9: Jamskulin folded before Flop (didn't bet)



PokerStars Hand #237959154213:  Hold'em No Limit ($0.05/$0.10 USD) - 2022/08/12 23:07:38 PT [2022/08/13 2:07:38 ET]
Table 'Gerda III' 9-max Seat #2 is the button
Seat 1: shank72 ($7.93 in chips) 
Seat 2: Luigiams ($10.29 in chips) 
Seat 3: Spuds777 ($4.99 in chips) 
Seat 4: Candog98 ($14.88 in chips) 
Seat 5: ezzzis ($16.52 in chips) 
Seat 6: glup828 ($7.68 in chips) 
Seat 7: Dorex2007 ($11.80 in chips) 
Seat 9: Jamskulin ($12.56 in chips) 
Spuds777: posts small blind $0.05
Candog98: posts big blind $0.10
tateas: sits out 
*** HOLE CARDS ***
Dealt to Dorex2007 [As 7c]
ezzzis: raises $0.20 to $0.30
glup828: folds 
Dorex2007: folds 
Jamskulin: calls $0.30
shank72: folds 
Luigiams: calls $0.30
Spuds777: calls $0.25
Candog98: folds 
*** FLOP *** [7s Tc 3d]
Spuds777: checks 
ezzzis: checks 
Jamskulin: bets $0.60
Luigiams: folds 
Spuds777: folds 
ezzzis: folds 
Uncalled bet ($0.60) returned to Jamskulin
Jamskulin collected $1.22 from pot
Jamskulin: doesn't show hand 
*** SUMMARY ***
Total pot $1.30 | Rake $0.08 
Board [7s Tc 3d]
Seat 1: shank72 folded before Flop (didn't bet)
Seat 2: Luigiams (button) folded on the Flop
Seat 3: Spuds777 (small blind) folded on the Flop
Seat 4: Candog98 (big blind) folded before Flop
Seat 5: ezzzis folded on the Flop
Seat 6: glup828 folded before Flop (didn't bet)
Seat 7: Dorex2007 folded before Flop (didn't bet)
Seat 9: Jamskulin collected ($1.22)



PokerStars Hand #237959161713:  Hold'em No Limit ($0.05/$0.10 USD) - 2022/08/12 23:08:43 PT [2022/08/13 2:08:43 ET]
Table 'Gerda III' 9-max Seat #3 is the button
Seat 1: shank72 ($7.93 in chips) 
Seat 2: Luigiams ($9.99 in chips) 
Seat 3: Spuds777 ($4.69 in chips) 
Seat 4: Candog98 ($14.78 in chips) 
Seat 5: ezzzis ($16.22 in chips) 
Seat 6: glup828 ($7.68 in chips) 
Seat 7: Dorex2007 ($11.80 in chips) 
Seat 9: Jamskulin ($13.48 in chips) 
Candog98: posts small blind $0.05
ezzzis: posts big blind $0.10
tateas: sits out 
*** HOLE CARDS ***
Dealt to Dorex2007 [4h Ah]
glup828 has timed out
glup828: folds 
Dorex2007: folds 
Jamskulin: folds 
shank72: folds 
Luigiams: folds 
Spuds777: folds 
Candog98: raises $0.20 to $0.30
ezzzis: folds 
Uncalled bet ($0.20) returned to Candog98
Candog98 collected $0.20 from pot
Candog98: doesn't show hand 
*** SUMMARY ***
Total pot $0.20 | Rake $0 
Seat 1: shank72 folded before Flop (didn't bet)
Seat 2: Luigiams folded before Flop (didn't bet)
Seat 3: Spuds777 (button) folded before Flop (didn't bet)
Seat 4: Candog98 (small blind) collected ($0.20)
Seat 5: ezzzis (big blind) folded before Flop
Seat 6: glup828 folded before Flop (didn't bet)
Seat 7: Dorex2007 folded before Flop (didn't bet)
Seat 9: Jamskulin folded before Flop (didn't bet)



PokerStars Hand #237959166215:  Hold'em No Limit ($0.05/$0.10 USD) - 2022/08/12 23:09:22 PT [2022/08/13 2:09:22 ET]
Table 'Gerda III' 9-max Seat #4 is the button
Seat 1: shank72 ($7.93 in chips) 
Seat 2: Luigiams ($9.99 in chips) 
Seat 3: Spuds777 ($4.69 in chips) 
Seat 4: Candog98 ($14.88 in chips) 
Seat 5: ezzzis ($16.12 in chips) 
Seat 7: Dorex2007 ($11.80 in chips) 
Seat 9: Jamskulin ($13.48 in chips) 
ezzzis: posts small blind $0.05
Dorex2007: posts big blind $0.10
tateas: sits out 
*** HOLE CARDS ***
Dealt to Dorex2007 [4h Td]
Jamskulin: folds 
shank72: folds 
Luigiams: folds 
Spuds777: folds 
Candog98: folds 
ezzzis: raises $0.20 to $0.30
Dorex2007: folds 
Uncalled bet ($0.20) returned to ezzzis
ezzzis collected $0.20 from pot
ezzzis: doesn't show hand 
*** SUMMARY ***
Total pot $0.20 | Rake $0 
Seat 1: shank72 folded before Flop (didn't bet)
Seat 2: Luigiams folded before Flop (didn't bet)
Seat 3: Spuds777 folded before Flop (didn't bet)
Seat 4: Candog98 (button) folded before Flop (didn't bet)
Seat 5: ezzzis (small blind) collected ($0.20)
Seat 7: Dorex2007 (big blind) folded before Flop
Seat 9: Jamskulin folded before Flop (didn't bet)



PokerStars Hand #237959169001:  Hold'em No Limit ($0.05/$0.10 USD) - 2022/08/12 23:09:46 PT [2022/08/13 2:09:46 ET]
Table 'Gerda III' 9-max Seat #5 is the button
Seat 1: shank72 ($7.93 in chips) 
Seat 2: Luigiams ($9.99 in chips) 
Seat 3: Spuds777 ($4.69 in chips) 
Seat 4: Candog98 ($14.88 in chips) 
Seat 5: ezzzis ($16.22 in chips) 
Seat 7: Dorex2007 ($11.70 in chips) 
Seat 8: tateas ($4.80 in chips) 
Seat 9: Jamskulin ($13.48 in chips) 
Dorex2007: posts small blind $0.05
tateas: posts big blind $0.10
*** HOLE CARDS ***
Dealt to Dorex2007 [Qs Jd]
Jamskulin: folds 
shank72: folds 
Luigiams: folds 
Spuds777: folds 
Candog98: folds 
ezzzis: folds 
Dorex2007: folds 
Uncalled bet ($0.05) returned to tateas
tateas collected $0.10 from pot
*** SUMMARY ***
Total pot $0.10 | Rake $0 
Seat 1: shank72 folded before Flop (didn't bet)
Seat 2: Luigiams folded before Flop (didn't bet)
Seat 3: Spuds777 folded before Flop (didn't bet)
Seat 4: Candog98 folded before Flop (didn't bet)
Seat 5: ezzzis (button) folded before Flop (didn't bet)
Seat 7: Dorex2007 (small blind) folded before Flop
Seat 8: tateas (big blind) collected ($0.10)
Seat 9: Jamskulin folded before Flop (didn't bet)



PokerStars Hand #237959171245:  Hold'em No Limit ($0.05/$0.10 USD) - 2022/08/12 23:10:05 PT [2022/08/13 2:10:05 ET]
Table 'Gerda III' 9-max Seat #7 is the button
Seat 1: shank72 ($7.93 in chips) 
Seat 2: Luigiams ($9.99 in chips) 
Seat 3: Spuds777 ($4.69 in chips) 
Seat 4: Candog98 ($14.88 in chips) 
Seat 5: ezzzis ($16.22 in chips) 
Seat 7: Dorex2007 ($11.65 in chips) 
Seat 8: tateas ($4.85 in chips) 
Seat 9: Jamskulin ($13.48 in chips) 
tateas: posts small blind $0.05
Jamskulin: posts big blind $0.10
*** HOLE CARDS ***
Dealt to Dorex2007 [Qd 5d]
shank72: folds 
Luigiams: folds 
Spuds777: folds 
Candog98: folds 
ezzzis: folds 
Dorex2007: folds 
tateas: folds 
Uncalled bet ($0.05) returned to Jamskulin
Jamskulin collected $0.10 from pot
Jamskulin: doesn't show hand 
*** SUMMARY ***
Total pot $0.10 | Rake $0 
Seat 1: shank72 folded before Flop (didn't bet)
Seat 2: Luigiams folded before Flop (didn't bet)
Seat 3: Spuds777 folded before Flop (didn't bet)
Seat 4: Candog98 folded before Flop (didn't bet)
Seat 5: ezzzis folded before Flop (didn't bet)
Seat 7: Dorex2007 (button) folded before Flop (didn't bet)
Seat 8: tateas (small blind) folded before Flop
Seat 9: Jamskulin (big blind) collected ($0.10)



PokerStars Hand #237959174501:  Hold'em No Limit ($0.05/$0.10 USD) - 2022/08/12 23:10:32 PT [2022/08/13 2:10:32 ET]
Table 'Gerda III' 9-max Seat #8 is the button
Seat 1: shank72 ($7.93 in chips) 
Seat 2: Luigiams ($9.99 in chips) 
Seat 3: Spuds777 ($4.69 in chips) 
Seat 4: Candog98 ($14.88 in chips) 
Seat 5: ezzzis ($16.22 in chips) 
Seat 7: Dorex2007 ($11.65 in chips) 
Seat 8: tateas ($4.80 in chips) 
Seat 9: Jamskulin ($13.53 in chips) 
Jamskulin: posts small blind $0.05
shank72: posts big blind $0.10
glup828: sits out 
*** HOLE CARDS ***
Dealt to Dorex2007 [5s 9d]
Luigiams: raises $0.10 to $0.20
Spuds777: folds 
Candog98: folds 
ezzzis: folds 
Dorex2007: folds 
tateas: raises $0.60 to $0.80
Jamskulin: folds 
shank72: folds 
Luigiams: folds 
Uncalled bet ($0.60) returned to tateas
tateas collected $0.55 from pot
*** SUMMARY ***
Total pot $0.55 | Rake $0 
Seat 1: shank72 (big blind) folded before Flop
Seat 2: Luigiams folded before Flop
Seat 3: Spuds777 folded before Flop (didn't bet)
Seat 4: Candog98 folded before Flop (didn't bet)
Seat 5: ezzzis folded before Flop (didn't bet)
Seat 7: Dorex2007 folded before Flop (didn't bet)
Seat 8: tateas (button) collected ($0.55)
Seat 9: Jamskulin (small blind) folded before Flop



PokerStars Hand #237959177819:  Hold'em No Limit ($0.05/$0.10 USD) - 2022/08/12 23:11:00 PT [2022/08/13 2:11:00 ET]
Table 'Gerda III' 9-max Seat #9 is the button
Seat 1: shank72 ($7.83 in chips) 
Seat 2: Luigiams ($9.79 in chips) 
Seat 3: Spuds777 ($4.69 in chips) 
Seat 4: Candog98 ($14.88 in chips) 
Seat 5: ezzzis ($16.22 in chips) 
Seat 6: glup828 ($7.68 in chips) 
Seat 7: Dorex2007 ($11.65 in chips) 
Seat 8: tateas ($5.15 in chips) 
Seat 9: Jamskulin ($13.48 in chips) 
shank72: posts small blind $0.05
Luigiams: posts big blind $0.10
glup828: posts small & big blinds $0.15
*** HOLE CARDS ***
Dealt to Dorex2007 [6c Jd]
Spuds777: folds 
Candog98: folds 
ezzzis: folds 
glup828: checks 
Dorex2007: folds 
tateas: folds 
Jamskulin: folds 
shank72: folds 
Luigiams: checks 
*** FLOP *** [Qc 6h 4d]
Luigiams: checks 
glup828: checks 
*** TURN *** [Qc 6h 4d] [5d]
Luigiams: bets $0.10
glup828: folds 
Uncalled bet ($0.10) returned to Luigiams
Luigiams collected $0.29 from pot
*** SUMMARY ***
Total pot $0.30 | Rake $0.01 
Board [Qc 6h 4d 5d]
Seat 1: shank72 (small blind) folded before Flop
Seat 2: Luigiams (big blind) collected ($0.29)
Seat 3: Spuds777 folded before Flop (didn't bet)
Seat 4: Candog98 folded before Flop (didn't bet)
Seat 5: ezzzis folded before Flop (didn't bet)
Seat 6: glup828 folded on the Turn (didn't bet)
Seat 7: Dorex2007 folded before Flop (didn't bet)
Seat 8: tateas folded before Flop (didn't bet)
Seat 9: Jamskulin (button) folded before Flop (didn't bet)



PokerStars Hand #237959182262:  Hold'em No Limit ($0.05/$0.10 USD) - 2022/08/12 23:11:39 PT [2022/08/13 2:11:39 ET]
Table 'Gerda III' 9-max Seat #1 is the button
Seat 1: shank72 ($7.78 in chips) 
Seat 2: Luigiams ($9.98 in chips) 
Seat 3: Spuds777 ($4.69 in chips) 
Seat 4: Candog98 ($14.88 in chips) 
Seat 5: ezzzis ($16.22 in chips) 
Seat 6: glup828 ($7.53 in chips) 
Seat 7: Dorex2007 ($11.65 in chips) 
Seat 8: tateas ($5.15 in chips) 
Seat 9: Jamskulin ($13.48 in chips) 
Luigiams: posts small blind $0.05
Spuds777: posts big blind $0.10
*** HOLE CARDS ***
Dealt to Dorex2007 [4d Qc]
Candog98: folds 
ezzzis: folds 
glup828: raises $0.20 to $0.30
Dorex2007: folds 
tateas: folds 
Jamskulin: folds 
shank72: folds 
Luigiams: folds 
Spuds777: folds 
Uncalled bet ($0.20) returned to glup828
glup828 collected $0.25 from pot
*** SUMMARY ***
Total pot $0.25 | Rake $0 
Seat 1: shank72 (button) folded before Flop (didn't bet)
Seat 2: Luigiams (small blind) folded before Flop
Seat 3: Spuds777 (big blind) folded before Flop
Seat 4: Candog98 folded before Flop (didn't bet)
Seat 5: ezzzis folded before Flop (didn't bet)
Seat 6: glup828 collected ($0.25)
Seat 7: Dorex2007 folded before Flop (didn't bet)
Seat 8: tateas folded before Flop (didn't bet)
Seat 9: Jamskulin folded before Flop (didn't bet)



PokerStars Hand #237959184636:  Hold'em No Limit ($0.05/$0.10 USD) - 2022/08/12 23:11:59 PT [2022/08/13 2:11:59 ET]
Table 'Gerda III' 9-max Seat #2 is the button
Seat 1: shank72 ($7.78 in chips) 
Seat 2: Luigiams ($9.93 in chips) 
Seat 3: Spuds777 ($4.59 in chips) 
Seat 4: Candog98 ($14.88 in chips) 
Seat 5: ezzzis ($16.22 in chips) 
Seat 6: glup828 ($7.68 in chips) 
Seat 7: Dorex2007 ($11.65 in chips) 
Seat 8: tateas ($5.15 in chips) 
Seat 9: Jamskulin ($13.48 in chips) 
Spuds777: posts small blind $0.05
Candog98: posts big blind $0.10
*** HOLE CARDS ***
Dealt to Dorex2007 [2c 8h]
ezzzis: folds 
glup828: folds 
Dorex2007: folds 
tateas: folds 
Jamskulin: raises $0.20 to $0.30
shank72: calls $0.30
Luigiams: folds 
Spuds777: folds 
Candog98: calls $0.20
*** FLOP *** [3s 3c 7c]
Candog98: checks 
Jamskulin: checks 
shank72: checks 
*** TURN *** [3s 3c 7c] [Qs]
Candog98: checks 
Jamskulin: bets $0.40
shank72: folds 
Candog98: folds 
Uncalled bet ($0.40) returned to Jamskulin
Jamskulin collected $0.90 from pot
Jamskulin: doesn't show hand 
*** SUMMARY ***
Total pot $0.95 | Rake $0.05 
Board [3s 3c 7c Qs]
Seat 1: shank72 folded on the Turn
Seat 2: Luigiams (button) folded before Flop (didn't bet)
Seat 3: Spuds777 (small blind) folded before Flop
Seat 4: Candog98 (big blind) folded on the Turn
Seat 5: ezzzis folded before Flop (didn't bet)
Seat 6: glup828 folded before Flop (didn't bet)
Seat 7: Dorex2007 folded before Flop (didn't bet)
Seat 8: tateas folded before Flop (didn't bet)
Seat 9: Jamskulin collected ($0.90)



PokerStars Hand #237959189987:  Hold'em No Limit ($0.05/$0.10 USD) - 2022/08/12 23:12:45 PT [2022/08/13 2:12:45 ET]
Table 'Gerda III' 9-max Seat #3 is the button
Seat 1: shank72 ($7.48 in chips) 
Seat 2: Luigiams ($9.93 in chips) 
Seat 3: Spuds777 ($4.54 in chips) 
Seat 4: Candog98 ($14.58 in chips) 
Seat 5: ezzzis ($16.22 in chips) 
Seat 6: glup828 ($7.68 in chips) 
Seat 7: Dorex2007 ($11.65 in chips) 
Seat 8: tateas ($5.15 in chips) 
Seat 9: Jamskulin ($14.08 in chips) 
Candog98: posts small blind $0.05
ezzzis: posts big blind $0.10
*** HOLE CARDS ***
Dealt to Dorex2007 [6h 2s]
glup828: folds 
Dorex2007: folds 
tateas: folds 
Jamskulin: folds 
shank72: folds 
Luigiams: raises $0.10 to $0.20
Spuds777 has timed out
Spuds777: folds 
Candog98: folds 
ezzzis: calls $0.10
*** FLOP *** [9c 5h 8h]
ezzzis: checks 
Luigiams: checks 
*** TURN *** [9c 5h 8h] [4c]
ezzzis: checks 
Luigiams: checks 
*** RIVER *** [9c 5h 8h 4c] [9s]
ezzzis: checks 
Luigiams: checks 
*** SHOW DOWN ***
ezzzis: shows [4d Ac] (two pair, Nines and Fours)
Luigiams: shows [4s Ah] (two pair, Nines and Fours)
ezzzis collected $0.22 from pot
Luigiams collected $0.21 from pot
*** SUMMARY ***
Total pot $0.45 | Rake $0.02 
Board [9c 5h 8h 4c 9s]
Seat 1: shank72 folded before Flop (didn't bet)
Seat 2: Luigiams showed [4s Ah] and won ($0.21) with two pair, Nines and Fours
Seat 3: Spuds777 (button) folded before Flop (didn't bet)
Seat 4: Candog98 (small blind) folded before Flop
Seat 5: ezzzis (big blind) showed [4d Ac] and won ($0.22) with two pair, Nines and Fours
Seat 6: glup828 folded before Flop (didn't bet)
Seat 7: Dorex2007 folded before Flop (didn't bet)
Seat 8: tateas folded before Flop (didn't bet)
Seat 9: Jamskulin folded before Flop (didn't bet)



PokerStars Hand #237959196558:  Hold'em No Limit ($0.05/$0.10 USD) - 2022/08/12 23:13:41 PT [2022/08/13 2:13:41 ET]
Table 'Gerda III' 9-max Seat #4 is the button
Seat 1: shank72 ($7.48 in chips) 
Seat 2: Luigiams ($9.94 in chips) 
Seat 3: Spuds777 ($4.54 in chips) 
Seat 4: Candog98 ($14.53 in chips) 
Seat 5: ezzzis ($16.24 in chips) 
Seat 6: glup828 ($7.68 in chips) 
Seat 7: Dorex2007 ($11.65 in chips) 
Seat 8: tateas ($5.15 in chips) 
Seat 9: Jamskulin ($14.08 in chips) 
ezzzis: posts small blind $0.05
glup828: posts big blind $0.10
*** HOLE CARDS ***
Dealt to Dorex2007 [Jd Jc]
Dorex2007: raises $0.10 to $0.20
tateas: folds 
Jamskulin: folds 
shank72: folds 
Luigiams: folds 
Spuds777: folds 
Candog98: folds 
ezzzis: folds 
glup828: calls $0.10
*** FLOP *** [2c 9h 2d]
glup828: checks 
Dorex2007: bets $0.29
glup828: folds 
Uncalled bet ($0.29) returned to Dorex2007
Dorex2007 collected $0.43 from pot
Dorex2007: doesn't show hand 
*** SUMMARY ***
Total pot $0.45 | Rake $0.02 
Board [2c 9h 2d]
Seat 1: shank72 folded before Flop (didn't bet)
Seat 2: Luigiams folded before Flop (didn't bet)
Seat 3: Spuds777 folded before Flop (didn't bet)
Seat 4: Candog98 (button) folded before Flop (didn't bet)
Seat 5: ezzzis (small blind) folded before Flop
Seat 6: glup828 (big blind) folded on the Flop
Seat 7: Dorex2007 collected ($0.43)
Seat 8: tateas folded before Flop (didn't bet)
Seat 9: Jamskulin folded before Flop (didn't bet)



PokerStars Hand #237959202516:  Hold'em No Limit ($0.05/$0.10 USD) - 2022/08/12 23:14:32 PT [2022/08/13 2:14:32 ET]
Table 'Gerda III' 9-max Seat #5 is the button
Seat 1: shank72 ($7.48 in chips) 
Seat 2: Luigiams ($9.94 in chips) 
Seat 3: Spuds777 ($4.54 in chips) 
Seat 4: Candog98 ($14.53 in chips) 
Seat 5: ezzzis ($16.19 in chips) 
Seat 6: glup828 ($7.48 in chips) 
Seat 7: Dorex2007 ($11.88 in chips) 
Seat 8: tateas ($5.15 in chips) 
Seat 9: Jamskulin ($14.08 in chips) 
glup828: posts small blind $0.05
Dorex2007: posts big blind $0.10
*** HOLE CARDS ***
Dealt to Dorex2007 [Kc 3h]
tateas: folds 
Jamskulin: folds 
shank72: folds 
Luigiams: folds 
Spuds777: folds 
Candog98: folds 
ezzzis: raises $0.15 to $0.25
glup828: calls $0.20
Dorex2007: folds 
*** FLOP *** [4s 5c Th]
glup828: checks 
ezzzis: bets $0.29
glup828: folds 
Uncalled bet ($0.29) returned to ezzzis
ezzzis collected $0.57 from pot
ezzzis: doesn't show hand 
*** SUMMARY ***
Total pot $0.60 | Rake $0.03 
Board [4s 5c Th]
Seat 1: shank72 folded before Flop (didn't bet)
Seat 2: Luigiams folded before Flop (didn't bet)
Seat 3: Spuds777 folded before Flop (didn't bet)
Seat 4: Candog98 folded before Flop (didn't bet)
Seat 5: ezzzis (button) collected ($0.57)
Seat 6: glup828 (small blind) folded on the Flop
Seat 7: Dorex2007 (big blind) folded before Flop
Seat 8: tateas folded before Flop (didn't bet)
Seat 9: Jamskulin folded before Flop (didn't bet)



PokerStars Hand #237959206323:  Hold'em No Limit ($0.05/$0.10 USD) - 2022/08/12 23:15:05 PT [2022/08/13 2:15:05 ET]
Table 'Gerda III' 9-max Seat #6 is the button
Seat 1: shank72 ($7.48 in chips) 
Seat 2: Luigiams ($9.94 in chips) 
Seat 3: Spuds777 ($4.54 in chips) 
Seat 4: Candog98 ($14.53 in chips) 
Seat 5: ezzzis ($16.51 in chips) 
Seat 6: glup828 ($7.23 in chips) 
Seat 7: Dorex2007 ($11.78 in chips) 
Seat 8: tateas ($5.15 in chips) 
Seat 9: Jamskulin ($14.08 in chips) 
Dorex2007: posts small blind $0.05
tateas: posts big blind $0.10
*** HOLE CARDS ***
Dealt to Dorex2007 [5c 8d]
Jamskulin: folds 
shank72: calls $0.10
Luigiams: folds 
Spuds777: folds 
Candog98: folds 
ezzzis: folds 
glup828: folds 
Dorex2007: folds 
tateas: checks 
*** FLOP *** [Td 8s 6s]
tateas: checks 
shank72: checks 
*** TURN *** [Td 8s 6s] [7c]
tateas: bets $0.24
shank72: folds 
Uncalled bet ($0.24) returned to tateas
tateas collected $0.24 from pot
*** SUMMARY ***
Total pot $0.25 | Rake $0.01 
Board [Td 8s 6s 7c]
Seat 1: shank72 folded on the Turn
Seat 2: Luigiams folded before Flop (didn't bet)
Seat 3: Spuds777 folded before Flop (didn't bet)
Seat 4: Candog98 folded before Flop (didn't bet)
Seat 5: ezzzis folded before Flop (didn't bet)
Seat 6: glup828 (button) folded before Flop (didn't bet)
Seat 7: Dorex2007 (small blind) folded before Flop
Seat 8: tateas (big blind) collected ($0.24)
Seat 9: Jamskulin folded before Flop (didn't bet)



PokerStars Hand #237959210560:  Hold'em No Limit ($0.05/$0.10 USD) - 2022/08/12 23:15:42 PT [2022/08/13 2:15:42 ET]
Table 'Gerda III' 9-max Seat #7 is the button
Seat 1: shank72 ($7.38 in chips) 
Seat 2: Luigiams ($9.94 in chips) 
Seat 3: Spuds777 ($4.54 in chips) 
Seat 4: Candog98 ($14.53 in chips) 
Seat 5: ezzzis ($16.51 in chips) 
Seat 6: glup828 ($7.23 in chips) 
Seat 7: Dorex2007 ($11.73 in chips) 
Seat 8: tateas ($5.29 in chips) 
Seat 9: Jamskulin ($14.08 in chips) 
tateas: posts small blind $0.05
Jamskulin: posts big blind $0.10
*** HOLE CARDS ***
Dealt to Dorex2007 [7c 3s]
shank72: folds 
Luigiams: folds 
Spuds777: calls $0.10
Candog98: calls $0.10
ezzzis: raises $0.45 to $0.55
glup828: folds 
Dorex2007: folds 
tateas: folds 
Jamskulin: folds 
Spuds777: calls $0.45
Candog98: folds 
*** FLOP *** [7d 8h 6d]
Spuds777: checks 
ezzzis: checks 
*** TURN *** [7d 8h 6d] [4d]
Spuds777: bets $1.29
ezzzis: folds 
Uncalled bet ($1.29) returned to Spuds777
Spuds777 collected $1.29 from pot
Spuds777: doesn't show hand 
*** SUMMARY ***
Total pot $1.35 | Rake $0.06 
Board [7d 8h 6d 4d]
Seat 1: shank72 folded before Flop (didn't bet)
Seat 2: Luigiams folded before Flop (didn't bet)
Seat 3: Spuds777 collected ($1.29)
Seat 4: Candog98 folded before Flop
Seat 5: ezzzis folded on the Turn
Seat 6: glup828 folded before Flop (didn't bet)
Seat 7: Dorex2007 (button) folded before Flop (didn't bet)
Seat 8: tateas (small blind) folded before Flop
Seat 9: Jamskulin (big blind) folded before Flop



PokerStars Hand #237959218680:  Hold'em No Limit ($0.05/$0.10 USD) - 2022/08/12 23:16:52 PT [2022/08/13 2:16:52 ET]
Table 'Gerda III' 9-max Seat #8 is the button
Seat 1: shank72 ($7.38 in chips) 
Seat 2: Luigiams ($9.94 in chips) 
Seat 3: Spuds777 ($5.28 in chips) 
Seat 4: Candog98 ($14.43 in chips) 
Seat 5: ezzzis ($15.96 in chips) 
Seat 6: glup828 ($7.23 in chips) 
Seat 7: Dorex2007 ($11.73 in chips) 
Seat 8: tateas ($5.24 in chips) 
Seat 9: Jamskulin ($13.98 in chips) 
Jamskulin: posts small blind $0.05
shank72: posts big blind $0.10
*** HOLE CARDS ***
Dealt to Dorex2007 [7d Ah]
Luigiams: folds 
Spuds777: folds 
Candog98: folds 
ezzzis: folds 
glup828: calls $0.10
Dorex2007: folds 
tateas: folds 
Jamskulin: folds 
shank72: checks 
*** FLOP *** [Ks 6h 5s]
shank72: checks 
glup828: bets $0.24
shank72: folds 
Uncalled bet ($0.24) returned to glup828
glup828 collected $0.24 from pot
*** SUMMARY ***
Total pot $0.25 | Rake $0.01 
Board [Ks 6h 5s]
Seat 1: shank72 (big blind) folded on the Flop
Seat 2: Luigiams folded before Flop (didn't bet)
Seat 3: Spuds777 folded before Flop (didn't bet)
Seat 4: Candog98 folded before Flop (didn't bet)
Seat 5: ezzzis folded before Flop (didn't bet)
Seat 6: glup828 collected ($0.24)
Seat 7: Dorex2007 folded before Flop (didn't bet)
Seat 8: tateas (button) folded before Flop (didn't bet)
Seat 9: Jamskulin (small blind) folded before Flop



PokerStars Hand #237959224163:  Hold'em No Limit ($0.05/$0.10 USD) - 2022/08/12 23:17:39 PT [2022/08/13 2:17:39 ET]
Table 'Gerda III' 9-max Seat #9 is the button
Seat 1: shank72 ($7.28 in chips) 
Seat 2: Luigiams ($9.94 in chips) 
Seat 3: Spuds777 ($5.28 in chips) 
Seat 4: Candog98 ($14.43 in chips) 
Seat 5: ezzzis ($15.96 in chips) 
Seat 6: glup828 ($7.37 in chips) 
Seat 7: Dorex2007 ($11.73 in chips) 
Seat 8: tateas ($5.24 in chips) 
Seat 9: Jamskulin ($13.93 in chips) 
shank72: posts small blind $0.05
Luigiams: posts big blind $0.10
*** HOLE CARDS ***
Dealt to Dorex2007 [7c 9c]
Spuds777 has timed out
Spuds777: folds 
Candog98: folds 
ezzzis: folds 
glup828: calls $0.10
Dorex2007: folds 
tateas: folds 
Jamskulin: raises $0.20 to $0.30
shank72: folds 
Luigiams: folds 
glup828: calls $0.20
*** FLOP *** [Ac 2h 7s]
glup828: checks 
Jamskulin: checks 
*** TURN *** [Ac 2h 7s] [4h]
glup828: bets $0.36
Jamskulin: folds 
Uncalled bet ($0.36) returned to glup828
glup828 collected $0.72 from pot
*** SUMMARY ***
Total pot $0.75 | Rake $0.03 
Board [Ac 2h 7s 4h]
Seat 1: shank72 (small blind) folded before Flop
Seat 2: Luigiams (big blind) folded before Flop
Seat 3: Spuds777 folded before Flop (didn't bet)
Seat 4: Candog98 folded before Flop (didn't bet)
Seat 5: ezzzis folded before Flop (didn't bet)
Seat 6: glup828 collected ($0.72)
Seat 7: Dorex2007 folded before Flop (didn't bet)
Seat 8: tateas folded before Flop (didn't bet)
Seat 9: Jamskulin (button) folded on the Turn



PokerStars Hand #237959230046:  Hold'em No Limit ($0.05/$0.10 USD) - 2022/08/12 23:18:30 PT [2022/08/13 2:18:30 ET]
Table 'Gerda III' 9-max Seat #1 is the button
Seat 1: shank72 ($7.23 in chips) 
Seat 2: Luigiams ($9.84 in chips) 
Seat 3: Spuds777 ($5.28 in chips) 
Seat 4: Candog98 ($14.43 in chips) 
Seat 5: ezzzis ($15.96 in chips) 
Seat 6: glup828 ($7.79 in chips) 
Seat 7: Dorex2007 ($11.73 in chips) 
Seat 8: tateas ($5.24 in chips) 
Seat 9: Jamskulin ($13.63 in chips) 
Luigiams: posts small blind $0.05
Spuds777: posts big blind $0.10
*** HOLE CARDS ***
Dealt to Dorex2007 [5s 5h]
Candog98: folds 
ezzzis: folds 
glup828: folds 
Dorex2007: calls $0.10
tateas: folds 
Jamskulin: folds 
shank72: folds 
Luigiams: calls $0.05
Spuds777: checks 
*** FLOP *** [Th 7s 7d]
Luigiams: checks 
Spuds777: checks 
Dorex2007: checks 
*** TURN *** [Th 7s 7d] [4c]
Luigiams: checks 
Spuds777: checks 
Dorex2007: checks 
*** RIVER *** [Th 7s 7d 4c] [Ah]
Luigiams: bets $0.10
Spuds777: folds 
Dorex2007: folds 
Uncalled bet ($0.10) returned to Luigiams
Luigiams collected $0.29 from pot
*** SUMMARY ***
Total pot $0.30 | Rake $0.01 
Board [Th 7s 7d 4c Ah]
Seat 1: shank72 (button) folded before Flop (didn't bet)
Seat 2: Luigiams (small blind) collected ($0.29)
Seat 3: Spuds777 (big blind) folded on the River
Seat 4: Candog98 folded before Flop (didn't bet)
Seat 5: ezzzis folded before Flop (didn't bet)
Seat 6: glup828 folded before Flop (didn't bet)
Seat 7: Dorex2007 folded on the River
Seat 8: tateas folded before Flop (didn't bet)
Seat 9: Jamskulin folded before Flop (didn't bet)



PokerStars Hand #237959237179:  Hold'em No Limit ($0.05/$0.10 USD) - 2022/08/12 23:19:31 PT [2022/08/13 2:19:31 ET]
Table 'Gerda III' 9-max Seat #2 is the button
Seat 1: shank72 ($7.23 in chips) 
Seat 2: Luigiams ($10.03 in chips) 
Seat 3: Spuds777 ($5.18 in chips) 
Seat 4: Candog98 ($14.43 in chips) 
Seat 5: ezzzis ($15.96 in chips) 
Seat 6: glup828 ($7.79 in chips) 
Seat 7: Dorex2007 ($11.63 in chips) 
Seat 8: tateas ($5.24 in chips) 
Seat 9: Jamskulin ($13.63 in chips) 
Spuds777: posts small blind $0.05
Candog98: posts big blind $0.10
*** HOLE CARDS ***
Dealt to Dorex2007 [6h 4d]
ezzzis: folds 
glup828: folds 
Dorex2007: folds 
tateas: folds 
Jamskulin: folds 
shank72: folds 
Luigiams: raises $0.40 to $0.50
Spuds777: folds 
Candog98: folds 
Uncalled bet ($0.40) returned to Luigiams
Luigiams collected $0.25 from pot
*** SUMMARY ***
Total pot $0.25 | Rake $0 
Seat 1: shank72 folded before Flop (didn't bet)
Seat 2: Luigiams (button) collected ($0.25)
Seat 3: Spuds777 (small blind) folded before Flop
Seat 4: Candog98 (big blind) folded before Flop
Seat 5: ezzzis folded before Flop (didn't bet)
Seat 6: glup828 folded before Flop (didn't bet)
Seat 7: Dorex2007 folded before Flop (didn't bet)
Seat 8: tateas folded before Flop (didn't bet)
Seat 9: Jamskulin folded before Flop (didn't bet)



PokerStars Hand #237959240384:  Hold'em No Limit ($0.05/$0.10 USD) - 2022/08/12 23:19:59 PT [2022/08/13 2:19:59 ET]
Table 'Gerda III' 9-max Seat #3 is the button
Seat 1: shank72 ($7.23 in chips) 
Seat 2: Luigiams ($10.18 in chips) 
Seat 3: Spuds777 ($5.13 in chips) 
Seat 4: Candog98 ($14.33 in chips) 
Seat 5: ezzzis ($15.96 in chips) 
Seat 6: glup828 ($7.79 in chips) 
Seat 7: Dorex2007 ($11.63 in chips) 
Seat 8: tateas ($5.24 in chips) 
Seat 9: Jamskulin ($13.63 in chips) 
Candog98: posts small blind $0.05
ezzzis: posts big blind $0.10
*** HOLE CARDS ***
Dealt to Dorex2007 [Ts As]
glup828: raises $0.25 to $0.35
Dorex2007: folds 
tateas: folds 
Jamskulin: folds 
shank72: folds 
Luigiams: folds 
Spuds777: calls $0.35
Candog98: folds 
ezzzis: calls $0.25
*** FLOP *** [Td 5h 9s]
ezzzis: checks 
glup828: bets $0.52
Spuds777: calls $0.52
ezzzis: calls $0.52
*** TURN *** [Td 5h 9s] [2h]
ezzzis: checks 
glup828: checks 
Spuds777: checks 
*** RIVER *** [Td 5h 9s 2h] [Qc]
ezzzis: checks 
glup828: checks 
Spuds777: bets $1.27
ezzzis: calls $1.27
glup828: folds 
*** SHOW DOWN ***
Spuds777: shows [Jd Qs] (a pair of Queens)
ezzzis: mucks hand 
Spuds777 collected $4.97 from pot
*** SUMMARY ***
Total pot $5.20 | Rake $0.23 
Board [Td 5h 9s 2h Qc]
Seat 1: shank72 folded before Flop (didn't bet)
Seat 2: Luigiams folded before Flop (didn't bet)
Seat 3: Spuds777 (button) showed [Jd Qs] and won ($4.97) with a pair of Queens
Seat 4: Candog98 (small blind) folded before Flop
Seat 5: ezzzis (big blind) mucked [Ac Tc]
Seat 6: glup828 folded on the River
Seat 7: Dorex2007 folded before Flop (didn't bet)
Seat 8: tateas folded before Flop (didn't bet)
Seat 9: Jamskulin folded before Flop (didn't bet)



PokerStars Hand #237959253544:  Hold'em No Limit ($0.05/$0.10 USD) - 2022/08/12 23:21:27 PT [2022/08/13 2:21:27 ET]
Table 'Gerda III' 9-max Seat #5 is the button
Seat 1: shank72 ($7.23 in chips) 
Seat 2: Luigiams ($10.18 in chips) 
Seat 3: Spuds777 ($7.96 in chips) 
Seat 5: ezzzis ($13.82 in chips) 
Seat 6: glup828 ($6.92 in chips) 
Seat 7: Dorex2007 ($11.63 in chips) 
Seat 8: tateas ($5.24 in chips) 
Seat 9: Jamskulin ($13.63 in chips) 
glup828: posts small blind $0.05
Dorex2007: posts big blind $0.10
*** HOLE CARDS ***
Dealt to Dorex2007 [Ad Jd]
tateas: folds 
Jamskulin: folds 
shank72: folds 
Luigiams: folds 
Spuds777: calls $0.10
ezzzis: raises $0.35 to $0.45
glup828: folds 
Dorex2007: calls $0.35
Spuds777: calls $0.35
*** FLOP *** [2d 5s 3c]
Dorex2007: checks 
Candog98 leaves the table
Spuds777: checks 
ezzzis: checks 
*** TURN *** [2d 5s 3c] [Qs]
Dorex2007: checks 
Spuds777: checks 
ezzzis: bets $0.88
Dorex2007: folds 
Spuds777: calls $0.88
*** RIVER *** [2d 5s 3c Qs] [Tc]
Spuds777: checks 
ezzzis: checks 
*** SHOW DOWN ***
Spuds777: shows [6s As] (high card Ace)
ezzzis: shows [7h Qh] (a pair of Queens)
ezzzis collected $3.02 from pot
*** SUMMARY ***
Total pot $3.16 | Rake $0.14 
Board [2d 5s 3c Qs Tc]
Seat 1: shank72 folded before Flop (didn't bet)
Seat 2: Luigiams folded before Flop (didn't bet)
Seat 3: Spuds777 showed [6s As] and lost with high card Ace
Seat 5: ezzzis (button) showed [7h Qh] and won ($3.02) with a pair of Queens
Seat 6: glup828 (small blind) folded before Flop
Seat 7: Dorex2007 (big blind) folded on the Turn
Seat 8: tateas folded before Flop (didn't bet)
Seat 9: Jamskulin folded before Flop (didn't bet)



PokerStars Hand #237959264597:  Hold'em No Limit ($0.05/$0.10 USD) - 2022/08/12 23:23:04 PT [2022/08/13 2:23:04 ET]
Table 'Gerda III' 9-max Seat #6 is the button
Seat 2: Luigiams ($10.18 in chips) 
Seat 3: Spuds777 ($6.63 in chips) 
Seat 5: ezzzis ($15.51 in chips) 
Seat 6: glup828 ($6.87 in chips) 
Seat 7: Dorex2007 ($11.18 in chips) 
Seat 8: tateas ($5.24 in chips) 
Seat 9: Jamskulin ($13.63 in chips) 
Dorex2007: posts small blind $0.05
tateas: posts big blind $0.10
*** HOLE CARDS ***
Dealt to Dorex2007 [3c 6d]
Jamskulin: folds 
Luigiams: calls $0.10
Spuds777: folds 
ezzzis: folds 
glup828: folds 
Dorex2007: folds 
tateas: checks 
*** FLOP *** [5d Qh Ad]
tateas: checks 
Luigiams: bets $0.20
tateas: folds 
Uncalled bet ($0.20) returned to Luigiams
Luigiams collected $0.24 from pot
*** SUMMARY ***
Total pot $0.25 | Rake $0.01 
Board [5d Qh Ad]
Seat 2: Luigiams collected ($0.24)
Seat 3: Spuds777 folded before Flop (didn't bet)
Seat 5: ezzzis folded before Flop (didn't bet)
Seat 6: glup828 (button) folded before Flop (didn't bet)
Seat 7: Dorex2007 (small blind) folded before Flop
Seat 8: tateas (big blind) folded on the Flop
Seat 9: Jamskulin folded before Flop (didn't bet)



PokerStars Hand #237959268928:  Hold'em No Limit ($0.05/$0.10 USD) - 2022/08/12 23:23:41 PT [2022/08/13 2:23:41 ET]
Table 'Gerda III' 9-max Seat #7 is the button
Seat 2: Luigiams ($10.32 in chips) 
Seat 3: Spuds777 ($6.63 in chips) 
Seat 5: ezzzis ($15.51 in chips) 
Seat 6: glup828 ($6.87 in chips) 
Seat 7: Dorex2007 ($11.13 in chips) 
Seat 8: tateas ($5.14 in chips) 
Seat 9: Jamskulin ($13.63 in chips) 
tateas: posts small blind $0.05
Jamskulin: posts big blind $0.10
*** HOLE CARDS ***
Dealt to Dorex2007 [2c Qd]
Luigiams: folds 
Spuds777: folds 
ezzzis: folds 
glup828: calls $0.10
Dorex2007: folds 
tateas: folds 
Jamskulin: checks 
*** FLOP *** [6c 8s 5d]
Jamskulin: checks 
glup828: checks 
*** TURN *** [6c 8s 5d] [3h]
Jamskulin: checks 
glup828: checks 
*** RIVER *** [6c 8s 5d 3h] [2h]
Jamskulin: checks 
glup828: checks 
*** SHOW DOWN ***
Jamskulin: shows [Td 5c] (a pair of Fives)
glup828: mucks hand 
Jamskulin collected $0.24 from pot
*** SUMMARY ***
Total pot $0.25 | Rake $0.01 
Board [6c 8s 5d 3h 2h]
Seat 2: Luigiams folded before Flop (didn't bet)
Seat 3: Spuds777 folded before Flop (didn't bet)
Seat 5: ezzzis folded before Flop (didn't bet)
Seat 6: glup828 mucked [Tc Qh]
Seat 7: Dorex2007 (button) folded before Flop (didn't bet)
Seat 8: tateas (small blind) folded before Flop
Seat 9: Jamskulin (big blind) showed [Td 5c] and won ($0.24) with a pair of Fives



PokerStars Hand #237959275232:  Hold'em No Limit ($0.05/$0.10 USD) - 2022/08/12 23:24:35 PT [2022/08/13 2:24:35 ET]
Table 'Gerda III' 9-max Seat #8 is the button
Seat 2: Luigiams ($10.32 in chips) 
Seat 3: Spuds777 ($6.63 in chips) 
Seat 5: ezzzis ($15.51 in chips) 
Seat 6: glup828 ($6.77 in chips) 
Seat 7: Dorex2007 ($11.13 in chips) 
Seat 8: tateas ($5.09 in chips) 
Seat 9: Jamskulin ($13.77 in chips) 
Jamskulin: posts small blind $0.05
Luigiams: posts big blind $0.10
*** HOLE CARDS ***
Dealt to Dorex2007 [8d 3h]
Spuds777: folds 
ezzzis: folds 
glup828: folds 
Dorex2007: folds 
tateas: folds 
Jamskulin: raises $0.20 to $0.30
Spuds777 leaves the table
Luigiams: folds 
Uncalled bet ($0.20) returned to Jamskulin
Jamskulin collected $0.20 from pot
Jamskulin: doesn't show hand 
*** SUMMARY ***
Total pot $0.20 | Rake $0 
Seat 2: Luigiams (big blind) folded before Flop
Seat 3: Spuds777 folded before Flop (didn't bet)
Seat 5: ezzzis folded before Flop (didn't bet)
Seat 6: glup828 folded before Flop (didn't bet)
Seat 7: Dorex2007 folded before Flop (didn't bet)
Seat 8: tateas (button) folded before Flop (didn't bet)
Seat 9: Jamskulin (small blind) collected ($0.20)



PokerStars Hand #237959277199:  Hold'em No Limit ($0.05/$0.10 USD) - 2022/08/12 23:24:52 PT [2022/08/13 2:24:52 ET]
Table 'Gerda III' 9-max Seat #9 is the button
Seat 2: Luigiams ($10.22 in chips) 
Seat 5: ezzzis ($15.51 in chips) 
Seat 6: glup828 ($6.77 in chips) 
Seat 7: Dorex2007 ($11.13 in chips) 
Seat 8: tateas ($5.09 in chips) 
Seat 9: Jamskulin ($13.87 in chips) 
Luigiams: posts small blind $0.05
ezzzis: posts big blind $0.10
*** HOLE CARDS ***
Dealt to Dorex2007 [5c Kc]
glup828: calls $0.10
Dorex2007: folds 
tateas: folds 
Jamskulin: folds 
Luigiams: calls $0.05
Jamskulin leaves the table
ezzzis: checks 
*** FLOP *** [6h 8d 2s]
Luigiams: checks 
ezzzis: checks 
glup828: checks 
*** TURN *** [6h 8d 2s] [Qs]
Luigiams: bets $0.30
ezzzis: folds 
glup828: calls $0.30
*** RIVER *** [6h 8d 2s Qs] [Ah]
Luigiams: checks 
glup828: checks 
*** SHOW DOWN ***
Luigiams: shows [Js Qh] (a pair of Queens)
glup828: mucks hand 
Luigiams collected $0.86 from pot
*** SUMMARY ***
Total pot $0.90 | Rake $0.04 
Board [6h 8d 2s Qs Ah]
Seat 2: Luigiams (small blind) showed [Js Qh] and won ($0.86) with a pair of Queens
Seat 5: ezzzis (big blind) folded on the Turn
Seat 6: glup828 mucked [4s 5s]
Seat 7: Dorex2007 folded before Flop (didn't bet)
Seat 8: tateas folded before Flop (didn't bet)
Seat 9: Jamskulin (button) folded before Flop (didn't bet)



PokerStars Hand #237959283329:  Hold'em No Limit ($0.05/$0.10 USD) - 2022/08/12 23:25:45 PT [2022/08/13 2:25:45 ET]
Table 'Gerda III' 9-max Seat #2 is the button
Seat 2: Luigiams ($10.68 in chips) 
Seat 5: ezzzis ($15.41 in chips) 
Seat 6: glup828 ($6.37 in chips) 
Seat 7: Dorex2007 ($11.13 in chips) 
Seat 8: tateas ($5.09 in chips) 
ezzzis: posts small blind $0.05
glup828: posts big blind $0.10
*** HOLE CARDS ***
Dealt to Dorex2007 [Jh Qh]
Dorex2007: calls $0.10
tateas: calls $0.10
Luigiams: folds 
ezzzis: calls $0.05
glup828: checks 
*** FLOP *** [Kc Ks 7s]
shank72 leaves the table
ezzzis: checks 
glup828: checks 
Dorex2007: checks 
tateas: checks 
*** TURN *** [Kc Ks 7s] [Th]
ezzzis: checks 
glup828: bets $0.38
vkfls joins the table at seat #9 
Dorex2007: calls $0.38
tateas: folds 
ezzzis: folds 
*** RIVER *** [Kc Ks 7s Th] [6s]
glup828: checks 
Dorex2007: bets $0.74
glup828: calls $0.74
*** SHOW DOWN ***
Dorex2007: shows [Jh Qh] (a pair of Kings)
glup828: shows [7h Tc] (two pair, Kings and Tens)
glup828 collected $2.52 from pot
*** SUMMARY ***
Total pot $2.64 | Rake $0.12 
Board [Kc Ks 7s Th 6s]
Seat 2: Luigiams (button) folded before Flop (didn't bet)
Seat 5: ezzzis (small blind) folded on the Turn
Seat 6: glup828 (big blind) showed [7h Tc] and won ($2.52) with two pair, Kings and Tens
Seat 7: Dorex2007 showed [Jh Qh] and lost with a pair of Kings
Seat 8: tateas folded on the Turn



PokerStars Hand #237959293802:  Hold'em No Limit ($0.05/$0.10 USD) - 2022/08/12 23:27:17 PT [2022/08/13 2:27:17 ET]
Table 'Gerda III' 9-max Seat #5 is the button
Seat 2: Luigiams ($10.68 in chips) 
Seat 5: ezzzis ($15.31 in chips) 
Seat 6: glup828 ($7.67 in chips) 
Seat 7: Dorex2007 ($10 in chips) 
Seat 8: tateas ($4.99 in chips) 
glup828: posts small blind $0.05
Dorex2007: posts big blind $0.10
vkfls: sits out 
*** HOLE CARDS ***
Dealt to Dorex2007 [Qh 2c]
tateas: raises $0.20 to $0.30
Luigiams: folds 
ezzzis: folds 
glup828: folds 
Dorex2007: folds 
Uncalled bet ($0.20) returned to tateas
tateas collected $0.25 from pot
*** SUMMARY ***
Total pot $0.25 | Rake $0 
Seat 2: Luigiams folded before Flop (didn't bet)
Seat 5: ezzzis (button) folded before Flop (didn't bet)
Seat 6: glup828 (small blind) folded before Flop
Seat 7: Dorex2007 (big blind) folded before Flop
Seat 8: tateas collected ($0.25)



