PokerStars Hand #233903678232:  Hold'em No Limit ($0.01/$0.02 USD) - 2022/02/08 16:20:09 PT [2022/02/08 19:20:09 ET]
Table 'Belnika III' 9-max Seat #5 is the button
Seat 1: conradopneto ($8.30 in chips) 
Seat 2: DonD13 ($0.59 in chips) 
Seat 3: Dorex2007 ($2 in chips) 
Seat 4: patric0210 ($0.80 in chips) 
Seat 5: MXSbrr ($0.78 in chips) 
Seat 6: surbarun ($0.72 in chips) 
Seat 7: dzndanser ($1.71 in chips) 
Seat 8: felipe.se857 ($1.99 in chips) 
Seat 9: dlolo30 ($1.90 in chips) 
surbarun: posts small blind $0.01
dzndanser: posts big blind $0.02
Dorex2007: posts big blind $0.02
*** HOLE CARDS ***
Dealt to Dorex2007 [7c 5h]
felipe.se857: folds 
dlolo30: folds 
conradopneto: folds 
DonD13: folds 
Dorex2007: checks 
patric0210: folds 
MXSbrr: calls $0.02
surbarun: folds 
dzndanser: raises $0.04 to $0.06
Dorex2007: folds 
MXSbrr: calls $0.04
*** FLOP *** [Kc Tc Jd]
dzndanser: checks 
MXSbrr: bets $0.10
dzndanser: folds 
Uncalled bet ($0.10) returned to MXSbrr
MXSbrr collected $0.14 from pot
MXSbrr: doesn't show hand 
*** SUMMARY ***
Total pot $0.15 | Rake $0.01 
Board [Kc Tc Jd]
Seat 1: conradopneto folded before Flop (didn't bet)
Seat 2: DonD13 folded before Flop (didn't bet)
Seat 3: Dorex2007 folded before Flop (didn't bet)
Seat 4: patric0210 folded before Flop (didn't bet)
Seat 5: MXSbrr (button) collected ($0.14)
Seat 6: surbarun (small blind) folded before Flop
Seat 7: dzndanser (big blind) folded on the Flop
Seat 8: felipe.se857 folded before Flop (didn't bet)
Seat 9: dlolo30 folded before Flop (didn't bet)



PokerStars Hand #233903705368:  Hold'em No Limit ($0.01/$0.02 USD) - 2022/02/08 16:21:02 PT [2022/02/08 19:21:02 ET]
Table 'Belnika III' 9-max Seat #6 is the button
Seat 1: conradopneto ($8.30 in chips) 
Seat 2: DonD13 ($0.59 in chips) 
Seat 3: Dorex2007 ($2 in chips) 
Seat 4: patric0210 ($0.80 in chips) 
Seat 5: MXSbrr ($0.86 in chips) 
Seat 6: surbarun ($0.71 in chips) 
Seat 7: dzndanser ($1.65 in chips) 
Seat 8: felipe.se857 ($1.99 in chips) 
Seat 9: dlolo30 ($1.90 in chips) 
dzndanser: posts small blind $0.01
felipe.se857: posts big blind $0.02
*** HOLE CARDS ***
Dealt to Dorex2007 [9s 9c]
dlolo30: folds 
conradopneto: folds 
DonD13: folds 
Dorex2007: calls $0.02
patric0210: folds 
MXSbrr: calls $0.02
surbarun: calls $0.02
dzndanser: raises $0.04 to $0.06
felipe.se857: folds 
Dorex2007: calls $0.04
MXSbrr: calls $0.04
surbarun: calls $0.04
*** FLOP *** [4c Jh Td]
dzndanser: checks 
Dorex2007: checks 
MXSbrr: bets $0.08
surbarun: folds 
dzndanser: calls $0.08
Dorex2007: folds 
*** TURN *** [4c Jh Td] [5s]
dzndanser: checks 
MXSbrr: bets $0.16
dzndanser: folds 
Uncalled bet ($0.16) returned to MXSbrr
MXSbrr collected $0.41 from pot
MXSbrr: doesn't show hand 
*** SUMMARY ***
Total pot $0.42 | Rake $0.01 
Board [4c Jh Td 5s]
Seat 1: conradopneto folded before Flop (didn't bet)
Seat 2: DonD13 folded before Flop (didn't bet)
Seat 3: Dorex2007 folded on the Flop
Seat 4: patric0210 folded before Flop (didn't bet)
Seat 5: MXSbrr collected ($0.41)
Seat 6: surbarun (button) folded on the Flop
Seat 7: dzndanser (small blind) folded on the Turn
Seat 8: felipe.se857 (big blind) folded before Flop
Seat 9: dlolo30 folded before Flop (didn't bet)



PokerStars Hand #233903735132:  Hold'em No Limit ($0.01/$0.02 USD) - 2022/02/08 16:22:31 PT [2022/02/08 19:22:31 ET]
Table 'Belnika III' 9-max Seat #7 is the button
Seat 1: conradopneto ($8.30 in chips) 
Seat 2: DonD13 ($0.59 in chips) 
Seat 3: Dorex2007 ($2 in chips) 
Seat 4: patric0210 ($0.80 in chips) 
Seat 5: MXSbrr ($1.13 in chips) 
Seat 6: surbarun ($0.65 in chips) 
Seat 7: dzndanser ($1.51 in chips) 
Seat 8: felipe.se857 ($1.97 in chips) 
Seat 9: dlolo30 ($1.90 in chips) 
felipe.se857: posts small blind $0.01
dlolo30: posts big blind $0.02
*** HOLE CARDS ***
Dealt to Dorex2007 [6d 7h]
conradopneto has timed out
conradopneto: folds 
DonD13 has timed out
DonD13: folds 
Dorex2007: folds 
patric0210: folds 
MXSbrr: calls $0.02
surbarun: folds 
dzndanser: raises $0.04 to $0.06
felipe.se857: calls $0.05
dlolo30: folds 
MXSbrr: calls $0.04
*** FLOP *** [Qd 7d Kh]
felipe.se857: checks 
MXSbrr: checks 
dzndanser: bets $0.10
felipe.se857: folds 
MXSbrr: calls $0.10
*** TURN *** [Qd 7d Kh] [As]
MXSbrr: bets $0.20
dzndanser: folds 
Uncalled bet ($0.20) returned to MXSbrr
MXSbrr collected $0.39 from pot
MXSbrr: doesn't show hand 
*** SUMMARY ***
Total pot $0.40 | Rake $0.01 
Board [Qd 7d Kh As]
Seat 1: conradopneto folded before Flop (didn't bet)
Seat 2: DonD13 folded before Flop (didn't bet)
Seat 3: Dorex2007 folded before Flop (didn't bet)
Seat 4: patric0210 folded before Flop (didn't bet)
Seat 5: MXSbrr collected ($0.39)
Seat 6: surbarun folded before Flop (didn't bet)
Seat 7: dzndanser (button) folded on the Turn
Seat 8: felipe.se857 (small blind) folded on the Flop
Seat 9: dlolo30 (big blind) folded before Flop



PokerStars Hand #233903760925:  Hold'em No Limit ($0.01/$0.02 USD) - 2022/02/08 16:23:34 PT [2022/02/08 19:23:34 ET]
Table 'Belnika III' 9-max Seat #8 is the button
Seat 1: conradopneto ($8.30 in chips) 
Seat 2: DonD13 ($0.59 in chips) 
Seat 3: Dorex2007 ($2 in chips) 
Seat 4: patric0210 ($0.80 in chips) 
Seat 5: MXSbrr ($1.36 in chips) 
Seat 6: surbarun ($0.65 in chips) 
Seat 7: dzndanser ($1.35 in chips) 
Seat 8: felipe.se857 ($1.91 in chips) 
Seat 9: dlolo30 ($1.88 in chips) 
dlolo30: posts small blind $0.01
conradopneto: posts big blind $0.02
*** HOLE CARDS ***
Dealt to Dorex2007 [3h 5c]
DonD13: folds 
DonD13 leaves the table
Dorex2007: folds 
patric0210: folds 
MXSbrr: folds 
surbarun: raises $0.02 to $0.04
dzndanser: raises $0.02 to $0.06
felipe.se857: calls $0.06
dlolo30: folds 
conradopneto: folds 
krome20 joins the table at seat #2 
surbarun: calls $0.02
*** FLOP *** [Ts 4c Qc]
surbarun: checks 
dzndanser: checks 
felipe.se857: bets $0.20
surbarun: raises $0.39 to $0.59 and is all-in
dzndanser: folds 
felipe.se857: folds 
Uncalled bet ($0.39) returned to surbarun
surbarun collected $0.59 from pot
surbarun: doesn't show hand 
*** SUMMARY ***
Total pot $0.61 | Rake $0.02 
Board [Ts 4c Qc]
Seat 1: conradopneto (big blind) folded before Flop
Seat 2: DonD13 folded before Flop (didn't bet)
Seat 3: Dorex2007 folded before Flop (didn't bet)
Seat 4: patric0210 folded before Flop (didn't bet)
Seat 5: MXSbrr folded before Flop (didn't bet)
Seat 6: surbarun collected ($0.59)
Seat 7: dzndanser folded on the Flop
Seat 8: felipe.se857 (button) folded on the Flop
Seat 9: dlolo30 (small blind) folded before Flop



PokerStars Hand #233903780127:  Hold'em No Limit ($0.01/$0.02 USD) - 2022/02/08 16:24:30 PT [2022/02/08 19:24:30 ET]
Table 'Belnika III' 9-max Seat #9 is the button
Seat 1: conradopneto ($8.28 in chips) 
Seat 2: krome20 ($2 in chips) 
Seat 3: Dorex2007 ($2 in chips) 
Seat 4: patric0210 ($0.80 in chips) 
Seat 5: MXSbrr ($1.36 in chips) 
Seat 6: surbarun ($0.98 in chips) 
Seat 7: dzndanser ($1.29 in chips) 
Seat 8: felipe.se857 ($1.65 in chips) 
Seat 9: dlolo30 ($1.87 in chips) 
conradopneto: posts small blind $0.01
krome20: posts big blind $0.02
*** HOLE CARDS ***
Dealt to Dorex2007 [5c Qs]
Dorex2007: folds 
patric0210: folds 
MXSbrr: calls $0.02
surbarun: folds 
dzndanser: folds 
felipe.se857: raises $0.02 to $0.04
dlolo30: folds 
conradopneto: calls $0.03
krome20: folds 
MXSbrr: calls $0.02
*** FLOP *** [Ah 4h 8h]
conradopneto: bets $0.06
MXSbrr: raises $0.06 to $0.12
felipe.se857: calls $0.12
conradopneto: calls $0.06
*** TURN *** [Ah 4h 8h] [6h]
conradopneto: checks 
MXSbrr: bets $0.12
felipe.se857: calls $0.12
conradopneto: folds 
*** RIVER *** [Ah 4h 8h 6h] [2h]
MXSbrr: bets $0.22
felipe.se857: raises $1.15 to $1.37 and is all-in
MXSbrr: calls $0.86 and is all-in
Uncalled bet ($0.29) returned to felipe.se857
*** SHOW DOWN ***
felipe.se857: shows [3d 3h] (a flush, Ace high)
MXSbrr: shows [5h 7h] (a straight flush, Four to Eight)
MXSbrr collected $2.80 from pot
*** SUMMARY ***
Total pot $2.90 | Rake $0.10 
Board [Ah 4h 8h 6h 2h]
Seat 1: conradopneto (small blind) folded on the Turn
Seat 2: krome20 (big blind) folded before Flop
Seat 3: Dorex2007 folded before Flop (didn't bet)
Seat 4: patric0210 folded before Flop (didn't bet)
Seat 5: MXSbrr showed [5h 7h] and won ($2.80) with a straight flush, Four to Eight
Seat 6: surbarun folded before Flop (didn't bet)
Seat 7: dzndanser folded before Flop (didn't bet)
Seat 8: felipe.se857 showed [3d 3h] and lost with a flush, Ace high
Seat 9: dlolo30 (button) folded before Flop (didn't bet)



PokerStars Hand #233903806828:  Hold'em No Limit ($0.01/$0.02 USD) - 2022/02/08 16:25:49 PT [2022/02/08 19:25:49 ET]
Table 'Belnika III' 9-max Seat #1 is the button
Seat 1: conradopneto ($8.12 in chips) 
Seat 2: krome20 ($2 in chips) 
Seat 3: Dorex2007 ($2 in chips) 
Seat 4: patric0210 ($0.80 in chips) 
Seat 5: MXSbrr ($2.80 in chips) 
Seat 6: surbarun ($0.98 in chips) 
Seat 7: dzndanser ($1.29 in chips) 
Seat 8: felipe.se857 ($0.29 in chips) 
Seat 9: dlolo30 ($1.87 in chips) 
krome20: posts small blind $0.01
Dorex2007: posts big blind $0.02
*** HOLE CARDS ***
Dealt to Dorex2007 [Kd 5s]
patric0210: folds 
MXSbrr: folds 
surbarun: folds 
dzndanser: raises $0.04 to $0.06
felipe.se857 has timed out
felipe.se857: folds 
dlolo30: folds 
conradopneto: calls $0.06
krome20: folds 
Dorex2007: folds 
*** FLOP *** [4c 2d 7c]
dzndanser: checks 
conradopneto: checks 
*** TURN *** [4c 2d 7c] [5c]
dzndanser: checks 
conradopneto: checks 
*** RIVER *** [4c 2d 7c 5c] [4s]
dzndanser: checks 
conradopneto: checks 
*** SHOW DOWN ***
dzndanser: shows [Td 8c] (a pair of Fours)
conradopneto: shows [8h Th] (a pair of Fours)
dzndanser collected $0.07 from pot
conradopneto collected $0.07 from pot
*** SUMMARY ***
Total pot $0.15 | Rake $0.01 
Board [4c 2d 7c 5c 4s]
Seat 1: conradopneto (button) showed [8h Th] and won ($0.07) with a pair of Fours
Seat 2: krome20 (small blind) folded before Flop
Seat 3: Dorex2007 (big blind) folded before Flop
Seat 4: patric0210 folded before Flop (didn't bet)
Seat 5: MXSbrr folded before Flop (didn't bet)
Seat 6: surbarun folded before Flop (didn't bet)
Seat 7: dzndanser showed [Td 8c] and won ($0.07) with a pair of Fours
Seat 8: felipe.se857 folded before Flop (didn't bet)
Seat 9: dlolo30 folded before Flop (didn't bet)



PokerStars Hand #233903836294:  Hold'em No Limit ($0.01/$0.02 USD) - 2022/02/08 16:27:09 PT [2022/02/08 19:27:09 ET]
Table 'Belnika III' 9-max Seat #2 is the button
Seat 1: conradopneto ($8.13 in chips) 
Seat 2: krome20 ($2 in chips) 
Seat 3: Dorex2007 ($2 in chips) 
Seat 4: patric0210 ($0.80 in chips) 
Seat 5: MXSbrr ($2.80 in chips) 
Seat 6: surbarun ($0.98 in chips) 
Seat 7: dzndanser ($1.30 in chips) 
Seat 9: dlolo30 ($1.87 in chips) 
Dorex2007: posts small blind $0.01
patric0210: posts big blind $0.02
*** HOLE CARDS ***
Dealt to Dorex2007 [8d 6h]
MXSbrr: folds 
surbarun: folds 
dzndanser: raises $0.06 to $0.08
dlolo30: folds 
conradopneto: calls $0.08
krome20: folds 
Dorex2007: folds 
patric0210: folds 
*** FLOP *** [7c Kd 3d]
dzndanser: checks 
conradopneto: bets $0.06
dzndanser: raises $0.12 to $0.18
conradopneto: calls $0.12
*** TURN *** [7c Kd 3d] [Qd]
dzndanser: checks 
conradopneto: bets $0.06
dzndanser: calls $0.06
*** RIVER *** [7c Kd 3d Qd] [8s]
dzndanser: checks 
conradopneto: bets $0.33
dzndanser: calls $0.33
*** SHOW DOWN ***
conradopneto: shows [6d 7d] (a flush, King high)
dzndanser: mucks hand 
conradopneto collected $1.28 from pot
*** SUMMARY ***
Total pot $1.33 | Rake $0.05 
Board [7c Kd 3d Qd 8s]
Seat 1: conradopneto showed [6d 7d] and won ($1.28) with a flush, King high
Seat 2: krome20 (button) folded before Flop (didn't bet)
Seat 3: Dorex2007 (small blind) folded before Flop
Seat 4: patric0210 (big blind) folded before Flop
Seat 5: MXSbrr folded before Flop (didn't bet)
Seat 6: surbarun folded before Flop (didn't bet)
Seat 7: dzndanser mucked [Kh Jh]
Seat 9: dlolo30 folded before Flop (didn't bet)



PokerStars Hand #233903882014:  Hold'em No Limit ($0.01/$0.02 USD) - 2022/02/08 16:29:25 PT [2022/02/08 19:29:25 ET]
Table 'Belnika III' 9-max Seat #3 is the button
Seat 1: conradopneto ($8.76 in chips) 
Seat 2: krome20 ($2 in chips) 
Seat 3: Dorex2007 ($2 in chips) 
Seat 4: patric0210 ($0.78 in chips) 
Seat 5: MXSbrr ($2.80 in chips) 
Seat 6: surbarun ($0.98 in chips) 
Seat 7: dzndanser ($0.65 in chips) 
Seat 8: felipe.se857 ($0.29 in chips) 
Seat 9: dlolo30 ($1.87 in chips) 
patric0210: posts small blind $0.01
MXSbrr: posts big blind $0.02
*** HOLE CARDS ***
Dealt to Dorex2007 [9c 8s]
surbarun: folds 
dzndanser: raises $0.04 to $0.06
felipe.se857: calls $0.06
dlolo30: calls $0.06
conradopneto: calls $0.06
krome20: folds 
Dorex2007: folds 
patric0210: folds 
MXSbrr: calls $0.04
*** FLOP *** [3d 6h 5h]
MXSbrr: checks 
dzndanser: bets $0.15
felipe.se857: raises $0.08 to $0.23 and is all-in
dlolo30: calls $0.23
conradopneto: folds 
MXSbrr: folds 
dzndanser: calls $0.08
*** TURN *** [3d 6h 5h] [Tc]
dzndanser: bets $0.36 and is all-in
dlolo30: calls $0.36
*** RIVER *** [3d 6h 5h Tc] [2h]
*** SHOW DOWN ***
dzndanser: shows [6d 5c] (two pair, Sixes and Fives)
dlolo30: shows [Kh Qh] (a flush, King high)
dlolo30 collected $0.70 from side pot
felipe.se857: shows [Ah 2s] (a pair of Deuces)
dlolo30 collected $0.96 from main pot
felipe.se857 cashed out the hand for $0.07
*** SUMMARY ***
Total pot $1.72 Main pot $0.96. Side pot $0.70. | Rake $0.06 
Board [3d 6h 5h Tc 2h]
Seat 1: conradopneto folded on the Flop
Seat 2: krome20 folded before Flop (didn't bet)
Seat 3: Dorex2007 (button) folded before Flop (didn't bet)
Seat 4: patric0210 (small blind) folded before Flop
Seat 5: MXSbrr (big blind) folded on the Flop
Seat 6: surbarun folded before Flop (didn't bet)
Seat 7: dzndanser showed [6d 5c] and lost with two pair, Sixes and Fives
Seat 8: felipe.se857 showed [Ah 2s] and lost with a pair of Deuces (cashed out).
Seat 9: dlolo30 showed [Kh Qh] and won ($1.66) with a flush, King high



PokerStars Hand #233903906933:  Hold'em No Limit ($0.01/$0.02 USD) - 2022/02/08 16:30:39 PT [2022/02/08 19:30:39 ET]
Table 'Belnika III' 9-max Seat #4 is the button
Seat 1: conradopneto ($8.70 in chips) 
Seat 2: krome20 ($2 in chips) 
Seat 3: Dorex2007 ($2 in chips) 
Seat 4: patric0210 ($0.77 in chips) 
Seat 5: MXSbrr ($2.74 in chips) 
Seat 8: felipe.se857 ($0.07 in chips) 
Seat 9: dlolo30 ($2.88 in chips) 
MXSbrr: posts small blind $0.01
surbarun: is sitting out 
felipe.se857: posts big blind $0.02
*** HOLE CARDS ***
Dealt to Dorex2007 [5c 2h]
dlolo30: folds 
dzndanser leaves the table
conradopneto: folds 
krome20: folds 
Dorex2007: folds 
surbarun leaves the table
patric0210: raises $0.04 to $0.06
MXSbrr: folds 
felipe.se857: raises $0.01 to $0.07 and is all-in
patric0210: calls $0.01
felipe.se857 has timed out
*** FLOP *** [Jc Th Jd]
*** TURN *** [Jc Th Jd] [9s]
*** RIVER *** [Jc Th Jd 9s] [9c]
*** SHOW DOWN ***
felipe.se857: shows [Tc Ah] (two pair, Jacks and Tens)
patric0210: shows [Kc Ts] (two pair, Jacks and Tens - lower kicker)
felipe.se857 collected $0.14 from pot
*** SUMMARY ***
Total pot $0.15 | Rake $0.01 
Board [Jc Th Jd 9s 9c]
Seat 1: conradopneto folded before Flop (didn't bet)
Seat 2: krome20 folded before Flop (didn't bet)
Seat 3: Dorex2007 folded before Flop (didn't bet)
Seat 4: patric0210 (button) showed [Kc Ts] and lost with two pair, Jacks and Tens
Seat 5: MXSbrr (small blind) folded before Flop
Seat 8: felipe.se857 (big blind) showed [Tc Ah] and won ($0.14) with two pair, Jacks and Tens
Seat 9: dlolo30 folded before Flop (didn't bet)



PokerStars Hand #233903925190:  Hold'em No Limit ($0.01/$0.02 USD) - 2022/02/08 16:31:34 PT [2022/02/08 19:31:34 ET]
Table 'Belnika III' 9-max Seat #5 is the button
Seat 1: conradopneto ($8.70 in chips) 
Seat 2: krome20 ($2 in chips) 
Seat 3: Dorex2007 ($2 in chips) 
Seat 4: patric0210 ($0.70 in chips) 
Seat 5: MXSbrr ($2.73 in chips) 
Seat 8: felipe.se857 ($0.14 in chips) 
Seat 9: dlolo30 ($2.88 in chips) 
felipe.se857: posts small blind $0.01
dlolo30: posts big blind $0.02
*** HOLE CARDS ***
Dealt to Dorex2007 [Js 3s]
conradopneto has timed out
conradopneto: folds 
krome20: folds 
Dorex2007: folds 
patric0210: folds 
MXSbrr: calls $0.02
felipe.se857: raises $0.12 to $0.14 and is all-in
dlolo30: folds 
MXSbrr: calls $0.12
felipe.se857 has timed out
*** FLOP *** [Ad 6d 8c]
*** TURN *** [Ad 6d 8c] [Ah]
*** RIVER *** [Ad 6d 8c Ah] [6s]
*** SHOW DOWN ***
felipe.se857: shows [2d Jd] (two pair, Aces and Sixes)
MXSbrr: shows [Td Jh] (two pair, Aces and Sixes)
felipe.se857 collected $0.15 from pot
MXSbrr collected $0.14 from pot
*** SUMMARY ***
Total pot $0.30 | Rake $0.01 
Board [Ad 6d 8c Ah 6s]
Seat 1: conradopneto folded before Flop (didn't bet)
Seat 2: krome20 folded before Flop (didn't bet)
Seat 3: Dorex2007 folded before Flop (didn't bet)
Seat 4: patric0210 folded before Flop (didn't bet)
Seat 5: MXSbrr (button) showed [Td Jh] and won ($0.14) with two pair, Aces and Sixes
Seat 8: felipe.se857 (small blind) showed [2d Jd] and won ($0.15) with two pair, Aces and Sixes
Seat 9: dlolo30 (big blind) folded before Flop



PokerStars Hand #233903940485:  Hold'em No Limit ($0.01/$0.02 USD) - 2022/02/08 16:32:16 PT [2022/02/08 19:32:16 ET]
Table 'Belnika III' 9-max Seat #8 is the button
Seat 2: krome20 ($2 in chips) 
Seat 3: Dorex2007 ($2 in chips) 
Seat 4: patric0210 ($0.80 in chips) 
Seat 5: MXSbrr ($2.73 in chips) 
Seat 8: felipe.se857 ($0.15 in chips) 
Seat 9: dlolo30 ($2.86 in chips) 
dlolo30: posts small blind $0.01
krome20: posts big blind $0.02
*** HOLE CARDS ***
Dealt to Dorex2007 [9d 3c]
Dorex2007: folds 
patric0210: folds 
MXSbrr: calls $0.02
felipe.se857 has timed out
felipe.se857: folds 
dlolo30: raises $0.08 to $0.10
krome20: folds 
MXSbrr: calls $0.08
*** FLOP *** [4h 7d Kd]
binhoscray joins the table at seat #6 
dlolo30: bets $0.14
MXSbrr: folds 
Uncalled bet ($0.14) returned to dlolo30
dlolo30 collected $0.21 from pot
*** SUMMARY ***
Total pot $0.22 | Rake $0.01 
Board [4h 7d Kd]
Seat 2: krome20 (big blind) folded before Flop
Seat 3: Dorex2007 folded before Flop (didn't bet)
Seat 4: patric0210 folded before Flop (didn't bet)
Seat 5: MXSbrr folded on the Flop
Seat 8: felipe.se857 (button) folded before Flop (didn't bet)
Seat 9: dlolo30 (small blind) collected ($0.21)



PokerStars Hand #233903954814:  Hold'em No Limit ($0.01/$0.02 USD) - 2022/02/08 16:32:59 PT [2022/02/08 19:32:59 ET]
Table 'Belnika III' 9-max Seat #9 is the button
Seat 2: krome20 ($2 in chips) 
Seat 3: Dorex2007 ($2 in chips) 
Seat 4: patric0210 ($0.80 in chips) 
Seat 5: MXSbrr ($2.63 in chips) 
Seat 6: binhoscray ($1.08 in chips) 
Seat 8: felipe.se857 ($0.15 in chips) 
Seat 9: dlolo30 ($2.97 in chips) 
krome20: posts small blind $0.01
Dorex2007: posts big blind $0.02
binhoscray: posts big blind $0.02
*** HOLE CARDS ***
Dealt to Dorex2007 [As 6h]
patric0210: folds 
MXSbrr: folds 
binhoscray: checks 
MXSbrr leaves the table
felipe.se857 has timed out
felipe.se857: folds 
dlolo30: folds 
krome20: folds 
Dorex2007: checks 
*** FLOP *** [7d 2s Ah]
Dorex2007: checks 
binhoscray: bets $0.04
Dorex2007: calls $0.04
*** TURN *** [7d 2s Ah] [Kd]
Dorex2007: checks 
binhoscray: checks 
*** RIVER *** [7d 2s Ah Kd] [5h]
Dorex2007: bets $0.07
binhoscray: folds 
Uncalled bet ($0.07) returned to Dorex2007
Dorex2007 collected $0.13 from pot
Dorex2007: doesn't show hand 
*** SUMMARY ***
Total pot $0.13 | Rake $0 
Board [7d 2s Ah Kd 5h]
Seat 2: krome20 (small blind) folded before Flop
Seat 3: Dorex2007 (big blind) collected ($0.13)
Seat 4: patric0210 folded before Flop (didn't bet)
Seat 5: MXSbrr folded before Flop (didn't bet)
Seat 6: binhoscray folded on the River
Seat 8: felipe.se857 folded before Flop (didn't bet)
Seat 9: dlolo30 (button) folded before Flop (didn't bet)



PokerStars Hand #233903974344:  Hold'em No Limit ($0.01/$0.02 USD) - 2022/02/08 16:33:58 PT [2022/02/08 19:33:58 ET]
Table 'Belnika III' 9-max Seat #2 is the button
Seat 1: conradopneto ($8.70 in chips) 
Seat 2: krome20 ($2 in chips) 
Seat 3: Dorex2007 ($2.07 in chips) 
Seat 4: patric0210 ($0.80 in chips) 
Seat 6: binhoscray ($1.02 in chips) 
Seat 8: felipe.se857 ($0.15 in chips) 
Seat 9: dlolo30 ($2.97 in chips) 
Dorex2007: posts small blind $0.01
patric0210: posts big blind $0.02
conradopneto: posts small & big blinds $0.03
*** HOLE CARDS ***
Dealt to Dorex2007 [2c Ac]
binhoscray: calls $0.02
felipe.se857: raises $0.02 to $0.04
dlolo30: folds 
conradopneto: calls $0.02
krome20: folds 
Dorex2007: calls $0.03
patric0210: folds 
binhoscray: calls $0.02
*** FLOP *** [8c Jc Qh]
Dorex2007: checks 
binhoscray: checks 
felipe.se857: bets $0.11 and is all-in
conradopneto: folds 
Dorex2007: calls $0.11
ARKAINIUM joins the table at seat #7 
binhoscray: folds 
*** TURN *** [8c Jc Qh] [4s]
*** RIVER *** [8c Jc Qh 4s] [5c]
*** SHOW DOWN ***
Dorex2007: shows [2c Ac] (a flush, Ace high)
felipe.se857: shows [6d Qs] (a pair of Queens)
Dorex2007 collected $0.40 from pot
*** SUMMARY ***
Total pot $0.41 | Rake $0.01 
Board [8c Jc Qh 4s 5c]
Seat 1: conradopneto folded on the Flop
Seat 2: krome20 (button) folded before Flop (didn't bet)
Seat 3: Dorex2007 (small blind) showed [2c Ac] and won ($0.40) with a flush, Ace high
Seat 4: patric0210 (big blind) folded before Flop
Seat 6: binhoscray folded on the Flop
Seat 8: felipe.se857 showed [6d Qs] and lost with a pair of Queens
Seat 9: dlolo30 folded before Flop (didn't bet)



PokerStars Hand #233904000579:  Hold'em No Limit ($0.01/$0.02 USD) - 2022/02/08 16:35:14 PT [2022/02/08 19:35:14 ET]
Table 'Belnika III' 9-max Seat #3 is the button
Seat 1: conradopneto ($8.65 in chips) 
Seat 2: krome20 ($2 in chips) 
Seat 3: Dorex2007 ($2.32 in chips) 
Seat 4: patric0210 ($0.78 in chips) 
Seat 6: binhoscray ($0.98 in chips) 
Seat 7: ARKAINIUM ($2 in chips) 
Seat 9: dlolo30 ($2.97 in chips) 
patric0210: posts small blind $0.01
binhoscray: posts big blind $0.02
ARKAINIUM: posts big blind $0.02
*** HOLE CARDS ***
Dealt to Dorex2007 [9h 9d]
ARKAINIUM: checks 
dlolo30: folds 
conradopneto: calls $0.02
krome20: folds 
Dorex2007: calls $0.02
surbarun joins the table at seat #5 
patric0210: calls $0.01
binhoscray: checks 
*** FLOP *** [4d 2h 7c]
patric0210: checks 
binhoscray: checks 
ARKAINIUM: bets $0.36
conradopneto: folds 
Dorex2007: folds 
patric0210: folds 
binhoscray: folds 
Uncalled bet ($0.36) returned to ARKAINIUM
ARKAINIUM collected $0.10 from pot
ARKAINIUM: doesn't show hand 
*** SUMMARY ***
Total pot $0.10 | Rake $0 
Board [4d 2h 7c]
Seat 1: conradopneto folded on the Flop
Seat 2: krome20 folded before Flop (didn't bet)
Seat 3: Dorex2007 (button) folded on the Flop
Seat 4: patric0210 (small blind) folded on the Flop
Seat 6: binhoscray (big blind) folded on the Flop
Seat 7: ARKAINIUM collected ($0.10)
Seat 9: dlolo30 folded before Flop (didn't bet)



PokerStars Hand #233904014912:  Hold'em No Limit ($0.01/$0.02 USD) - 2022/02/08 16:35:57 PT [2022/02/08 19:35:57 ET]
Table 'Belnika III' 9-max Seat #4 is the button
Seat 1: conradopneto ($8.63 in chips) 
Seat 2: krome20 ($2 in chips) 
Seat 3: Dorex2007 ($2.30 in chips) 
Seat 4: patric0210 ($0.76 in chips) 
Seat 6: binhoscray ($0.96 in chips) 
Seat 7: ARKAINIUM ($2.08 in chips) 
Seat 8: felipe.se857 ($2 in chips) 
Seat 9: dlolo30 ($2.97 in chips) 
binhoscray: posts small blind $0.01
ARKAINIUM: posts big blind $0.02
*** HOLE CARDS ***
Dealt to Dorex2007 [Ac 3s]
felipe.se857: raises $0.02 to $0.04
dlolo30: folds 
conradopneto: calls $0.04
krome20: folds 
Dorex2007: folds 
patric0210: folds 
binhoscray: raises $0.08 to $0.12
ARKAINIUM: folds 
felipe.se857: calls $0.08
conradopneto: calls $0.08
*** FLOP *** [2c 5s 4c]
binhoscray: bets $0.21
felipe.se857: folds 
conradopneto: folds 
Uncalled bet ($0.21) returned to binhoscray
binhoscray collected $0.37 from pot
binhoscray: doesn't show hand 
*** SUMMARY ***
Total pot $0.38 | Rake $0.01 
Board [2c 5s 4c]
Seat 1: conradopneto folded on the Flop
Seat 2: krome20 folded before Flop (didn't bet)
Seat 3: Dorex2007 folded before Flop (didn't bet)
Seat 4: patric0210 (button) folded before Flop (didn't bet)
Seat 6: binhoscray (small blind) collected ($0.37)
Seat 7: ARKAINIUM (big blind) folded before Flop
Seat 8: felipe.se857 folded on the Flop
Seat 9: dlolo30 folded before Flop (didn't bet)



PokerStars Hand #233904030707:  Hold'em No Limit ($0.01/$0.02 USD) - 2022/02/08 16:36:45 PT [2022/02/08 19:36:45 ET]
Table 'Belnika III' 9-max Seat #6 is the button
Seat 1: conradopneto ($8.51 in chips) 
Seat 2: krome20 ($2 in chips) 
Seat 3: Dorex2007 ($2.30 in chips) 
Seat 4: patric0210 ($0.76 in chips) 
Seat 6: binhoscray ($1.21 in chips) 
Seat 7: ARKAINIUM ($2.06 in chips) 
Seat 8: felipe.se857 ($1.88 in chips) 
Seat 9: dlolo30 ($2.97 in chips) 
ARKAINIUM: posts small blind $0.01
felipe.se857: posts big blind $0.02
surbarun: sits out 
*** HOLE CARDS ***
Dealt to Dorex2007 [Qs 4h]
dlolo30: folds 
conradopneto: calls $0.02
krome20: folds 
Dorex2007: folds 
patric0210: folds 
binhoscray: folds 
ARKAINIUM: calls $0.01
felipe.se857: raises $0.02 to $0.04
conradopneto: calls $0.02
ARKAINIUM: calls $0.02
*** FLOP *** [2c Tc 5h]
ARKAINIUM: checks 
felipe.se857: bets $0.12
binhoscray is disconnected 
conradopneto: folds 
ARKAINIUM: raises $0.12 to $0.24
felipe.se857: calls $0.12
*** TURN *** [2c Tc 5h] [9h]
ARKAINIUM: bets $0.60
felipe.se857: raises $1 to $1.60 and is all-in
ARKAINIUM: calls $1
*** RIVER *** [2c Tc 5h 9h] [6s]
*** SHOW DOWN ***
ARKAINIUM: shows [Ts 5s] (two pair, Tens and Fives)
felipe.se857: shows [Td Qh] (a pair of Tens)
ARKAINIUM collected $3.67 from pot
*** SUMMARY ***
Total pot $3.80 | Rake $0.13 
Board [2c Tc 5h 9h 6s]
Seat 1: conradopneto folded on the Flop
Seat 2: krome20 folded before Flop (didn't bet)
Seat 3: Dorex2007 folded before Flop (didn't bet)
Seat 4: patric0210 folded before Flop (didn't bet)
Seat 6: binhoscray (button) folded before Flop (didn't bet)
Seat 7: ARKAINIUM (small blind) showed [Ts 5s] and won ($3.67) with two pair, Tens and Fives
Seat 8: felipe.se857 (big blind) showed [Td Qh] and lost with a pair of Tens
Seat 9: dlolo30 folded before Flop (didn't bet)



PokerStars Hand #233904064543:  Hold'em No Limit ($0.01/$0.02 USD) - 2022/02/08 16:37:59 PT [2022/02/08 19:37:59 ET]
Table 'Belnika III' 9-max Seat #7 is the button
Seat 1: conradopneto ($8.47 in chips) 
Seat 2: krome20 ($2 in chips) 
Seat 3: Dorex2007 ($2.30 in chips) 
Seat 4: patric0210 ($0.76 in chips) 
Seat 6: binhoscray ($1.21 in chips) 
Seat 7: ARKAINIUM ($3.85 in chips) 
Seat 9: dlolo30 ($2.97 in chips) 
dlolo30: posts small blind $0.01
conradopneto: posts big blind $0.02
surbarun: sits out 
*** HOLE CARDS ***
Dealt to Dorex2007 [As 4c]
krome20: folds 
Dorex2007: folds 
patric0210: folds 
binhoscray has timed out while disconnected
binhoscray: folds 
ARKAINIUM: calls $0.02
dlolo30: calls $0.01
conradopneto: checks 
*** FLOP *** [3c 8h Jc]
dlolo30: checks 
conradopneto: checks 
ARKAINIUM: checks 
*** TURN *** [3c 8h Jc] [Qd]
dlolo30: checks 
conradopneto: checks 
ARKAINIUM: checks 
*** RIVER *** [3c 8h Jc Qd] [9d]
dlolo30: checks 
conradopneto: checks 
ARKAINIUM: checks 
*** SHOW DOWN ***
dlolo30: shows [6c 7h] (high card Queen)
conradopneto: mucks hand 
ARKAINIUM: shows [Ks 7s] (high card King)
ARKAINIUM collected $0.06 from pot
*** SUMMARY ***
Total pot $0.06 | Rake $0 
Board [3c 8h Jc Qd 9d]
Seat 1: conradopneto (big blind) mucked [6d 5s]
Seat 2: krome20 folded before Flop (didn't bet)
Seat 3: Dorex2007 folded before Flop (didn't bet)
Seat 4: patric0210 folded before Flop (didn't bet)
Seat 6: binhoscray folded before Flop (didn't bet)
Seat 7: ARKAINIUM (button) showed [Ks 7s] and won ($0.06) with high card King
Seat 9: dlolo30 (small blind) showed [6c 7h] and lost with high card Queen



PokerStars Hand #233904078763:  Hold'em No Limit ($0.01/$0.02 USD) - 2022/02/08 16:38:43 PT [2022/02/08 19:38:43 ET]
Table 'Belnika III' 9-max Seat #9 is the button
Seat 1: conradopneto ($8.45 in chips) 
Seat 2: krome20 ($2 in chips) 
Seat 3: Dorex2007 ($2.30 in chips) 
Seat 4: patric0210 ($0.76 in chips) 
Seat 6: binhoscray ($1.21 in chips) 
Seat 7: ARKAINIUM ($3.89 in chips) 
Seat 8: felipe.se857 ($2 in chips) 
Seat 9: dlolo30 ($2.95 in chips) 
conradopneto: posts small blind $0.01
krome20: posts big blind $0.02
surbarun: sits out 
felipe.se857: posts small blind $0.01
*** HOLE CARDS ***
Dealt to Dorex2007 [Ts 6s]
Dorex2007: folds 
patric0210: folds 
binhoscray: folds 
ARKAINIUM: calls $0.02
felipe.se857 has timed out
felipe.se857: folds 
dlolo30: calls $0.02
conradopneto: calls $0.01
krome20: checks 
*** FLOP *** [9s 2s 2d]
conradopneto: checks 
krome20: checks 
ARKAINIUM: checks 
dlolo30: bets $0.06
conradopneto: calls $0.06
krome20: folds 
ARKAINIUM: folds 
*** TURN *** [9s 2s 2d] [8c]
conradopneto: checks 
dlolo30: bets $0.02
conradopneto: calls $0.02
*** RIVER *** [9s 2s 2d 8c] [2h]
conradopneto: bets $0.06
dlolo30: calls $0.06
*** SHOW DOWN ***
conradopneto: shows [9c Ad] (a full house, Deuces full of Nines)
dlolo30: shows [Jh 9h] (a full house, Deuces full of Nines)
conradopneto collected $0.18 from pot
dlolo30 collected $0.18 from pot
*** SUMMARY ***
Total pot $0.37 | Rake $0.01 
Board [9s 2s 2d 8c 2h]
Seat 1: conradopneto (small blind) showed [9c Ad] and won ($0.18) with a full house, Deuces full of Nines
Seat 2: krome20 (big blind) folded on the Flop
Seat 3: Dorex2007 folded before Flop (didn't bet)
Seat 4: patric0210 folded before Flop (didn't bet)
Seat 6: binhoscray folded before Flop (didn't bet)
Seat 7: ARKAINIUM folded on the Flop
Seat 8: felipe.se857 folded before Flop (didn't bet)
Seat 9: dlolo30 (button) showed [Jh 9h] and won ($0.18) with a full house, Deuces full of Nines



PokerStars Hand #233904099984:  Hold'em No Limit ($0.01/$0.02 USD) - 2022/02/08 16:39:48 PT [2022/02/08 19:39:48 ET]
Table 'Belnika III' 9-max Seat #1 is the button
Seat 1: conradopneto ($8.47 in chips) 
Seat 2: krome20 ($2 in chips) 
Seat 3: Dorex2007 ($2.30 in chips) 
Seat 4: patric0210 ($0.76 in chips) 
Seat 6: binhoscray ($1.21 in chips) 
Seat 7: ARKAINIUM ($3.87 in chips) 
Seat 8: felipe.se857 ($1.99 in chips) 
Seat 9: dlolo30 ($2.97 in chips) 
krome20: posts small blind $0.01
Dorex2007: posts big blind $0.02
surbarun: sits out 
*** HOLE CARDS ***
Dealt to Dorex2007 [2s Qc]
patric0210: folds 
binhoscray: calls $0.02
ARKAINIUM: calls $0.02
felipe.se857: calls $0.02
dlolo30: folds 
conradopneto: calls $0.02
krome20: calls $0.01
Dorex2007: checks 
*** FLOP *** [Th 5h 7d]
krome20: checks 
Dorex2007: checks 
binhoscray: checks 
ARKAINIUM: checks 
felipe.se857: checks 
conradopneto: bets $0.20
krome20: folds 
Dorex2007: folds 
binhoscray: folds 
ARKAINIUM: calls $0.20
felipe.se857: folds 
*** TURN *** [Th 5h 7d] [2c]
ARKAINIUM: checks 
conradopneto: checks 
*** RIVER *** [Th 5h 7d 2c] [Jd]
ARKAINIUM: bets $0.64
conradopneto: folds 
Uncalled bet ($0.64) returned to ARKAINIUM
ARKAINIUM collected $0.50 from pot
ARKAINIUM: doesn't show hand 
*** SUMMARY ***
Total pot $0.52 | Rake $0.02 
Board [Th 5h 7d 2c Jd]
Seat 1: conradopneto (button) folded on the River
Seat 2: krome20 (small blind) folded on the Flop
Seat 3: Dorex2007 (big blind) folded on the Flop
Seat 4: patric0210 folded before Flop (didn't bet)
Seat 6: binhoscray folded on the Flop
Seat 7: ARKAINIUM collected ($0.50)
Seat 8: felipe.se857 folded on the Flop
Seat 9: dlolo30 folded before Flop (didn't bet)



PokerStars Hand #233904127020:  Hold'em No Limit ($0.01/$0.02 USD) - 2022/02/08 16:41:11 PT [2022/02/08 19:41:11 ET]
Table 'Belnika III' 9-max Seat #2 is the button
Seat 1: conradopneto ($8.25 in chips) 
Seat 2: krome20 ($2 in chips) 
Seat 3: Dorex2007 ($2.28 in chips) 
Seat 4: patric0210 ($0.76 in chips) 
Seat 6: binhoscray ($1.19 in chips) 
Seat 7: ARKAINIUM ($4.15 in chips) 
Seat 8: felipe.se857 ($1.97 in chips) 
Seat 9: dlolo30 ($2.97 in chips) 
Dorex2007: posts small blind $0.01
patric0210: posts big blind $0.02
surbarun: sits out 
*** HOLE CARDS ***
Dealt to Dorex2007 [Ah 6h]
binhoscray: folds 
ARKAINIUM: folds 
felipe.se857: raises $0.02 to $0.04
dlolo30: folds 
conradopneto: folds 
krome20: calls $0.04
ARKAINIUM leaves the table
Dorex2007: calls $0.03
patric0210: folds 
*** FLOP *** [Jc Ac Qc]
Dorex2007: checks 
felipe.se857: checks 
Jkz;tyf joins the table at seat #7 
krome20: checks 
*** TURN *** [Jc Ac Qc] [Jh]
Dorex2007: checks 
felipe.se857: checks 
krome20: checks 
*** RIVER *** [Jc Ac Qc Jh] [3s]
Dorex2007: bets $0.07
felipe.se857: calls $0.07
krome20: folds 
*** SHOW DOWN ***
Dorex2007: shows [Ah 6h] (two pair, Aces and Jacks)
felipe.se857: mucks hand 
Dorex2007 collected $0.27 from pot
*** SUMMARY ***
Total pot $0.28 | Rake $0.01 
Board [Jc Ac Qc Jh 3s]
Seat 1: conradopneto folded before Flop (didn't bet)
Seat 2: krome20 (button) folded on the River
Seat 3: Dorex2007 (small blind) showed [Ah 6h] and won ($0.27) with two pair, Aces and Jacks
Seat 4: patric0210 (big blind) folded before Flop
Seat 6: binhoscray folded before Flop (didn't bet)
Seat 7: ARKAINIUM folded before Flop (didn't bet)
Seat 8: felipe.se857 mucked [9h 8s]
Seat 9: dlolo30 folded before Flop (didn't bet)



PokerStars Hand #233904145981:  Hold'em No Limit ($0.01/$0.02 USD) - 2022/02/08 16:42:11 PT [2022/02/08 19:42:11 ET]
Table 'Belnika III' 9-max Seat #3 is the button
Seat 1: conradopneto ($8.25 in chips) 
Seat 2: krome20 ($2 in chips) 
Seat 3: Dorex2007 ($2.44 in chips) 
Seat 4: patric0210 ($0.74 in chips) 
Seat 5: surbarun ($0.98 in chips) 
Seat 6: binhoscray ($1.19 in chips) 
Seat 8: felipe.se857 ($1.86 in chips) 
Seat 9: dlolo30 ($2.97 in chips) 
patric0210: posts small blind $0.01
surbarun: posts big blind $0.02
Jkz;tyf: sits out 
*** HOLE CARDS ***
Dealt to Dorex2007 [Qh 7c]
binhoscray: calls $0.02
felipe.se857: folds 
dlolo30: folds 
conradopneto: folds 
conradopneto leaves the table
krome20: folds 
Dorex2007: folds 
patric0210: folds 
surbarun: checks 
*** FLOP *** [Ac Ah 8c]
surbarun: checks 
binhoscray: bets $0.02
Rocky4444423 joins the table at seat #1 
surbarun: folds 
Uncalled bet ($0.02) returned to binhoscray
binhoscray collected $0.05 from pot
*** SUMMARY ***
Total pot $0.05 | Rake $0 
Board [Ac Ah 8c]
Seat 1: conradopneto folded before Flop (didn't bet)
Seat 2: krome20 folded before Flop (didn't bet)
Seat 3: Dorex2007 (button) folded before Flop (didn't bet)
Seat 4: patric0210 (small blind) folded before Flop
Seat 5: surbarun (big blind) folded on the Flop
Seat 6: binhoscray collected ($0.05)
Seat 8: felipe.se857 folded before Flop (didn't bet)
Seat 9: dlolo30 folded before Flop (didn't bet)



PokerStars Hand #233904154925:  Hold'em No Limit ($0.01/$0.02 USD) - 2022/02/08 16:42:39 PT [2022/02/08 19:42:39 ET]
Table 'Belnika III' 9-max Seat #4 is the button
Seat 2: krome20 ($2 in chips) 
Seat 3: Dorex2007 ($2.44 in chips) 
Seat 4: patric0210 ($0.73 in chips) 
Seat 5: surbarun ($0.96 in chips) 
Seat 6: binhoscray ($1.22 in chips) 
Seat 8: felipe.se857 ($1.86 in chips) 
Seat 9: dlolo30 ($2.97 in chips) 
surbarun: posts small blind $0.01
binhoscray: posts big blind $0.02
Jkz;tyf: sits out 
Rocky4444423: sits out 
*** HOLE CARDS ***
Dealt to Dorex2007 [3c Qh]
felipe.se857: raises $0.02 to $0.04
dlolo30: folds 
krome20: folds 
Dorex2007: folds 
patric0210: folds 
surbarun: folds 
binhoscray: calls $0.02
*** FLOP *** [Ts As 4h]
binhoscray: checks 
felipe.se857: bets $0.05
binhoscray: calls $0.05
*** TURN *** [Ts As 4h] [5h]
binhoscray: checks 
felipe.se857: bets $0.09
binhoscray: calls $0.09
*** RIVER *** [Ts As 4h 5h] [8d]
binhoscray: checks 
felipe.se857: bets $0.36
binhoscray: folds 
Uncalled bet ($0.36) returned to felipe.se857
felipe.se857 collected $0.36 from pot
felipe.se857: doesn't show hand 
*** SUMMARY ***
Total pot $0.37 | Rake $0.01 
Board [Ts As 4h 5h 8d]
Seat 2: krome20 folded before Flop (didn't bet)
Seat 3: Dorex2007 folded before Flop (didn't bet)
Seat 4: patric0210 (button) folded before Flop (didn't bet)
Seat 5: surbarun (small blind) folded before Flop
Seat 6: binhoscray (big blind) folded on the River
Seat 8: felipe.se857 collected ($0.36)
Seat 9: dlolo30 folded before Flop (didn't bet)



PokerStars Hand #233904176832:  Hold'em No Limit ($0.01/$0.02 USD) - 2022/02/08 16:43:48 PT [2022/02/08 19:43:48 ET]
Table 'Belnika III' 9-max Seat #5 is the button
Seat 1: Rocky4444423 ($1 in chips) 
Seat 2: krome20 ($2 in chips) 
Seat 3: Dorex2007 ($2.44 in chips) 
Seat 4: patric0210 ($0.80 in chips) 
Seat 5: surbarun ($0.95 in chips) 
Seat 6: binhoscray ($1.04 in chips) 
Seat 7: Jkz;tyf ($1.50 in chips) 
Seat 8: felipe.se857 ($2.04 in chips) 
Seat 9: dlolo30 ($2.97 in chips) 
binhoscray: posts small blind $0.01
Jkz;tyf: posts big blind $0.02
Rocky4444423: posts big blind $0.02
*** HOLE CARDS ***
Dealt to Dorex2007 [Qd Kh]
felipe.se857: folds 
dlolo30: folds 
Rocky4444423: checks 
krome20: folds 
Dorex2007: raises $0.04 to $0.06
patric0210: folds 
surbarun: folds 
binhoscray: calls $0.05
Jkz;tyf: calls $0.04
Rocky4444423: folds 
*** FLOP *** [Jh 3c 4c]
binhoscray: checks 
Jkz;tyf: checks 
Dorex2007: checks 
*** TURN *** [Jh 3c 4c] [8c]
binhoscray: bets $0.02
Jkz;tyf: folds 
Dorex2007: calls $0.02
*** RIVER *** [Jh 3c 4c 8c] [7d]
binhoscray: bets $0.08
Dorex2007: folds 
Uncalled bet ($0.08) returned to binhoscray
binhoscray collected $0.23 from pot
binhoscray: doesn't show hand 
*** SUMMARY ***
Total pot $0.24 | Rake $0.01 
Board [Jh 3c 4c 8c 7d]
Seat 1: Rocky4444423 folded before Flop (didn't bet)
Seat 2: krome20 folded before Flop (didn't bet)
Seat 3: Dorex2007 folded on the River
Seat 4: patric0210 folded before Flop (didn't bet)
Seat 5: surbarun (button) folded before Flop (didn't bet)
Seat 6: binhoscray (small blind) collected ($0.23)
Seat 7: Jkz;tyf (big blind) folded on the Turn
Seat 8: felipe.se857 folded before Flop (didn't bet)
Seat 9: dlolo30 folded before Flop (didn't bet)



PokerStars Hand #233904194117:  Hold'em No Limit ($0.01/$0.02 USD) - 2022/02/08 16:44:43 PT [2022/02/08 19:44:43 ET]
Table 'Belnika III' 9-max Seat #6 is the button
Seat 1: Rocky4444423 ($0.98 in chips) 
Seat 2: krome20 ($2 in chips) 
Seat 3: Dorex2007 ($2.36 in chips) 
Seat 4: patric0210 ($0.80 in chips) 
Seat 5: surbarun ($0.95 in chips) 
Seat 6: binhoscray ($1.19 in chips) 
Seat 7: Jkz;tyf ($1.44 in chips) 
Seat 8: felipe.se857 ($2.04 in chips) 
Seat 9: dlolo30 ($2.97 in chips) 
Jkz;tyf: posts small blind $0.01
felipe.se857: posts big blind $0.02
*** HOLE CARDS ***
Dealt to Dorex2007 [Qc 9s]
dlolo30: folds 
Rocky4444423: folds 
krome20: raises $0.04 to $0.06
Dorex2007: folds 
patric0210: folds 
surbarun: folds 
binhoscray: folds 
Jkz;tyf: calls $0.05
felipe.se857: calls $0.04
*** FLOP *** [Ah 5d 2c]
Jkz;tyf: checks 
felipe.se857: bets $0.09
krome20: calls $0.09
Jkz;tyf: folds 
*** TURN *** [Ah 5d 2c] [7c]
felipe.se857: checks 
krome20: bets $0.22
felipe.se857: calls $0.22
*** RIVER *** [Ah 5d 2c 7c] [3s]
felipe.se857: bets $1.67 and is all-in
krome20: calls $1.63 and is all-in
Uncalled bet ($0.04) returned to felipe.se857
*** SHOW DOWN ***
felipe.se857: shows [8d 3d] (a pair of Threes)
krome20: shows [Qh As] (a pair of Aces)
krome20 collected $3.92 from pot
*** SUMMARY ***
Total pot $4.06 | Rake $0.14 
Board [Ah 5d 2c 7c 3s]
Seat 1: Rocky4444423 folded before Flop (didn't bet)
Seat 2: krome20 showed [Qh As] and won ($3.92) with a pair of Aces
Seat 3: Dorex2007 folded before Flop (didn't bet)
Seat 4: patric0210 folded before Flop (didn't bet)
Seat 5: surbarun folded before Flop (didn't bet)
Seat 6: binhoscray (button) folded before Flop (didn't bet)
Seat 7: Jkz;tyf (small blind) folded on the Flop
Seat 8: felipe.se857 (big blind) showed [8d 3d] and lost with a pair of Threes
Seat 9: dlolo30 folded before Flop (didn't bet)



PokerStars Hand #233904229324:  Hold'em No Limit ($0.01/$0.02 USD) - 2022/02/08 16:46:04 PT [2022/02/08 19:46:04 ET]
Table 'Belnika III' 9-max Seat #7 is the button
Seat 1: Rocky4444423 ($0.98 in chips) 
Seat 2: krome20 ($3.92 in chips) 
Seat 3: Dorex2007 ($2.36 in chips) 
Seat 4: patric0210 ($0.80 in chips) 
Seat 5: surbarun ($0.95 in chips) 
Seat 6: binhoscray ($1.19 in chips) 
Seat 7: Jkz;tyf ($1.38 in chips) 
Seat 8: felipe.se857 ($0.04 in chips) 
Seat 9: dlolo30 ($2.97 in chips) 
felipe.se857: posts small blind $0.01
dlolo30: posts big blind $0.02
*** HOLE CARDS ***
Dealt to Dorex2007 [9s Jh]
Rocky4444423: folds 
krome20: folds 
Dorex2007: folds 
patric0210: folds 
surbarun: folds 
binhoscray: folds 
Jkz;tyf: raises $0.04 to $0.06
felipe.se857: calls $0.03 and is all-in
dlolo30: folds 
Uncalled bet ($0.02) returned to Jkz;tyf
*** FLOP *** [Qd Kd Js]
*** TURN *** [Qd Kd Js] [As]
*** RIVER *** [Qd Kd Js As] [9h]
*** SHOW DOWN ***
felipe.se857: shows [5h 6c] (high card Ace)
Jkz;tyf: shows [3c 7d] (high card Ace)
felipe.se857 collected $0.05 from pot
Jkz;tyf cashed out the hand for $0.05
*** SUMMARY ***
Total pot $0.10 | Rake $0 
Board [Qd Kd Js As 9h]
Seat 1: Rocky4444423 folded before Flop (didn't bet)
Seat 2: krome20 folded before Flop (didn't bet)
Seat 3: Dorex2007 folded before Flop (didn't bet)
Seat 4: patric0210 folded before Flop (didn't bet)
Seat 5: surbarun folded before Flop (didn't bet)
Seat 6: binhoscray folded before Flop (didn't bet)
Seat 7: Jkz;tyf (button) showed [3c 7d] and won ($0.05) with high card Ace (pot not awarded as player cashed out)
Seat 8: felipe.se857 (small blind) showed [5h 6c] and won ($0.05) with high card Ace
Seat 9: dlolo30 (big blind) folded before Flop



PokerStars Hand #233904241563:  Hold'em No Limit ($0.01/$0.02 USD) - 2022/02/08 16:46:43 PT [2022/02/08 19:46:43 ET]
Table 'Belnika III' 9-max Seat #8 is the button
Seat 1: Rocky4444423 ($0.98 in chips) 
Seat 2: krome20 ($3.92 in chips) 
Seat 3: Dorex2007 ($2.36 in chips) 
Seat 4: patric0210 ($0.80 in chips) 
Seat 5: surbarun ($0.95 in chips) 
Seat 6: binhoscray ($1.19 in chips) 
Seat 7: Jkz;tyf ($1.39 in chips) 
Seat 8: felipe.se857 ($1.07 in chips) 
Seat 9: dlolo30 ($2.95 in chips) 
dlolo30: posts small blind $0.01
Rocky4444423: posts big blind $0.02
*** HOLE CARDS ***
Dealt to Dorex2007 [Ad 2h]
krome20: folds 
Dorex2007: folds 
patric0210: folds 
surbarun: folds 
binhoscray: calls $0.02
Jkz;tyf: folds 
felipe.se857: raises $0.02 to $0.04
dlolo30: folds 
Rocky4444423: calls $0.02
binhoscray: calls $0.02
*** FLOP *** [8c Th 7d]
Rocky4444423: checks 
binhoscray: checks 
felipe.se857: bets $0.07
Rocky4444423: calls $0.07
binhoscray: folds 
*** TURN *** [8c Th 7d] [9c]
Rocky4444423: bets $0.02
felipe.se857: calls $0.02
*** RIVER *** [8c Th 7d 9c] [Qd]
Rocky4444423: bets $0.06
felipe.se857: raises $0.42 to $0.48
Rocky4444423: calls $0.42
*** SHOW DOWN ***
felipe.se857: shows [Jh 9h] (a straight, Eight to Queen)
Rocky4444423: shows [Td Jd] (a straight, Eight to Queen)
Rocky4444423 collected $0.62 from pot
felipe.se857 collected $0.61 from pot
*** SUMMARY ***
Total pot $1.27 | Rake $0.04 
Board [8c Th 7d 9c Qd]
Seat 1: Rocky4444423 (big blind) showed [Td Jd] and won ($0.62) with a straight, Eight to Queen
Seat 2: krome20 folded before Flop (didn't bet)
Seat 3: Dorex2007 folded before Flop (didn't bet)
Seat 4: patric0210 folded before Flop (didn't bet)
Seat 5: surbarun folded before Flop (didn't bet)
Seat 6: binhoscray folded on the Flop
Seat 7: Jkz;tyf folded before Flop (didn't bet)
Seat 8: felipe.se857 (button) showed [Jh 9h] and won ($0.61) with a straight, Eight to Queen
Seat 9: dlolo30 (small blind) folded before Flop



PokerStars Hand #233904271335:  Hold'em No Limit ($0.01/$0.02 USD) - 2022/02/08 16:48:17 PT [2022/02/08 19:48:17 ET]
Table 'Belnika III' 9-max Seat #9 is the button
Seat 1: Rocky4444423 ($0.99 in chips) 
Seat 2: krome20 ($3.92 in chips) 
Seat 3: Dorex2007 ($2.36 in chips) 
Seat 4: patric0210 ($0.80 in chips) 
Seat 5: surbarun ($0.95 in chips) 
Seat 6: binhoscray ($1.15 in chips) 
Seat 7: Jkz;tyf ($1.39 in chips) 
Seat 8: felipe.se857 ($1.07 in chips) 
Seat 9: dlolo30 ($2.94 in chips) 
Rocky4444423: posts small blind $0.01
krome20: posts big blind $0.02
*** HOLE CARDS ***
Dealt to Dorex2007 [9h 7c]
Dorex2007: folds 
patric0210: folds 
surbarun: folds 
binhoscray: folds 
Jkz;tyf: folds 
felipe.se857: raises $0.02 to $0.04
dlolo30: folds 
Rocky4444423: folds 
krome20: folds 
Uncalled bet ($0.02) returned to felipe.se857
felipe.se857 collected $0.05 from pot
felipe.se857: doesn't show hand 
*** SUMMARY ***
Total pot $0.05 | Rake $0 
Seat 1: Rocky4444423 (small blind) folded before Flop
Seat 2: krome20 (big blind) folded before Flop
Seat 3: Dorex2007 folded before Flop (didn't bet)
Seat 4: patric0210 folded before Flop (didn't bet)
Seat 5: surbarun folded before Flop (didn't bet)
Seat 6: binhoscray folded before Flop (didn't bet)
Seat 7: Jkz;tyf folded before Flop (didn't bet)
Seat 8: felipe.se857 collected ($0.05)
Seat 9: dlolo30 (button) folded before Flop (didn't bet)



PokerStars Hand #233904279344:  Hold'em No Limit ($0.01/$0.02 USD) - 2022/02/08 16:48:42 PT [2022/02/08 19:48:42 ET]
Table 'Belnika III' 9-max Seat #1 is the button
Seat 1: Rocky4444423 ($0.98 in chips) 
Seat 2: krome20 ($3.90 in chips) 
Seat 3: Dorex2007 ($2.36 in chips) 
Seat 4: patric0210 ($0.80 in chips) 
Seat 5: surbarun ($0.95 in chips) 
Seat 6: binhoscray ($1.15 in chips) 
Seat 7: Jkz;tyf ($1.39 in chips) 
Seat 8: felipe.se857 ($1.10 in chips) 
Seat 9: dlolo30 ($2.94 in chips) 
krome20: posts small blind $0.01
Dorex2007: posts big blind $0.02
*** HOLE CARDS ***
Dealt to Dorex2007 [3s 6c]
patric0210: folds 
surbarun: folds 
binhoscray: calls $0.02
Jkz;tyf: folds 
felipe.se857: calls $0.02
dlolo30: folds 
Rocky4444423 has timed out
Rocky4444423: folds 
krome20: folds 
Dorex2007: checks 
*** FLOP *** [2s 4d 9d]
Dorex2007: checks 
binhoscray: checks 
felipe.se857: checks 
*** TURN *** [2s 4d 9d] [3h]
Dorex2007: bets $0.05
binhoscray: folds 
felipe.se857: calls $0.05
*** RIVER *** [2s 4d 9d 3h] [Kc]
Dorex2007: bets $0.08
felipe.se857: raises $0.32 to $0.40
Dorex2007: folds 
Uncalled bet ($0.32) returned to felipe.se857
felipe.se857 collected $0.32 from pot
felipe.se857: doesn't show hand 
*** SUMMARY ***
Total pot $0.33 | Rake $0.01 
Board [2s 4d 9d 3h Kc]
Seat 1: Rocky4444423 (button) folded before Flop (didn't bet)
Seat 2: krome20 (small blind) folded before Flop
Seat 3: Dorex2007 (big blind) folded on the River
Seat 4: patric0210 folded before Flop (didn't bet)
Seat 5: surbarun folded before Flop (didn't bet)
Seat 6: binhoscray folded on the Turn
Seat 7: Jkz;tyf folded before Flop (didn't bet)
Seat 8: felipe.se857 collected ($0.32)
Seat 9: dlolo30 folded before Flop (didn't bet)



PokerStars Hand #233904306960:  Hold'em No Limit ($0.01/$0.02 USD) - 2022/02/08 16:50:10 PT [2022/02/08 19:50:10 ET]
Table 'Belnika III' 9-max Seat #2 is the button
Seat 1: Rocky4444423 ($0.98 in chips) 
Seat 2: krome20 ($3.89 in chips) 
Seat 3: Dorex2007 ($2.21 in chips) 
Seat 5: surbarun ($0.95 in chips) 
Seat 6: binhoscray ($1.13 in chips) 
Seat 7: Jkz;tyf ($1.39 in chips) 
Seat 8: felipe.se857 ($1.27 in chips) 
Seat 9: dlolo30 ($2.94 in chips) 
Dorex2007: posts small blind $0.01
patric0210: is sitting out 
surbarun: posts big blind $0.02
*** HOLE CARDS ***
Dealt to Dorex2007 [9c 8d]
patric0210 leaves the table
binhoscray: calls $0.02
Jkz;tyf: folds 
felipe.se857: raises $0.02 to $0.04
dlolo30: folds 
Rocky4444423: calls $0.04
krome20: calls $0.04
Dorex2007: calls $0.03
surbarun: folds 
binhoscray: raises $1.09 to $1.13 and is all-in
felipe.se857: folds 
Rocky4444423: folds 
krome20: folds 
Dorex2007: folds 
Uncalled bet ($1.09) returned to binhoscray
binhoscray collected $0.22 from pot
binhoscray: doesn't show hand 
*** SUMMARY ***
Total pot $0.22 | Rake $0 
Seat 1: Rocky4444423 folded before Flop
Seat 2: krome20 (button) folded before Flop
Seat 3: Dorex2007 (small blind) folded before Flop
Seat 5: surbarun (big blind) folded before Flop
Seat 6: binhoscray collected ($0.22)
Seat 7: Jkz;tyf folded before Flop (didn't bet)
Seat 8: felipe.se857 folded before Flop
Seat 9: dlolo30 folded before Flop (didn't bet)



PokerStars Hand #233904320067:  Hold'em No Limit ($0.01/$0.02 USD) - 2022/02/08 16:50:53 PT [2022/02/08 19:50:53 ET]
Table 'Belnika III' 9-max Seat #3 is the button
Seat 1: Rocky4444423 ($0.94 in chips) 
Seat 2: krome20 ($3.85 in chips) 
Seat 3: Dorex2007 ($2.17 in chips) 
Seat 5: surbarun ($0.93 in chips) 
Seat 6: binhoscray ($1.31 in chips) 
Seat 7: Jkz;tyf ($1.39 in chips) 
Seat 8: felipe.se857 ($1.23 in chips) 
Seat 9: dlolo30 ($2.94 in chips) 
surbarun: posts small blind $0.01
binhoscray: posts big blind $0.02
*** HOLE CARDS ***
Dealt to Dorex2007 [5h Jh]
Jkz;tyf: folds 
felipe.se857: folds 
dlolo30: folds 
maverick1880 joins the table at seat #4 
Rocky4444423: folds 
krome20: folds 
Dorex2007: folds 
surbarun: raises $0.03 to $0.05
binhoscray: calls $0.03
*** FLOP *** [2d Td 9c]
surbarun: bets $0.04
binhoscray: calls $0.04
*** TURN *** [2d Td 9c] [7c]
surbarun: checks 
binhoscray: bets $0.08
surbarun: folds 
Uncalled bet ($0.08) returned to binhoscray
binhoscray collected $0.17 from pot
binhoscray: doesn't show hand 
*** SUMMARY ***
Total pot $0.18 | Rake $0.01 
Board [2d Td 9c 7c]
Seat 1: Rocky4444423 folded before Flop (didn't bet)
Seat 2: krome20 folded before Flop (didn't bet)
Seat 3: Dorex2007 (button) folded before Flop (didn't bet)
Seat 5: surbarun (small blind) folded on the Turn
Seat 6: binhoscray (big blind) collected ($0.17)
Seat 7: Jkz;tyf folded before Flop (didn't bet)
Seat 8: felipe.se857 folded before Flop (didn't bet)
Seat 9: dlolo30 folded before Flop (didn't bet)



PokerStars Hand #233904335928:  Hold'em No Limit ($0.01/$0.02 USD) - 2022/02/08 16:51:44 PT [2022/02/08 19:51:44 ET]
Table 'Belnika III' 9-max Seat #5 is the button
Seat 1: Rocky4444423 ($0.94 in chips) 
Seat 2: krome20 ($3.85 in chips) 
Seat 3: Dorex2007 ($2.17 in chips) 
Seat 5: surbarun ($0.84 in chips) 
Seat 6: binhoscray ($1.39 in chips) 
Seat 7: Jkz;tyf ($1.39 in chips) 
Seat 8: felipe.se857 ($1.23 in chips) 
Seat 9: dlolo30 ($2.94 in chips) 
binhoscray: posts small blind $0.01
Jkz;tyf: posts big blind $0.02
maverick1880: sits out 
*** HOLE CARDS ***
Dealt to Dorex2007 [8c 6c]
felipe.se857: raises $0.02 to $0.04
dlolo30: folds 
Rocky4444423: folds 
krome20: folds 
Dorex2007: folds 
surbarun: folds 
binhoscray: folds 
Jkz;tyf: calls $0.02
*** FLOP *** [9d 2s 4s]
Jkz;tyf: checks 
felipe.se857: bets $0.05
Jkz;tyf: calls $0.05
*** TURN *** [9d 2s 4s] [Ah]
Jkz;tyf: checks 
felipe.se857: checks 
*** RIVER *** [9d 2s 4s Ah] [4h]
Jkz;tyf: checks 
felipe.se857: checks 
*** SHOW DOWN ***
Jkz;tyf: shows [8s 5s] (a pair of Fours)
felipe.se857: shows [Jc 8h] (a pair of Fours - Ace+Jack kicker)
felipe.se857 collected $0.18 from pot
*** SUMMARY ***
Total pot $0.19 | Rake $0.01 
Board [9d 2s 4s Ah 4h]
Seat 1: Rocky4444423 folded before Flop (didn't bet)
Seat 2: krome20 folded before Flop (didn't bet)
Seat 3: Dorex2007 folded before Flop (didn't bet)
Seat 5: surbarun (button) folded before Flop (didn't bet)
Seat 6: binhoscray (small blind) folded before Flop
Seat 7: Jkz;tyf (big blind) showed [8s 5s] and lost with a pair of Fours
Seat 8: felipe.se857 showed [Jc 8h] and won ($0.18) with a pair of Fours
Seat 9: dlolo30 folded before Flop (didn't bet)



PokerStars Hand #233904354128:  Hold'em No Limit ($0.01/$0.02 USD) - 2022/02/08 16:52:43 PT [2022/02/08 19:52:43 ET]
Table 'Belnika III' 9-max Seat #6 is the button
Seat 1: Rocky4444423 ($0.94 in chips) 
Seat 2: krome20 ($3.85 in chips) 
Seat 3: Dorex2007 ($2.17 in chips) 
Seat 5: surbarun ($0.84 in chips) 
Seat 6: binhoscray ($1.38 in chips) 
Seat 7: Jkz;tyf ($1.30 in chips) 
Seat 8: felipe.se857 ($1.32 in chips) 
Seat 9: dlolo30 ($2.94 in chips) 
Jkz;tyf: posts small blind $0.01
felipe.se857: posts big blind $0.02
maverick1880: sits out 
*** HOLE CARDS ***
Dealt to Dorex2007 [Qs 9s]
dlolo30: folds 
Rocky4444423: folds 
krome20: folds 
Dorex2007: folds 
surbarun: raises $0.03 to $0.05
binhoscray: calls $0.05
Jkz;tyf: folds 
felipe.se857: folds 
*** FLOP *** [5d 2h 5h]
surbarun: checks 
binhoscray: checks 
*** TURN *** [5d 2h 5h] [9c]
surbarun: checks 
binhoscray: checks 
*** RIVER *** [5d 2h 5h 9c] [Qd]
surbarun: checks 
binhoscray: checks 
*** SHOW DOWN ***
surbarun: shows [Tc Qh] (two pair, Queens and Fives)
binhoscray: mucks hand 
surbarun collected $0.13 from pot
*** SUMMARY ***
Total pot $0.13 | Rake $0 
Board [5d 2h 5h 9c Qd]
Seat 1: Rocky4444423 folded before Flop (didn't bet)
Seat 2: krome20 folded before Flop (didn't bet)
Seat 3: Dorex2007 folded before Flop (didn't bet)
Seat 5: surbarun showed [Tc Qh] and won ($0.13) with two pair, Queens and Fives
Seat 6: binhoscray (button) mucked [Jh 8h]
Seat 7: Jkz;tyf (small blind) folded before Flop
Seat 8: felipe.se857 (big blind) folded before Flop
Seat 9: dlolo30 folded before Flop (didn't bet)



PokerStars Hand #233904369239:  Hold'em No Limit ($0.01/$0.02 USD) - 2022/02/08 16:53:32 PT [2022/02/08 19:53:32 ET]
Table 'Belnika III' 9-max Seat #7 is the button
Seat 1: Rocky4444423 ($0.94 in chips) 
Seat 2: krome20 ($3.85 in chips) 
Seat 3: Dorex2007 ($2.17 in chips) 
Seat 5: surbarun ($0.92 in chips) 
Seat 6: binhoscray ($1.33 in chips) 
Seat 7: Jkz;tyf ($1.29 in chips) 
Seat 8: felipe.se857 ($1.30 in chips) 
Seat 9: dlolo30 ($2.94 in chips) 
felipe.se857: posts small blind $0.01
dlolo30: posts big blind $0.02
maverick1880: sits out 
*** HOLE CARDS ***
Dealt to Dorex2007 [9h Kc]
Rocky4444423: calls $0.02
krome20: calls $0.02
Dorex2007: folds 
surbarun: folds 
binhoscray: calls $0.02
Jkz;tyf: folds 
felipe.se857: raises $0.02 to $0.04
dlolo30: folds 
Rocky4444423: calls $0.02
krome20: calls $0.02
binhoscray: calls $0.02
*** FLOP *** [8c 6s Td]
felipe.se857: bets $0.09
Rocky4444423: folds 
krome20: calls $0.09
binhoscray: calls $0.09
*** TURN *** [8c 6s Td] [Ah]
felipe.se857: checks 
krome20: checks 
binhoscray: checks 
*** RIVER *** [8c 6s Td Ah] [8d]
felipe.se857: checks 
krome20: checks 
binhoscray: checks 
*** SHOW DOWN ***
felipe.se857: shows [7s Ks] (a pair of Eights)
krome20: shows [Th Kh] (two pair, Tens and Eights)
binhoscray: mucks hand 
krome20 collected $0.43 from pot
*** SUMMARY ***
Total pot $0.45 | Rake $0.02 
Board [8c 6s Td Ah 8d]
Seat 1: Rocky4444423 folded on the Flop
Seat 2: krome20 showed [Th Kh] and won ($0.43) with two pair, Tens and Eights
Seat 3: Dorex2007 folded before Flop (didn't bet)
Seat 5: surbarun folded before Flop (didn't bet)
Seat 6: binhoscray mucked [9c Jd]
Seat 7: Jkz;tyf (button) folded before Flop (didn't bet)
Seat 8: felipe.se857 (small blind) showed [7s Ks] and lost with a pair of Eights
Seat 9: dlolo30 (big blind) folded before Flop



PokerStars Hand #233904392193:  Hold'em No Limit ($0.01/$0.02 USD) - 2022/02/08 16:54:47 PT [2022/02/08 19:54:47 ET]
Table 'Belnika III' 9-max Seat #8 is the button
Seat 1: Rocky4444423 ($0.90 in chips) 
Seat 2: krome20 ($4.15 in chips) 
Seat 3: Dorex2007 ($2.17 in chips) 
Seat 5: surbarun ($0.92 in chips) 
Seat 6: binhoscray ($1.20 in chips) 
Seat 7: Jkz;tyf ($1.29 in chips) 
Seat 8: felipe.se857 ($1.17 in chips) 
Seat 9: dlolo30 ($2.92 in chips) 
dlolo30: posts small blind $0.01
Rocky4444423: posts big blind $0.02
maverick1880: sits out 
*** HOLE CARDS ***
Dealt to Dorex2007 [8s 7s]
krome20: folds 
Dorex2007: folds 
surbarun: folds 
binhoscray: raises $0.02 to $0.04
Jkz;tyf: folds 
felipe.se857: raises $0.02 to $0.06
dlolo30: folds 
Rocky4444423: calls $0.04
binhoscray: raises $0.14 to $0.20
felipe.se857: calls $0.14
Rocky4444423: calls $0.14
*** FLOP *** [Qc 9c 3h]
Rocky4444423: checks 
binhoscray: bets $0.21
felipe.se857: folds 
Rocky4444423: folds 
Uncalled bet ($0.21) returned to binhoscray
binhoscray collected $0.59 from pot
binhoscray: doesn't show hand 
*** SUMMARY ***
Total pot $0.61 | Rake $0.02 
Board [Qc 9c 3h]
Seat 1: Rocky4444423 (big blind) folded on the Flop
Seat 2: krome20 folded before Flop (didn't bet)
Seat 3: Dorex2007 folded before Flop (didn't bet)
Seat 5: surbarun folded before Flop (didn't bet)
Seat 6: binhoscray collected ($0.59)
Seat 7: Jkz;tyf folded before Flop (didn't bet)
Seat 8: felipe.se857 (button) folded on the Flop
Seat 9: dlolo30 (small blind) folded before Flop



PokerStars Hand #233904415340:  Hold'em No Limit ($0.01/$0.02 USD) - 2022/02/08 16:55:58 PT [2022/02/08 19:55:58 ET]
Table 'Belnika III' 9-max Seat #9 is the button
Seat 1: Rocky4444423 ($0.70 in chips) 
Seat 2: krome20 ($4.15 in chips) 
Seat 3: Dorex2007 ($2.17 in chips) 
Seat 5: surbarun ($0.92 in chips) 
Seat 6: binhoscray ($1.59 in chips) 
Seat 8: felipe.se857 ($0.97 in chips) 
Seat 9: dlolo30 ($2.91 in chips) 
Rocky4444423: posts small blind $0.01
krome20: posts big blind $0.02
maverick1880: sits out 
*** HOLE CARDS ***
Dealt to Dorex2007 [Qd Ks]
Dorex2007: raises $0.02 to $0.04
surbarun: folds 
binhoscray: folds 
felipe.se857: raises $0.02 to $0.06
dlolo30: folds 
Rocky4444423: calls $0.05
krome20: folds 
Dorex2007: calls $0.02
*** FLOP *** [8h 8s Kd]
Rocky4444423: checks 
Dorex2007: bets $0.10
felipe.se857: calls $0.10
Rocky4444423: folds 
*** TURN *** [8h 8s Kd] [4d]
Dorex2007: checks 
felipe.se857: bets $0.39
Dorex2007: folds 
Uncalled bet ($0.39) returned to felipe.se857
felipe.se857 collected $0.39 from pot
felipe.se857: doesn't show hand 
*** SUMMARY ***
Total pot $0.40 | Rake $0.01 
Board [8h 8s Kd 4d]
Seat 1: Rocky4444423 (small blind) folded on the Flop
Seat 2: krome20 (big blind) folded before Flop
Seat 3: Dorex2007 folded on the Turn
Seat 5: surbarun folded before Flop (didn't bet)
Seat 6: binhoscray folded before Flop (didn't bet)
Seat 8: felipe.se857 collected ($0.39)
Seat 9: dlolo30 (button) folded before Flop (didn't bet)



PokerStars Hand #233904433750:  Hold'em No Limit ($0.01/$0.02 USD) - 2022/02/08 16:57:05 PT [2022/02/08 19:57:05 ET]
Table 'Belnika III' 9-max Seat #1 is the button
Seat 1: Rocky4444423 ($0.64 in chips) 
Seat 2: krome20 ($4.13 in chips) 
Seat 3: Dorex2007 ($2.01 in chips) 
Seat 5: surbarun ($0.92 in chips) 
Seat 6: binhoscray ($1.59 in chips) 
Seat 8: felipe.se857 ($1.20 in chips) 
Seat 9: dlolo30 ($2.91 in chips) 
krome20: posts small blind $0.01
Dorex2007: posts big blind $0.02
maverick1880: sits out 
*** HOLE CARDS ***
Dealt to Dorex2007 [Ah 9d]
surbarun has timed out
surbarun: folds 
binhoscray: calls $0.02
felipe.se857: folds 
dlolo30: folds 
Rocky4444423: calls $0.02
krome20: folds 
Dorex2007: checks 
*** FLOP *** [2s 6d 4d]
Dorex2007: checks 
binhoscray: checks 
Rocky4444423: checks 
*** TURN *** [2s 6d 4d] [Td]
Dorex2007: checks 
binhoscray: bets $0.02
Rocky4444423: calls $0.02
Dorex2007: calls $0.02
*** RIVER *** [2s 6d 4d Td] [5d]
Dorex2007: bets $0.07
binhoscray: folds 
Rocky4444423: calls $0.07
*** SHOW DOWN ***
Dorex2007: shows [Ah 9d] (a flush, Ten high)
Rocky4444423: shows [Qd Kh] (a flush, Queen high)
Rocky4444423 collected $0.26 from pot
*** SUMMARY ***
Total pot $0.27 | Rake $0.01 
Board [2s 6d 4d Td 5d]
Seat 1: Rocky4444423 (button) showed [Qd Kh] and won ($0.26) with a flush, Queen high
Seat 2: krome20 (small blind) folded before Flop
Seat 3: Dorex2007 (big blind) showed [Ah 9d] and lost with a flush, Ten high
Seat 5: surbarun folded before Flop (didn't bet)
Seat 6: binhoscray folded on the River
Seat 8: felipe.se857 folded before Flop (didn't bet)
Seat 9: dlolo30 folded before Flop (didn't bet)



PokerStars Hand #233904450321:  Hold'em No Limit ($0.01/$0.02 USD) - 2022/02/08 16:58:09 PT [2022/02/08 19:58:09 ET]
Table 'Belnika III' 9-max Seat #2 is the button
Seat 1: Rocky4444423 ($0.79 in chips) 
Seat 2: krome20 ($4.12 in chips) 
Seat 3: Dorex2007 ($2 in chips) 
Seat 4: maverick1880 ($2 in chips) 
Seat 5: surbarun ($0.92 in chips) 
Seat 6: binhoscray ($1.55 in chips) 
Seat 8: felipe.se857 ($1.20 in chips) 
Seat 9: dlolo30 ($2.91 in chips) 
Dorex2007: posts small blind $0.01
maverick1880: posts big blind $0.02
*** HOLE CARDS ***
Dealt to Dorex2007 [3c 9c]
surbarun: folds 
binhoscray: calls $0.02
felipe.se857 has timed out
felipe.se857: folds 
dlolo30: folds 
Rocky4444423: folds 
krome20: folds 
Dorex2007: folds 
maverick1880: checks 
*** FLOP *** [5s Tc 7c]
maverick1880: checks 
binhoscray: bets $0.02
maverick1880: folds 
Uncalled bet ($0.02) returned to binhoscray
binhoscray collected $0.05 from pot
binhoscray: doesn't show hand 
*** SUMMARY ***
Total pot $0.05 | Rake $0 
Board [5s Tc 7c]
Seat 1: Rocky4444423 folded before Flop (didn't bet)
Seat 2: krome20 (button) folded before Flop (didn't bet)
Seat 3: Dorex2007 (small blind) folded before Flop
Seat 4: maverick1880 (big blind) folded on the Flop
Seat 5: surbarun folded before Flop (didn't bet)
Seat 6: binhoscray collected ($0.05)
Seat 8: felipe.se857 folded before Flop (didn't bet)
Seat 9: dlolo30 folded before Flop (didn't bet)



PokerStars Hand #233904458937:  Hold'em No Limit ($0.01/$0.02 USD) - 2022/02/08 16:58:43 PT [2022/02/08 19:58:43 ET]
Table 'Belnika III' 9-max Seat #3 is the button
Seat 1: Rocky4444423 ($0.79 in chips) 
Seat 2: krome20 ($4.12 in chips) 
Seat 3: Dorex2007 ($2 in chips) 
Seat 4: maverick1880 ($1.98 in chips) 
Seat 5: surbarun ($0.92 in chips) 
Seat 6: binhoscray ($1.58 in chips) 
Seat 9: dlolo30 ($2.91 in chips) 
maverick1880: posts small blind $0.01
surbarun: posts big blind $0.02
*** HOLE CARDS ***
Dealt to Dorex2007 [2s Kd]
binhoscray: calls $0.02
dlolo30: folds 
Rocky4444423 has timed out
Rocky4444423: folds 
krome20: folds 
Dorex2007: folds 
maverick1880: folds 
surbarun: checks 
*** FLOP *** [Th 5d 3c]
surbarun: checks 
binhoscray: checks 
*** TURN *** [Th 5d 3c] [5c]
surbarun: checks 
binhoscray: checks 
*** RIVER *** [Th 5d 3c 5c] [4c]
surbarun: checks 
binhoscray: bets $0.02
surbarun: folds 
Uncalled bet ($0.02) returned to binhoscray
binhoscray collected $0.05 from pot
binhoscray: doesn't show hand 
*** SUMMARY ***
Total pot $0.05 | Rake $0 
Board [Th 5d 3c 5c 4c]
Seat 1: Rocky4444423 folded before Flop (didn't bet)
Seat 2: krome20 folded before Flop (didn't bet)
Seat 3: Dorex2007 (button) folded before Flop (didn't bet)
Seat 4: maverick1880 (small blind) folded before Flop
Seat 5: surbarun (big blind) folded on the River
Seat 6: binhoscray collected ($0.05)
Seat 9: dlolo30 folded before Flop (didn't bet)



PokerStars Hand #233904470416:  Hold'em No Limit ($0.01/$0.02 USD) - 2022/02/08 16:59:29 PT [2022/02/08 19:59:29 ET]
Table 'Belnika III' 9-max Seat #4 is the button
Seat 1: Rocky4444423 ($0.79 in chips) 
Seat 2: krome20 ($4.12 in chips) 
Seat 3: Dorex2007 ($2 in chips) 
Seat 4: maverick1880 ($2 in chips) 
Seat 5: surbarun ($0.90 in chips) 
Seat 6: binhoscray ($1.61 in chips) 
Seat 7: Jkz;tyf ($1.29 in chips) 
Seat 9: dlolo30 ($2.91 in chips) 
surbarun: posts small blind $0.01
binhoscray: posts big blind $0.02
*** HOLE CARDS ***
Dealt to Dorex2007 [Kd 2h]
Jkz;tyf: folds 
dlolo30: calls $0.02
Rocky4444423: calls $0.02
krome20: folds 
Dorex2007: folds 
maverick1880: folds 
surbarun: calls $0.01
binhoscray: checks 
*** FLOP *** [7s 8c Js]
surbarun: checks 
binhoscray: checks 
dlolo30: bets $0.06
Rocky4444423: calls $0.06
surbarun: folds 
binhoscray: folds 
*** TURN *** [7s 8c Js] [6d]
dlolo30: bets $0.10
Rocky4444423: calls $0.10
*** RIVER *** [7s 8c Js 6d] [2s]
dlolo30: bets $0.26
Rocky4444423: folds 
Uncalled bet ($0.26) returned to dlolo30
dlolo30 collected $0.39 from pot
*** SUMMARY ***
Total pot $0.40 | Rake $0.01 
Board [7s 8c Js 6d 2s]
Seat 1: Rocky4444423 folded on the River
Seat 2: krome20 folded before Flop (didn't bet)
Seat 3: Dorex2007 folded before Flop (didn't bet)
Seat 4: maverick1880 (button) folded before Flop (didn't bet)
Seat 5: surbarun (small blind) folded on the Flop
Seat 6: binhoscray (big blind) folded on the Flop
Seat 7: Jkz;tyf folded before Flop (didn't bet)
Seat 9: dlolo30 collected ($0.39)



