PokerStars Hand #234515737976:  Hold'em No Limit ($0.01/$0.02 USD) - 2022/03/02 18:04:56 PT [2022/03/02 21:04:56 ET]
Table 'Biela' 9-max Seat #4 is the button
Seat 1: surbarun ($3.23 in chips) 
Seat 2: Dorex2007 ($2 in chips) 
Seat 3: dala1603 ($1.95 in chips) 
Seat 4: ANTON urevic ($0.97 in chips) 
Seat 5: abufirs ($2.38 in chips) 
Seat 6: Dondimafondi ($2 in chips) 
Seat 7: paraguaio69 ($1.64 in chips) 
Seat 8: Mark$layer ($3.77 in chips) 
Seat 9: dlolo30 ($2.13 in chips) 
abufirs: posts small blind $0.01
Dondimafondi: posts big blind $0.02
Dorex2007: posts big blind $0.02
*** HOLE CARDS ***
Dealt to Dorex2007 [9h 7h]
paraguaio69: raises $0.07 to $0.09
Mark$layer: folds 
dlolo30: folds 
surbarun: folds 
Dorex2007: folds 
dala1603: calls $0.09
ANTON urevic: folds 
abufirs: folds 
Dondimafondi: folds 
*** FLOP *** [Ks Kc Td]
paraguaio69: checks 
dala1603: checks 
*** TURN *** [Ks Kc Td] [9s]
paraguaio69: bets $0.22
dala1603: calls $0.22
*** RIVER *** [Ks Kc Td 9s] [4c]
paraguaio69: bets $0.65
dala1603: folds 
Uncalled bet ($0.65) returned to paraguaio69
paraguaio69 collected $0.65 from pot
paraguaio69: doesn't show hand 
*** SUMMARY ***
Total pot $0.67 | Rake $0.02 
Board [Ks Kc Td 9s 4c]
Seat 1: surbarun folded before Flop (didn't bet)
Seat 2: Dorex2007 folded before Flop (didn't bet)
Seat 3: dala1603 folded on the River
Seat 4: ANTON urevic (button) folded before Flop (didn't bet)
Seat 5: abufirs (small blind) folded before Flop
Seat 6: Dondimafondi (big blind) folded before Flop
Seat 7: paraguaio69 collected ($0.65)
Seat 8: Mark$layer folded before Flop (didn't bet)
Seat 9: dlolo30 folded before Flop (didn't bet)



PokerStars Hand #234515747010:  Hold'em No Limit ($0.01/$0.02 USD) - 2022/03/02 18:05:36 PT [2022/03/02 21:05:36 ET]
Table 'Biela' 9-max Seat #5 is the button
Seat 1: surbarun ($3.23 in chips) 
Seat 2: Dorex2007 ($2 in chips) 
Seat 3: dala1603 ($1.64 in chips) 
Seat 4: ANTON urevic ($0.97 in chips) 
Seat 5: abufirs ($2.37 in chips) 
Seat 6: Dondimafondi ($1.98 in chips) 
Seat 7: paraguaio69 ($1.98 in chips) 
Seat 8: Mark$layer ($3.77 in chips) 
Seat 9: dlolo30 ($2.13 in chips) 
Dondimafondi: posts small blind $0.01
paraguaio69: posts big blind $0.02
*** HOLE CARDS ***
Dealt to Dorex2007 [Qh 3c]
Mark$layer: folds 
dlolo30: folds 
surbarun: folds 
Dorex2007: folds 
dala1603: calls $0.02
ANTON urevic: folds 
abufirs: folds 
Dondimafondi: calls $0.01
paraguaio69: checks 
*** FLOP *** [Qc Kd Tc]
Dondimafondi: checks 
paraguaio69: checks 
dala1603: checks 
*** TURN *** [Qc Kd Tc] [Qs]
Dondimafondi: bets $0.50
paraguaio69: folds 
dala1603: folds 
Uncalled bet ($0.50) returned to Dondimafondi
Dondimafondi collected $0.06 from pot
Dondimafondi: doesn't show hand 
*** SUMMARY ***
Total pot $0.06 | Rake $0 
Board [Qc Kd Tc Qs]
Seat 1: surbarun folded before Flop (didn't bet)
Seat 2: Dorex2007 folded before Flop (didn't bet)
Seat 3: dala1603 folded on the Turn
Seat 4: ANTON urevic folded before Flop (didn't bet)
Seat 5: abufirs (button) folded before Flop (didn't bet)
Seat 6: Dondimafondi (small blind) collected ($0.06)
Seat 7: paraguaio69 (big blind) folded on the Turn
Seat 8: Mark$layer folded before Flop (didn't bet)
Seat 9: dlolo30 folded before Flop (didn't bet)



PokerStars Hand #234515756770:  Hold'em No Limit ($0.01/$0.02 USD) - 2022/03/02 18:06:19 PT [2022/03/02 21:06:19 ET]
Table 'Biela' 9-max Seat #6 is the button
Seat 1: surbarun ($3.23 in chips) 
Seat 2: Dorex2007 ($2 in chips) 
Seat 3: dala1603 ($1.62 in chips) 
Seat 4: ANTON urevic ($0.97 in chips) 
Seat 5: abufirs ($2.37 in chips) 
Seat 6: Dondimafondi ($2.02 in chips) 
Seat 7: paraguaio69 ($1.96 in chips) 
Seat 8: Mark$layer ($3.77 in chips) 
Seat 9: dlolo30 ($2.13 in chips) 
paraguaio69: posts small blind $0.01
Mark$layer: posts big blind $0.02
*** HOLE CARDS ***
Dealt to Dorex2007 [3s Qh]
dlolo30: folds 
surbarun: raises $0.04 to $0.06
Dorex2007: folds 
dala1603: folds 
ANTON urevic: folds 
abufirs: folds 
Dondimafondi: raises $0.04 to $0.10
paraguaio69: folds 
Mark$layer: calls $0.08
surbarun: calls $0.04
*** FLOP *** [9d 6h 4h]
Mark$layer: checks 
surbarun: checks 
Dondimafondi: checks 
*** TURN *** [9d 6h 4h] [Ks]
Mark$layer: checks 
surbarun: checks 
Dondimafondi: bets $0.10
Mark$layer: calls $0.10
surbarun: folds 
*** RIVER *** [9d 6h 4h Ks] [Qc]
Mark$layer: checks 
Dondimafondi: checks 
*** SHOW DOWN ***
Mark$layer: shows [9c Ah] (a pair of Nines)
Dondimafondi: shows [Qs Jh] (a pair of Queens)
Dondimafondi collected $0.49 from pot
*** SUMMARY ***
Total pot $0.51 | Rake $0.02 
Board [9d 6h 4h Ks Qc]
Seat 1: surbarun folded on the Turn
Seat 2: Dorex2007 folded before Flop (didn't bet)
Seat 3: dala1603 folded before Flop (didn't bet)
Seat 4: ANTON urevic folded before Flop (didn't bet)
Seat 5: abufirs folded before Flop (didn't bet)
Seat 6: Dondimafondi (button) showed [Qs Jh] and won ($0.49) with a pair of Queens
Seat 7: paraguaio69 (small blind) folded before Flop
Seat 8: Mark$layer (big blind) showed [9c Ah] and lost with a pair of Nines
Seat 9: dlolo30 folded before Flop (didn't bet)



PokerStars Hand #234515775982:  Hold'em No Limit ($0.01/$0.02 USD) - 2022/03/02 18:07:45 PT [2022/03/02 21:07:45 ET]
Table 'Biela' 9-max Seat #7 is the button
Seat 1: surbarun ($3.13 in chips) 
Seat 2: Dorex2007 ($2 in chips) 
Seat 3: dala1603 ($1.62 in chips) 
Seat 4: ANTON urevic ($0.97 in chips) 
Seat 5: abufirs ($2.37 in chips) 
Seat 6: Dondimafondi ($2.31 in chips) 
Seat 7: paraguaio69 ($1.95 in chips) 
Seat 8: Mark$layer ($3.57 in chips) 
Seat 9: dlolo30 ($2.13 in chips) 
Mark$layer: posts small blind $0.01
dlolo30: posts big blind $0.02
*** HOLE CARDS ***
Dealt to Dorex2007 [Ts 4h]
surbarun: folds 
Dorex2007: folds 
dala1603: calls $0.02
ANTON urevic: folds 
abufirs: raises $0.06 to $0.08
surbarun leaves the table
Dondimafondi: folds 
paraguaio69: folds 
Mark$layer: folds 
dlolo30: folds 
dala1603: calls $0.06
*** FLOP *** [5h 2c Tc]
Tikagus joins the table at seat #1 
dala1603: checks 
abufirs: bets $0.18
dala1603: folds 
Uncalled bet ($0.18) returned to abufirs
abufirs collected $0.18 from pot
abufirs: doesn't show hand 
*** SUMMARY ***
Total pot $0.19 | Rake $0.01 
Board [5h 2c Tc]
Seat 1: surbarun folded before Flop (didn't bet)
Seat 2: Dorex2007 folded before Flop (didn't bet)
Seat 3: dala1603 folded on the Flop
Seat 4: ANTON urevic folded before Flop (didn't bet)
Seat 5: abufirs collected ($0.18)
Seat 6: Dondimafondi folded before Flop (didn't bet)
Seat 7: paraguaio69 (button) folded before Flop (didn't bet)
Seat 8: Mark$layer (small blind) folded before Flop
Seat 9: dlolo30 (big blind) folded before Flop



PokerStars Hand #234515788925:  Hold'em No Limit ($0.01/$0.02 USD) - 2022/03/02 18:08:42 PT [2022/03/02 21:08:42 ET]
Table 'Biela' 9-max Seat #8 is the button
Seat 1: Tikagus ($2 in chips) 
Seat 2: Dorex2007 ($2 in chips) 
Seat 3: dala1603 ($1.54 in chips) 
Seat 4: ANTON urevic ($0.97 in chips) 
Seat 5: abufirs ($2.47 in chips) 
Seat 6: Dondimafondi ($2.31 in chips) 
Seat 7: paraguaio69 ($1.95 in chips) 
Seat 8: Mark$layer ($3.56 in chips) 
Seat 9: dlolo30 ($2.11 in chips) 
dlolo30: posts small blind $0.01
Tikagus: posts big blind $0.02
*** HOLE CARDS ***
Dealt to Dorex2007 [2s Qh]
Dorex2007: folds 
dala1603: calls $0.02
ANTON urevic: folds 
abufirs: folds 
Dondimafondi: raises $0.18 to $0.20
paraguaio69: folds 
Mark$layer: folds 
dlolo30: folds 
Tikagus: folds 
dala1603: folds 
Uncalled bet ($0.18) returned to Dondimafondi
Dondimafondi collected $0.07 from pot
Dondimafondi: doesn't show hand 
*** SUMMARY ***
Total pot $0.07 | Rake $0 
Seat 1: Tikagus (big blind) folded before Flop
Seat 2: Dorex2007 folded before Flop (didn't bet)
Seat 3: dala1603 folded before Flop
Seat 4: ANTON urevic folded before Flop (didn't bet)
Seat 5: abufirs folded before Flop (didn't bet)
Seat 6: Dondimafondi collected ($0.07)
Seat 7: paraguaio69 folded before Flop (didn't bet)
Seat 8: Mark$layer (button) folded before Flop (didn't bet)
Seat 9: dlolo30 (small blind) folded before Flop



PokerStars Hand #234515802686:  Hold'em No Limit ($0.01/$0.02 USD) - 2022/03/02 18:09:10 PT [2022/03/02 21:09:10 ET]
Table 'Biela' 9-max Seat #9 is the button
Seat 1: Tikagus ($1.98 in chips) 
Seat 2: Dorex2007 ($2 in chips) 
Seat 3: dala1603 ($1.52 in chips) 
Seat 4: ANTON urevic ($0.97 in chips) 
Seat 5: abufirs ($2.47 in chips) 
Seat 6: Dondimafondi ($2.36 in chips) 
Seat 7: paraguaio69 ($1.95 in chips) 
Seat 8: Mark$layer ($3.56 in chips) 
Seat 9: dlolo30 ($2.10 in chips) 
Tikagus: posts small blind $0.01
Dorex2007: posts big blind $0.02
*** HOLE CARDS ***
Dealt to Dorex2007 [3c Ah]
dala1603: calls $0.02
ANTON urevic: folds 
abufirs: folds 
Dondimafondi: folds 
paraguaio69: folds 
Mark$layer: folds 
dlolo30: folds 
Tikagus: calls $0.01
Dorex2007: checks 
*** FLOP *** [8d 6d Ad]
Tikagus: checks 
Dorex2007: checks 
dala1603: checks 
*** TURN *** [8d 6d Ad] [9d]
Tikagus: checks 
Dorex2007: checks 
dala1603: bets $0.02
Tikagus: calls $0.02
Dorex2007: folds 
*** RIVER *** [8d 6d Ad 9d] [5s]
Tikagus: checks 
dala1603: bets $0.02
Tikagus: calls $0.02
*** SHOW DOWN ***
dala1603: shows [Qc Tc] (high card Ace)
Tikagus: shows [2d 2s] (a flush, Ace high)
Tikagus collected $0.14 from pot
*** SUMMARY ***
Total pot $0.14 | Rake $0 
Board [8d 6d Ad 9d 5s]
Seat 1: Tikagus (small blind) showed [2d 2s] and won ($0.14) with a flush, Ace high
Seat 2: Dorex2007 (big blind) folded on the Turn
Seat 3: dala1603 showed [Qc Tc] and lost with high card Ace
Seat 4: ANTON urevic folded before Flop (didn't bet)
Seat 5: abufirs folded before Flop (didn't bet)
Seat 6: Dondimafondi folded before Flop (didn't bet)
Seat 7: paraguaio69 folded before Flop (didn't bet)
Seat 8: Mark$layer folded before Flop (didn't bet)
Seat 9: dlolo30 (button) folded before Flop (didn't bet)



PokerStars Hand #234515814543:  Hold'em No Limit ($0.01/$0.02 USD) - 2022/03/02 18:10:04 PT [2022/03/02 21:10:04 ET]
Table 'Biela' 9-max Seat #1 is the button
Seat 1: Tikagus ($2.06 in chips) 
Seat 2: Dorex2007 ($2 in chips) 
Seat 3: dala1603 ($1.46 in chips) 
Seat 4: ANTON urevic ($0.97 in chips) 
Seat 5: abufirs ($2.47 in chips) 
Seat 6: Dondimafondi ($2.36 in chips) 
Seat 7: paraguaio69 ($1.95 in chips) 
Seat 8: Mark$layer ($3.56 in chips) 
Seat 9: dlolo30 ($2.10 in chips) 
Dorex2007: posts small blind $0.01
dala1603: posts big blind $0.02
*** HOLE CARDS ***
Dealt to Dorex2007 [Ad 9s]
ANTON urevic: calls $0.02
abufirs: calls $0.02
Dondimafondi: calls $0.02
paraguaio69: calls $0.02
Mark$layer: folds 
dlolo30: folds 
Tikagus: calls $0.02
Dorex2007: calls $0.01
dala1603: checks 
*** FLOP *** [8h Jh Qh]
Dorex2007: checks 
dala1603: checks 
ANTON urevic: checks 
abufirs: checks 
Dondimafondi: bets $0.10
paraguaio69: folds 
Tikagus: folds 
Dorex2007: folds 
dala1603: folds 
ANTON urevic: folds 
abufirs: folds 
Uncalled bet ($0.10) returned to Dondimafondi
Dondimafondi collected $0.14 from pot
Dondimafondi: doesn't show hand 
*** SUMMARY ***
Total pot $0.14 | Rake $0 
Board [8h Jh Qh]
Seat 1: Tikagus (button) folded on the Flop
Seat 2: Dorex2007 (small blind) folded on the Flop
Seat 3: dala1603 (big blind) folded on the Flop
Seat 4: ANTON urevic folded on the Flop
Seat 5: abufirs folded on the Flop
Seat 6: Dondimafondi collected ($0.14)
Seat 7: paraguaio69 folded on the Flop
Seat 8: Mark$layer folded before Flop (didn't bet)
Seat 9: dlolo30 folded before Flop (didn't bet)



PokerStars Hand #234515824550:  Hold'em No Limit ($0.01/$0.02 USD) - 2022/03/02 18:10:48 PT [2022/03/02 21:10:48 ET]
Table 'Biela' 9-max Seat #2 is the button
Seat 1: Tikagus ($2.04 in chips) 
Seat 2: Dorex2007 ($2 in chips) 
Seat 3: dala1603 ($1.44 in chips) 
Seat 4: ANTON urevic ($0.95 in chips) 
Seat 5: abufirs ($2.45 in chips) 
Seat 6: Dondimafondi ($2.48 in chips) 
Seat 7: paraguaio69 ($1.93 in chips) 
Seat 8: Mark$layer ($3.56 in chips) 
Seat 9: dlolo30 ($2.10 in chips) 
dala1603: posts small blind $0.01
ANTON urevic: posts big blind $0.02
*** HOLE CARDS ***
Dealt to Dorex2007 [9c 8d]
abufirs: folds 
Dondimafondi: calls $0.02
paraguaio69: raises $0.02 to $0.04
Mark$layer: folds 
dlolo30: folds 
Tikagus: folds 
Dorex2007: folds 
dala1603: folds 
ANTON urevic: folds 
Dondimafondi: calls $0.02
*** FLOP *** [Jh 8s Jd]
Dondimafondi: bets $0.10
paraguaio69: folds 
Uncalled bet ($0.10) returned to Dondimafondi
Dondimafondi collected $0.11 from pot
Dondimafondi: doesn't show hand 
*** SUMMARY ***
Total pot $0.11 | Rake $0 
Board [Jh 8s Jd]
Seat 1: Tikagus folded before Flop (didn't bet)
Seat 2: Dorex2007 (button) folded before Flop (didn't bet)
Seat 3: dala1603 (small blind) folded before Flop
Seat 4: ANTON urevic (big blind) folded before Flop
Seat 5: abufirs folded before Flop (didn't bet)
Seat 6: Dondimafondi collected ($0.11)
Seat 7: paraguaio69 folded on the Flop
Seat 8: Mark$layer folded before Flop (didn't bet)
Seat 9: dlolo30 folded before Flop (didn't bet)



PokerStars Hand #234515833090:  Hold'em No Limit ($0.01/$0.02 USD) - 2022/03/02 18:11:27 PT [2022/03/02 21:11:27 ET]
Table 'Biela' 9-max Seat #3 is the button
Seat 1: Tikagus ($2.04 in chips) 
Seat 2: Dorex2007 ($2 in chips) 
Seat 3: dala1603 ($1.43 in chips) 
Seat 4: ANTON urevic ($0.93 in chips) 
Seat 5: abufirs ($2.45 in chips) 
Seat 6: Dondimafondi ($2.55 in chips) 
Seat 7: paraguaio69 ($1.89 in chips) 
Seat 8: Mark$layer ($3.56 in chips) 
Seat 9: dlolo30 ($2.10 in chips) 
ANTON urevic: posts small blind $0.01
abufirs: posts big blind $0.02
*** HOLE CARDS ***
Dealt to Dorex2007 [Ah Jh]
Dondimafondi: folds 
paraguaio69: folds 
Mark$layer: calls $0.02
dlolo30: folds 
Tikagus: folds 
Dorex2007: raises $0.04 to $0.06
dala1603: folds 
ANTON urevic: folds 
abufirs: calls $0.04
Mark$layer: calls $0.04
*** FLOP *** [Jd 9d 3s]
abufirs: bets $0.18
Mark$layer: folds 
Dorex2007: raises $1.76 to $1.94 and is all-in
abufirs: calls $1.76
*** TURN *** [Jd 9d 3s] [8d]
*** RIVER *** [Jd 9d 3s 8d] [Js]
*** SHOW DOWN ***
abufirs: shows [Qc Qh] (two pair, Queens and Jacks)
Dorex2007: shows [Ah Jh] (three of a kind, Jacks)
Dorex2007 collected $3.93 from pot
abufirs cashed out the hand for $3.11 | Cash Out Fee $0.03
*** SUMMARY ***
Total pot $4.07 | Rake $0.14 
Board [Jd 9d 3s 8d Js]
Seat 1: Tikagus folded before Flop (didn't bet)
Seat 2: Dorex2007 showed [Ah Jh] and won ($3.93) with three of a kind, Jacks
Seat 3: dala1603 (button) folded before Flop (didn't bet)
Seat 4: ANTON urevic (small blind) folded before Flop
Seat 5: abufirs (big blind) showed [Qc Qh] and lost with two pair, Queens and Jacks (cashed out).
Seat 6: Dondimafondi folded before Flop (didn't bet)
Seat 7: paraguaio69 folded before Flop (didn't bet)
Seat 8: Mark$layer folded on the Flop
Seat 9: dlolo30 folded before Flop (didn't bet)



PokerStars Hand #234515845040:  Hold'em No Limit ($0.01/$0.02 USD) - 2022/03/02 18:12:20 PT [2022/03/02 21:12:20 ET]
Table 'Biela' 9-max Seat #4 is the button
Seat 1: Tikagus ($2.04 in chips) 
Seat 2: Dorex2007 ($3.93 in chips) 
Seat 3: dala1603 ($1.43 in chips) 
Seat 4: ANTON urevic ($0.92 in chips) 
Seat 5: abufirs ($3.56 in chips) 
Seat 6: Dondimafondi ($2.55 in chips) 
Seat 7: paraguaio69 ($1.89 in chips) 
Seat 8: Mark$layer ($3.50 in chips) 
Seat 9: dlolo30 ($2.10 in chips) 
abufirs: posts small blind $0.01
Dondimafondi: posts big blind $0.02
*** HOLE CARDS ***
Dealt to Dorex2007 [Qh Kc]
paraguaio69: folds 
Mark$layer: folds 
dlolo30: folds 
Tikagus: calls $0.02
Dorex2007: calls $0.02
dala1603: raises $0.09 to $0.11
ANTON urevic: folds 
abufirs: folds 
Dondimafondi: folds 
Tikagus: folds 
Dorex2007: folds 
Uncalled bet ($0.09) returned to dala1603
dala1603 collected $0.09 from pot
dala1603: doesn't show hand 
*** SUMMARY ***
Total pot $0.09 | Rake $0 
Seat 1: Tikagus folded before Flop
Seat 2: Dorex2007 folded before Flop
Seat 3: dala1603 collected ($0.09)
Seat 4: ANTON urevic (button) folded before Flop (didn't bet)
Seat 5: abufirs (small blind) folded before Flop
Seat 6: Dondimafondi (big blind) folded before Flop
Seat 7: paraguaio69 folded before Flop (didn't bet)
Seat 8: Mark$layer folded before Flop (didn't bet)
Seat 9: dlolo30 folded before Flop (didn't bet)



PokerStars Hand #234515852532:  Hold'em No Limit ($0.01/$0.02 USD) - 2022/03/02 18:12:54 PT [2022/03/02 21:12:54 ET]
Table 'Biela' 9-max Seat #5 is the button
Seat 1: Tikagus ($2.02 in chips) 
Seat 2: Dorex2007 ($3.91 in chips) 
Seat 3: dala1603 ($1.50 in chips) 
Seat 4: ANTON urevic ($0.92 in chips) 
Seat 5: abufirs ($3.55 in chips) 
Seat 6: Dondimafondi ($2.53 in chips) 
Seat 7: paraguaio69 ($1.89 in chips) 
Seat 8: Mark$layer ($3.50 in chips) 
Seat 9: dlolo30 ($2.10 in chips) 
Dondimafondi: posts small blind $0.01
paraguaio69: posts big blind $0.02
*** HOLE CARDS ***
Dealt to Dorex2007 [7h Qd]
Mark$layer: calls $0.02
dlolo30: folds 
Tikagus: calls $0.02
Dorex2007: folds 
dala1603: raises $0.09 to $0.11
ANTON urevic: calls $0.11
abufirs: folds 
Dondimafondi: calls $0.10
paraguaio69: folds 
Mark$layer: folds 
Tikagus: folds 
*** FLOP *** [9h 5d Js]
Dondimafondi: checks 
dala1603: bets $0.38
ANTON urevic: folds 
Dondimafondi: folds 
Uncalled bet ($0.38) returned to dala1603
dala1603 collected $0.38 from pot
*** SUMMARY ***
Total pot $0.39 | Rake $0.01 
Board [9h 5d Js]
Seat 1: Tikagus folded before Flop
Seat 2: Dorex2007 folded before Flop (didn't bet)
Seat 3: dala1603 collected ($0.38)
Seat 4: ANTON urevic folded on the Flop
Seat 5: abufirs (button) folded before Flop (didn't bet)
Seat 6: Dondimafondi (small blind) folded on the Flop
Seat 7: paraguaio69 (big blind) folded before Flop
Seat 8: Mark$layer folded before Flop
Seat 9: dlolo30 folded before Flop (didn't bet)



PokerStars Hand #234515871949:  Hold'em No Limit ($0.01/$0.02 USD) - 2022/03/02 18:14:22 PT [2022/03/02 21:14:22 ET]
Table 'Biela' 9-max Seat #6 is the button
Seat 1: Tikagus ($2 in chips) 
Seat 2: Dorex2007 ($3.91 in chips) 
Seat 3: dala1603 ($1.77 in chips) 
Seat 4: ANTON urevic ($0.81 in chips) 
Seat 5: abufirs ($3.55 in chips) 
Seat 6: Dondimafondi ($2.42 in chips) 
Seat 7: paraguaio69 ($1.87 in chips) 
Seat 8: Mark$layer ($3.48 in chips) 
Seat 9: dlolo30 ($2.10 in chips) 
paraguaio69: posts small blind $0.01
Mark$layer: posts big blind $0.02
*** HOLE CARDS ***
Dealt to Dorex2007 [Th Ts]
dlolo30: calls $0.02
Tikagus: folds 
Dorex2007: raises $0.02 to $0.04
dala1603: calls $0.04
ANTON urevic: folds 
abufirs: calls $0.04
Dondimafondi: calls $0.04
paraguaio69: calls $0.03
Mark$layer: folds 
dlolo30: calls $0.02
*** FLOP *** [9h 6c 2s]
paraguaio69: bets $0.25
dlolo30: folds 
Dorex2007: folds 
dala1603: folds 
abufirs: folds 
Dondimafondi: calls $0.25
*** TURN *** [9h 6c 2s] [9s]
paraguaio69: checks 
Dondimafondi: checks 
*** RIVER *** [9h 6c 2s 9s] [7h]
paraguaio69: bets $0.75
Dondimafondi: folds 
Uncalled bet ($0.75) returned to paraguaio69
paraguaio69 collected $0.73 from pot
paraguaio69: doesn't show hand 
*** SUMMARY ***
Total pot $0.76 | Rake $0.03 
Board [9h 6c 2s 9s 7h]
Seat 1: Tikagus folded before Flop (didn't bet)
Seat 2: Dorex2007 folded on the Flop
Seat 3: dala1603 folded on the Flop
Seat 4: ANTON urevic folded before Flop (didn't bet)
Seat 5: abufirs folded on the Flop
Seat 6: Dondimafondi (button) folded on the River
Seat 7: paraguaio69 (small blind) collected ($0.73)
Seat 8: Mark$layer (big blind) folded before Flop
Seat 9: dlolo30 folded on the Flop



PokerStars Hand #234515892112:  Hold'em No Limit ($0.01/$0.02 USD) - 2022/03/02 18:15:53 PT [2022/03/02 21:15:53 ET]
Table 'Biela' 9-max Seat #7 is the button
Seat 1: Tikagus ($2 in chips) 
Seat 2: Dorex2007 ($3.87 in chips) 
Seat 3: dala1603 ($1.73 in chips) 
Seat 4: ANTON urevic ($0.81 in chips) 
Seat 5: abufirs ($3.51 in chips) 
Seat 6: Dondimafondi ($2.13 in chips) 
Seat 7: paraguaio69 ($2.31 in chips) 
Seat 8: Mark$layer ($3.46 in chips) 
Seat 9: dlolo30 ($2.06 in chips) 
Mark$layer: posts small blind $0.01
dlolo30: posts big blind $0.02
*** HOLE CARDS ***
Dealt to Dorex2007 [9s Qc]
Tikagus has timed out
Tikagus: folds 
Dorex2007: folds 
dala1603: calls $0.02
ANTON urevic: folds 
abufirs: folds 
Dondimafondi: folds 
paraguaio69: folds 
Mark$layer: raises $0.04 to $0.06
dlolo30: folds 
dala1603: calls $0.04
*** FLOP *** [4h 3d 5d]
Mark$layer: checks 
dala1603: checks 
*** TURN *** [4h 3d 5d] [6c]
Mark$layer: bets $0.04
dala1603: calls $0.04
*** RIVER *** [4h 3d 5d 6c] [3s]
Mark$layer: checks 
dala1603: checks 
*** SHOW DOWN ***
Mark$layer: shows [Tc Kd] (a pair of Threes)
dala1603: mucks hand 
Mark$layer collected $0.21 from pot
*** SUMMARY ***
Total pot $0.22 | Rake $0.01 
Board [4h 3d 5d 6c 3s]
Seat 1: Tikagus folded before Flop (didn't bet)
Seat 2: Dorex2007 folded before Flop (didn't bet)
Seat 3: dala1603 mucked [9d Qd]
Seat 4: ANTON urevic folded before Flop (didn't bet)
Seat 5: abufirs folded before Flop (didn't bet)
Seat 6: Dondimafondi folded before Flop (didn't bet)
Seat 7: paraguaio69 (button) folded before Flop (didn't bet)
Seat 8: Mark$layer (small blind) showed [Tc Kd] and won ($0.21) with a pair of Threes
Seat 9: dlolo30 (big blind) folded before Flop



PokerStars Hand #234515905710:  Hold'em No Limit ($0.01/$0.02 USD) - 2022/03/02 18:16:55 PT [2022/03/02 21:16:55 ET]
Table 'Biela' 9-max Seat #8 is the button
Seat 1: Tikagus ($2 in chips) 
Seat 2: Dorex2007 ($3.87 in chips) 
Seat 3: dala1603 ($1.63 in chips) 
Seat 4: ANTON urevic ($0.81 in chips) 
Seat 5: abufirs ($3.51 in chips) 
Seat 6: Dondimafondi ($2.13 in chips) 
Seat 7: paraguaio69 ($2.31 in chips) 
Seat 8: Mark$layer ($3.57 in chips) 
Seat 9: dlolo30 ($2.04 in chips) 
dlolo30: posts small blind $0.01
Tikagus: posts big blind $0.02
*** HOLE CARDS ***
Dealt to Dorex2007 [9s 8h]
Dorex2007: folds 
dala1603: folds 
ANTON urevic: folds 
abufirs: folds 
Dondimafondi has timed out
Dondimafondi: folds 
paraguaio69: calls $0.02
Mark$layer: calls $0.02
dlolo30: calls $0.01
Tikagus: checks 
*** FLOP *** [5h Th As]
dlolo30: checks 
Tikagus: checks 
paraguaio69: checks 
Mark$layer: checks 
*** TURN *** [5h Th As] [5d]
dlolo30: checks 
Tikagus: checks 
paraguaio69: checks 
Mark$layer: checks 
*** RIVER *** [5h Th As 5d] [Tc]
dlolo30: checks 
Tikagus: checks 
paraguaio69: checks 
Mark$layer: checks 
*** SHOW DOWN ***
dlolo30: shows [Jd 7c] (two pair, Tens and Fives)
Tikagus: shows [Js 2s] (two pair, Tens and Fives)
paraguaio69: shows [Kc 7h] (two pair, Tens and Fives)
Mark$layer: shows [9c 7d] (two pair, Tens and Fives)
dlolo30 collected $0.02 from pot
Tikagus collected $0.02 from pot
paraguaio69 collected $0.02 from pot
Mark$layer collected $0.02 from pot
*** SUMMARY ***
Total pot $0.08 | Rake $0 
Board [5h Th As 5d Tc]
Seat 1: Tikagus (big blind) showed [Js 2s] and won ($0.02) with two pair, Tens and Fives
Seat 2: Dorex2007 folded before Flop (didn't bet)
Seat 3: dala1603 folded before Flop (didn't bet)
Seat 4: ANTON urevic folded before Flop (didn't bet)
Seat 5: abufirs folded before Flop (didn't bet)
Seat 6: Dondimafondi folded before Flop (didn't bet)
Seat 7: paraguaio69 showed [Kc 7h] and won ($0.02) with two pair, Tens and Fives
Seat 8: Mark$layer (button) showed [9c 7d] and won ($0.02) with two pair, Tens and Fives
Seat 9: dlolo30 (small blind) showed [Jd 7c] and won ($0.02) with two pair, Tens and Fives



PokerStars Hand #234515935250:  Hold'em No Limit ($0.01/$0.02 USD) - 2022/03/02 18:19:02 PT [2022/03/02 21:19:02 ET]
Table 'Biela' 9-max Seat #9 is the button
Seat 1: Tikagus ($2 in chips) 
Seat 2: Dorex2007 ($3.87 in chips) 
Seat 3: dala1603 ($1.63 in chips) 
Seat 4: ANTON urevic ($0.81 in chips) 
Seat 5: abufirs ($3.51 in chips) 
Seat 6: Dondimafondi ($2.13 in chips) 
Seat 7: paraguaio69 ($2.31 in chips) 
Seat 8: Mark$layer ($3.57 in chips) 
Seat 9: dlolo30 ($2.04 in chips) 
Tikagus: posts small blind $0.01
Dorex2007: posts big blind $0.02
*** HOLE CARDS ***
Dealt to Dorex2007 [4s Ah]
dala1603: calls $0.02
ANTON urevic: folds 
abufirs: calls $0.02
Dondimafondi: calls $0.02
paraguaio69: folds 
Mark$layer: folds 
dlolo30: calls $0.02
Tikagus: calls $0.01
Dorex2007: checks 
*** FLOP *** [8c 2h 3h]
Tikagus: bets $0.02
Dorex2007: calls $0.02
dala1603: calls $0.02
abufirs: calls $0.02
Dondimafondi: calls $0.02
dlolo30: raises $0.08 to $0.10
Tikagus: calls $0.08
Dorex2007: folds 
dala1603: calls $0.08
abufirs: folds 
Dondimafondi: calls $0.08
*** TURN *** [8c 2h 3h] [4h]
Tikagus: checks 
dala1603: checks 
Dondimafondi: bets $0.10
dlolo30: folds 
Tikagus: folds 
dala1603: calls $0.10
*** RIVER *** [8c 2h 3h 4h] [2c]
dala1603: checks 
Dondimafondi: bets $0.20
dala1603: folds 
Uncalled bet ($0.20) returned to Dondimafondi
Dondimafondi collected $0.73 from pot
Dondimafondi: doesn't show hand 
*** SUMMARY ***
Total pot $0.76 | Rake $0.03 
Board [8c 2h 3h 4h 2c]
Seat 1: Tikagus (small blind) folded on the Turn
Seat 2: Dorex2007 (big blind) folded on the Flop
Seat 3: dala1603 folded on the River
Seat 4: ANTON urevic folded before Flop (didn't bet)
Seat 5: abufirs folded on the Flop
Seat 6: Dondimafondi collected ($0.73)
Seat 7: paraguaio69 folded before Flop (didn't bet)
Seat 8: Mark$layer folded before Flop (didn't bet)
Seat 9: dlolo30 (button) folded on the Turn



PokerStars Hand #234515964763:  Hold'em No Limit ($0.01/$0.02 USD) - 2022/03/02 18:20:52 PT [2022/03/02 21:20:52 ET]
Table 'Biela' 9-max Seat #1 is the button
Seat 1: Tikagus ($1.88 in chips) 
Seat 2: Dorex2007 ($3.83 in chips) 
Seat 3: dala1603 ($1.41 in chips) 
Seat 4: ANTON urevic ($0.81 in chips) 
Seat 5: abufirs ($3.47 in chips) 
Seat 6: Dondimafondi ($2.64 in chips) 
Seat 7: paraguaio69 ($2.31 in chips) 
Seat 8: Mark$layer ($3.57 in chips) 
Seat 9: dlolo30 ($1.92 in chips) 
Dorex2007: posts small blind $0.01
dala1603: posts big blind $0.02
*** HOLE CARDS ***
Dealt to Dorex2007 [Th 3c]
ANTON urevic: folds 
abufirs: calls $0.02
Dondimafondi: folds 
paraguaio69: folds 
Mark$layer: raises $0.02 to $0.04
dlolo30: calls $0.04
Tikagus: folds 
Dorex2007: folds 
dala1603: calls $0.02
abufirs: calls $0.02
*** FLOP *** [4s 2d Js]
dala1603: checks 
abufirs: checks 
Mark$layer: bets $0.06
dlolo30: folds 
dala1603: calls $0.06
abufirs: calls $0.06
*** TURN *** [4s 2d Js] [5s]
dala1603: bets $0.34
abufirs: calls $0.34
Mark$layer: folds 
*** RIVER *** [4s 2d Js 5s] [Qh]
dala1603: checks 
abufirs: bets $0.50
dala1603: folds 
Uncalled bet ($0.50) returned to abufirs
abufirs collected $0.99 from pot
abufirs: doesn't show hand 
*** SUMMARY ***
Total pot $1.03 | Rake $0.04 
Board [4s 2d Js 5s Qh]
Seat 1: Tikagus (button) folded before Flop (didn't bet)
Seat 2: Dorex2007 (small blind) folded before Flop
Seat 3: dala1603 (big blind) folded on the River
Seat 4: ANTON urevic folded before Flop (didn't bet)
Seat 5: abufirs collected ($0.99)
Seat 6: Dondimafondi folded before Flop (didn't bet)
Seat 7: paraguaio69 folded before Flop (didn't bet)
Seat 8: Mark$layer folded on the Turn
Seat 9: dlolo30 folded on the Flop



PokerStars Hand #234515979385:  Hold'em No Limit ($0.01/$0.02 USD) - 2022/03/02 18:21:59 PT [2022/03/02 21:21:59 ET]
Table 'Biela' 9-max Seat #2 is the button
Seat 1: Tikagus ($1.88 in chips) 
Seat 2: Dorex2007 ($3.82 in chips) 
Seat 3: dala1603 ($0.97 in chips) 
Seat 4: ANTON urevic ($0.81 in chips) 
Seat 5: abufirs ($4.02 in chips) 
Seat 6: Dondimafondi ($2.64 in chips) 
Seat 7: paraguaio69 ($2.31 in chips) 
Seat 8: Mark$layer ($3.47 in chips) 
Seat 9: dlolo30 ($1.88 in chips) 
dala1603: posts small blind $0.01
ANTON urevic: posts big blind $0.02
*** HOLE CARDS ***
Dealt to Dorex2007 [2h 3c]
abufirs: calls $0.02
Dondimafondi: calls $0.02
paraguaio69: calls $0.02
Mark$layer: folds 
dlolo30: raises $0.10 to $0.12
Tikagus: folds 
Dorex2007: folds 
dala1603: folds 
ANTON urevic: folds 
abufirs: folds 
Dondimafondi: calls $0.10
paraguaio69: folds 
*** FLOP *** [Ad 9c Td]
Dondimafondi: checks 
dlolo30: bets $0.20
Dondimafondi: folds 
Uncalled bet ($0.20) returned to dlolo30
dlolo30 collected $0.30 from pot
*** SUMMARY ***
Total pot $0.31 | Rake $0.01 
Board [Ad 9c Td]
Seat 1: Tikagus folded before Flop (didn't bet)
Seat 2: Dorex2007 (button) folded before Flop (didn't bet)
Seat 3: dala1603 (small blind) folded before Flop
Seat 4: ANTON urevic (big blind) folded before Flop
Seat 5: abufirs folded before Flop
Seat 6: Dondimafondi folded on the Flop
Seat 7: paraguaio69 folded before Flop
Seat 8: Mark$layer folded before Flop (didn't bet)
Seat 9: dlolo30 collected ($0.30)



PokerStars Hand #234516001358:  Hold'em No Limit ($0.01/$0.02 USD) - 2022/03/02 18:22:55 PT [2022/03/02 21:22:55 ET]
Table 'Biela' 9-max Seat #3 is the button
Seat 1: Tikagus ($1.88 in chips) 
Seat 2: Dorex2007 ($3.82 in chips) 
Seat 3: dala1603 ($0.96 in chips) 
Seat 4: ANTON urevic ($0.79 in chips) 
Seat 5: abufirs ($4 in chips) 
Seat 6: Dondimafondi ($2.52 in chips) 
Seat 7: paraguaio69 ($2.29 in chips) 
Seat 8: Mark$layer ($3.47 in chips) 
Seat 9: dlolo30 ($2.06 in chips) 
ANTON urevic: posts small blind $0.01
abufirs: posts big blind $0.02
*** HOLE CARDS ***
Dealt to Dorex2007 [7d 9h]
Dondimafondi: folds 
paraguaio69: folds 
Mark$layer: calls $0.02
dlolo30: calls $0.02
Tikagus: folds 
Dorex2007: folds 
dala1603: folds 
ANTON urevic: folds 
abufirs: checks 
*** FLOP *** [2h 4s Qh]
abufirs: checks 
Mark$layer: checks 
dlolo30: checks 
*** TURN *** [2h 4s Qh] [Tc]
abufirs: checks 
Mark$layer: checks 
dlolo30: checks 
*** RIVER *** [2h 4s Qh Tc] [Ks]
abufirs: checks 
Mark$layer: bets $0.04
dlolo30: folds 
abufirs: folds 
Uncalled bet ($0.04) returned to Mark$layer
Mark$layer collected $0.07 from pot
Mark$layer: doesn't show hand 
*** SUMMARY ***
Total pot $0.07 | Rake $0 
Board [2h 4s Qh Tc Ks]
Seat 1: Tikagus folded before Flop (didn't bet)
Seat 2: Dorex2007 folded before Flop (didn't bet)
Seat 3: dala1603 (button) folded before Flop (didn't bet)
Seat 4: ANTON urevic (small blind) folded before Flop
Seat 5: abufirs (big blind) folded on the River
Seat 6: Dondimafondi folded before Flop (didn't bet)
Seat 7: paraguaio69 folded before Flop (didn't bet)
Seat 8: Mark$layer collected ($0.07)
Seat 9: dlolo30 folded on the River



PokerStars Hand #234516012758:  Hold'em No Limit ($0.01/$0.02 USD) - 2022/03/02 18:23:47 PT [2022/03/02 21:23:47 ET]
Table 'Biela' 9-max Seat #4 is the button
Seat 1: Tikagus ($1.88 in chips) 
Seat 2: Dorex2007 ($3.82 in chips) 
Seat 3: dala1603 ($0.96 in chips) 
Seat 4: ANTON urevic ($0.78 in chips) 
Seat 5: abufirs ($3.98 in chips) 
Seat 6: Dondimafondi ($2.52 in chips) 
Seat 7: paraguaio69 ($2.29 in chips) 
Seat 8: Mark$layer ($3.52 in chips) 
Seat 9: dlolo30 ($2.04 in chips) 
abufirs: posts small blind $0.01
Dondimafondi: posts big blind $0.02
*** HOLE CARDS ***
Dealt to Dorex2007 [5d Ts]
paraguaio69: folds 
Mark$layer: calls $0.02
dlolo30: folds 
Tikagus: folds 
Dorex2007: folds 
dala1603: calls $0.02
ANTON urevic: folds 
abufirs: folds 
Dondimafondi: checks 
*** FLOP *** [7h 2s 8d]
Dondimafondi: checks 
Mark$layer: checks 
dala1603: bets $0.06
Dondimafondi: folds 
Mark$layer: calls $0.06
*** TURN *** [7h 2s 8d] [Ah]
Mark$layer: checks 
dala1603: bets $0.18
Mark$layer: folds 
Uncalled bet ($0.18) returned to dala1603
dala1603 collected $0.18 from pot
dala1603: doesn't show hand 
*** SUMMARY ***
Total pot $0.19 | Rake $0.01 
Board [7h 2s 8d Ah]
Seat 1: Tikagus folded before Flop (didn't bet)
Seat 2: Dorex2007 folded before Flop (didn't bet)
Seat 3: dala1603 collected ($0.18)
Seat 4: ANTON urevic (button) folded before Flop (didn't bet)
Seat 5: abufirs (small blind) folded before Flop
Seat 6: Dondimafondi (big blind) folded on the Flop
Seat 7: paraguaio69 folded before Flop (didn't bet)
Seat 8: Mark$layer folded on the Turn
Seat 9: dlolo30 folded before Flop (didn't bet)



PokerStars Hand #234516028920:  Hold'em No Limit ($0.01/$0.02 USD) - 2022/03/02 18:25:00 PT [2022/03/02 21:25:00 ET]
Table 'Biela' 9-max Seat #5 is the button
Seat 1: Tikagus ($1.88 in chips) 
Seat 2: Dorex2007 ($3.82 in chips) 
Seat 3: dala1603 ($1.06 in chips) 
Seat 4: ANTON urevic ($0.78 in chips) 
Seat 5: abufirs ($3.97 in chips) 
Seat 6: Dondimafondi ($2.50 in chips) 
Seat 7: paraguaio69 ($2.29 in chips) 
Seat 8: Mark$layer ($3.44 in chips) 
Seat 9: dlolo30 ($2.04 in chips) 
Dondimafondi: posts small blind $0.01
paraguaio69: posts big blind $0.02
*** HOLE CARDS ***
Dealt to Dorex2007 [Jc 6c]
Mark$layer: folds 
dlolo30: calls $0.02
Tikagus: folds 
Dorex2007: folds 
dala1603: calls $0.02
ANTON urevic: folds 
abufirs: calls $0.02
Dondimafondi: calls $0.01
paraguaio69: checks 
*** FLOP *** [Ad Qc 4h]
Dondimafondi: checks 
paraguaio69: bets $0.02
dlolo30: calls $0.02
dala1603: folds 
abufirs: calls $0.02
Dondimafondi: calls $0.02
*** TURN *** [Ad Qc 4h] [7d]
Dondimafondi: checks 
paraguaio69: checks 
dlolo30: checks 
abufirs: checks 
*** RIVER *** [Ad Qc 4h 7d] [Th]
Dondimafondi: checks 
paraguaio69: bets $0.08
dlolo30: raises $0.20 to $0.28
abufirs: folds 
Dondimafondi: folds 
paraguaio69: folds 
Uncalled bet ($0.20) returned to dlolo30
dlolo30 collected $0.33 from pot
*** SUMMARY ***
Total pot $0.34 | Rake $0.01 
Board [Ad Qc 4h 7d Th]
Seat 1: Tikagus folded before Flop (didn't bet)
Seat 2: Dorex2007 folded before Flop (didn't bet)
Seat 3: dala1603 folded on the Flop
Seat 4: ANTON urevic folded before Flop (didn't bet)
Seat 5: abufirs (button) folded on the River
Seat 6: Dondimafondi (small blind) folded on the River
Seat 7: paraguaio69 (big blind) folded on the River
Seat 8: Mark$layer folded before Flop (didn't bet)
Seat 9: dlolo30 collected ($0.33)



PokerStars Hand #234516056590:  Hold'em No Limit ($0.01/$0.02 USD) - 2022/03/02 18:26:46 PT [2022/03/02 21:26:46 ET]
Table 'Biela' 9-max Seat #6 is the button
Seat 1: Tikagus ($1.88 in chips) 
Seat 2: Dorex2007 ($3.82 in chips) 
Seat 3: dala1603 ($1.04 in chips) 
Seat 4: ANTON urevic ($0.78 in chips) 
Seat 5: abufirs ($3.93 in chips) 
Seat 6: Dondimafondi ($2.46 in chips) 
Seat 7: paraguaio69 ($2.17 in chips) 
Seat 8: Mark$layer ($3.44 in chips) 
Seat 9: dlolo30 ($2.25 in chips) 
paraguaio69: posts small blind $0.01
Mark$layer: posts big blind $0.02
*** HOLE CARDS ***
Dealt to Dorex2007 [2s 6d]
dlolo30: folds 
Tikagus: folds 
Dorex2007: folds 
dala1603: calls $0.02
ANTON urevic: calls $0.02
abufirs: folds 
Dondimafondi: calls $0.02
paraguaio69: calls $0.01
Mark$layer: checks 
*** FLOP *** [2d 9h 2h]
paraguaio69: checks 
Mark$layer: bets $0.10
dala1603: calls $0.10
ANTON urevic: folds 
Dondimafondi: folds 
paraguaio69: folds 
*** TURN *** [2d 9h 2h] [Jd]
Mark$layer: bets $0.08
dala1603: calls $0.08
*** RIVER *** [2d 9h 2h Jd] [Kh]
Mark$layer: bets $0.10
dala1603: calls $0.10
*** SHOW DOWN ***
Mark$layer: shows [9d Qd] (two pair, Nines and Deuces)
dala1603: shows [4c 9c] (two pair, Nines and Deuces)
Mark$layer collected $0.32 from pot
dala1603 collected $0.32 from pot
*** SUMMARY ***
Total pot $0.66 | Rake $0.02 
Board [2d 9h 2h Jd Kh]
Seat 1: Tikagus folded before Flop (didn't bet)
Seat 2: Dorex2007 folded before Flop (didn't bet)
Seat 3: dala1603 showed [4c 9c] and won ($0.32) with two pair, Nines and Deuces
Seat 4: ANTON urevic folded on the Flop
Seat 5: abufirs folded before Flop (didn't bet)
Seat 6: Dondimafondi (button) folded on the Flop
Seat 7: paraguaio69 (small blind) folded on the Flop
Seat 8: Mark$layer (big blind) showed [9d Qd] and won ($0.32) with two pair, Nines and Deuces
Seat 9: dlolo30 folded before Flop (didn't bet)



PokerStars Hand #234516073354:  Hold'em No Limit ($0.01/$0.02 USD) - 2022/03/02 18:28:03 PT [2022/03/02 21:28:03 ET]
Table 'Biela' 9-max Seat #7 is the button
Seat 1: Tikagus ($1.88 in chips) 
Seat 2: Dorex2007 ($3.82 in chips) 
Seat 3: dala1603 ($1.06 in chips) 
Seat 4: ANTON urevic ($0.76 in chips) 
Seat 5: abufirs ($3.93 in chips) 
Seat 6: Dondimafondi ($2.44 in chips) 
Seat 7: paraguaio69 ($2.15 in chips) 
Seat 8: Mark$layer ($3.46 in chips) 
Seat 9: dlolo30 ($2.25 in chips) 
Mark$layer: posts small blind $0.01
dlolo30: posts big blind $0.02
*** HOLE CARDS ***
Dealt to Dorex2007 [Qs 2d]
Tikagus: calls $0.02
Dorex2007: folds 
dala1603: raises $0.02 to $0.04
ANTON urevic: folds 
abufirs: folds 
Dondimafondi: calls $0.04
paraguaio69: folds 
Mark$layer: folds 
dlolo30: calls $0.02
Tikagus: calls $0.02
*** FLOP *** [2h 4d 3s]
dlolo30: checks 
Tikagus: checks 
dala1603: checks 
Dondimafondi: checks 
*** TURN *** [2h 4d 3s] [Kh]
dlolo30: checks 
Tikagus: checks 
dala1603: checks 
Dondimafondi: checks 
*** RIVER *** [2h 4d 3s Kh] [Jc]
dlolo30: checks 
Tikagus: checks 
dala1603: checks 
Dondimafondi: bets $0.10
dlolo30: folds 
Tikagus: folds 
dala1603: folds 
Uncalled bet ($0.10) returned to Dondimafondi
Dondimafondi collected $0.16 from pot
Dondimafondi: doesn't show hand 
*** SUMMARY ***
Total pot $0.17 | Rake $0.01 
Board [2h 4d 3s Kh Jc]
Seat 1: Tikagus folded on the River
Seat 2: Dorex2007 folded before Flop (didn't bet)
Seat 3: dala1603 folded on the River
Seat 4: ANTON urevic folded before Flop (didn't bet)
Seat 5: abufirs folded before Flop (didn't bet)
Seat 6: Dondimafondi collected ($0.16)
Seat 7: paraguaio69 (button) folded before Flop (didn't bet)
Seat 8: Mark$layer (small blind) folded before Flop
Seat 9: dlolo30 (big blind) folded on the River



PokerStars Hand #234516094430:  Hold'em No Limit ($0.01/$0.02 USD) - 2022/03/02 18:29:40 PT [2022/03/02 21:29:40 ET]
Table 'Biela' 9-max Seat #8 is the button
Seat 1: Tikagus ($1.84 in chips) 
Seat 2: Dorex2007 ($3.82 in chips) 
Seat 3: dala1603 ($1.02 in chips) 
Seat 4: ANTON urevic ($0.76 in chips) 
Seat 5: abufirs ($3.93 in chips) 
Seat 6: Dondimafondi ($2.56 in chips) 
Seat 7: paraguaio69 ($2.15 in chips) 
Seat 8: Mark$layer ($3.45 in chips) 
Seat 9: dlolo30 ($2.21 in chips) 
dlolo30: posts small blind $0.01
Tikagus: posts big blind $0.02
*** HOLE CARDS ***
Dealt to Dorex2007 [4d Jh]
Dorex2007: folds 
dala1603: folds 
dala1603 leaves the table
ANTON urevic: folds 
abufirs: folds 
Dondimafondi: folds 
paraguaio69: calls $0.02
Mark$layer: calls $0.02
dlolo30: calls $0.01
Tikagus: checks 
*** FLOP *** [Kh Qs 6c]
saunter joins the table at seat #3 
dlolo30: checks 
Tikagus: checks 
paraguaio69: checks 
Mark$layer: bets $0.04
dlolo30: folds 
Tikagus: folds 
paraguaio69: calls $0.04
*** TURN *** [Kh Qs 6c] [Td]
paraguaio69: checks 
Mark$layer: bets $0.10
paraguaio69: folds 
Uncalled bet ($0.10) returned to Mark$layer
Mark$layer collected $0.15 from pot
Mark$layer: doesn't show hand 
*** SUMMARY ***
Total pot $0.16 | Rake $0.01 
Board [Kh Qs 6c Td]
Seat 1: Tikagus (big blind) folded on the Flop
Seat 2: Dorex2007 folded before Flop (didn't bet)
Seat 3: dala1603 folded before Flop (didn't bet)
Seat 4: ANTON urevic folded before Flop (didn't bet)
Seat 5: abufirs folded before Flop (didn't bet)
Seat 6: Dondimafondi folded before Flop (didn't bet)
Seat 7: paraguaio69 folded on the Turn
Seat 8: Mark$layer (button) collected ($0.15)
Seat 9: dlolo30 (small blind) folded on the Flop



PokerStars Hand #234516119100:  Hold'em No Limit ($0.01/$0.02 USD) - 2022/03/02 18:31:36 PT [2022/03/02 21:31:36 ET]
Table 'Biela' 9-max Seat #9 is the button
Seat 1: Tikagus ($1.82 in chips) 
Seat 2: Dorex2007 ($3.82 in chips) 
Seat 3: saunter ($2.50 in chips) 
Seat 4: ANTON urevic ($0.76 in chips) 
Seat 5: abufirs ($3.93 in chips) 
Seat 6: Dondimafondi ($2.56 in chips) 
Seat 7: paraguaio69 ($2.09 in chips) 
Seat 8: Mark$layer ($3.54 in chips) 
Seat 9: dlolo30 ($2.19 in chips) 
Tikagus: posts small blind $0.01
Dorex2007: posts big blind $0.02
saunter: posts big blind $0.02
*** HOLE CARDS ***
Dealt to Dorex2007 [Ad 4c]
saunter: checks 
ANTON urevic: folds 
abufirs: folds 
Dondimafondi: folds 
paraguaio69: folds 
Mark$layer: calls $0.02
dlolo30 has timed out
dlolo30: folds 
Tikagus: raises $0.02 to $0.04
Dorex2007: calls $0.02
saunter: folds 
Mark$layer: folds 
*** FLOP *** [3d 4s 5s]
Tikagus: bets $0.06
Dorex2007: raises $0.16 to $0.22
Tikagus: raises $0.16 to $0.38
Dorex2007: calls $0.16
*** TURN *** [3d 4s 5s] [5h]
Tikagus: bets $0.42
Dorex2007: raises $2.98 to $3.40 and is all-in
Tikagus: calls $0.98 and is all-in
Uncalled bet ($2) returned to Dorex2007
*** RIVER *** [3d 4s 5s 5h] [8c]
*** SHOW DOWN ***
Tikagus: shows [Kc Ks] (two pair, Kings and Fives)
Dorex2007: shows [Ad 4c] (two pair, Fives and Fours)
Tikagus collected $3.55 from pot
*** SUMMARY ***
Total pot $3.68 | Rake $0.13 
Board [3d 4s 5s 5h 8c]
Seat 1: Tikagus (small blind) showed [Kc Ks] and won ($3.55) with two pair, Kings and Fives
Seat 2: Dorex2007 (big blind) showed [Ad 4c] and lost with two pair, Fives and Fours
Seat 3: saunter folded before Flop (didn't bet)
Seat 4: ANTON urevic folded before Flop (didn't bet)
Seat 5: abufirs folded before Flop (didn't bet)
Seat 6: Dondimafondi folded before Flop (didn't bet)
Seat 7: paraguaio69 folded before Flop (didn't bet)
Seat 8: Mark$layer folded before Flop
Seat 9: dlolo30 (button) folded before Flop (didn't bet)



PokerStars Hand #234516134928:  Hold'em No Limit ($0.01/$0.02 USD) - 2022/03/02 18:32:50 PT [2022/03/02 21:32:50 ET]
Table 'Biela' 9-max Seat #1 is the button
Seat 1: Tikagus ($3.55 in chips) 
Seat 2: Dorex2007 ($2 in chips) 
Seat 3: saunter ($2.48 in chips) 
Seat 4: ANTON urevic ($0.76 in chips) 
Seat 5: abufirs ($3.93 in chips) 
Seat 6: Dondimafondi ($2.56 in chips) 
Seat 7: paraguaio69 ($2.09 in chips) 
Seat 8: Mark$layer ($3.52 in chips) 
Dorex2007: posts small blind $0.01
saunter: posts big blind $0.02
*** HOLE CARDS ***
Dealt to Dorex2007 [Ah Td]
ANTON urevic: folds 
abufirs: folds 
Dondimafondi: calls $0.02
paraguaio69: folds 
Mark$layer: folds 
Tikagus: calls $0.02
Dorex2007: calls $0.01
saunter: checks 
*** FLOP *** [2d Th 9d]
Dorex2007: bets $0.08
saunter: calls $0.08
Dondimafondi: folds 
Tikagus: folds 
*** TURN *** [2d Th 9d] [Qc]
Dorex2007: bets $0.15
saunter: raises $0.15 to $0.30
Dorex2007: calls $0.15
*** RIVER *** [2d Th 9d Qc] [As]
Dorex2007: bets $0.81
saunter: raises $1.22 to $2.03
Dorex2007: calls $0.79 and is all-in
Uncalled bet ($0.43) returned to saunter
*** SHOW DOWN ***
saunter: shows [Jd 8d] (a straight, Eight to Queen)
Dorex2007: shows [Ah Td] (two pair, Aces and Tens)
saunter collected $3.90 from pot
*** SUMMARY ***
Total pot $4.04 | Rake $0.14 
Board [2d Th 9d Qc As]
Seat 1: Tikagus (button) folded on the Flop
Seat 2: Dorex2007 (small blind) showed [Ah Td] and lost with two pair, Aces and Tens
Seat 3: saunter (big blind) showed [Jd 8d] and won ($3.90) with a straight, Eight to Queen
Seat 4: ANTON urevic folded before Flop (didn't bet)
Seat 5: abufirs folded before Flop (didn't bet)
Seat 6: Dondimafondi folded on the Flop
Seat 7: paraguaio69 folded before Flop (didn't bet)
Seat 8: Mark$layer folded before Flop (didn't bet)



PokerStars Hand #234516150757:  Hold'em No Limit ($0.01/$0.02 USD) - 2022/03/02 18:34:05 PT [2022/03/02 21:34:05 ET]
Table 'Biela' 9-max Seat #2 is the button
Seat 1: Tikagus ($3.53 in chips) 
Seat 2: Dorex2007 ($2 in chips) 
Seat 3: saunter ($4.38 in chips) 
Seat 4: ANTON urevic ($0.76 in chips) 
Seat 5: abufirs ($3.93 in chips) 
Seat 6: Dondimafondi ($2.54 in chips) 
Seat 7: paraguaio69 ($2.09 in chips) 
Seat 8: Mark$layer ($3.52 in chips) 
saunter: posts small blind $0.01
ANTON urevic: posts big blind $0.02
*** HOLE CARDS ***
Dealt to Dorex2007 [4s Qd]
abufirs: folds 
Dondimafondi: calls $0.02
paraguaio69: calls $0.02
Mark$layer: calls $0.02
Tikagus: calls $0.02
Dorex2007: folds 
saunter: folds 
ANTON urevic: checks 
*** FLOP *** [Ac Ts 4d]
ANTON urevic: checks 
Dondimafondi: checks 
paraguaio69: checks 
Mark$layer: bets $0.04
Tikagus: raises $0.04 to $0.08
ANTON urevic: folds 
Dondimafondi: folds 
paraguaio69: folds 
Mark$layer: calls $0.04
*** TURN *** [Ac Ts 4d] [2d]
Mark$layer: checks 
Tikagus: bets $0.13
Mark$layer: calls $0.13
*** RIVER *** [Ac Ts 4d 2d] [Jh]
Mark$layer: checks 
Tikagus: checks 
*** SHOW DOWN ***
Mark$layer: shows [Ad 6c] (a pair of Aces)
Tikagus: shows [Ks Ah] (a pair of Aces - King kicker)
Tikagus collected $0.51 from pot
*** SUMMARY ***
Total pot $0.53 | Rake $0.02 
Board [Ac Ts 4d 2d Jh]
Seat 1: Tikagus showed [Ks Ah] and won ($0.51) with a pair of Aces
Seat 2: Dorex2007 (button) folded before Flop (didn't bet)
Seat 3: saunter (small blind) folded before Flop
Seat 4: ANTON urevic (big blind) folded on the Flop
Seat 5: abufirs folded before Flop (didn't bet)
Seat 6: Dondimafondi folded on the Flop
Seat 7: paraguaio69 folded on the Flop
Seat 8: Mark$layer showed [Ad 6c] and lost with a pair of Aces



PokerStars Hand #234516172704:  Hold'em No Limit ($0.01/$0.02 USD) - 2022/03/02 18:35:06 PT [2022/03/02 21:35:06 ET]
Table 'Biela' 9-max Seat #3 is the button
Seat 1: Tikagus ($3.81 in chips) 
Seat 2: Dorex2007 ($2 in chips) 
Seat 3: saunter ($4.37 in chips) 
Seat 4: ANTON urevic ($0.74 in chips) 
Seat 5: abufirs ($3.93 in chips) 
Seat 6: Dondimafondi ($2.52 in chips) 
Seat 7: paraguaio69 ($2.07 in chips) 
Seat 8: Mark$layer ($3.29 in chips) 
ANTON urevic: posts small blind $0.01
abufirs: posts big blind $0.02
*** HOLE CARDS ***
Dealt to Dorex2007 [4d 7h]
Dondimafondi: calls $0.02
paraguaio69: folds 
Mark$layer: calls $0.02
Tikagus: calls $0.02
Dorex2007: folds 
saunter: folds 
ANTON urevic: calls $0.01
abufirs: checks 
*** FLOP *** [Td 8h 7s]
ANTON urevic: checks 
abufirs: checks 
Dondimafondi: checks 
Mark$layer: bets $0.02
Tikagus: folds 
ANTON urevic: folds 
abufirs: folds 
Dondimafondi: calls $0.02
*** TURN *** [Td 8h 7s] [7c]
Dondimafondi: bets $0.10
Mark$layer: raises $0.10 to $0.20
Dondimafondi: calls $0.10
*** RIVER *** [Td 8h 7s 7c] [Kd]
Dondimafondi: bets $0.10
Mark$layer: raises $0.10 to $0.20
Dondimafondi: calls $0.10
*** SHOW DOWN ***
Mark$layer: shows [Ad 8c] (two pair, Eights and Sevens)
Dondimafondi: shows [7d 4h] (three of a kind, Sevens)
Dondimafondi collected $0.91 from pot
*** SUMMARY ***
Total pot $0.94 | Rake $0.03 
Board [Td 8h 7s 7c Kd]
Seat 1: Tikagus folded on the Flop
Seat 2: Dorex2007 folded before Flop (didn't bet)
Seat 3: saunter (button) folded before Flop (didn't bet)
Seat 4: ANTON urevic (small blind) folded on the Flop
Seat 5: abufirs (big blind) folded on the Flop
Seat 6: Dondimafondi showed [7d 4h] and won ($0.91) with three of a kind, Sevens
Seat 7: paraguaio69 folded before Flop (didn't bet)
Seat 8: Mark$layer showed [Ad 8c] and lost with two pair, Eights and Sevens



PokerStars Hand #234516188159:  Hold'em No Limit ($0.01/$0.02 USD) - 2022/03/02 18:36:17 PT [2022/03/02 21:36:17 ET]
Table 'Biela' 9-max Seat #4 is the button
Seat 1: Tikagus ($3.79 in chips) 
Seat 2: Dorex2007 ($2 in chips) 
Seat 3: saunter ($4.37 in chips) 
Seat 4: ANTON urevic ($0.72 in chips) 
Seat 5: abufirs ($3.91 in chips) 
Seat 6: Dondimafondi ($2.99 in chips) 
Seat 7: paraguaio69 ($2.07 in chips) 
Seat 8: Mark$layer ($2.85 in chips) 
abufirs: posts small blind $0.01
Dondimafondi: posts big blind $0.02
*** HOLE CARDS ***
Dealt to Dorex2007 [Kc Ad]
paraguaio69: folds 
Mark$layer: calls $0.02
Tikagus: folds 
Dorex2007: raises $0.04 to $0.06
saunter: folds 
ANTON urevic: folds 
abufirs: calls $0.05
Tikagus leaves the table
Dondimafondi: calls $0.04
Mark$layer: calls $0.04
*** FLOP *** [5d Qs Jc]
Avorazh joins the table at seat #1 
abufirs: checks 
Dondimafondi: checks 
Mark$layer: checks 
Dorex2007: checks 
*** TURN *** [5d Qs Jc] [6h]
abufirs: checks 
Dondimafondi: checks 
Mark$layer: checks 
Dorex2007: checks 
*** RIVER *** [5d Qs Jc 6h] [7d]
abufirs: checks 
Dondimafondi: checks 
Mark$layer: checks 
Dorex2007: checks 
*** SHOW DOWN ***
abufirs: shows [7c Tc] (a pair of Sevens)
Dondimafondi: shows [Ac 7s] (a pair of Sevens - Ace kicker)
Mark$layer: shows [As Qh] (a pair of Queens)
Dorex2007: mucks hand 
Mark$layer collected $0.23 from pot
*** SUMMARY ***
Total pot $0.24 | Rake $0.01 
Board [5d Qs Jc 6h 7d]
Seat 1: Tikagus folded before Flop (didn't bet)
Seat 2: Dorex2007 mucked [Kc Ad]
Seat 3: saunter folded before Flop (didn't bet)
Seat 4: ANTON urevic (button) folded before Flop (didn't bet)
Seat 5: abufirs (small blind) showed [7c Tc] and lost with a pair of Sevens
Seat 6: Dondimafondi (big blind) showed [Ac 7s] and lost with a pair of Sevens
Seat 7: paraguaio69 folded before Flop (didn't bet)
Seat 8: Mark$layer showed [As Qh] and won ($0.23) with a pair of Queens



PokerStars Hand #234516199601:  Hold'em No Limit ($0.01/$0.02 USD) - 2022/03/02 18:37:09 PT [2022/03/02 21:37:09 ET]
Table 'Biela' 9-max Seat #5 is the button
Seat 1: Avorazh ($2 in chips) 
Seat 2: Dorex2007 ($2 in chips) 
Seat 3: saunter ($4.37 in chips) 
Seat 4: ANTON urevic ($0.72 in chips) 
Seat 5: abufirs ($3.85 in chips) 
Seat 6: Dondimafondi ($2.93 in chips) 
Seat 7: paraguaio69 ($2.07 in chips) 
Seat 8: Mark$layer ($3.02 in chips) 
Dondimafondi: posts small blind $0.01
paraguaio69: posts big blind $0.02
Avorazh: posts big blind $0.02
*** HOLE CARDS ***
Dealt to Dorex2007 [Ts Qs]
Mark$layer: calls $0.02
Avorazh: checks 
Dorex2007: calls $0.02
saunter: calls $0.02
ANTON urevic: folds 
abufirs: calls $0.02
Dondimafondi: calls $0.01
paraguaio69: checks 
*** FLOP *** [Qd 6h 3h]
Dondimafondi: checks 
paraguaio69: checks 
Mark$layer: checks 
Avorazh: checks 
Dorex2007: bets $0.14
saunter: folds 
abufirs: calls $0.14
Dondimafondi: folds 
paraguaio69: folds 
Mark$layer: folds 
Avorazh: folds 
*** TURN *** [Qd 6h 3h] [Jd]
Dorex2007: bets $0.27
abufirs: folds 
Uncalled bet ($0.27) returned to Dorex2007
Dorex2007 collected $0.41 from pot
Dorex2007: doesn't show hand 
*** SUMMARY ***
Total pot $0.42 | Rake $0.01 
Board [Qd 6h 3h Jd]
Seat 1: Avorazh folded on the Flop (didn't bet)
Seat 2: Dorex2007 collected ($0.41)
Seat 3: saunter folded on the Flop
Seat 4: ANTON urevic folded before Flop (didn't bet)
Seat 5: abufirs (button) folded on the Turn
Seat 6: Dondimafondi (small blind) folded on the Flop
Seat 7: paraguaio69 (big blind) folded on the Flop
Seat 8: Mark$layer folded on the Flop



PokerStars Hand #234516217117:  Hold'em No Limit ($0.01/$0.02 USD) - 2022/03/02 18:38:31 PT [2022/03/02 21:38:31 ET]
Table 'Biela' 9-max Seat #6 is the button
Seat 1: Avorazh ($2 in chips) 
Seat 2: Dorex2007 ($2.25 in chips) 
Seat 3: saunter ($4.35 in chips) 
Seat 4: ANTON urevic ($0.72 in chips) 
Seat 5: abufirs ($3.69 in chips) 
Seat 6: Dondimafondi ($2.91 in chips) 
Seat 7: paraguaio69 ($2.05 in chips) 
Seat 8: Mark$layer ($3 in chips) 
Seat 9: dlolo30 ($2.19 in chips) 
paraguaio69: posts small blind $0.01
Mark$layer: posts big blind $0.02
*** HOLE CARDS ***
Dealt to Dorex2007 [Ks 9s]
dlolo30: folds 
Avorazh: folds 
Dorex2007: raises $0.02 to $0.04
saunter: calls $0.04
ANTON urevic: folds 
abufirs: folds 
Dondimafondi: calls $0.04
paraguaio69: folds 
Mark$layer: calls $0.02
*** FLOP *** [2s 3c Td]
Mark$layer: checks 
Dorex2007: checks 
saunter: checks 
Dondimafondi: checks 
*** TURN *** [2s 3c Td] [Kd]
Mark$layer: checks 
Dorex2007: bets $0.08
saunter: folds 
Dondimafondi: folds 
Mark$layer: calls $0.08
*** RIVER *** [2s 3c Td Kd] [Jh]
Mark$layer: checks 
Dorex2007: checks 
*** SHOW DOWN ***
Mark$layer: shows [Jd 6d] (a pair of Jacks)
Dorex2007: shows [Ks 9s] (a pair of Kings)
Dorex2007 collected $0.32 from pot
*** SUMMARY ***
Total pot $0.33 | Rake $0.01 
Board [2s 3c Td Kd Jh]
Seat 1: Avorazh folded before Flop (didn't bet)
Seat 2: Dorex2007 showed [Ks 9s] and won ($0.32) with a pair of Kings
Seat 3: saunter folded on the Turn
Seat 4: ANTON urevic folded before Flop (didn't bet)
Seat 5: abufirs folded before Flop (didn't bet)
Seat 6: Dondimafondi (button) folded on the Turn
Seat 7: paraguaio69 (small blind) folded before Flop
Seat 8: Mark$layer (big blind) showed [Jd 6d] and lost with a pair of Jacks
Seat 9: dlolo30 folded before Flop (didn't bet)



PokerStars Hand #234516228971:  Hold'em No Limit ($0.01/$0.02 USD) - 2022/03/02 18:39:25 PT [2022/03/02 21:39:25 ET]
Table 'Biela' 9-max Seat #7 is the button
Seat 1: Avorazh ($2 in chips) 
Seat 2: Dorex2007 ($2.45 in chips) 
Seat 3: saunter ($4.31 in chips) 
Seat 4: ANTON urevic ($0.72 in chips) 
Seat 5: abufirs ($3.69 in chips) 
Seat 6: Dondimafondi ($2.87 in chips) 
Seat 7: paraguaio69 ($2.04 in chips) 
Seat 8: Mark$layer ($2.88 in chips) 
Seat 9: dlolo30 ($2.19 in chips) 
Mark$layer: posts small blind $0.01
dlolo30: posts big blind $0.02
*** HOLE CARDS ***
Dealt to Dorex2007 [7s 6h]
Avorazh: raises $0.04 to $0.06
Dorex2007: folds 
saunter: folds 
ANTON urevic: calls $0.06
abufirs: folds 
Dondimafondi: calls $0.06
paraguaio69: calls $0.06
Mark$layer: calls $0.05
dlolo30: folds 
*** FLOP *** [7h 6d 7c]
Mark$layer: checks 
Avorazh: checks 
ANTON urevic: checks 
Dondimafondi: checks 
paraguaio69: checks 
*** TURN *** [7h 6d 7c] [8s]
Mark$layer: checks 
Avorazh: checks 
ANTON urevic: checks 
Dondimafondi: checks 
paraguaio69: checks 
*** RIVER *** [7h 6d 7c 8s] [As]
Mark$layer: checks 
Avorazh: checks 
ANTON urevic: checks 
Dondimafondi: checks 
paraguaio69: bets $0.31
Mark$layer: folds 
Avorazh: calls $0.31
ANTON urevic: folds 
Dondimafondi: folds 
*** SHOW DOWN ***
paraguaio69: shows [9s Ad] (two pair, Aces and Sevens)
Avorazh: shows [Ac Jc] (two pair, Aces and Sevens - Jack kicker)
Avorazh collected $0.91 from pot
*** SUMMARY ***
Total pot $0.94 | Rake $0.03 
Board [7h 6d 7c 8s As]
Seat 1: Avorazh showed [Ac Jc] and won ($0.91) with two pair, Aces and Sevens
Seat 2: Dorex2007 folded before Flop (didn't bet)
Seat 3: saunter folded before Flop (didn't bet)
Seat 4: ANTON urevic folded on the River
Seat 5: abufirs folded before Flop (didn't bet)
Seat 6: Dondimafondi folded on the River
Seat 7: paraguaio69 (button) showed [9s Ad] and lost with two pair, Aces and Sevens
Seat 8: Mark$layer (small blind) folded on the River
Seat 9: dlolo30 (big blind) folded before Flop



PokerStars Hand #234516252921:  Hold'em No Limit ($0.01/$0.02 USD) - 2022/03/02 18:40:51 PT [2022/03/02 21:40:51 ET]
Table 'Biela' 9-max Seat #8 is the button
Seat 1: Avorazh ($2.54 in chips) 
Seat 2: Dorex2007 ($2.45 in chips) 
Seat 3: saunter ($4.31 in chips) 
Seat 4: ANTON urevic ($0.66 in chips) 
Seat 5: abufirs ($3.69 in chips) 
Seat 6: Dondimafondi ($2.81 in chips) 
Seat 7: paraguaio69 ($1.67 in chips) 
Seat 8: Mark$layer ($2.82 in chips) 
Seat 9: dlolo30 ($2.17 in chips) 
dlolo30: posts small blind $0.01
Avorazh: posts big blind $0.02
*** HOLE CARDS ***
Dealt to Dorex2007 [5d 7h]
Dorex2007 has timed out
Dorex2007: folds 
saunter: calls $0.02
ANTON urevic: folds 
abufirs: folds 
Dondimafondi: calls $0.02
paraguaio69: calls $0.02
Mark$layer: raises $0.06 to $0.08
dlolo30: folds 
Avorazh: calls $0.06
saunter: calls $0.06
Dondimafondi: folds 
paraguaio69: calls $0.06
*** FLOP *** [2s 6s 9s]
Avorazh: checks 
saunter: checks 
paraguaio69: checks 
Mark$layer: bets $0.08
Avorazh: calls $0.08
saunter: folds 
paraguaio69: folds 
*** TURN *** [2s 6s 9s] [2h]
Avorazh: checks 
Mark$layer: checks 
*** RIVER *** [2s 6s 9s 2h] [Jc]
Avorazh: checks 
Mark$layer: checks 
*** SHOW DOWN ***
Avorazh: shows [Qd Kd] (a pair of Deuces)
Mark$layer: shows [Ac Kh] (a pair of Deuces - Ace kicker)
Mark$layer collected $0.49 from pot
*** SUMMARY ***
Total pot $0.51 | Rake $0.02 
Board [2s 6s 9s 2h Jc]
Seat 1: Avorazh (big blind) showed [Qd Kd] and lost with a pair of Deuces
Seat 2: Dorex2007 folded before Flop (didn't bet)
Seat 3: saunter folded on the Flop
Seat 4: ANTON urevic folded before Flop (didn't bet)
Seat 5: abufirs folded before Flop (didn't bet)
Seat 6: Dondimafondi folded before Flop
Seat 7: paraguaio69 folded on the Flop
Seat 8: Mark$layer (button) showed [Ac Kh] and won ($0.49) with a pair of Deuces
Seat 9: dlolo30 (small blind) folded before Flop



PokerStars Hand #234516278510:  Hold'em No Limit ($0.01/$0.02 USD) - 2022/03/02 18:42:47 PT [2022/03/02 21:42:47 ET]
Table 'Biela' 9-max Seat #9 is the button
Seat 1: Avorazh ($2.38 in chips) 
Seat 2: Dorex2007 ($2.45 in chips) 
Seat 3: saunter ($4.23 in chips) 
Seat 4: ANTON urevic ($0.66 in chips) 
Seat 5: abufirs ($3.69 in chips) 
Seat 6: Dondimafondi ($2.79 in chips) 
Seat 7: paraguaio69 ($1.59 in chips) 
Seat 8: Mark$layer ($3.15 in chips) 
Seat 9: dlolo30 ($2.16 in chips) 
Avorazh: posts small blind $0.01
Dorex2007: posts big blind $0.02
*** HOLE CARDS ***
Dealt to Dorex2007 [Th Ts]
saunter: folds 
ANTON urevic: folds 
abufirs: folds 
Dondimafondi: calls $0.02
paraguaio69: raises $0.07 to $0.09
Mark$layer: folds 
dlolo30: folds 
Avorazh: folds 
Dorex2007: calls $0.07
Dondimafondi: calls $0.07
*** FLOP *** [4d 3d Ah]
Dorex2007: bets $0.14
Dondimafondi: calls $0.14
paraguaio69: raises $0.69 to $0.83
Dorex2007: folds 
Dondimafondi: calls $0.69
*** TURN *** [4d 3d Ah] [9d]
Dondimafondi: checks 
paraguaio69: bets $0.67 and is all-in
Dondimafondi: folds 
Uncalled bet ($0.67) returned to paraguaio69
paraguaio69 collected $2.01 from pot
paraguaio69: doesn't show hand 
*** SUMMARY ***
Total pot $2.08 | Rake $0.07 
Board [4d 3d Ah 9d]
Seat 1: Avorazh (small blind) folded before Flop
Seat 2: Dorex2007 (big blind) folded on the Flop
Seat 3: saunter folded before Flop (didn't bet)
Seat 4: ANTON urevic folded before Flop (didn't bet)
Seat 5: abufirs folded before Flop (didn't bet)
Seat 6: Dondimafondi folded on the Turn
Seat 7: paraguaio69 collected ($2.01)
Seat 8: Mark$layer folded before Flop (didn't bet)
Seat 9: dlolo30 (button) folded before Flop (didn't bet)



PokerStars Hand #234516294392:  Hold'em No Limit ($0.01/$0.02 USD) - 2022/03/02 18:43:59 PT [2022/03/02 21:43:59 ET]
Table 'Biela' 9-max Seat #1 is the button
Seat 1: Avorazh ($2.37 in chips) 
Seat 2: Dorex2007 ($2.22 in chips) 
Seat 3: saunter ($4.23 in chips) 
Seat 4: ANTON urevic ($0.66 in chips) 
Seat 5: abufirs ($3.69 in chips) 
Seat 6: Dondimafondi ($1.87 in chips) 
Seat 7: paraguaio69 ($2.68 in chips) 
Seat 8: Mark$layer ($3.15 in chips) 
Seat 9: dlolo30 ($2.16 in chips) 
Dorex2007: posts small blind $0.01
saunter: posts big blind $0.02
*** HOLE CARDS ***
Dealt to Dorex2007 [Qd As]
ANTON urevic: folds 
abufirs: folds 
Dondimafondi: calls $0.02
paraguaio69: calls $0.02
Mark$layer: calls $0.02
dlolo30: folds 
Avorazh: calls $0.02
Dorex2007: raises $0.10 to $0.12
saunter: folds 
Dondimafondi: calls $0.10
paraguaio69: folds 
Mark$layer: folds 
Avorazh: folds 
*** FLOP *** [Kd 4s Jc]
Dorex2007: checks 
Dondimafondi: checks 
*** TURN *** [Kd 4s Jc] [5h]
Dorex2007: checks 
Dondimafondi: bets $0.10
Dorex2007: folds 
Uncalled bet ($0.10) returned to Dondimafondi
Dondimafondi collected $0.31 from pot
Dondimafondi: doesn't show hand 
*** SUMMARY ***
Total pot $0.32 | Rake $0.01 
Board [Kd 4s Jc 5h]
Seat 1: Avorazh (button) folded before Flop
Seat 2: Dorex2007 (small blind) folded on the Turn
Seat 3: saunter (big blind) folded before Flop
Seat 4: ANTON urevic folded before Flop (didn't bet)
Seat 5: abufirs folded before Flop (didn't bet)
Seat 6: Dondimafondi collected ($0.31)
Seat 7: paraguaio69 folded before Flop
Seat 8: Mark$layer folded before Flop
Seat 9: dlolo30 folded before Flop (didn't bet)



PokerStars Hand #234516310809:  Hold'em No Limit ($0.01/$0.02 USD) - 2022/03/02 18:45:13 PT [2022/03/02 21:45:13 ET]
Table 'Biela' 9-max Seat #2 is the button
Seat 1: Avorazh ($2.35 in chips) 
Seat 2: Dorex2007 ($2.10 in chips) 
Seat 3: saunter ($4.21 in chips) 
Seat 4: ANTON urevic ($0.66 in chips) 
Seat 5: abufirs ($3.69 in chips) 
Seat 6: Dondimafondi ($2.06 in chips) 
Seat 7: paraguaio69 ($2.66 in chips) 
Seat 8: Mark$layer ($3.13 in chips) 
Seat 9: dlolo30 ($2.16 in chips) 
saunter: posts small blind $0.01
ANTON urevic: posts big blind $0.02
*** HOLE CARDS ***
Dealt to Dorex2007 [6c Kh]
abufirs: folds 
Dondimafondi: folds 
paraguaio69: folds 
Mark$layer: calls $0.02
abufirs leaves the table
dlolo30: folds 
Sadhi Picant joins the table at seat #5 
Avorazh has timed out
Avorazh: folds 
Dorex2007: folds 
saunter: calls $0.01
ANTON urevic: raises $0.06 to $0.08
Mark$layer: calls $0.06
saunter: calls $0.06
*** FLOP *** [5d 6s 5s]
saunter: checks 
ANTON urevic: checks 
Mark$layer: checks 
*** TURN *** [5d 6s 5s] [Jh]
saunter: checks 
ANTON urevic: bets $0.12
Mark$layer: calls $0.12
saunter: folds 
*** RIVER *** [5d 6s 5s Jh] [4h]
ANTON urevic: checks 
Mark$layer: checks 
*** SHOW DOWN ***
ANTON urevic: shows [Ah Ts] (a pair of Fives)
Mark$layer: shows [Js 8s] (two pair, Jacks and Fives)
Mark$layer collected $0.46 from pot
*** SUMMARY ***
Total pot $0.48 | Rake $0.02 
Board [5d 6s 5s Jh 4h]
Seat 1: Avorazh folded before Flop (didn't bet)
Seat 2: Dorex2007 (button) folded before Flop (didn't bet)
Seat 3: saunter (small blind) folded on the Turn
Seat 4: ANTON urevic (big blind) showed [Ah Ts] and lost with a pair of Fives
Seat 5: abufirs folded before Flop (didn't bet)
Seat 6: Dondimafondi folded before Flop (didn't bet)
Seat 7: paraguaio69 folded before Flop (didn't bet)
Seat 8: Mark$layer showed [Js 8s] and won ($0.46) with two pair, Jacks and Fives
Seat 9: dlolo30 folded before Flop (didn't bet)



PokerStars Hand #234516328153:  Hold'em No Limit ($0.01/$0.02 USD) - 2022/03/02 18:46:32 PT [2022/03/02 21:46:32 ET]
Table 'Biela' 9-max Seat #3 is the button
Seat 1: Avorazh ($2.35 in chips) 
Seat 2: Dorex2007 ($2.10 in chips) 
Seat 3: saunter ($4.13 in chips) 
Seat 4: ANTON urevic ($0.46 in chips) 
Seat 5: Sadhi Picant ($2 in chips) 
Seat 6: Dondimafondi ($2.06 in chips) 
Seat 7: paraguaio69 ($2.66 in chips) 
Seat 8: Mark$layer ($3.39 in chips) 
Seat 9: dlolo30 ($2.16 in chips) 
ANTON urevic: posts small blind $0.01
Sadhi Picant: posts big blind $0.02
*** HOLE CARDS ***
Dealt to Dorex2007 [Jc 7s]
Dondimafondi: calls $0.02
paraguaio69 has timed out
paraguaio69: folds 
Mark$layer: calls $0.02
dlolo30: folds 
Avorazh: folds 
Dorex2007: folds 
saunter: calls $0.02
ANTON urevic: folds 
Sadhi Picant: checks 
*** FLOP *** [Ts Jd Ad]
Sadhi Picant: checks 
Dondimafondi: checks 
Mark$layer: bets $0.04
saunter: folds 
Sadhi Picant: folds 
Dondimafondi: folds 
Uncalled bet ($0.04) returned to Mark$layer
Mark$layer collected $0.09 from pot
Mark$layer: doesn't show hand 
*** SUMMARY ***
Total pot $0.09 | Rake $0 
Board [Ts Jd Ad]
Seat 1: Avorazh folded before Flop (didn't bet)
Seat 2: Dorex2007 folded before Flop (didn't bet)
Seat 3: saunter (button) folded on the Flop
Seat 4: ANTON urevic (small blind) folded before Flop
Seat 5: Sadhi Picant (big blind) folded on the Flop
Seat 6: Dondimafondi folded on the Flop
Seat 7: paraguaio69 folded before Flop (didn't bet)
Seat 8: Mark$layer collected ($0.09)
Seat 9: dlolo30 folded before Flop (didn't bet)



PokerStars Hand #234516338941:  Hold'em No Limit ($0.01/$0.02 USD) - 2022/03/02 18:47:21 PT [2022/03/02 21:47:21 ET]
Table 'Biela' 9-max Seat #4 is the button
Seat 1: Avorazh ($2.35 in chips) 
Seat 2: Dorex2007 ($2.10 in chips) 
Seat 3: saunter ($4.11 in chips) 
Seat 4: ANTON urevic ($0.45 in chips) 
Seat 5: Sadhi Picant ($1.98 in chips) 
Seat 6: Dondimafondi ($2.04 in chips) 
Seat 7: paraguaio69 ($2.66 in chips) 
Seat 8: Mark$layer ($3.46 in chips) 
Seat 9: dlolo30 ($2.16 in chips) 
Sadhi Picant: posts small blind $0.01
Dondimafondi: posts big blind $0.02
*** HOLE CARDS ***
Dealt to Dorex2007 [4d 6c]
paraguaio69: calls $0.02
Mark$layer: folds 
dlolo30: folds 
Avorazh: folds 
Dorex2007: folds 
saunter: folds 
ANTON urevic: folds 
Sadhi Picant: folds 
Dondimafondi: checks 
*** FLOP *** [Jh 8c Ts]
Dondimafondi: checks 
paraguaio69: checks 
*** TURN *** [Jh 8c Ts] [2h]
Dondimafondi: checks 
paraguaio69: checks 
*** RIVER *** [Jh 8c Ts 2h] [2d]
Dondimafondi: bets $0.12
paraguaio69: folds 
Uncalled bet ($0.12) returned to Dondimafondi
Dondimafondi collected $0.05 from pot
Dondimafondi: doesn't show hand 
*** SUMMARY ***
Total pot $0.05 | Rake $0 
Board [Jh 8c Ts 2h 2d]
Seat 1: Avorazh folded before Flop (didn't bet)
Seat 2: Dorex2007 folded before Flop (didn't bet)
Seat 3: saunter folded before Flop (didn't bet)
Seat 4: ANTON urevic (button) folded before Flop (didn't bet)
Seat 5: Sadhi Picant (small blind) folded before Flop
Seat 6: Dondimafondi (big blind) collected ($0.05)
Seat 7: paraguaio69 folded on the River
Seat 8: Mark$layer folded before Flop (didn't bet)
Seat 9: dlolo30 folded before Flop (didn't bet)



PokerStars Hand #234516348658:  Hold'em No Limit ($0.01/$0.02 USD) - 2022/03/02 18:48:06 PT [2022/03/02 21:48:06 ET]
Table 'Biela' 9-max Seat #5 is the button
Seat 1: Avorazh ($2.35 in chips) 
Seat 2: Dorex2007 ($2.10 in chips) 
Seat 3: saunter ($4.11 in chips) 
Seat 5: Sadhi Picant ($1.97 in chips) 
Seat 6: Dondimafondi ($2.07 in chips) 
Seat 7: paraguaio69 ($2.64 in chips) 
Seat 8: Mark$layer ($3.46 in chips) 
Seat 9: dlolo30 ($2.16 in chips) 
Dondimafondi: posts small blind $0.01
paraguaio69: posts big blind $0.02
*** HOLE CARDS ***
Dealt to Dorex2007 [Qs 5d]
Mark$layer: raises $0.02 to $0.04
dlolo30: folds 
Avorazh: folds 
Dorex2007: folds 
saunter: folds 
Sadhi Picant: folds 
Dondimafondi: calls $0.03
paraguaio69: calls $0.02
*** FLOP *** [Js 7d Kc]
Dondimafondi: checks 
paraguaio69: checks 
Mark$layer: checks 
*** TURN *** [Js 7d Kc] [3d]
Dondimafondi: checks 
paraguaio69: checks 
Mark$layer: checks 
*** RIVER *** [Js 7d Kc 3d] [Jd]
Dondimafondi: checks 
paraguaio69: bets $0.02
Mark$layer: raises $3.40 to $3.42 and is all-in
Dondimafondi: folds 
paraguaio69: folds 
Uncalled bet ($3.40) returned to Mark$layer
Mark$layer collected $0.15 from pot
*** SUMMARY ***
Total pot $0.16 | Rake $0.01 
Board [Js 7d Kc 3d Jd]
Seat 1: Avorazh folded before Flop (didn't bet)
Seat 2: Dorex2007 folded before Flop (didn't bet)
Seat 3: saunter folded before Flop (didn't bet)
Seat 5: Sadhi Picant (button) folded before Flop (didn't bet)
Seat 6: Dondimafondi (small blind) folded on the River
Seat 7: paraguaio69 (big blind) folded on the River
Seat 8: Mark$layer collected ($0.15)
Seat 9: dlolo30 folded before Flop (didn't bet)



PokerStars Hand #234516375352:  Hold'em No Limit ($0.01/$0.02 USD) - 2022/03/02 18:49:50 PT [2022/03/02 21:49:50 ET]
Table 'Biela' 9-max Seat #6 is the button
Seat 1: Avorazh ($2.35 in chips) 
Seat 2: Dorex2007 ($2.10 in chips) 
Seat 3: saunter ($4.11 in chips) 
Seat 5: Sadhi Picant ($1.97 in chips) 
Seat 6: Dondimafondi ($2.03 in chips) 
Seat 7: paraguaio69 ($2.58 in chips) 
Seat 8: Mark$layer ($3.55 in chips) 
Seat 9: dlolo30 ($2.16 in chips) 
paraguaio69: posts small blind $0.01
Mark$layer: posts big blind $0.02
*** HOLE CARDS ***
Dealt to Dorex2007 [7d Ah]
dlolo30: folds 
Avorazh: raises $0.04 to $0.06
Dorex2007: folds 
saunter: folds 
Sadhi Picant: calls $0.06
Dondimafondi: folds 
paraguaio69: folds 
Mark$layer: folds 
*** FLOP *** [4d 2s 4c]
Avorazh: bets $0.11
Sadhi Picant: folds 
Uncalled bet ($0.11) returned to Avorazh
Avorazh collected $0.14 from pot
Avorazh: doesn't show hand 
*** SUMMARY ***
Total pot $0.15 | Rake $0.01 
Board [4d 2s 4c]
Seat 1: Avorazh collected ($0.14)
Seat 2: Dorex2007 folded before Flop (didn't bet)
Seat 3: saunter folded before Flop (didn't bet)
Seat 5: Sadhi Picant folded on the Flop
Seat 6: Dondimafondi (button) folded before Flop (didn't bet)
Seat 7: paraguaio69 (small blind) folded before Flop
Seat 8: Mark$layer (big blind) folded before Flop
Seat 9: dlolo30 folded before Flop (didn't bet)



PokerStars Hand #234516383751:  Hold'em No Limit ($0.01/$0.02 USD) - 2022/03/02 18:50:29 PT [2022/03/02 21:50:29 ET]
Table 'Biela' 9-max Seat #7 is the button
Seat 1: Avorazh ($2.43 in chips) 
Seat 2: Dorex2007 ($2.10 in chips) 
Seat 3: saunter ($4.11 in chips) 
Seat 4: ANTON urevic ($0.45 in chips) 
Seat 5: Sadhi Picant ($1.91 in chips) 
Seat 6: Dondimafondi ($2.03 in chips) 
Seat 7: paraguaio69 ($2.57 in chips) 
Seat 8: Mark$layer ($3.53 in chips) 
Seat 9: dlolo30 ($2.16 in chips) 
Mark$layer: posts small blind $0.01
dlolo30: posts big blind $0.02
*** HOLE CARDS ***
Dealt to Dorex2007 [6c 7s]
Avorazh: folds 
Dorex2007: folds 
saunter: folds 
ANTON urevic: folds 
Sadhi Picant: folds 
Dondimafondi: calls $0.02
paraguaio69: folds 
Mark$layer: calls $0.01
dlolo30: checks 
*** FLOP *** [8s 9c Qh]
Mark$layer: checks 
dlolo30: checks 
Dondimafondi: bets $0.04
Mark$layer: folds 
dlolo30: folds 
Uncalled bet ($0.04) returned to Dondimafondi
Dondimafondi collected $0.06 from pot
Dondimafondi: doesn't show hand 
*** SUMMARY ***
Total pot $0.06 | Rake $0 
Board [8s 9c Qh]
Seat 1: Avorazh folded before Flop (didn't bet)
Seat 2: Dorex2007 folded before Flop (didn't bet)
Seat 3: saunter folded before Flop (didn't bet)
Seat 4: ANTON urevic folded before Flop (didn't bet)
Seat 5: Sadhi Picant folded before Flop (didn't bet)
Seat 6: Dondimafondi collected ($0.06)
Seat 7: paraguaio69 (button) folded before Flop (didn't bet)
Seat 8: Mark$layer (small blind) folded on the Flop
Seat 9: dlolo30 (big blind) folded on the Flop



PokerStars Hand #234516397056:  Hold'em No Limit ($0.01/$0.02 USD) - 2022/03/02 18:51:31 PT [2022/03/02 21:51:31 ET]
Table 'Biela' 9-max Seat #8 is the button
Seat 1: Avorazh ($2.43 in chips) 
Seat 2: Dorex2007 ($2.10 in chips) 
Seat 3: saunter ($4.11 in chips) 
Seat 4: ANTON urevic ($0.80 in chips) 
Seat 5: Sadhi Picant ($1.91 in chips) 
Seat 6: Dondimafondi ($2.07 in chips) 
Seat 7: paraguaio69 ($2.57 in chips) 
Seat 8: Mark$layer ($3.51 in chips) 
Seat 9: dlolo30 ($2.14 in chips) 
dlolo30: posts small blind $0.01
Avorazh: posts big blind $0.02
*** HOLE CARDS ***
Dealt to Dorex2007 [6s As]
Dorex2007 has timed out
Dorex2007: folds 
saunter: folds 
ANTON urevic: folds 
Sadhi Picant: calls $0.02
Dondimafondi: folds 
paraguaio69: calls $0.02
Mark$layer: calls $0.02
dlolo30: calls $0.01
Avorazh: checks 
*** FLOP *** [7h Kd 8s]
dlolo30: checks 
Avorazh: checks 
Sadhi Picant: checks 
paraguaio69: bets $0.10
Mark$layer: calls $0.10
dlolo30: folds 
Avorazh: folds 
Sadhi Picant: folds 
*** TURN *** [7h Kd 8s] [3c]
paraguaio69: bets $0.29
Mark$layer: folds 
Uncalled bet ($0.29) returned to paraguaio69
paraguaio69 collected $0.29 from pot
paraguaio69: doesn't show hand 
*** SUMMARY ***
Total pot $0.30 | Rake $0.01 
Board [7h Kd 8s 3c]
Seat 1: Avorazh (big blind) folded on the Flop
Seat 2: Dorex2007 folded before Flop (didn't bet)
Seat 3: saunter folded before Flop (didn't bet)
Seat 4: ANTON urevic folded before Flop (didn't bet)
Seat 5: Sadhi Picant folded on the Flop
Seat 6: Dondimafondi folded before Flop (didn't bet)
Seat 7: paraguaio69 collected ($0.29)
Seat 8: Mark$layer (button) folded on the Turn
Seat 9: dlolo30 (small blind) folded on the Flop



PokerStars Hand #234516416040:  Hold'em No Limit ($0.01/$0.02 USD) - 2022/03/02 18:53:00 PT [2022/03/02 21:53:00 ET]
Table 'Biela' 9-max Seat #9 is the button
Seat 1: Avorazh ($2.41 in chips) 
Seat 2: Dorex2007 ($2.10 in chips) 
Seat 3: saunter ($4.11 in chips) 
Seat 4: ANTON urevic ($0.80 in chips) 
Seat 5: Sadhi Picant ($1.89 in chips) 
Seat 6: Dondimafondi ($2.07 in chips) 
Seat 7: paraguaio69 ($2.74 in chips) 
Seat 8: Mark$layer ($3.39 in chips) 
Seat 9: dlolo30 ($2.12 in chips) 
Avorazh: posts small blind $0.01
Dorex2007: posts big blind $0.02
*** HOLE CARDS ***
Dealt to Dorex2007 [2d 5c]
saunter: folds 
ANTON urevic: folds 
Sadhi Picant: folds 
Dondimafondi: folds 
paraguaio69: folds 
Mark$layer: folds 
dlolo30: folds 
Avorazh: folds 
Uncalled bet ($0.01) returned to Dorex2007
Dorex2007 collected $0.02 from pot
Dorex2007: doesn't show hand 
*** SUMMARY ***
Total pot $0.02 | Rake $0 
Seat 1: Avorazh (small blind) folded before Flop
Seat 2: Dorex2007 (big blind) collected ($0.02)
Seat 3: saunter folded before Flop (didn't bet)
Seat 4: ANTON urevic folded before Flop (didn't bet)
Seat 5: Sadhi Picant folded before Flop (didn't bet)
Seat 6: Dondimafondi folded before Flop (didn't bet)
Seat 7: paraguaio69 folded before Flop (didn't bet)
Seat 8: Mark$layer folded before Flop (didn't bet)
Seat 9: dlolo30 (button) folded before Flop (didn't bet)



