PokerStars Hand #237716702437:  Hold'em No Limit ($0.02/$0.05 USD) - 2022/07/31 21:32:49 PT [2022/08/01 0:32:49 ET]
Table 'Zahringia II' 9-max Seat #1 is the button
Seat 1: Goodbozz ($7.38 in chips) 
Seat 2: ponsonby13 ($2.95 in chips) 
Seat 3: Hasus_PK ($5.50 in chips) 
Seat 5: Maria'sDad77 ($4 in chips) 
Seat 6: Jayd709 ($2.96 in chips) 
Seat 7: zanozaN1 ($5.10 in chips) 
Seat 8: BlackCat0812 ($4.35 in chips) 
Seat 9: Dorex2007 ($5 in chips) 
ponsonby13: posts small blind $0.02
Hasus_PK: posts big blind $0.05
Mamamia337: sits out 
Dorex2007: posts big blind $0.05
*** HOLE CARDS ***
Dealt to Dorex2007 [8d 3h]
Maria'sDad77: folds 
Jayd709: folds 
zanozaN1: folds 
BlackCat0812: folds 
Dorex2007: checks 
Goodbozz: raises $0.10 to $0.15
ponsonby13: folds 
Hasus_PK: folds 
Dorex2007: folds 
Uncalled bet ($0.10) returned to Goodbozz
Goodbozz collected $0.17 from pot
Goodbozz: doesn't show hand 
*** SUMMARY ***
Total pot $0.17 | Rake $0 
Seat 1: Goodbozz (button) collected ($0.17)
Seat 2: ponsonby13 (small blind) folded before Flop
Seat 3: Hasus_PK (big blind) folded before Flop
Seat 5: Maria'sDad77 folded before Flop (didn't bet)
Seat 6: Jayd709 folded before Flop (didn't bet)
Seat 7: zanozaN1 folded before Flop (didn't bet)
Seat 8: BlackCat0812 folded before Flop (didn't bet)
Seat 9: Dorex2007 folded before Flop (didn't bet)



PokerStars Hand #237716706561:  Hold'em No Limit ($0.02/$0.05 USD) - 2022/07/31 21:33:29 PT [2022/08/01 0:33:29 ET]
Table 'Zahringia II' 9-max Seat #2 is the button
Seat 1: Goodbozz ($7.50 in chips) 
Seat 2: ponsonby13 ($2.93 in chips) 
Seat 3: Hasus_PK ($5.45 in chips) 
Seat 4: Mamamia337 ($5 in chips) 
Seat 5: Maria'sDad77 ($4 in chips) 
Seat 6: Jayd709 ($2.96 in chips) 
Seat 7: zanozaN1 ($5.10 in chips) 
Seat 8: BlackCat0812 ($4.35 in chips) 
Seat 9: Dorex2007 ($5 in chips) 
Hasus_PK: posts small blind $0.02
Mamamia337: posts big blind $0.05
*** HOLE CARDS ***
Dealt to Dorex2007 [Jc 2c]
Maria'sDad77: folds 
Jayd709: folds 
zanozaN1: folds 
BlackCat0812: folds 
Dorex2007: folds 
Goodbozz: folds 
ponsonby13 has timed out
ponsonby13: folds 
Hasus_PK: folds 
Uncalled bet ($0.03) returned to Mamamia337
Mamamia337 collected $0.04 from pot
Mamamia337: doesn't show hand 
*** SUMMARY ***
Total pot $0.04 | Rake $0 
Seat 1: Goodbozz folded before Flop (didn't bet)
Seat 2: ponsonby13 (button) folded before Flop (didn't bet)
Seat 3: Hasus_PK (small blind) folded before Flop
Seat 4: Mamamia337 (big blind) collected ($0.04)
Seat 5: Maria'sDad77 folded before Flop (didn't bet)
Seat 6: Jayd709 folded before Flop (didn't bet)
Seat 7: zanozaN1 folded before Flop (didn't bet)
Seat 8: BlackCat0812 folded before Flop (didn't bet)
Seat 9: Dorex2007 folded before Flop (didn't bet)



PokerStars Hand #237716709330:  Hold'em No Limit ($0.02/$0.05 USD) - 2022/07/31 21:33:55 PT [2022/08/01 0:33:55 ET]
Table 'Zahringia II' 9-max Seat #3 is the button
Seat 1: Goodbozz ($7.50 in chips) 
Seat 3: Hasus_PK ($5.43 in chips) 
Seat 4: Mamamia337 ($5.02 in chips) 
Seat 5: Maria'sDad77 ($4 in chips) 
Seat 6: Jayd709 ($2.96 in chips) 
Seat 7: zanozaN1 ($5.10 in chips) 
Seat 8: BlackCat0812 ($4.35 in chips) 
Seat 9: Dorex2007 ($5 in chips) 
Mamamia337: posts small blind $0.02
Maria'sDad77: posts big blind $0.05
*** HOLE CARDS ***
Dealt to Dorex2007 [Ad Ah]
Jayd709: calls $0.05
zanozaN1: folds 
BlackCat0812: folds 
Dorex2007: raises $0.10 to $0.15
Goodbozz: folds 
Hasus_PK: folds 
Mamamia337: folds 
Maria'sDad77: raises $0.20 to $0.35
Jayd709: folds 
Dorex2007: raises $0.70 to $1.05
Maria'sDad77: folds 
Uncalled bet ($0.70) returned to Dorex2007
Dorex2007 collected $0.77 from pot
Dorex2007: doesn't show hand 
*** SUMMARY ***
Total pot $0.77 | Rake $0 
Seat 1: Goodbozz folded before Flop (didn't bet)
Seat 3: Hasus_PK (button) folded before Flop (didn't bet)
Seat 4: Mamamia337 (small blind) folded before Flop
Seat 5: Maria'sDad77 (big blind) folded before Flop
Seat 6: Jayd709 folded before Flop
Seat 7: zanozaN1 folded before Flop (didn't bet)
Seat 8: BlackCat0812 folded before Flop (didn't bet)
Seat 9: Dorex2007 collected ($0.77)



PokerStars Hand #237716717305:  Hold'em No Limit ($0.02/$0.05 USD) - 2022/07/31 21:35:12 PT [2022/08/01 0:35:12 ET]
Table 'Zahringia II' 9-max Seat #4 is the button
Seat 1: Goodbozz ($7.50 in chips) 
Seat 2: ponsonby13 ($2.93 in chips) 
Seat 3: Hasus_PK ($5.43 in chips) 
Seat 4: Mamamia337 ($5 in chips) 
Seat 5: Maria'sDad77 ($4 in chips) 
Seat 6: Jayd709 ($2.91 in chips) 
Seat 7: zanozaN1 ($5.10 in chips) 
Seat 8: BlackCat0812 ($4.35 in chips) 
Seat 9: Dorex2007 ($5.42 in chips) 
Maria'sDad77: posts small blind $0.02
Jayd709: posts big blind $0.05
*** HOLE CARDS ***
Dealt to Dorex2007 [Ts Kc]
zanozaN1: folds 
BlackCat0812 is disconnected 
BlackCat0812 has timed out while being disconnected
BlackCat0812: folds 
Dorex2007: folds 
Goodbozz: folds 
ponsonby13: folds 
Hasus_PK: calls $0.05
Mamamia337: folds 
Maria'sDad77: raises $0.10 to $0.15
Jayd709: calls $0.10
Hasus_PK: calls $0.10
*** FLOP *** [9d 2d 8d]
Maria'sDad77: checks 
Jayd709: checks 
Hasus_PK: bets $0.21
Maria'sDad77: folds 
Jayd709: calls $0.21
*** TURN *** [9d 2d 8d] [4c]
Jayd709: checks 
Hasus_PK: bets $0.41
Jayd709: calls $0.41
*** RIVER *** [9d 2d 8d 4c] [Ah]
Jayd709: checks 
Hasus_PK: checks 
*** SHOW DOWN ***
Jayd709: shows [Qh Ad] (a pair of Aces)
Hasus_PK: shows [9s 8s] (two pair, Nines and Eights)
Hasus_PK collected $1.62 from pot
*** SUMMARY ***
Total pot $1.69 | Rake $0.07 
Board [9d 2d 8d 4c Ah]
Seat 1: Goodbozz folded before Flop (didn't bet)
Seat 2: ponsonby13 folded before Flop (didn't bet)
Seat 3: Hasus_PK showed [9s 8s] and won ($1.62) with two pair, Nines and Eights
Seat 4: Mamamia337 (button) folded before Flop (didn't bet)
Seat 5: Maria'sDad77 (small blind) folded on the Flop
Seat 6: Jayd709 (big blind) showed [Qh Ad] and lost with a pair of Aces
Seat 7: zanozaN1 folded before Flop (didn't bet)
Seat 8: BlackCat0812 folded before Flop (didn't bet)
Seat 9: Dorex2007 folded before Flop (didn't bet)



PokerStars Hand #237716737408:  Hold'em No Limit ($0.02/$0.05 USD) - 2022/07/31 21:36:59 PT [2022/08/01 0:36:59 ET]
Table 'Zahringia II' 9-max Seat #5 is the button
Seat 1: Goodbozz ($7.50 in chips) 
Seat 2: ponsonby13 ($2.93 in chips) 
Seat 3: Hasus_PK ($6.28 in chips) 
Seat 4: Mamamia337 ($5 in chips) 
Seat 5: Maria'sDad77 ($4 in chips) 
Seat 6: Jayd709 ($2.14 in chips) 
Seat 7: zanozaN1 ($5.10 in chips) 
Seat 8: BlackCat0812 ($4.35 in chips) 
Seat 9: Dorex2007 ($5.42 in chips) 
Jayd709: posts small blind $0.02
zanozaN1: posts big blind $0.05
*** HOLE CARDS ***
Dealt to Dorex2007 [9c Qh]
BlackCat0812: calls $0.05
Dorex2007: folds 
Goodbozz: folds 
ponsonby13: calls $0.05
Hasus_PK: folds 
Mamamia337: folds 
Maria'sDad77: folds 
Jayd709: folds 
zanozaN1: checks 
*** FLOP *** [6c 3h Jd]
zanozaN1: checks 
BlackCat0812: bets $0.15
ponsonby13: folds 
zanozaN1: folds 
Uncalled bet ($0.15) returned to BlackCat0812
BlackCat0812 collected $0.16 from pot
BlackCat0812: doesn't show hand 
*** SUMMARY ***
Total pot $0.17 | Rake $0.01 
Board [6c 3h Jd]
Seat 1: Goodbozz folded before Flop (didn't bet)
Seat 2: ponsonby13 folded on the Flop
Seat 3: Hasus_PK folded before Flop (didn't bet)
Seat 4: Mamamia337 folded before Flop (didn't bet)
Seat 5: Maria'sDad77 (button) folded before Flop (didn't bet)
Seat 6: Jayd709 (small blind) folded before Flop
Seat 7: zanozaN1 (big blind) folded on the Flop
Seat 8: BlackCat0812 collected ($0.16)
Seat 9: Dorex2007 folded before Flop (didn't bet)



PokerStars Hand #237716742954:  Hold'em No Limit ($0.02/$0.05 USD) - 2022/07/31 21:37:52 PT [2022/08/01 0:37:52 ET]
Table 'Zahringia II' 9-max Seat #6 is the button
Seat 1: Goodbozz ($7.50 in chips) 
Seat 2: ponsonby13 ($2.88 in chips) 
Seat 3: Hasus_PK ($6.28 in chips) 
Seat 4: Mamamia337 ($5 in chips) 
Seat 5: Maria'sDad77 ($4 in chips) 
Seat 6: Jayd709 ($2.12 in chips) 
Seat 7: zanozaN1 ($5.05 in chips) 
Seat 8: BlackCat0812 ($4.46 in chips) 
Seat 9: Dorex2007 ($5.42 in chips) 
zanozaN1: posts small blind $0.02
BlackCat0812: posts big blind $0.05
*** HOLE CARDS ***
Dealt to Dorex2007 [3h Kc]
Dorex2007: folds 
Goodbozz: calls $0.05
ponsonby13: folds 
Hasus_PK: folds 
Mamamia337: folds 
Maria'sDad77: raises $0.05 to $0.10
Jayd709: folds 
zanozaN1: folds 
BlackCat0812: calls $0.05
Goodbozz: calls $0.05
*** FLOP *** [Kd 2c 2s]
BlackCat0812: bets $0.15
Goodbozz: folds 
Maria'sDad77: calls $0.15
*** TURN *** [Kd 2c 2s] [8d]
BlackCat0812: bets $0.30
Maria'sDad77: calls $0.30
*** RIVER *** [Kd 2c 2s 8d] [3s]
BlackCat0812: bets $0.58
Maria'sDad77: folds 
Uncalled bet ($0.58) returned to BlackCat0812
BlackCat0812 collected $1.17 from pot
BlackCat0812: doesn't show hand 
*** SUMMARY ***
Total pot $1.22 | Rake $0.05 
Board [Kd 2c 2s 8d 3s]
Seat 1: Goodbozz folded on the Flop
Seat 2: ponsonby13 folded before Flop (didn't bet)
Seat 3: Hasus_PK folded before Flop (didn't bet)
Seat 4: Mamamia337 folded before Flop (didn't bet)
Seat 5: Maria'sDad77 folded on the River
Seat 6: Jayd709 (button) folded before Flop (didn't bet)
Seat 7: zanozaN1 (small blind) folded before Flop
Seat 8: BlackCat0812 (big blind) collected ($1.17)
Seat 9: Dorex2007 folded before Flop (didn't bet)



PokerStars Hand #237716751851:  Hold'em No Limit ($0.02/$0.05 USD) - 2022/07/31 21:39:17 PT [2022/08/01 0:39:17 ET]
Table 'Zahringia II' 9-max Seat #7 is the button
Seat 1: Goodbozz ($7.40 in chips) 
Seat 2: ponsonby13 ($2.88 in chips) 
Seat 3: Hasus_PK ($6.28 in chips) 
Seat 4: Mamamia337 ($5 in chips) 
Seat 5: Maria'sDad77 ($4 in chips) 
Seat 6: Jayd709 ($2.12 in chips) 
Seat 7: zanozaN1 ($5.03 in chips) 
Seat 8: BlackCat0812 ($5.08 in chips) 
Seat 9: Dorex2007 ($5.42 in chips) 
BlackCat0812: posts small blind $0.02
Dorex2007: posts big blind $0.05
*** HOLE CARDS ***
Dealt to Dorex2007 [4h Ah]
Goodbozz: calls $0.05
ponsonby13: folds 
Hasus_PK: raises $0.05 to $0.10
Mamamia337: folds 
Maria'sDad77: folds 
Jayd709: folds 
zanozaN1: calls $0.10
BlackCat0812: folds 
Dorex2007: calls $0.05
Goodbozz: calls $0.05
*** FLOP *** [7d 8d 2d]
Dorex2007: checks 
Goodbozz: checks 
Hasus_PK: bets $0.20
zanozaN1: folds 
Dorex2007: folds 
Goodbozz: calls $0.20
*** TURN *** [7d 8d 2d] [4s]
Goodbozz: checks 
Hasus_PK: checks 
*** RIVER *** [7d 8d 2d 4s] [5c]
Goodbozz: checks 
Hasus_PK: checks 
*** SHOW DOWN ***
Goodbozz: shows [Js Tc] (high card Jack)
Hasus_PK: shows [Kc Ks] (a pair of Kings)
Hasus_PK collected $0.79 from pot
*** SUMMARY ***
Total pot $0.82 | Rake $0.03 
Board [7d 8d 2d 4s 5c]
Seat 1: Goodbozz showed [Js Tc] and lost with high card Jack
Seat 2: ponsonby13 folded before Flop (didn't bet)
Seat 3: Hasus_PK showed [Kc Ks] and won ($0.79) with a pair of Kings
Seat 4: Mamamia337 folded before Flop (didn't bet)
Seat 5: Maria'sDad77 folded before Flop (didn't bet)
Seat 6: Jayd709 folded before Flop (didn't bet)
Seat 7: zanozaN1 (button) folded on the Flop
Seat 8: BlackCat0812 (small blind) folded before Flop
Seat 9: Dorex2007 (big blind) folded on the Flop



PokerStars Hand #237716758995:  Hold'em No Limit ($0.02/$0.05 USD) - 2022/07/31 21:40:26 PT [2022/08/01 0:40:26 ET]
Table 'Zahringia II' 9-max Seat #8 is the button
Seat 1: Goodbozz ($7.10 in chips) 
Seat 2: ponsonby13 ($2.88 in chips) 
Seat 3: Hasus_PK ($6.77 in chips) 
Seat 4: Mamamia337 ($5 in chips) 
Seat 5: Maria'sDad77 ($4 in chips) 
Seat 6: Jayd709 ($2.12 in chips) 
Seat 7: zanozaN1 ($5 in chips) 
Seat 8: BlackCat0812 ($5.06 in chips) 
Seat 9: Dorex2007 ($5.32 in chips) 
Dorex2007: posts small blind $0.02
Goodbozz: posts big blind $0.05
*** HOLE CARDS ***
Dealt to Dorex2007 [8h 6s]
ponsonby13 has timed out
ponsonby13: folds 
Hasus_PK: folds 
Mamamia337: folds 
Maria'sDad77: folds 
Jayd709: calls $0.05
zanozaN1: raises $0.15 to $0.20
BlackCat0812: folds 
Dorex2007: folds 
Goodbozz: calls $0.15
Jayd709: calls $0.15
*** FLOP *** [Ah Qd 9d]
Goodbozz: bets $0.29
Jayd709: folds 
zanozaN1: calls $0.29
*** TURN *** [Ah Qd 9d] [6d]
Goodbozz: checks 
zanozaN1: checks 
*** RIVER *** [Ah Qd 9d 6d] [Kd]
Goodbozz: checks 
zanozaN1: bets $0.86
Goodbozz: folds 
Uncalled bet ($0.86) returned to zanozaN1
zanozaN1 collected $1.15 from pot
zanozaN1: doesn't show hand 
*** SUMMARY ***
Total pot $1.20 | Rake $0.05 
Board [Ah Qd 9d 6d Kd]
Seat 1: Goodbozz (big blind) folded on the River
Seat 2: ponsonby13 folded before Flop (didn't bet)
Seat 3: Hasus_PK folded before Flop (didn't bet)
Seat 4: Mamamia337 folded before Flop (didn't bet)
Seat 5: Maria'sDad77 folded before Flop (didn't bet)
Seat 6: Jayd709 folded on the Flop
Seat 7: zanozaN1 collected ($1.15)
Seat 8: BlackCat0812 (button) folded before Flop (didn't bet)
Seat 9: Dorex2007 (small blind) folded before Flop



PokerStars Hand #237716780394:  Hold'em No Limit ($0.02/$0.05 USD) - 2022/07/31 21:42:24 PT [2022/08/01 0:42:24 ET]
Table 'Zahringia II' 9-max Seat #9 is the button
Seat 1: Goodbozz ($6.61 in chips) 
Seat 2: ponsonby13 ($2.88 in chips) 
Seat 3: Hasus_PK ($6.77 in chips) 
Seat 4: Mamamia337 ($5 in chips) 
Seat 5: Maria'sDad77 ($4 in chips) 
Seat 6: Jayd709 ($1.92 in chips) 
Seat 7: zanozaN1 ($5.66 in chips) 
Seat 8: BlackCat0812 ($5.06 in chips) 
Seat 9: Dorex2007 ($5.30 in chips) 
Goodbozz: posts small blind $0.02
ponsonby13: posts big blind $0.05
*** HOLE CARDS ***
Dealt to Dorex2007 [Td Ah]
Hasus_PK: calls $0.05
Mamamia337: folds 
Maria'sDad77: folds 
Jayd709: folds 
zanozaN1: folds 
BlackCat0812 has timed out
BlackCat0812: folds 
Dorex2007: raises $0.05 to $0.10
Goodbozz: calls $0.08
ponsonby13: folds 
Hasus_PK: calls $0.05
*** FLOP *** [3d Jc 2s]
Goodbozz: bets $0.17
Hasus_PK: folds 
Dorex2007: folds 
Uncalled bet ($0.17) returned to Goodbozz
Goodbozz collected $0.34 from pot
Goodbozz: doesn't show hand 
*** SUMMARY ***
Total pot $0.35 | Rake $0.01 
Board [3d Jc 2s]
Seat 1: Goodbozz (small blind) collected ($0.34)
Seat 2: ponsonby13 (big blind) folded before Flop
Seat 3: Hasus_PK folded on the Flop
Seat 4: Mamamia337 folded before Flop (didn't bet)
Seat 5: Maria'sDad77 folded before Flop (didn't bet)
Seat 6: Jayd709 folded before Flop (didn't bet)
Seat 7: zanozaN1 folded before Flop (didn't bet)
Seat 8: BlackCat0812 folded before Flop (didn't bet)
Seat 9: Dorex2007 (button) folded on the Flop



PokerStars Hand #237716786947:  Hold'em No Limit ($0.02/$0.05 USD) - 2022/07/31 21:43:26 PT [2022/08/01 0:43:26 ET]
Table 'Zahringia II' 9-max Seat #1 is the button
Seat 1: Goodbozz ($6.85 in chips) 
Seat 2: ponsonby13 ($2.83 in chips) 
Seat 3: Hasus_PK ($6.67 in chips) 
Seat 4: Mamamia337 ($5 in chips) 
Seat 5: Maria'sDad77 ($4 in chips) 
Seat 6: Jayd709 ($1.92 in chips) 
Seat 7: zanozaN1 ($5.66 in chips) 
Seat 9: Dorex2007 ($5.20 in chips) 
ponsonby13: posts small blind $0.02
Hasus_PK: posts big blind $0.05
*** HOLE CARDS ***
Dealt to Dorex2007 [Ad 2d]
Mamamia337: calls $0.05
Maria'sDad77 has timed out
Maria'sDad77: folds 
Jayd709: folds 
zanozaN1: raises $0.15 to $0.20
Dorex2007: folds 
Goodbozz: calls $0.20
ponsonby13: folds 
Hasus_PK: folds 
Mamamia337: calls $0.15
*** FLOP *** [7s Js 6s]
Mamamia337: checks 
zanozaN1: bets $0.32
Goodbozz: calls $0.32
Mamamia337: folds 
*** TURN *** [7s Js 6s] [Kd]
zanozaN1: checks 
Goodbozz: bets $1.26
zanozaN1: folds 
Uncalled bet ($1.26) returned to Goodbozz
Goodbozz collected $1.26 from pot
Goodbozz: doesn't show hand 
*** SUMMARY ***
Total pot $1.31 | Rake $0.05 
Board [7s Js 6s Kd]
Seat 1: Goodbozz (button) collected ($1.26)
Seat 2: ponsonby13 (small blind) folded before Flop
Seat 3: Hasus_PK (big blind) folded before Flop
Seat 4: Mamamia337 folded on the Flop
Seat 5: Maria'sDad77 folded before Flop (didn't bet)
Seat 6: Jayd709 folded before Flop (didn't bet)
Seat 7: zanozaN1 folded on the Turn
Seat 9: Dorex2007 folded before Flop (didn't bet)



PokerStars Hand #237716794901:  Hold'em No Limit ($0.02/$0.05 USD) - 2022/07/31 21:44:42 PT [2022/08/01 0:44:42 ET]
Table 'Zahringia II' 9-max Seat #2 is the button
Seat 1: Goodbozz ($7.59 in chips) 
Seat 2: ponsonby13 ($2.81 in chips) 
Seat 3: Hasus_PK ($6.62 in chips) 
Seat 4: Mamamia337 ($5 in chips) 
Seat 5: Maria'sDad77 ($4 in chips) 
Seat 6: Jayd709 ($1.92 in chips) 
Seat 7: zanozaN1 ($5.14 in chips) 
Seat 8: BlackCat0812 ($5.06 in chips) 
Seat 9: Dorex2007 ($5.20 in chips) 
Hasus_PK: posts small blind $0.02
Mamamia337: posts big blind $0.05
*** HOLE CARDS ***
Dealt to Dorex2007 [2h 4c]
Maria'sDad77: folds 
Jayd709: raises $0.05 to $0.10
zanozaN1: calls $0.10
BlackCat0812: calls $0.10
Dorex2007: folds 
Goodbozz: calls $0.10
ponsonby13: raises $0.35 to $0.45
Hasus_PK: folds 
Mamamia337: folds 
Jayd709: calls $0.35
zanozaN1: calls $0.35
BlackCat0812: folds 
Goodbozz: calls $0.35
*** FLOP *** [8h 4d Td]
Jayd709: checks 
zanozaN1: checks 
Goodbozz: checks 
Mamamia337 leaves the table
geniuss joins the table at seat #4 
ponsonby13: bets $1.25
Jayd709: calls $1.25
zanozaN1: folds 
Goodbozz: folds 
*** TURN *** [8h 4d Td] [Jh]
Jayd709: bets $0.22 and is all-in
ponsonby13: calls $0.22
*** RIVER *** [8h 4d Td Jh] [8d]
*** SHOW DOWN ***
Jayd709: shows [Js Jc] (a full house, Jacks full of Eights)
ponsonby13: shows [Kd Ad] (a flush, Ace high)
Jayd709 cashed out the hand for $3.60 | Cash Out Fee $0.04
*** SUMMARY ***
Total pot $4.91 | Rake $0.20 
Board [8h 4d Td Jh 8d]
Seat 1: Goodbozz folded on the Flop
Seat 2: ponsonby13 (button) showed [Kd Ad] and lost with a flush, Ace high
Seat 3: Hasus_PK (small blind) folded before Flop
Seat 4: Mamamia337 (big blind) folded before Flop
Seat 5: Maria'sDad77 folded before Flop (didn't bet)
Seat 6: Jayd709 showed [Js Jc] and won ($4.71) with a full house, Jacks full of Eights (pot not awarded as player cashed out)
Seat 7: zanozaN1 folded on the Flop
Seat 8: BlackCat0812 folded before Flop
Seat 9: Dorex2007 folded before Flop (didn't bet)



PokerStars Hand #237716806446:  Hold'em No Limit ($0.02/$0.05 USD) - 2022/07/31 21:46:32 PT [2022/08/01 0:46:32 ET]
Table 'Zahringia II' 9-max Seat #3 is the button
Seat 1: Goodbozz ($7.14 in chips) 
Seat 2: ponsonby13 ($0.89 in chips) 
Seat 3: Hasus_PK ($6.60 in chips) 
Seat 5: Maria'sDad77 ($4 in chips) 
Seat 6: Jayd709 ($3.60 in chips) 
Seat 7: zanozaN1 ($5 in chips) 
Seat 8: BlackCat0812 ($4.96 in chips) 
Seat 9: Dorex2007 ($5.20 in chips) 
Maria'sDad77: posts small blind $0.02
Jayd709: posts big blind $0.05
*** HOLE CARDS ***
Dealt to Dorex2007 [Js Qc]
zanozaN1: raises $0.10 to $0.15
BlackCat0812: folds 
Dorex2007: folds 
Goodbozz: folds 
ponsonby13: folds 
Hasus_PK has timed out
Hasus_PK: folds 
Maria'sDad77: folds 
Jayd709: calls $0.10
*** FLOP *** [8d 8c 4d]
Jayd709: checks 
zanozaN1: bets $0.23
Jayd709: folds 
Uncalled bet ($0.23) returned to zanozaN1
zanozaN1 collected $0.31 from pot
zanozaN1: doesn't show hand 
*** SUMMARY ***
Total pot $0.32 | Rake $0.01 
Board [8d 8c 4d]
Seat 1: Goodbozz folded before Flop (didn't bet)
Seat 2: ponsonby13 folded before Flop (didn't bet)
Seat 3: Hasus_PK (button) folded before Flop (didn't bet)
Seat 5: Maria'sDad77 (small blind) folded before Flop
Seat 6: Jayd709 (big blind) folded on the Flop
Seat 7: zanozaN1 collected ($0.31)
Seat 8: BlackCat0812 folded before Flop (didn't bet)
Seat 9: Dorex2007 folded before Flop (didn't bet)



PokerStars Hand #237716812421:  Hold'em No Limit ($0.02/$0.05 USD) - 2022/07/31 21:47:29 PT [2022/08/01 0:47:29 ET]
Table 'Zahringia II' 9-max Seat #5 is the button
Seat 1: Goodbozz ($7.14 in chips) 
Seat 2: ponsonby13 ($0.89 in chips) 
Seat 3: Hasus_PK ($6.60 in chips) 
Seat 5: Maria'sDad77 ($4 in chips) 
Seat 6: Jayd709 ($3.45 in chips) 
Seat 7: zanozaN1 ($5.16 in chips) 
Seat 8: BlackCat0812 ($4.96 in chips) 
Seat 9: Dorex2007 ($5.20 in chips) 
Jayd709: posts small blind $0.02
zanozaN1: posts big blind $0.05
geniuss: sits out 
*** HOLE CARDS ***
Dealt to Dorex2007 [4c Ts]
BlackCat0812: folds 
Dorex2007: folds 
Goodbozz: calls $0.05
ponsonby13: folds 
Hasus_PK: calls $0.05
Maria'sDad77: folds 
Jayd709: calls $0.03
zanozaN1: checks 
*** FLOP *** [7c 9s 4d]
Jayd709: checks 
zanozaN1: checks 
Goodbozz: checks 
Hasus_PK: bets $0.05
Jayd709: folds 
zanozaN1: folds 
Goodbozz: calls $0.05
*** TURN *** [7c 9s 4d] [4s]
Goodbozz: checks 
Hasus_PK: checks 
*** RIVER *** [7c 9s 4d 4s] [Jh]
Goodbozz: checks 
Hasus_PK: bets $0.05
Goodbozz: folds 
Uncalled bet ($0.05) returned to Hasus_PK
Hasus_PK collected $0.29 from pot
Hasus_PK: doesn't show hand 
*** SUMMARY ***
Total pot $0.30 | Rake $0.01 
Board [7c 9s 4d 4s Jh]
Seat 1: Goodbozz folded on the River
Seat 2: ponsonby13 folded before Flop (didn't bet)
Seat 3: Hasus_PK collected ($0.29)
Seat 5: Maria'sDad77 (button) folded before Flop (didn't bet)
Seat 6: Jayd709 (small blind) folded on the Flop
Seat 7: zanozaN1 (big blind) folded on the Flop
Seat 8: BlackCat0812 folded before Flop (didn't bet)
Seat 9: Dorex2007 folded before Flop (didn't bet)



PokerStars Hand #237716818998:  Hold'em No Limit ($0.02/$0.05 USD) - 2022/07/31 21:48:32 PT [2022/08/01 0:48:32 ET]
Table 'Zahringia II' 9-max Seat #6 is the button
Seat 1: Goodbozz ($7.04 in chips) 
Seat 2: ponsonby13 ($0.89 in chips) 
Seat 3: Hasus_PK ($6.79 in chips) 
Seat 5: Maria'sDad77 ($4 in chips) 
Seat 6: Jayd709 ($3.40 in chips) 
Seat 7: zanozaN1 ($5.11 in chips) 
Seat 8: BlackCat0812 ($4.96 in chips) 
Seat 9: Dorex2007 ($5.20 in chips) 
zanozaN1: posts small blind $0.02
BlackCat0812: posts big blind $0.05
geniuss: sits out 
*** HOLE CARDS ***
Dealt to Dorex2007 [Kd 6d]
Dorex2007: folds 
Goodbozz: calls $0.05
ponsonby13: raises $0.05 to $0.10
Hasus_PK: folds 
Maria'sDad77 has timed out
Maria'sDad77: folds 
Jayd709: folds 
zanozaN1: folds 
BlackCat0812: calls $0.05
Goodbozz: calls $0.05
*** FLOP *** [8s 3d Qd]
BlackCat0812: checks 
Goodbozz: checks 
ponsonby13: bets $0.10
BlackCat0812: folds 
Goodbozz: raises $0.55 to $0.65
Hasus_PK leaves the table
ponsonby13: raises $0.14 to $0.79 and is all-in
Goodbozz: calls $0.14
*** TURN *** [8s 3d Qd] [Ac]
*** RIVER *** [8s 3d Qd Ac] [Kh]
*** SHOW DOWN ***
Goodbozz: shows [6s As] (a pair of Aces)
ponsonby13: shows [8h 9h] (a pair of Eights)
Goodbozz collected $1.82 from pot
*** SUMMARY ***
Total pot $1.90 | Rake $0.08 
Board [8s 3d Qd Ac Kh]
Seat 1: Goodbozz showed [6s As] and won ($1.82) with a pair of Aces
Seat 2: ponsonby13 showed [8h 9h] and lost with a pair of Eights
Seat 3: Hasus_PK folded before Flop (didn't bet)
Seat 5: Maria'sDad77 folded before Flop (didn't bet)
Seat 6: Jayd709 (button) folded before Flop (didn't bet)
Seat 7: zanozaN1 (small blind) folded before Flop
Seat 8: BlackCat0812 (big blind) folded on the Flop
Seat 9: Dorex2007 folded before Flop (didn't bet)



PokerStars Hand #237716829636:  Hold'em No Limit ($0.02/$0.05 USD) - 2022/07/31 21:50:16 PT [2022/08/01 0:50:16 ET]
Table 'Zahringia II' 9-max Seat #7 is the button
Seat 1: Goodbozz ($7.97 in chips) 
Seat 5: Maria'sDad77 ($4 in chips) 
Seat 6: Jayd709 ($3.40 in chips) 
Seat 7: zanozaN1 ($5.09 in chips) 
Seat 8: BlackCat0812 ($4.86 in chips) 
Seat 9: Dorex2007 ($5.20 in chips) 
BlackCat0812: posts small blind $0.02
Dorex2007: posts big blind $0.05
geniuss: sits out 
*** HOLE CARDS ***
Dealt to Dorex2007 [2s Td]
Goodbozz: raises $0.10 to $0.15
Maria'sDad77: folds 
Jayd709: folds 
zanozaN1: folds 
BlackCat0812: folds 
Dorex2007: folds 
Uncalled bet ($0.10) returned to Goodbozz
Goodbozz collected $0.12 from pot
Goodbozz: doesn't show hand 
*** SUMMARY ***
Total pot $0.12 | Rake $0 
Seat 1: Goodbozz collected ($0.12)
Seat 5: Maria'sDad77 folded before Flop (didn't bet)
Seat 6: Jayd709 folded before Flop (didn't bet)
Seat 7: zanozaN1 (button) folded before Flop (didn't bet)
Seat 8: BlackCat0812 (small blind) folded before Flop
Seat 9: Dorex2007 (big blind) folded before Flop



PokerStars Hand #237716831318:  Hold'em No Limit ($0.02/$0.05 USD) - 2022/07/31 21:50:32 PT [2022/08/01 0:50:32 ET]
Table 'Zahringia II' 9-max Seat #8 is the button
Seat 1: Goodbozz ($8.04 in chips) 
Seat 2: ponsonby13 ($5 in chips) 
Seat 5: Maria'sDad77 ($4 in chips) 
Seat 6: Jayd709 ($3.40 in chips) 
Seat 7: zanozaN1 ($5.09 in chips) 
Seat 8: BlackCat0812 ($4.84 in chips) 
Seat 9: Dorex2007 ($5.15 in chips) 
Dorex2007: posts small blind $0.02
twich7belo joins the table at seat #3 
Goodbozz: posts big blind $0.05
geniuss: sits out 
*** HOLE CARDS ***
Dealt to Dorex2007 [3h 8d]
ponsonby13: folds 
Maria'sDad77: folds 
Jayd709: calls $0.05
zanozaN1: calls $0.05
BlackCat0812: folds 
Dorex2007: folds 
Goodbozz: checks 
*** FLOP *** [Jd 3s 7d]
Goodbozz: checks 
Jayd709: bets $0.05
zanozaN1: calls $0.05
Goodbozz: calls $0.05
*** TURN *** [Jd 3s 7d] [5s]
Goodbozz: checks 
Jayd709: bets $0.15
zanozaN1: folds 
Goodbozz: folds 
Uncalled bet ($0.15) returned to Jayd709
Jayd709 collected $0.31 from pot
Jayd709: doesn't show hand 
*** SUMMARY ***
Total pot $0.32 | Rake $0.01 
Board [Jd 3s 7d 5s]
Seat 1: Goodbozz (big blind) folded on the Turn
Seat 2: ponsonby13 folded before Flop (didn't bet)
Seat 5: Maria'sDad77 folded before Flop (didn't bet)
Seat 6: Jayd709 collected ($0.31)
Seat 7: zanozaN1 folded on the Turn
Seat 8: BlackCat0812 (button) folded before Flop (didn't bet)
Seat 9: Dorex2007 (small blind) folded before Flop



PokerStars Hand #237716836575:  Hold'em No Limit ($0.02/$0.05 USD) - 2022/07/31 21:51:23 PT [2022/08/01 0:51:23 ET]
Table 'Zahringia II' 9-max Seat #9 is the button
Seat 1: Goodbozz ($7.94 in chips) 
Seat 2: ponsonby13 ($5 in chips) 
Seat 5: Maria'sDad77 ($4 in chips) 
Seat 6: Jayd709 ($3.61 in chips) 
Seat 7: zanozaN1 ($5 in chips) 
Seat 8: BlackCat0812 ($4.84 in chips) 
Seat 9: Dorex2007 ($5.13 in chips) 
Goodbozz: posts small blind $0.02
ponsonby13: posts big blind $0.05
twich7belo: sits out 
geniuss: sits out 
*** HOLE CARDS ***
Dealt to Dorex2007 [6c 8d]
Maria'sDad77: folds 
Jayd709: folds 
zanozaN1: folds 
BlackCat0812: folds 
Dorex2007: folds 
Goodbozz: raises $0.05 to $0.10
ponsonby13: folds 
Uncalled bet ($0.05) returned to Goodbozz
Goodbozz collected $0.10 from pot
Goodbozz: doesn't show hand 
*** SUMMARY ***
Total pot $0.10 | Rake $0 
Seat 1: Goodbozz (small blind) collected ($0.10)
Seat 2: ponsonby13 (big blind) folded before Flop
Seat 5: Maria'sDad77 folded before Flop (didn't bet)
Seat 6: Jayd709 folded before Flop (didn't bet)
Seat 7: zanozaN1 folded before Flop (didn't bet)
Seat 8: BlackCat0812 folded before Flop (didn't bet)
Seat 9: Dorex2007 (button) folded before Flop (didn't bet)



PokerStars Hand #237716839216:  Hold'em No Limit ($0.02/$0.05 USD) - 2022/07/31 21:51:49 PT [2022/08/01 0:51:49 ET]
Table 'Zahringia II' 9-max Seat #1 is the button
Seat 1: Goodbozz ($7.99 in chips) 
Seat 2: ponsonby13 ($4.95 in chips) 
Seat 3: twich7belo ($3.95 in chips) 
Seat 5: Maria'sDad77 ($4 in chips) 
Seat 6: Jayd709 ($3.61 in chips) 
Seat 7: zanozaN1 ($5 in chips) 
Seat 8: BlackCat0812 ($4.84 in chips) 
Seat 9: Dorex2007 ($5.13 in chips) 
ponsonby13: posts small blind $0.02
twich7belo: posts big blind $0.05
geniuss: sits out 
*** HOLE CARDS ***
Dealt to Dorex2007 [2d Qc]
Maria'sDad77 has timed out
Maria'sDad77: folds 
Jayd709: folds 
zanozaN1: folds 
BlackCat0812: calls $0.05
Dorex2007: folds 
Goodbozz: folds 
ponsonby13: calls $0.03
twich7belo: raises $0.35 to $0.40
BlackCat0812: calls $0.35
ponsonby13: folds 
*** FLOP *** [9h Qd Jh]
twich7belo: checks 
BlackCat0812: bets $0.81
twich7belo: raises $2.74 to $3.55 and is all-in
BlackCat0812: calls $2.74
*** TURN *** [9h Qd Jh] [Kc]
*** RIVER *** [9h Qd Jh Kc] [4s]
*** SHOW DOWN ***
twich7belo: shows [Js Tc] (a straight, Nine to King)
BlackCat0812: shows [Jd Jc] (three of a kind, Jacks)
twich7belo collected $7.62 from pot
BlackCat0812 cashed out the hand for $5.60 | Cash Out Fee $0.06
*** SUMMARY ***
Total pot $7.95 | Rake $0.33 
Board [9h Qd Jh Kc 4s]
Seat 1: Goodbozz (button) folded before Flop (didn't bet)
Seat 2: ponsonby13 (small blind) folded before Flop
Seat 3: twich7belo (big blind) showed [Js Tc] and won ($7.62) with a straight, Nine to King
Seat 5: Maria'sDad77 folded before Flop (didn't bet)
Seat 6: Jayd709 folded before Flop (didn't bet)
Seat 7: zanozaN1 folded before Flop (didn't bet)
Seat 8: BlackCat0812 showed [Jd Jc] and lost with three of a kind, Jacks (cashed out).
Seat 9: Dorex2007 folded before Flop (didn't bet)



PokerStars Hand #237716846392:  Hold'em No Limit ($0.02/$0.05 USD) - 2022/07/31 21:52:58 PT [2022/08/01 0:52:58 ET]
Table 'Zahringia II' 9-max Seat #2 is the button
Seat 1: Goodbozz ($7.99 in chips) 
Seat 2: ponsonby13 ($4.90 in chips) 
Seat 3: twich7belo ($7.62 in chips) 
Seat 4: geniuss ($6.80 in chips) 
Seat 5: Maria'sDad77 ($4 in chips) 
Seat 6: Jayd709 ($3.61 in chips) 
Seat 7: zanozaN1 ($5 in chips) 
Seat 8: BlackCat0812 ($6.49 in chips) 
Seat 9: Dorex2007 ($5.13 in chips) 
twich7belo: posts small blind $0.02
geniuss: posts big blind $0.05
*** HOLE CARDS ***
Dealt to Dorex2007 [Qd 2h]
Maria'sDad77: folds 
Jayd709: folds 
zanozaN1: folds 
BlackCat0812: folds 
Dorex2007: folds 
Goodbozz: calls $0.05
ponsonby13: folds 
twich7belo: folds 
geniuss: checks 
*** FLOP *** [Tc 9h Td]
twich7belo leaves the table
geniuss: checks 
Goodbozz: bets $0.05
geniuss: folds 
Uncalled bet ($0.05) returned to Goodbozz
Goodbozz collected $0.12 from pot
Goodbozz: doesn't show hand 
*** SUMMARY ***
Total pot $0.12 | Rake $0 
Board [Tc 9h Td]
Seat 1: Goodbozz collected ($0.12)
Seat 2: ponsonby13 (button) folded before Flop (didn't bet)
Seat 3: twich7belo (small blind) folded before Flop
Seat 4: geniuss (big blind) folded on the Flop
Seat 5: Maria'sDad77 folded before Flop (didn't bet)
Seat 6: Jayd709 folded before Flop (didn't bet)
Seat 7: zanozaN1 folded before Flop (didn't bet)
Seat 8: BlackCat0812 folded before Flop (didn't bet)
Seat 9: Dorex2007 folded before Flop (didn't bet)



PokerStars Hand #237716849267:  Hold'em No Limit ($0.02/$0.05 USD) - 2022/07/31 21:53:25 PT [2022/08/01 0:53:25 ET]
Table 'Zahringia II' 9-max Seat #4 is the button
Seat 1: Goodbozz ($8.06 in chips) 
Seat 2: ponsonby13 ($4.90 in chips) 
Seat 4: geniuss ($6.75 in chips) 
Seat 5: Maria'sDad77 ($4 in chips) 
Seat 6: Jayd709 ($3.61 in chips) 
Seat 7: zanozaN1 ($5 in chips) 
Seat 8: BlackCat0812 ($6.49 in chips) 
Seat 9: Dorex2007 ($5.13 in chips) 
Maria'sDad77: posts small blind $0.02
Jayd709: posts big blind $0.05
*** HOLE CARDS ***
Dealt to Dorex2007 [Jc Ks]
zanozaN1: folds 
BlackCat0812 has timed out
BlackCat0812: folds 
Dorex2007: raises $0.10 to $0.15
Goodbozz: folds 
ponsonby13: folds 
geniuss: folds 
Maria'sDad77: folds 
Jayd709: folds 
Uncalled bet ($0.10) returned to Dorex2007
Dorex2007 collected $0.12 from pot
Dorex2007: doesn't show hand 
*** SUMMARY ***
Total pot $0.12 | Rake $0 
Seat 1: Goodbozz folded before Flop (didn't bet)
Seat 2: ponsonby13 folded before Flop (didn't bet)
Seat 4: geniuss (button) folded before Flop (didn't bet)
Seat 5: Maria'sDad77 (small blind) folded before Flop
Seat 6: Jayd709 (big blind) folded before Flop
Seat 7: zanozaN1 folded before Flop (didn't bet)
Seat 8: BlackCat0812 folded before Flop (didn't bet)
Seat 9: Dorex2007 collected ($0.12)



PokerStars Hand #237716852583:  Hold'em No Limit ($0.02/$0.05 USD) - 2022/07/31 21:53:57 PT [2022/08/01 0:53:57 ET]
Table 'Zahringia II' 9-max Seat #5 is the button
Seat 1: Goodbozz ($8.06 in chips) 
Seat 2: ponsonby13 ($4.90 in chips) 
Seat 4: geniuss ($6.75 in chips) 
Seat 5: Maria'sDad77 ($4 in chips) 
Seat 6: Jayd709 ($3.56 in chips) 
Seat 7: zanozaN1 ($5 in chips) 
Seat 8: BlackCat0812 ($6.49 in chips) 
Seat 9: Dorex2007 ($5.20 in chips) 
Jayd709: posts small blind $0.02
zanozaN1: posts big blind $0.05
*** HOLE CARDS ***
Dealt to Dorex2007 [Ah Ac]
BlackCat0812: calls $0.05
Dorex2007: raises $0.10 to $0.15
Goodbozz: folds 
ponsonby13: folds 
geniuss: folds 
Maria'sDad77: folds 
Jayd709: calls $0.13
zanozaN1: calls $0.10
BlackCat0812: folds 
*** FLOP *** [7s 6c As]
Jayd709: bets $0.24
zanozaN1: folds 
Dorex2007: raises $4.81 to $5.05 and is all-in
Jayd709: folds 
Uncalled bet ($4.81) returned to Dorex2007
Dorex2007 collected $0.94 from pot
Dorex2007: doesn't show hand 
*** SUMMARY ***
Total pot $0.98 | Rake $0.04 
Board [7s 6c As]
Seat 1: Goodbozz folded before Flop (didn't bet)
Seat 2: ponsonby13 folded before Flop (didn't bet)
Seat 4: geniuss folded before Flop (didn't bet)
Seat 5: Maria'sDad77 (button) folded before Flop (didn't bet)
Seat 6: Jayd709 (small blind) folded on the Flop
Seat 7: zanozaN1 (big blind) folded on the Flop
Seat 8: BlackCat0812 folded before Flop
Seat 9: Dorex2007 collected ($0.94)



PokerStars Hand #237716858615:  Hold'em No Limit ($0.02/$0.05 USD) - 2022/07/31 21:54:55 PT [2022/08/01 0:54:55 ET]
Table 'Zahringia II' 9-max Seat #6 is the button
Seat 1: Goodbozz ($8.06 in chips) 
Seat 2: ponsonby13 ($4.90 in chips) 
Seat 4: geniuss ($6.75 in chips) 
Seat 6: Jayd709 ($3.17 in chips) 
Seat 7: zanozaN1 ($5 in chips) 
Seat 8: BlackCat0812 ($6.44 in chips) 
Seat 9: Dorex2007 ($5.75 in chips) 
zanozaN1: posts small blind $0.02
BlackCat0812: posts big blind $0.05
*** HOLE CARDS ***
Dealt to Dorex2007 [6d 8d]
Dorex2007: folds 
Goodbozz: folds 
ponsonby13: folds 
geniuss: folds 
Jayd709: calls $0.05
zanozaN1: calls $0.03
BlackCat0812: checks 
*** FLOP *** [5d Qc 4d]
zanozaN1: bets $0.05
Maria'sDad77 is disconnected 
BlackCat0812: folds 
Jayd709: folds 
Uncalled bet ($0.05) returned to zanozaN1
zanozaN1 collected $0.14 from pot
zanozaN1: doesn't show hand 
*** SUMMARY ***
Total pot $0.15 | Rake $0.01 
Board [5d Qc 4d]
Seat 1: Goodbozz folded before Flop (didn't bet)
Seat 2: ponsonby13 folded before Flop (didn't bet)
Seat 4: geniuss folded before Flop (didn't bet)
Seat 6: Jayd709 (button) folded on the Flop
Seat 7: zanozaN1 (small blind) collected ($0.14)
Seat 8: BlackCat0812 (big blind) folded on the Flop
Seat 9: Dorex2007 folded before Flop (didn't bet)



PokerStars Hand #237716861970:  Hold'em No Limit ($0.02/$0.05 USD) - 2022/07/31 21:55:32 PT [2022/08/01 0:55:32 ET]
Table 'Zahringia II' 9-max Seat #7 is the button
Seat 1: Goodbozz ($8.06 in chips) 
Seat 2: ponsonby13 ($4.90 in chips) 
Seat 4: geniuss ($6.75 in chips) 
Seat 6: Jayd709 ($3.12 in chips) 
Seat 7: zanozaN1 ($5.09 in chips) 
Seat 8: BlackCat0812 ($6.39 in chips) 
Seat 9: Dorex2007 ($5.75 in chips) 
BlackCat0812: posts small blind $0.02
Dorex2007: posts big blind $0.05
*** HOLE CARDS ***
Dealt to Dorex2007 [Th 7h]
Goodbozz: folds 
ponsonby13: folds 
geniuss: calls $0.05
Jayd709: raises $0.05 to $0.10
zanozaN1: folds 
BlackCat0812: folds 
Dorex2007: folds 
geniuss: calls $0.05
*** FLOP *** [Tc Kh Ks]
kyleallan2000 joins the table at seat #3 
geniuss: checks 
Jayd709: bets $0.13
geniuss: folds 
Uncalled bet ($0.13) returned to Jayd709
Jayd709 collected $0.26 from pot
Jayd709: doesn't show hand 
*** SUMMARY ***
Total pot $0.27 | Rake $0.01 
Board [Tc Kh Ks]
Seat 1: Goodbozz folded before Flop (didn't bet)
Seat 2: ponsonby13 folded before Flop (didn't bet)
Seat 4: geniuss folded on the Flop
Seat 6: Jayd709 collected ($0.26)
Seat 7: zanozaN1 (button) folded before Flop (didn't bet)
Seat 8: BlackCat0812 (small blind) folded before Flop
Seat 9: Dorex2007 (big blind) folded before Flop



PokerStars Hand #237716864974:  Hold'em No Limit ($0.02/$0.05 USD) - 2022/07/31 21:56:06 PT [2022/08/01 0:56:06 ET]
Table 'Zahringia II' 9-max Seat #8 is the button
Seat 1: Goodbozz ($8.06 in chips) 
Seat 2: ponsonby13 ($4.90 in chips) 
Seat 3: kyleallan2000 ($5 in chips) 
Seat 4: geniuss ($6.65 in chips) 
Seat 6: Jayd709 ($3.28 in chips) 
Seat 7: zanozaN1 ($5.09 in chips) 
Seat 8: BlackCat0812 ($6.37 in chips) 
Seat 9: Dorex2007 ($5.70 in chips) 
Dorex2007: posts small blind $0.02
Goodbozz: posts big blind $0.05
kyleallan2000: posts big blind $0.05
*** HOLE CARDS ***
Dealt to Dorex2007 [Jc 7s]
ponsonby13: folds 
kyleallan2000: checks 
geniuss: folds 
Jayd709: calls $0.05
zanozaN1: folds 
BlackCat0812: folds 
Dorex2007: folds 
Goodbozz: checks 
*** FLOP *** [7h 2c 8s]
Goodbozz: checks 
kyleallan2000: checks 
Jayd709: bets $0.16
Goodbozz: calls $0.16
kyleallan2000: folds 
*** TURN *** [7h 2c 8s] [7c]
Goodbozz: checks 
Jayd709: bets $0.23
Goodbozz: raises $0.23 to $0.46
Jayd709: calls $0.23
*** RIVER *** [7h 2c 8s 7c] [Ts]
Goodbozz: bets $1.35
Jayd709: folds 
Uncalled bet ($1.35) returned to Goodbozz
Goodbozz collected $1.35 from pot
Goodbozz: doesn't show hand 
*** SUMMARY ***
Total pot $1.41 | Rake $0.06 
Board [7h 2c 8s 7c Ts]
Seat 1: Goodbozz (big blind) collected ($1.35)
Seat 2: ponsonby13 folded before Flop (didn't bet)
Seat 3: kyleallan2000 folded on the Flop (didn't bet)
Seat 4: geniuss folded before Flop (didn't bet)
Seat 6: Jayd709 folded on the River
Seat 7: zanozaN1 folded before Flop (didn't bet)
Seat 8: BlackCat0812 (button) folded before Flop (didn't bet)
Seat 9: Dorex2007 (small blind) folded before Flop



PokerStars Hand #237716872406:  Hold'em No Limit ($0.02/$0.05 USD) - 2022/07/31 21:57:29 PT [2022/08/01 0:57:29 ET]
Table 'Zahringia II' 9-max Seat #9 is the button
Seat 1: Goodbozz ($8.74 in chips) 
Seat 2: ponsonby13 ($4.90 in chips) 
Seat 3: kyleallan2000 ($4.95 in chips) 
Seat 4: geniuss ($6.65 in chips) 
Seat 6: Jayd709 ($2.61 in chips) 
Seat 7: zanozaN1 ($5.09 in chips) 
Seat 8: BlackCat0812 ($6.37 in chips) 
Seat 9: Dorex2007 ($5.68 in chips) 
Goodbozz: posts small blind $0.02
ponsonby13: posts big blind $0.05
*** HOLE CARDS ***
Dealt to Dorex2007 [As 2d]
kyleallan2000: folds 
geniuss: folds 
Jayd709: calls $0.05
zanozaN1: folds 
BlackCat0812: folds 
Dorex2007: folds 
Goodbozz: folds 
ponsonby13: checks 
*** FLOP *** [9s 3c 4h]
ponsonby13: checks 
Jayd709: bets $0.12
ponsonby13: calls $0.12
*** TURN *** [9s 3c 4h] [5s]
ponsonby13: checks 
Jayd709: bets $0.35
ponsonby13: folds 
Uncalled bet ($0.35) returned to Jayd709
Jayd709 collected $0.35 from pot
Jayd709: doesn't show hand 
*** SUMMARY ***
Total pot $0.36 | Rake $0.01 
Board [9s 3c 4h 5s]
Seat 1: Goodbozz (small blind) folded before Flop
Seat 2: ponsonby13 (big blind) folded on the Turn
Seat 3: kyleallan2000 folded before Flop (didn't bet)
Seat 4: geniuss folded before Flop (didn't bet)
Seat 6: Jayd709 collected ($0.35)
Seat 7: zanozaN1 folded before Flop (didn't bet)
Seat 8: BlackCat0812 folded before Flop (didn't bet)
Seat 9: Dorex2007 (button) folded before Flop (didn't bet)



PokerStars Hand #237716877515:  Hold'em No Limit ($0.02/$0.05 USD) - 2022/07/31 21:58:27 PT [2022/08/01 0:58:27 ET]
Table 'Zahringia II' 9-max Seat #1 is the button
Seat 1: Goodbozz ($8.72 in chips) 
Seat 2: ponsonby13 ($4.73 in chips) 
Seat 3: kyleallan2000 ($4.95 in chips) 
Seat 4: geniuss ($6.65 in chips) 
Seat 6: Jayd709 ($2.79 in chips) 
Seat 7: zanozaN1 ($5.09 in chips) 
Seat 8: BlackCat0812 ($6.37 in chips) 
Seat 9: Dorex2007 ($5.68 in chips) 
ponsonby13: posts small blind $0.02
kyleallan2000: posts big blind $0.05
*** HOLE CARDS ***
Dealt to Dorex2007 [8s Jd]
geniuss: folds 
Jayd709: folds 
zanozaN1: folds 
BlackCat0812: folds 
Dorex2007: folds 
Goodbozz: folds 
ponsonby13: raises $0.05 to $0.10
kyleallan2000: folds 
Uncalled bet ($0.05) returned to ponsonby13
ponsonby13 collected $0.10 from pot
ponsonby13: doesn't show hand 
*** SUMMARY ***
Total pot $0.10 | Rake $0 
Seat 1: Goodbozz (button) folded before Flop (didn't bet)
Seat 2: ponsonby13 (small blind) collected ($0.10)
Seat 3: kyleallan2000 (big blind) folded before Flop
Seat 4: geniuss folded before Flop (didn't bet)
Seat 6: Jayd709 folded before Flop (didn't bet)
Seat 7: zanozaN1 folded before Flop (didn't bet)
Seat 8: BlackCat0812 folded before Flop (didn't bet)
Seat 9: Dorex2007 folded before Flop (didn't bet)



PokerStars Hand #237716879224:  Hold'em No Limit ($0.02/$0.05 USD) - 2022/07/31 21:58:46 PT [2022/08/01 0:58:46 ET]
Table 'Zahringia II' 9-max Seat #2 is the button
Seat 1: Goodbozz ($8.72 in chips) 
Seat 2: ponsonby13 ($4.78 in chips) 
Seat 3: kyleallan2000 ($4.90 in chips) 
Seat 4: geniuss ($6.65 in chips) 
Seat 6: Jayd709 ($2.79 in chips) 
Seat 7: zanozaN1 ($5.09 in chips) 
Seat 8: BlackCat0812 ($6.37 in chips) 
Seat 9: Dorex2007 ($5.68 in chips) 
kyleallan2000: posts small blind $0.02
geniuss: posts big blind $0.05
*** HOLE CARDS ***
Dealt to Dorex2007 [9d Js]
Jayd709: calls $0.05
zanozaN1: folds 
BlackCat0812 has timed out
BlackCat0812: folds 
Dorex2007: folds 
Goodbozz: calls $0.05
ponsonby13: calls $0.05
kyleallan2000: calls $0.03
geniuss: checks 
*** FLOP *** [7h 8h 5h]
kyleallan2000: checks 
geniuss: checks 
Jayd709: checks 
Goodbozz: bets $0.12
ponsonby13: calls $0.12
kyleallan2000: folds 
geniuss: folds 
Jayd709: folds 
*** TURN *** [7h 8h 5h] [Kd]
Goodbozz: bets $0.23
ponsonby13: calls $0.23
*** RIVER *** [7h 8h 5h Kd] [7c]
Goodbozz: bets $0.45
ponsonby13: calls $0.45
*** SHOW DOWN ***
Goodbozz: shows [Kc 9h] (two pair, Kings and Sevens)
ponsonby13: mucks hand 
Goodbozz collected $1.77 from pot
*** SUMMARY ***
Total pot $1.85 | Rake $0.08 
Board [7h 8h 5h Kd 7c]
Seat 1: Goodbozz showed [Kc 9h] and won ($1.77) with two pair, Kings and Sevens
Seat 2: ponsonby13 (button) mucked [Kh 6d]
Seat 3: kyleallan2000 (small blind) folded on the Flop
Seat 4: geniuss (big blind) folded on the Flop
Seat 6: Jayd709 folded on the Flop
Seat 7: zanozaN1 folded before Flop (didn't bet)
Seat 8: BlackCat0812 folded before Flop (didn't bet)
Seat 9: Dorex2007 folded before Flop (didn't bet)



PokerStars Hand #237716886630:  Hold'em No Limit ($0.02/$0.05 USD) - 2022/07/31 22:00:08 PT [2022/08/01 1:00:08 ET]
Table 'Zahringia II' 9-max Seat #3 is the button
Seat 1: Goodbozz ($9.64 in chips) 
Seat 2: ponsonby13 ($3.93 in chips) 
Seat 3: kyleallan2000 ($4.85 in chips) 
Seat 4: geniuss ($6.60 in chips) 
Seat 6: Jayd709 ($2.74 in chips) 
Seat 7: zanozaN1 ($5.09 in chips) 
Seat 9: Dorex2007 ($5.68 in chips) 
geniuss: posts small blind $0.02
Jayd709: posts big blind $0.05
*** HOLE CARDS ***
Dealt to Dorex2007 [5c Kh]
zanozaN1: folds 
Dorex2007: folds 
Goodbozz: folds 
ponsonby13: folds 
kyleallan2000: calls $0.05
geniuss: folds 
Jayd709: checks 
*** FLOP *** [2c Ad Qs]
Jayd709: bets $0.10
kyleallan2000: folds 
Uncalled bet ($0.10) returned to Jayd709
Jayd709 collected $0.12 from pot
Jayd709: doesn't show hand 
*** SUMMARY ***
Total pot $0.12 | Rake $0 
Board [2c Ad Qs]
Seat 1: Goodbozz folded before Flop (didn't bet)
Seat 2: ponsonby13 folded before Flop (didn't bet)
Seat 3: kyleallan2000 (button) folded on the Flop
Seat 4: geniuss (small blind) folded before Flop
Seat 6: Jayd709 (big blind) collected ($0.12)
Seat 7: zanozaN1 folded before Flop (didn't bet)
Seat 9: Dorex2007 folded before Flop (didn't bet)



PokerStars Hand #237716889265:  Hold'em No Limit ($0.02/$0.05 USD) - 2022/07/31 22:00:35 PT [2022/08/01 1:00:35 ET]
Table 'Zahringia II' 9-max Seat #4 is the button
Seat 1: Goodbozz ($9.64 in chips) 
Seat 2: ponsonby13 ($3.93 in chips) 
Seat 3: kyleallan2000 ($4.80 in chips) 
Seat 4: geniuss ($6.58 in chips) 
Seat 6: Jayd709 ($2.81 in chips) 
Seat 7: zanozaN1 ($5.09 in chips) 
Seat 8: BlackCat0812 ($6.37 in chips) 
Seat 9: Dorex2007 ($5.68 in chips) 
Jayd709: posts small blind $0.02
zanozaN1: posts big blind $0.05
*** HOLE CARDS ***
Dealt to Dorex2007 [6d Ts]
BlackCat0812: folds 
Dorex2007: folds 
Goodbozz: calls $0.05
ponsonby13: folds 
kyleallan2000: raises $0.05 to $0.10
geniuss: folds 
Jayd709: calls $0.08
zanozaN1: folds 
Goodbozz: calls $0.05
*** FLOP *** [Ah 9d Kh]
Jayd709: checks 
Goodbozz: checks 
kyleallan2000: bets $0.25
Jayd709: folds 
Goodbozz: raises $0.25 to $0.50
kyleallan2000: calls $0.25
*** TURN *** [Ah 9d Kh] [Jd]
Goodbozz: checks 
kyleallan2000: checks 
*** RIVER *** [Ah 9d Kh Jd] [8d]
Goodbozz: bets $1.29
kyleallan2000: folds 
Uncalled bet ($1.29) returned to Goodbozz
Goodbozz collected $1.29 from pot
Goodbozz: doesn't show hand 
*** SUMMARY ***
Total pot $1.35 | Rake $0.06 
Board [Ah 9d Kh Jd 8d]
Seat 1: Goodbozz collected ($1.29)
Seat 2: ponsonby13 folded before Flop (didn't bet)
Seat 3: kyleallan2000 folded on the River
Seat 4: geniuss (button) folded before Flop (didn't bet)
Seat 6: Jayd709 (small blind) folded on the Flop
Seat 7: zanozaN1 (big blind) folded before Flop
Seat 8: BlackCat0812 folded before Flop (didn't bet)
Seat 9: Dorex2007 folded before Flop (didn't bet)



PokerStars Hand #237716895597:  Hold'em No Limit ($0.02/$0.05 USD) - 2022/07/31 22:01:38 PT [2022/08/01 1:01:38 ET]
Table 'Zahringia II' 9-max Seat #6 is the button
Seat 1: Goodbozz ($10.33 in chips) 
Seat 2: ponsonby13 ($3.93 in chips) 
Seat 3: kyleallan2000 ($4.20 in chips) 
Seat 4: geniuss ($6.58 in chips) 
Seat 6: Jayd709 ($2.71 in chips) 
Seat 7: zanozaN1 ($5.04 in chips) 
Seat 8: BlackCat0812 ($6.37 in chips) 
Seat 9: Dorex2007 ($5.68 in chips) 
zanozaN1: posts small blind $0.02
BlackCat0812: posts big blind $0.05
Maria'sDad77: sits out 
*** HOLE CARDS ***
Dealt to Dorex2007 [9s 3h]
Dorex2007: folds 
Goodbozz: calls $0.05
ponsonby13: folds 
kyleallan2000: folds 
geniuss: calls $0.05
Jayd709: calls $0.05
zanozaN1: raises $0.35 to $0.40
BlackCat0812: folds 
Goodbozz: calls $0.35
geniuss: folds 
Jayd709: folds 
*** FLOP *** [Kh 7h 3d]
zanozaN1: checks 
Goodbozz: bets $0.91
zanozaN1: folds 
Uncalled bet ($0.91) returned to Goodbozz
Goodbozz collected $0.91 from pot
Goodbozz: doesn't show hand 
*** SUMMARY ***
Total pot $0.95 | Rake $0.04 
Board [Kh 7h 3d]
Seat 1: Goodbozz collected ($0.91)
Seat 2: ponsonby13 folded before Flop (didn't bet)
Seat 3: kyleallan2000 folded before Flop (didn't bet)
Seat 4: geniuss folded before Flop
Seat 6: Jayd709 (button) folded before Flop
Seat 7: zanozaN1 (small blind) folded on the Flop
Seat 8: BlackCat0812 (big blind) folded before Flop
Seat 9: Dorex2007 folded before Flop (didn't bet)



PokerStars Hand #237716901702:  Hold'em No Limit ($0.02/$0.05 USD) - 2022/07/31 22:02:39 PT [2022/08/01 1:02:39 ET]
Table 'Zahringia II' 9-max Seat #7 is the button
Seat 1: Goodbozz ($10.84 in chips) 
Seat 2: ponsonby13 ($3.93 in chips) 
Seat 3: kyleallan2000 ($4.20 in chips) 
Seat 4: geniuss ($6.53 in chips) 
Seat 6: Jayd709 ($2.66 in chips) 
Seat 7: zanozaN1 ($5 in chips) 
Seat 8: BlackCat0812 ($6.32 in chips) 
Seat 9: Dorex2007 ($5.68 in chips) 
BlackCat0812: posts small blind $0.02
Dorex2007: posts big blind $0.05
Maria'sDad77: sits out 
*** HOLE CARDS ***
Dealt to Dorex2007 [7h 2h]
Goodbozz: calls $0.05
ponsonby13: folds 
kyleallan2000: calls $0.05
geniuss: folds 
Jayd709: folds 
zanozaN1: folds 
BlackCat0812: calls $0.03
Dorex2007: checks 
*** FLOP *** [9d 2d 4h]
BlackCat0812: checks 
Dorex2007: checks 
Goodbozz: checks 
kyleallan2000: checks 
*** TURN *** [9d 2d 4h] [Qd]
Jayd709 leaves the table
BlackCat0812: checks 
Dorex2007: checks 
Goodbozz: bets $0.05
kyleallan2000: folds 
BlackCat0812: folds 
Dorex2007: folds 
Uncalled bet ($0.05) returned to Goodbozz
Goodbozz collected $0.19 from pot
Goodbozz: doesn't show hand 
*** SUMMARY ***
Total pot $0.20 | Rake $0.01 
Board [9d 2d 4h Qd]
Seat 1: Goodbozz collected ($0.19)
Seat 2: ponsonby13 folded before Flop (didn't bet)
Seat 3: kyleallan2000 folded on the Turn
Seat 4: geniuss folded before Flop (didn't bet)
Seat 6: Jayd709 folded before Flop (didn't bet)
Seat 7: zanozaN1 (button) folded before Flop (didn't bet)
Seat 8: BlackCat0812 (small blind) folded on the Turn
Seat 9: Dorex2007 (big blind) folded on the Turn



PokerStars Hand #237716908162:  Hold'em No Limit ($0.02/$0.05 USD) - 2022/07/31 22:03:42 PT [2022/08/01 1:03:42 ET]
Table 'Zahringia II' 9-max Seat #8 is the button
Seat 1: Goodbozz ($10.98 in chips) 
Seat 2: ponsonby13 ($3.93 in chips) 
Seat 3: kyleallan2000 ($4.15 in chips) 
Seat 4: geniuss ($6.53 in chips) 
Seat 7: zanozaN1 ($5 in chips) 
Seat 8: BlackCat0812 ($6.27 in chips) 
Seat 9: Dorex2007 ($5.63 in chips) 
Dorex2007: posts small blind $0.02
Goodbozz: posts big blind $0.05
Maria'sDad77: sits out 
*** HOLE CARDS ***
Dealt to Dorex2007 [Ah 9h]
ponsonby13: folds 
kyleallan2000: folds 
geniuss: folds 
zanozaN1: folds 
BlackCat0812: calls $0.05
Dorex2007: folds 
Goodbozz: checks 
*** FLOP *** [As 7d Ks]
Goodbozz: checks 
BlackCat0812: checks 
*** TURN *** [As 7d Ks] [4c]
Goodbozz: checks 
BlackCat0812: checks 
*** RIVER *** [As 7d Ks 4c] [3d]
Goodbozz: bets $0.05
BlackCat0812: folds 
Uncalled bet ($0.05) returned to Goodbozz
Goodbozz collected $0.12 from pot
Goodbozz: doesn't show hand 
*** SUMMARY ***
Total pot $0.12 | Rake $0 
Board [As 7d Ks 4c 3d]
Seat 1: Goodbozz (big blind) collected ($0.12)
Seat 2: ponsonby13 folded before Flop (didn't bet)
Seat 3: kyleallan2000 folded before Flop (didn't bet)
Seat 4: geniuss folded before Flop (didn't bet)
Seat 7: zanozaN1 folded before Flop (didn't bet)
Seat 8: BlackCat0812 (button) folded on the River
Seat 9: Dorex2007 (small blind) folded before Flop



PokerStars Hand #237716916169:  Hold'em No Limit ($0.02/$0.05 USD) - 2022/07/31 22:05:00 PT [2022/08/01 1:05:00 ET]
Table 'Zahringia II' 9-max Seat #9 is the button
Seat 1: Goodbozz ($11.05 in chips) 
Seat 2: ponsonby13 ($3.93 in chips) 
Seat 3: kyleallan2000 ($4.15 in chips) 
Seat 4: geniuss ($6.53 in chips) 
Seat 7: zanozaN1 ($5 in chips) 
Seat 8: BlackCat0812 ($6.22 in chips) 
Seat 9: Dorex2007 ($5.61 in chips) 
Goodbozz: posts small blind $0.02
ponsonby13: posts big blind $0.05
Maria'sDad77: sits out 
*** HOLE CARDS ***
Dealt to Dorex2007 [Ts Tc]
kyleallan2000: folds 
geniuss: folds 
zanozaN1: folds 
BlackCat0812: folds 
Dorex2007: raises $0.15 to $0.20
Goodbozz: folds 
ponsonby13: folds 
Uncalled bet ($0.15) returned to Dorex2007
Dorex2007 collected $0.12 from pot
Dorex2007: doesn't show hand 
*** SUMMARY ***
Total pot $0.12 | Rake $0 
Seat 1: Goodbozz (small blind) folded before Flop
Seat 2: ponsonby13 (big blind) folded before Flop
Seat 3: kyleallan2000 folded before Flop (didn't bet)
Seat 4: geniuss folded before Flop (didn't bet)
Seat 7: zanozaN1 folded before Flop (didn't bet)
Seat 8: BlackCat0812 folded before Flop (didn't bet)
Seat 9: Dorex2007 (button) collected ($0.12)



PokerStars Hand #237716918550:  Hold'em No Limit ($0.02/$0.05 USD) - 2022/07/31 22:05:23 PT [2022/08/01 1:05:23 ET]
Table 'Zahringia II' 9-max Seat #1 is the button
Seat 1: Goodbozz ($11.03 in chips) 
Seat 2: ponsonby13 ($3.88 in chips) 
Seat 3: kyleallan2000 ($4.15 in chips) 
Seat 4: geniuss ($6.53 in chips) 
Seat 7: zanozaN1 ($5 in chips) 
Seat 8: BlackCat0812 ($6.22 in chips) 
Seat 9: Dorex2007 ($5.68 in chips) 
ponsonby13: posts small blind $0.02
kyleallan2000: posts big blind $0.05
Maria'sDad77: sits out 
*** HOLE CARDS ***
Dealt to Dorex2007 [3c Th]
geniuss: folds 
zanozaN1: folds 
BlackCat0812: folds 
Dorex2007: folds 
Goodbozz: folds 
Goodbozz leaves the table
ponsonby13: folds 
Uncalled bet ($0.03) returned to kyleallan2000
kyleallan2000 collected $0.04 from pot
kyleallan2000: doesn't show hand 
*** SUMMARY ***
Total pot $0.04 | Rake $0 
Seat 1: Goodbozz (button) folded before Flop (didn't bet)
Seat 2: ponsonby13 (small blind) folded before Flop
Seat 3: kyleallan2000 (big blind) collected ($0.04)
Seat 4: geniuss folded before Flop (didn't bet)
Seat 7: zanozaN1 folded before Flop (didn't bet)
Seat 8: BlackCat0812 folded before Flop (didn't bet)
Seat 9: Dorex2007 folded before Flop (didn't bet)



PokerStars Hand #237716920428:  Hold'em No Limit ($0.02/$0.05 USD) - 2022/07/31 22:05:41 PT [2022/08/01 1:05:41 ET]
Table 'Zahringia II' 9-max Seat #2 is the button
Seat 2: ponsonby13 ($3.86 in chips) 
Seat 3: kyleallan2000 ($4.17 in chips) 
Seat 4: geniuss ($6.53 in chips) 
Seat 7: zanozaN1 ($5 in chips) 
Seat 8: BlackCat0812 ($6.22 in chips) 
Seat 9: Dorex2007 ($5.68 in chips) 
kyleallan2000: posts small blind $0.02
geniuss: posts big blind $0.05
Maria'sDad77: sits out 
*** HOLE CARDS ***
Dealt to Dorex2007 [Th Tc]
zanozaN1: folds 
BlackCat0812: folds 
Dorex2007: raises $0.10 to $0.15
ponsonby13: calls $0.15
kyleallan2000: folds 
geniuss: folds 
*** FLOP *** [9d 2d Kd]
Dorex2007: checks 
ponsonby13: checks 
*** TURN *** [9d 2d Kd] [Jd]
Dorex2007: checks 
ponsonby13: bets $0.17
Dorex2007: folds 
Uncalled bet ($0.17) returned to ponsonby13
ponsonby13 collected $0.35 from pot
ponsonby13: doesn't show hand 
*** SUMMARY ***
Total pot $0.37 | Rake $0.02 
Board [9d 2d Kd Jd]
Seat 2: ponsonby13 (button) collected ($0.35)
Seat 3: kyleallan2000 (small blind) folded before Flop
Seat 4: geniuss (big blind) folded before Flop
Seat 7: zanozaN1 folded before Flop (didn't bet)
Seat 8: BlackCat0812 folded before Flop (didn't bet)
Seat 9: Dorex2007 folded on the Turn



PokerStars Hand #237716925346:  Hold'em No Limit ($0.02/$0.05 USD) - 2022/07/31 22:06:30 PT [2022/08/01 1:06:30 ET]
Table 'Zahringia II' 9-max Seat #3 is the button
Seat 2: ponsonby13 ($4.06 in chips) 
Seat 3: kyleallan2000 ($4.15 in chips) 
Seat 4: geniuss ($6.48 in chips) 
Seat 5: Maria'sDad77 ($4 in chips) 
Seat 7: zanozaN1 ($5 in chips) 
Seat 8: BlackCat0812 ($6.22 in chips) 
Seat 9: Dorex2007 ($5.53 in chips) 
geniuss: posts small blind $0.02
Maria'sDad77: posts big blind $0.05
*** HOLE CARDS ***
Dealt to Dorex2007 [8d 2h]
zanozaN1: folds 
BlackCat0812: folds 
Dorex2007: folds 
ponsonby13: folds 
kyleallan2000: calls $0.05
geniuss: folds 
Maria'sDad77: checks 
*** FLOP *** [Jh 6d 6c]
Maria'sDad77: checks 
kyleallan2000: bets $0.10
Maria'sDad77: folds 
Uncalled bet ($0.10) returned to kyleallan2000
kyleallan2000 collected $0.12 from pot
kyleallan2000: doesn't show hand 
*** SUMMARY ***
Total pot $0.12 | Rake $0 
Board [Jh 6d 6c]
Seat 2: ponsonby13 folded before Flop (didn't bet)
Seat 3: kyleallan2000 (button) collected ($0.12)
Seat 4: geniuss (small blind) folded before Flop
Seat 5: Maria'sDad77 (big blind) folded on the Flop
Seat 7: zanozaN1 folded before Flop (didn't bet)
Seat 8: BlackCat0812 folded before Flop (didn't bet)
Seat 9: Dorex2007 folded before Flop (didn't bet)



PokerStars Hand #237716933773:  Hold'em No Limit ($0.02/$0.05 USD) - 2022/07/31 22:07:22 PT [2022/08/01 1:07:22 ET]
Table 'Zahringia II' 9-max Seat #4 is the button
Seat 2: ponsonby13 ($4.06 in chips) 
Seat 3: kyleallan2000 ($4.22 in chips) 
Seat 4: geniuss ($6.46 in chips) 
Seat 5: Maria'sDad77 ($4 in chips) 
Seat 7: zanozaN1 ($5 in chips) 
Seat 8: BlackCat0812 ($6.22 in chips) 
Seat 9: Dorex2007 ($5.53 in chips) 
Maria'sDad77: posts small blind $0.02
zanozaN1: posts big blind $0.05
*** HOLE CARDS ***
Dealt to Dorex2007 [4c 2s]
BlackCat0812: folds 
Dorex2007: folds 
ponsonby13: raises $0.05 to $0.10
kyleallan2000: folds 
geniuss: folds 
Maria'sDad77: folds 
zanozaN1: folds 
Uncalled bet ($0.05) returned to ponsonby13
ponsonby13 collected $0.12 from pot
ponsonby13: doesn't show hand 
*** SUMMARY ***
Total pot $0.12 | Rake $0 
Seat 2: ponsonby13 collected ($0.12)
Seat 3: kyleallan2000 folded before Flop (didn't bet)
Seat 4: geniuss (button) folded before Flop (didn't bet)
Seat 5: Maria'sDad77 (small blind) folded before Flop
Seat 7: zanozaN1 (big blind) folded before Flop
Seat 8: BlackCat0812 folded before Flop (didn't bet)
Seat 9: Dorex2007 folded before Flop (didn't bet)



PokerStars Hand #237716937004:  Hold'em No Limit ($0.02/$0.05 USD) - 2022/07/31 22:07:54 PT [2022/08/01 1:07:54 ET]
Table 'Zahringia II' 9-max Seat #5 is the button
Seat 2: ponsonby13 ($4.13 in chips) 
Seat 3: kyleallan2000 ($4.22 in chips) 
Seat 4: geniuss ($6.46 in chips) 
Seat 5: Maria'sDad77 ($4 in chips) 
Seat 7: zanozaN1 ($5 in chips) 
Seat 8: BlackCat0812 ($6.22 in chips) 
Seat 9: Dorex2007 ($5.53 in chips) 
zanozaN1: posts small blind $0.02
BlackCat0812: posts big blind $0.05
*** HOLE CARDS ***
Dealt to Dorex2007 [Qh 5s]
Dorex2007: folds 
ponsonby13: folds 
kyleallan2000: raises $0.05 to $0.10
geniuss: folds 
Maria'sDad77: folds 
zanozaN1: folds 
BlackCat0812: folds 
Uncalled bet ($0.05) returned to kyleallan2000
kyleallan2000 collected $0.12 from pot
kyleallan2000: doesn't show hand 
*** SUMMARY ***
Total pot $0.12 | Rake $0 
Seat 2: ponsonby13 folded before Flop (didn't bet)
Seat 3: kyleallan2000 collected ($0.12)
Seat 4: geniuss folded before Flop (didn't bet)
Seat 5: Maria'sDad77 (button) folded before Flop (didn't bet)
Seat 7: zanozaN1 (small blind) folded before Flop
Seat 8: BlackCat0812 (big blind) folded before Flop
Seat 9: Dorex2007 folded before Flop (didn't bet)



PokerStars Hand #237716939497:  Hold'em No Limit ($0.02/$0.05 USD) - 2022/07/31 22:08:19 PT [2022/08/01 1:08:19 ET]
Table 'Zahringia II' 9-max Seat #7 is the button
Seat 2: ponsonby13 ($4.13 in chips) 
Seat 3: kyleallan2000 ($4.29 in chips) 
Seat 4: geniuss ($6.46 in chips) 
Seat 5: Maria'sDad77 ($4 in chips) 
Seat 7: zanozaN1 ($5 in chips) 
Seat 8: BlackCat0812 ($6.17 in chips) 
Seat 9: Dorex2007 ($5.53 in chips) 
BlackCat0812: posts small blind $0.02
Dorex2007: posts big blind $0.05
*** HOLE CARDS ***
Dealt to Dorex2007 [Tc 8s]
ponsonby13: folds 
kyleallan2000: folds 
geniuss: folds 
Maria'sDad77: folds 
zanozaN1: raises $0.10 to $0.15
BlackCat0812: folds 
Dorex2007: folds 
Uncalled bet ($0.10) returned to zanozaN1
zanozaN1 collected $0.12 from pot
zanozaN1: doesn't show hand 
gmitoi joins the table at seat #1 
*** SUMMARY ***
Total pot $0.12 | Rake $0 
Seat 2: ponsonby13 folded before Flop (didn't bet)
Seat 3: kyleallan2000 folded before Flop (didn't bet)
Seat 4: geniuss folded before Flop (didn't bet)
Seat 5: Maria'sDad77 folded before Flop (didn't bet)
Seat 7: zanozaN1 (button) collected ($0.12)
Seat 8: BlackCat0812 (small blind) folded before Flop
Seat 9: Dorex2007 (big blind) folded before Flop



PokerStars Hand #237716941603:  Hold'em No Limit ($0.02/$0.05 USD) - 2022/07/31 22:08:40 PT [2022/08/01 1:08:40 ET]
Table 'Zahringia II' 9-max Seat #8 is the button
Seat 1: gmitoi ($5 in chips) 
Seat 2: ponsonby13 ($4.13 in chips) 
Seat 3: kyleallan2000 ($4.29 in chips) 
Seat 4: geniuss ($6.46 in chips) 
Seat 5: Maria'sDad77 ($4 in chips) 
Seat 7: zanozaN1 ($5.07 in chips) 
Seat 8: BlackCat0812 ($6.15 in chips) 
Seat 9: Dorex2007 ($5.48 in chips) 
Dorex2007: posts small blind $0.02
gmitoi is connected 
gmitoi: posts big blind $0.05
*** HOLE CARDS ***
Dealt to Dorex2007 [Qd 8h]
ponsonby13: folds 
kyleallan2000: raises $0.05 to $0.10
geniuss: folds 
Maria'sDad77: folds 
zanozaN1: folds 
BlackCat0812: folds 
Dorex2007: folds 
gmitoi: folds 
Uncalled bet ($0.05) returned to kyleallan2000
kyleallan2000 collected $0.12 from pot
kyleallan2000: doesn't show hand 
*** SUMMARY ***
Total pot $0.12 | Rake $0 
Seat 1: gmitoi (big blind) folded before Flop
Seat 2: ponsonby13 folded before Flop (didn't bet)
Seat 3: kyleallan2000 collected ($0.12)
Seat 4: geniuss folded before Flop (didn't bet)
Seat 5: Maria'sDad77 folded before Flop (didn't bet)
Seat 7: zanozaN1 folded before Flop (didn't bet)
Seat 8: BlackCat0812 (button) folded before Flop (didn't bet)
Seat 9: Dorex2007 (small blind) folded before Flop



PokerStars Hand #237716945493:  Hold'em No Limit ($0.02/$0.05 USD) - 2022/07/31 22:09:19 PT [2022/08/01 1:09:19 ET]
Table 'Zahringia II' 9-max Seat #9 is the button
Seat 1: gmitoi ($5 in chips) 
Seat 2: ponsonby13 ($4.13 in chips) 
Seat 3: kyleallan2000 ($4.36 in chips) 
Seat 4: geniuss ($6.46 in chips) 
Seat 5: Maria'sDad77 ($4 in chips) 
Seat 7: zanozaN1 ($5.07 in chips) 
Seat 8: BlackCat0812 ($6.15 in chips) 
Seat 9: Dorex2007 ($5.46 in chips) 
gmitoi: posts small blind $0.02
ponsonby13: posts big blind $0.05
*** HOLE CARDS ***
Dealt to Dorex2007 [Qs 4h]
kyleallan2000: folds 
geniuss: folds 
BluffOnTable joins the table at seat #6 
Maria'sDad77: raises $0.05 to $0.10
zanozaN1: folds 
BlackCat0812: folds 
Dorex2007: folds 
gmitoi: folds 
ponsonby13: raises $0.15 to $0.25
Maria'sDad77: calls $0.15
*** FLOP *** [5s 5h Th]
ponsonby13: bets $0.30
Maria'sDad77: calls $0.30
*** TURN *** [5s 5h Th] [As]
ponsonby13: checks 
Maria'sDad77: checks 
*** RIVER *** [5s 5h Th As] [3s]
ponsonby13: checks 
Maria'sDad77: bets $0.53
ponsonby13: calls $0.53
*** SHOW DOWN ***
Maria'sDad77: shows [Qh Ah] (two pair, Aces and Fives)
ponsonby13: mucks hand 
Maria'sDad77 collected $2.09 from pot
*** SUMMARY ***
Total pot $2.18 | Rake $0.09 
Board [5s 5h Th As 3s]
Seat 1: gmitoi (small blind) folded before Flop
Seat 2: ponsonby13 (big blind) mucked [8s 8h]
Seat 3: kyleallan2000 folded before Flop (didn't bet)
Seat 4: geniuss folded before Flop (didn't bet)
Seat 5: Maria'sDad77 showed [Qh Ah] and won ($2.09) with two pair, Aces and Fives
Seat 7: zanozaN1 folded before Flop (didn't bet)
Seat 8: BlackCat0812 folded before Flop (didn't bet)
Seat 9: Dorex2007 (button) folded before Flop (didn't bet)



PokerStars Hand #237716953597:  Hold'em No Limit ($0.02/$0.05 USD) - 2022/07/31 22:10:42 PT [2022/08/01 1:10:42 ET]
Table 'Zahringia II' 9-max Seat #1 is the button
Seat 1: gmitoi ($5 in chips) 
Seat 2: ponsonby13 ($3.05 in chips) 
Seat 3: kyleallan2000 ($4.36 in chips) 
Seat 4: geniuss ($6.46 in chips) 
Seat 5: Maria'sDad77 ($5.01 in chips) 
Seat 7: zanozaN1 ($5.07 in chips) 
Seat 8: BlackCat0812 ($6.15 in chips) 
Seat 9: Dorex2007 ($5.46 in chips) 
ponsonby13: posts small blind $0.02
kyleallan2000: posts big blind $0.05
BluffOnTable: sits out 
*** HOLE CARDS ***
Dealt to Dorex2007 [8d 5s]
geniuss: folds 
Maria'sDad77: folds 
zanozaN1: folds 
BlackCat0812: folds 
Dorex2007: folds 
gmitoi: folds 
ponsonby13: folds 
Uncalled bet ($0.03) returned to kyleallan2000
kyleallan2000 collected $0.04 from pot
kyleallan2000: doesn't show hand 
*** SUMMARY ***
Total pot $0.04 | Rake $0 
Seat 1: gmitoi (button) folded before Flop (didn't bet)
Seat 2: ponsonby13 (small blind) folded before Flop
Seat 3: kyleallan2000 (big blind) collected ($0.04)
Seat 4: geniuss folded before Flop (didn't bet)
Seat 5: Maria'sDad77 folded before Flop (didn't bet)
Seat 7: zanozaN1 folded before Flop (didn't bet)
Seat 8: BlackCat0812 folded before Flop (didn't bet)
Seat 9: Dorex2007 folded before Flop (didn't bet)



PokerStars Hand #237716955452:  Hold'em No Limit ($0.02/$0.05 USD) - 2022/07/31 22:11:01 PT [2022/08/01 1:11:01 ET]
Table 'Zahringia II' 9-max Seat #2 is the button
Seat 1: gmitoi ($5 in chips) 
Seat 2: ponsonby13 ($3.03 in chips) 
Seat 3: kyleallan2000 ($4.38 in chips) 
Seat 4: geniuss ($6.46 in chips) 
Seat 5: Maria'sDad77 ($5.01 in chips) 
Seat 7: zanozaN1 ($5.07 in chips) 
Seat 8: BlackCat0812 ($6.15 in chips) 
Seat 9: Dorex2007 ($5.46 in chips) 
kyleallan2000: posts small blind $0.02
geniuss: posts big blind $0.05
BluffOnTable: sits out 
*** HOLE CARDS ***
Dealt to Dorex2007 [Td Qh]
Maria'sDad77: folds 
zanozaN1: folds 
BlackCat0812: calls $0.05
Dorex2007: calls $0.05
gmitoi: folds 
ponsonby13: folds 
kyleallan2000: raises $0.05 to $0.10
geniuss: folds 
BlackCat0812: calls $0.05
Dorex2007: calls $0.05
*** FLOP *** [9h 9c Ac]
kyleallan2000: checks 
BlackCat0812: checks 
Dorex2007: checks 
*** TURN *** [9h 9c Ac] [Js]
kyleallan2000: checks 
Maria'sDad77 leaves the table
BlackCat0812: bets $0.05
Dorex2007: calls $0.05
kyleallan2000: folds 
*** RIVER *** [9h 9c Ac Js] [2s]
BlackCat0812: checks 
Dorex2007: bets $0.29
BlackCat0812: folds 
Uncalled bet ($0.29) returned to Dorex2007
Dorex2007 collected $0.43 from pot
Dorex2007: doesn't show hand 
*** SUMMARY ***
Total pot $0.45 | Rake $0.02 
Board [9h 9c Ac Js 2s]
Seat 1: gmitoi folded before Flop (didn't bet)
Seat 2: ponsonby13 (button) folded before Flop (didn't bet)
Seat 3: kyleallan2000 (small blind) folded on the Turn
Seat 4: geniuss (big blind) folded before Flop
Seat 5: Maria'sDad77 folded before Flop (didn't bet)
Seat 7: zanozaN1 folded before Flop (didn't bet)
Seat 8: BlackCat0812 folded on the River
Seat 9: Dorex2007 collected ($0.43)



PokerStars Hand #237716962856:  Hold'em No Limit ($0.02/$0.05 USD) - 2022/07/31 22:12:16 PT [2022/08/01 1:12:16 ET]
Table 'Zahringia II' 9-max Seat #3 is the button
Seat 1: gmitoi ($5 in chips) 
Seat 2: ponsonby13 ($3.03 in chips) 
Seat 3: kyleallan2000 ($4.28 in chips) 
Seat 4: geniuss ($6.41 in chips) 
Seat 6: BluffOnTable ($5.12 in chips) 
Seat 7: zanozaN1 ($5.07 in chips) 
Seat 8: BlackCat0812 ($6 in chips) 
Seat 9: Dorex2007 ($5.74 in chips) 
geniuss: posts small blind $0.02
BluffOnTable: posts big blind $0.05
*** HOLE CARDS ***
Dealt to Dorex2007 [4h 7s]
zanozaN1: folds 
BlackCat0812: calls $0.05
riskatrcttalent joins the table at seat #5 
Dorex2007: folds 
gmitoi: calls $0.05
ponsonby13: folds 
kyleallan2000: raises $0.10 to $0.15
geniuss: folds 
BluffOnTable: folds 
BlackCat0812: folds 
gmitoi: folds 
Uncalled bet ($0.10) returned to kyleallan2000
kyleallan2000 collected $0.22 from pot
kyleallan2000: doesn't show hand 
*** SUMMARY ***
Total pot $0.22 | Rake $0 
Seat 1: gmitoi folded before Flop
Seat 2: ponsonby13 folded before Flop (didn't bet)
Seat 3: kyleallan2000 (button) collected ($0.22)
Seat 4: geniuss (small blind) folded before Flop
Seat 6: BluffOnTable (big blind) folded before Flop
Seat 7: zanozaN1 folded before Flop (didn't bet)
Seat 8: BlackCat0812 folded before Flop
Seat 9: Dorex2007 folded before Flop (didn't bet)



PokerStars Hand #237716966645:  Hold'em No Limit ($0.02/$0.05 USD) - 2022/07/31 22:12:55 PT [2022/08/01 1:12:55 ET]
Table 'Zahringia II' 9-max Seat #4 is the button
Seat 1: gmitoi ($5 in chips) 
Seat 2: ponsonby13 ($3.03 in chips) 
Seat 3: kyleallan2000 ($4.45 in chips) 
Seat 4: geniuss ($6.39 in chips) 
Seat 6: BluffOnTable ($5.07 in chips) 
Seat 7: zanozaN1 ($5.07 in chips) 
Seat 8: BlackCat0812 ($5.95 in chips) 
Seat 9: Dorex2007 ($5.74 in chips) 
BluffOnTable: posts small blind $0.02
zanozaN1: posts big blind $0.05
*** HOLE CARDS ***
Dealt to Dorex2007 [Qc Ks]
BlackCat0812: calls $0.05
Dorex2007: raises $0.05 to $0.10
gmitoi: folds 
ponsonby13: calls $0.10
kyleallan2000: raises $0.15 to $0.25
geniuss: calls $0.25
BluffOnTable: calls $0.23
zanozaN1: folds 
BlackCat0812: calls $0.20
Dorex2007: calls $0.15
ponsonby13: calls $0.15
*** FLOP *** [Ts 9c 7c]
BluffOnTable: checks 
BlackCat0812: checks 
Dorex2007: checks 
ponsonby13: bets $0.65
kyleallan2000: folds 
geniuss: calls $0.65
BluffOnTable: folds 
BlackCat0812: folds 
Dorex2007: folds 
*** TURN *** [Ts 9c 7c] [4d]
ponsonby13: bets $1.46
geniuss: raises $1.46 to $2.92
ponsonby13: calls $0.67 and is all-in
Uncalled bet ($0.79) returned to geniuss
*** RIVER *** [Ts 9c 7c 4d] [2d]
*** SHOW DOWN ***
ponsonby13: shows [Js 8s] (a straight, Seven to Jack)
geniuss: shows [Tc Th] (three of a kind, Tens)
ponsonby13 collected $6.81 from pot
*** SUMMARY ***
Total pot $7.11 | Rake $0.30 
Board [Ts 9c 7c 4d 2d]
Seat 1: gmitoi folded before Flop (didn't bet)
Seat 2: ponsonby13 showed [Js 8s] and won ($6.81) with a straight, Seven to Jack
Seat 3: kyleallan2000 folded on the Flop
Seat 4: geniuss (button) showed [Tc Th] and lost with three of a kind, Tens
Seat 6: BluffOnTable (small blind) folded on the Flop
Seat 7: zanozaN1 (big blind) folded before Flop
Seat 8: BlackCat0812 folded on the Flop
Seat 9: Dorex2007 folded on the Flop



PokerStars Hand #237716975262:  Hold'em No Limit ($0.02/$0.05 USD) - 2022/07/31 22:14:22 PT [2022/08/01 1:14:22 ET]
Table 'Zahringia II' 9-max Seat #6 is the button
Seat 1: gmitoi ($5 in chips) 
Seat 2: ponsonby13 ($6.81 in chips) 
Seat 3: kyleallan2000 ($4.20 in chips) 
Seat 4: geniuss ($5 in chips) 
Seat 5: riskatrcttalent ($2 in chips) 
Seat 6: BluffOnTable ($5 in chips) 
Seat 7: zanozaN1 ($5.02 in chips) 
Seat 8: BlackCat0812 ($5.70 in chips) 
Seat 9: Dorex2007 ($5.49 in chips) 
zanozaN1: posts small blind $0.02
BlackCat0812: posts big blind $0.05
riskatrcttalent: posts big blind $0.05
*** HOLE CARDS ***
Dealt to Dorex2007 [3s 6c]
Dorex2007: folds 
gmitoi: raises $0.10 to $0.15
ponsonby13: folds 
kyleallan2000: folds 
geniuss: folds 
riskatrcttalent: folds 
BluffOnTable: calls $0.15
zanozaN1: folds 
BlackCat0812: calls $0.10
*** FLOP *** [8h 9h 3c]
BlackCat0812: checks 
gmitoi: checks 
BluffOnTable: checks 
*** TURN *** [8h 9h 3c] [2d]
BlackCat0812: bets $0.15
gmitoi: folds 
BluffOnTable: folds 
Uncalled bet ($0.15) returned to BlackCat0812
BlackCat0812 collected $0.50 from pot
BlackCat0812: doesn't show hand 
*** SUMMARY ***
Total pot $0.52 | Rake $0.02 
Board [8h 9h 3c 2d]
Seat 1: gmitoi folded on the Turn
Seat 2: ponsonby13 folded before Flop (didn't bet)
Seat 3: kyleallan2000 folded before Flop (didn't bet)
Seat 4: geniuss folded before Flop (didn't bet)
Seat 5: riskatrcttalent folded before Flop (didn't bet)
Seat 6: BluffOnTable (button) folded on the Turn
Seat 7: zanozaN1 (small blind) folded before Flop
Seat 8: BlackCat0812 (big blind) collected ($0.50)
Seat 9: Dorex2007 folded before Flop (didn't bet)



PokerStars Hand #237716982234:  Hold'em No Limit ($0.02/$0.05 USD) - 2022/07/31 22:15:33 PT [2022/08/01 1:15:33 ET]
Table 'Zahringia II' 9-max Seat #7 is the button
Seat 1: gmitoi ($5 in chips) 
Seat 2: ponsonby13 ($6.81 in chips) 
Seat 3: kyleallan2000 ($4.20 in chips) 
Seat 4: geniuss ($5 in chips) 
Seat 5: riskatrcttalent ($1.95 in chips) 
Seat 6: BluffOnTable ($5 in chips) 
Seat 7: zanozaN1 ($5 in chips) 
Seat 8: BlackCat0812 ($6.05 in chips) 
Seat 9: Dorex2007 ($5.49 in chips) 
BlackCat0812: posts small blind $0.02
Dorex2007: posts big blind $0.05
*** HOLE CARDS ***
Dealt to Dorex2007 [9s 5s]
gmitoi: folds 
ponsonby13: folds 
kyleallan2000: calls $0.05
geniuss: folds 
riskatrcttalent: folds 
BluffOnTable: folds 
zanozaN1: folds 
BlackCat0812: raises $0.10 to $0.15
Dorex2007: folds 
kyleallan2000: calls $0.10
*** FLOP *** [7c 8h Jh]
BlackCat0812: bets $0.15
kyleallan2000: folds 
Uncalled bet ($0.15) returned to BlackCat0812
BlackCat0812 collected $0.34 from pot
BlackCat0812: doesn't show hand 
*** SUMMARY ***
Total pot $0.35 | Rake $0.01 
Board [7c 8h Jh]
Seat 1: gmitoi folded before Flop (didn't bet)
Seat 2: ponsonby13 folded before Flop (didn't bet)
Seat 3: kyleallan2000 folded on the Flop
Seat 4: geniuss folded before Flop (didn't bet)
Seat 5: riskatrcttalent folded before Flop (didn't bet)
Seat 6: BluffOnTable folded before Flop (didn't bet)
Seat 7: zanozaN1 (button) folded before Flop (didn't bet)
Seat 8: BlackCat0812 (small blind) collected ($0.34)
Seat 9: Dorex2007 (big blind) folded before Flop



PokerStars Hand #237716987904:  Hold'em No Limit ($0.02/$0.05 USD) - 2022/07/31 22:16:30 PT [2022/08/01 1:16:30 ET]
Table 'Zahringia II' 9-max Seat #8 is the button
Seat 1: gmitoi ($5 in chips) 
Seat 2: ponsonby13 ($6.81 in chips) 
Seat 3: kyleallan2000 ($4.05 in chips) 
Seat 4: geniuss ($5 in chips) 
Seat 5: riskatrcttalent ($1.95 in chips) 
Seat 6: BluffOnTable ($5 in chips) 
Seat 7: zanozaN1 ($5 in chips) 
Seat 8: BlackCat0812 ($6.24 in chips) 
Seat 9: Dorex2007 ($5.44 in chips) 
Dorex2007: posts small blind $0.02
gmitoi: posts big blind $0.05
*** HOLE CARDS ***
Dealt to Dorex2007 [2c 8d]
ponsonby13: raises $0.05 to $0.10
kyleallan2000: calls $0.10
geniuss: folds 
riskatrcttalent: calls $0.10
BluffOnTable: folds 
zanozaN1: calls $0.10
BlackCat0812: folds 
Dorex2007: folds 
gmitoi: calls $0.05
*** FLOP *** [Qh Qc Ad]
gmitoi: checks 
ponsonby13: checks 
kyleallan2000: bets $0.20
riskatrcttalent: calls $0.20
zanozaN1: folds 
gmitoi: folds 
ponsonby13: calls $0.20
*** TURN *** [Qh Qc Ad] [Ah]
ponsonby13: checks 
kyleallan2000: bets $1.07
riskatrcttalent: folds 
ponsonby13: folds 
Uncalled bet ($1.07) returned to kyleallan2000
kyleallan2000 collected $1.07 from pot
kyleallan2000: doesn't show hand 
*** SUMMARY ***
Total pot $1.12 | Rake $0.05 
Board [Qh Qc Ad Ah]
Seat 1: gmitoi (big blind) folded on the Flop
Seat 2: ponsonby13 folded on the Turn
Seat 3: kyleallan2000 collected ($1.07)
Seat 4: geniuss folded before Flop (didn't bet)
Seat 5: riskatrcttalent folded on the Turn
Seat 6: BluffOnTable folded before Flop (didn't bet)
Seat 7: zanozaN1 folded on the Flop
Seat 8: BlackCat0812 (button) folded before Flop (didn't bet)
Seat 9: Dorex2007 (small blind) folded before Flop



PokerStars Hand #237716995214:  Hold'em No Limit ($0.02/$0.05 USD) - 2022/07/31 22:17:44 PT [2022/08/01 1:17:44 ET]
Table 'Zahringia II' 9-max Seat #9 is the button
Seat 1: gmitoi ($5 in chips) 
Seat 2: ponsonby13 ($6.51 in chips) 
Seat 3: kyleallan2000 ($4.82 in chips) 
Seat 4: geniuss ($5 in chips) 
Seat 5: riskatrcttalent ($1.65 in chips) 
Seat 6: BluffOnTable ($5 in chips) 
Seat 7: zanozaN1 ($5 in chips) 
Seat 8: BlackCat0812 ($6.24 in chips) 
Seat 9: Dorex2007 ($5.42 in chips) 
gmitoi: posts small blind $0.02
ponsonby13: posts big blind $0.05
*** HOLE CARDS ***
Dealt to Dorex2007 [8c Qh]
kyleallan2000: folds 
geniuss: folds 
riskatrcttalent: folds 
BluffOnTable: folds 
zanozaN1: folds 
BlackCat0812: folds 
Dorex2007: folds 
gmitoi: folds 
Uncalled bet ($0.03) returned to ponsonby13
ponsonby13 collected $0.04 from pot
ponsonby13: doesn't show hand 
*** SUMMARY ***
Total pot $0.04 | Rake $0 
Seat 1: gmitoi (small blind) folded before Flop
Seat 2: ponsonby13 (big blind) collected ($0.04)
Seat 3: kyleallan2000 folded before Flop (didn't bet)
Seat 4: geniuss folded before Flop (didn't bet)
Seat 5: riskatrcttalent folded before Flop (didn't bet)
Seat 6: BluffOnTable folded before Flop (didn't bet)
Seat 7: zanozaN1 folded before Flop (didn't bet)
Seat 8: BlackCat0812 folded before Flop (didn't bet)
Seat 9: Dorex2007 (button) folded before Flop (didn't bet)



PokerStars Hand #237716996545:  Hold'em No Limit ($0.02/$0.05 USD) - 2022/07/31 22:17:57 PT [2022/08/01 1:17:57 ET]
Table 'Zahringia II' 9-max Seat #1 is the button
Seat 1: gmitoi ($5 in chips) 
Seat 2: ponsonby13 ($6.53 in chips) 
Seat 3: kyleallan2000 ($4.82 in chips) 
Seat 4: geniuss ($5 in chips) 
Seat 5: riskatrcttalent ($1.65 in chips) 
Seat 6: BluffOnTable ($5 in chips) 
Seat 7: zanozaN1 ($5 in chips) 
Seat 8: BlackCat0812 ($6.24 in chips) 
Seat 9: Dorex2007 ($5.42 in chips) 
ponsonby13: posts small blind $0.02
kyleallan2000: posts big blind $0.05
*** HOLE CARDS ***
Dealt to Dorex2007 [Jh 4h]
geniuss: folds 
riskatrcttalent: calls $0.05
BluffOnTable: folds 
zanozaN1: folds 
BlackCat0812: folds 
Dorex2007: folds 
gmitoi: calls $0.05
ponsonby13: folds 
kyleallan2000: raises $0.10 to $0.15
riskatrcttalent: calls $0.10
gmitoi: calls $0.10
*** FLOP *** [Qd 3s 4d]
kyleallan2000: bets $0.45
riskatrcttalent: calls $0.45
gmitoi: folds 
*** TURN *** [Qd 3s 4d] [3d]
kyleallan2000: checks 
riskatrcttalent: bets $0.65
kyleallan2000: calls $0.65
*** RIVER *** [Qd 3s 4d 3d] [2d]
kyleallan2000: checks 
riskatrcttalent: checks 
*** SHOW DOWN ***
kyleallan2000: shows [4s Qs] (two pair, Queens and Fours)
riskatrcttalent: mucks hand 
kyleallan2000 collected $2.56 from pot
*** SUMMARY ***
Total pot $2.67 | Rake $0.11 
Board [Qd 3s 4d 3d 2d]
Seat 1: gmitoi (button) folded on the Flop
Seat 2: ponsonby13 (small blind) folded before Flop
Seat 3: kyleallan2000 (big blind) showed [4s Qs] and won ($2.56) with two pair, Queens and Fours
Seat 4: geniuss folded before Flop (didn't bet)
Seat 5: riskatrcttalent mucked [Tc Qc]
Seat 6: BluffOnTable folded before Flop (didn't bet)
Seat 7: zanozaN1 folded before Flop (didn't bet)
Seat 8: BlackCat0812 folded before Flop (didn't bet)
Seat 9: Dorex2007 folded before Flop (didn't bet)



PokerStars Hand #237717004151:  Hold'em No Limit ($0.02/$0.05 USD) - 2022/07/31 22:19:12 PT [2022/08/01 1:19:12 ET]
Table 'Zahringia II' 9-max Seat #2 is the button
Seat 1: gmitoi ($5 in chips) 
Seat 2: ponsonby13 ($6.51 in chips) 
Seat 3: kyleallan2000 ($6.13 in chips) 
Seat 4: geniuss ($5 in chips) 
Seat 5: riskatrcttalent ($0.40 in chips) 
Seat 6: BluffOnTable ($5 in chips) 
Seat 7: zanozaN1 ($5 in chips) 
Seat 8: BlackCat0812 ($6.24 in chips) 
Seat 9: Dorex2007 ($5.42 in chips) 
kyleallan2000: posts small blind $0.02
geniuss: posts big blind $0.05
*** HOLE CARDS ***
Dealt to Dorex2007 [Ts 8h]
riskatrcttalent: calls $0.05
BluffOnTable: folds 
zanozaN1: folds 
BlackCat0812: folds 
Dorex2007: folds 
gmitoi: folds 
ponsonby13: folds 
kyleallan2000: calls $0.03
geniuss: checks 
*** FLOP *** [3d 2c 5d]
kyleallan2000: checks 
geniuss: checks 
riskatrcttalent: checks 
*** TURN *** [3d 2c 5d] [4s]
kyleallan2000: checks 
geniuss: checks 
riskatrcttalent: checks 
*** RIVER *** [3d 2c 5d 4s] [4c]
kyleallan2000: checks 
geniuss: checks 
riskatrcttalent: checks 
*** SHOW DOWN ***
kyleallan2000: shows [8s Qd] (a pair of Fours)
geniuss: shows [Th 3c] (two pair, Fours and Threes)
riskatrcttalent: mucks hand 
geniuss collected $0.14 from pot
*** SUMMARY ***
Total pot $0.15 | Rake $0.01 
Board [3d 2c 5d 4s 4c]
Seat 1: gmitoi folded before Flop (didn't bet)
Seat 2: ponsonby13 (button) folded before Flop (didn't bet)
Seat 3: kyleallan2000 (small blind) showed [8s Qd] and lost with a pair of Fours
Seat 4: geniuss (big blind) showed [Th 3c] and won ($0.14) with two pair, Fours and Threes
Seat 5: riskatrcttalent mucked [8d Qc]
Seat 6: BluffOnTable folded before Flop (didn't bet)
Seat 7: zanozaN1 folded before Flop (didn't bet)
Seat 8: BlackCat0812 folded before Flop (didn't bet)
Seat 9: Dorex2007 folded before Flop (didn't bet)



PokerStars Hand #237717008933:  Hold'em No Limit ($0.02/$0.05 USD) - 2022/07/31 22:20:01 PT [2022/08/01 1:20:01 ET]
Table 'Zahringia II' 9-max Seat #3 is the button
Seat 1: gmitoi ($5 in chips) 
Seat 2: ponsonby13 ($6.51 in chips) 
Seat 3: kyleallan2000 ($6.08 in chips) 
Seat 4: geniuss ($5.09 in chips) 
Seat 5: riskatrcttalent ($0.35 in chips) 
Seat 6: BluffOnTable ($5 in chips) 
Seat 7: zanozaN1 ($5 in chips) 
Seat 8: BlackCat0812 ($6.24 in chips) 
Seat 9: Dorex2007 ($5.42 in chips) 
geniuss: posts small blind $0.02
riskatrcttalent: posts big blind $0.05
*** HOLE CARDS ***
Dealt to Dorex2007 [2c 4d]
BluffOnTable: folds 
zanozaN1: calls $0.05
BlackCat0812: folds 
Dorex2007: folds 
gmitoi: folds 
ponsonby13: raises $0.10 to $0.15
kyleallan2000: folds 
geniuss: folds 
riskatrcttalent: folds 
zanozaN1: calls $0.10
*** FLOP *** [3s Js Qd]
zanozaN1: checks 
ponsonby13: bets $0.25
zanozaN1: folds 
Uncalled bet ($0.25) returned to ponsonby13
ponsonby13 collected $0.35 from pot
ponsonby13: doesn't show hand 
*** SUMMARY ***
Total pot $0.37 | Rake $0.02 
Board [3s Js Qd]
Seat 1: gmitoi folded before Flop (didn't bet)
Seat 2: ponsonby13 collected ($0.35)
Seat 3: kyleallan2000 (button) folded before Flop (didn't bet)
Seat 4: geniuss (small blind) folded before Flop
Seat 5: riskatrcttalent (big blind) folded before Flop
Seat 6: BluffOnTable folded before Flop (didn't bet)
Seat 7: zanozaN1 folded on the Flop
Seat 8: BlackCat0812 folded before Flop (didn't bet)
Seat 9: Dorex2007 folded before Flop (didn't bet)



PokerStars Hand #237717013732:  Hold'em No Limit ($0.02/$0.05 USD) - 2022/07/31 22:20:49 PT [2022/08/01 1:20:49 ET]
Table 'Zahringia II' 9-max Seat #4 is the button
Seat 1: gmitoi ($5 in chips) 
Seat 2: ponsonby13 ($6.71 in chips) 
Seat 3: kyleallan2000 ($6.08 in chips) 
Seat 4: geniuss ($5.07 in chips) 
Seat 5: riskatrcttalent ($0.30 in chips) 
Seat 6: BluffOnTable ($5 in chips) 
Seat 7: zanozaN1 ($5 in chips) 
Seat 8: BlackCat0812 ($6.24 in chips) 
Seat 9: Dorex2007 ($5.42 in chips) 
riskatrcttalent: posts small blind $0.02
BluffOnTable: posts big blind $0.05
*** HOLE CARDS ***
Dealt to Dorex2007 [Td 4h]
zanozaN1: raises $0.10 to $0.15
BlackCat0812: folds 
Dorex2007: folds 
gmitoi: folds 
ponsonby13: folds 
kyleallan2000: calls $0.15
geniuss: calls $0.15
riskatrcttalent: folds 
BluffOnTable: folds 
*** FLOP *** [3h 7h 2s]
zanozaN1: checks 
kyleallan2000: checks 
geniuss: checks 
*** TURN *** [3h 7h 2s] [2h]
zanozaN1: checks 
kyleallan2000: bets $0.25
geniuss: folds 
zanozaN1: folds 
Uncalled bet ($0.25) returned to kyleallan2000
kyleallan2000 collected $0.50 from pot
kyleallan2000: doesn't show hand 
*** SUMMARY ***
Total pot $0.52 | Rake $0.02 
Board [3h 7h 2s 2h]
Seat 1: gmitoi folded before Flop (didn't bet)
Seat 2: ponsonby13 folded before Flop (didn't bet)
Seat 3: kyleallan2000 collected ($0.50)
Seat 4: geniuss (button) folded on the Turn
Seat 5: riskatrcttalent (small blind) folded before Flop
Seat 6: BluffOnTable (big blind) folded before Flop
Seat 7: zanozaN1 folded on the Turn
Seat 8: BlackCat0812 folded before Flop (didn't bet)
Seat 9: Dorex2007 folded before Flop (didn't bet)



PokerStars Hand #237717020012:  Hold'em No Limit ($0.02/$0.05 USD) - 2022/07/31 22:21:52 PT [2022/08/01 1:21:52 ET]
Table 'Zahringia II' 9-max Seat #5 is the button
Seat 1: gmitoi ($5 in chips) 
Seat 2: ponsonby13 ($6.71 in chips) 
Seat 3: kyleallan2000 ($6.43 in chips) 
Seat 4: geniuss ($5 in chips) 
Seat 5: riskatrcttalent ($0.28 in chips) 
Seat 6: BluffOnTable ($5 in chips) 
Seat 7: zanozaN1 ($5 in chips) 
Seat 8: BlackCat0812 ($6.24 in chips) 
Seat 9: Dorex2007 ($5.42 in chips) 
BluffOnTable: posts small blind $0.02
zanozaN1: posts big blind $0.05
*** HOLE CARDS ***
Dealt to Dorex2007 [2c Ad]
BlackCat0812: calls $0.05
Dorex2007: folds 
gmitoi: folds 
ponsonby13: folds 
kyleallan2000: raises $0.05 to $0.10
geniuss: calls $0.10
riskatrcttalent: calls $0.10
BluffOnTable: folds 
zanozaN1: calls $0.05
BlackCat0812: calls $0.05
*** FLOP *** [9c 4s 3d]
zanozaN1: checks 
BlackCat0812: checks 
kyleallan2000: bets $0.20
geniuss: calls $0.20
riskatrcttalent: calls $0.18 and is all-in
zanozaN1: folds 
BlackCat0812: folds 
*** TURN *** [9c 4s 3d] [Kc]
kyleallan2000: checks 
geniuss: bets $0.05
kyleallan2000: calls $0.05
*** RIVER *** [9c 4s 3d Kc] [7c]
kyleallan2000: checks 
geniuss: bets $0.99
kyleallan2000: folds 
Uncalled bet ($0.99) returned to geniuss
*** SHOW DOWN ***
geniuss: shows [9h 9s] (three of a kind, Nines)
geniuss collected $0.13 from side pot
riskatrcttalent: shows [Ks 8c] (a pair of Kings)
geniuss collected $1.02 from main pot
*** SUMMARY ***
Total pot $1.20 Main pot $1.02. Side pot $0.13. | Rake $0.05 
Board [9c 4s 3d Kc 7c]
Seat 1: gmitoi folded before Flop (didn't bet)
Seat 2: ponsonby13 folded before Flop (didn't bet)
Seat 3: kyleallan2000 folded on the River
Seat 4: geniuss showed [9h 9s] and won ($1.15) with three of a kind, Nines
Seat 5: riskatrcttalent (button) showed [Ks 8c] and lost with a pair of Kings
Seat 6: BluffOnTable (small blind) folded before Flop
Seat 7: zanozaN1 (big blind) folded on the Flop
Seat 8: BlackCat0812 folded on the Flop
Seat 9: Dorex2007 folded before Flop (didn't bet)



PokerStars Hand #237717033913:  Hold'em No Limit ($0.02/$0.05 USD) - 2022/07/31 22:23:27 PT [2022/08/01 1:23:27 ET]
Table 'Zahringia II' 9-max Seat #6 is the button
Seat 1: gmitoi ($5 in chips) 
Seat 2: ponsonby13 ($6.71 in chips) 
Seat 3: kyleallan2000 ($6.08 in chips) 
Seat 4: geniuss ($5.80 in chips) 
Seat 6: BluffOnTable ($5 in chips) 
Seat 7: zanozaN1 ($5 in chips) 
Seat 8: BlackCat0812 ($6.14 in chips) 
Seat 9: Dorex2007 ($5.42 in chips) 
zanozaN1: posts small blind $0.02
BlackCat0812: posts big blind $0.05
*** HOLE CARDS ***
Dealt to Dorex2007 [Kc Ad]
Dorex2007: raises $0.05 to $0.10
gmitoi: folds 
ponsonby13: folds 
kyleallan2000: calls $0.10
geniuss: folds 
BluffOnTable: folds 
zanozaN1: folds 
BlackCat0812: folds 
*** FLOP *** [3c Tc 5d]
Dorex2007: bets $0.13
kyleallan2000: folds 
Uncalled bet ($0.13) returned to Dorex2007
Dorex2007 collected $0.26 from pot
Dorex2007: doesn't show hand 
*** SUMMARY ***
Total pot $0.27 | Rake $0.01 
Board [3c Tc 5d]
Seat 1: gmitoi folded before Flop (didn't bet)
Seat 2: ponsonby13 folded before Flop (didn't bet)
Seat 3: kyleallan2000 folded on the Flop
Seat 4: geniuss folded before Flop (didn't bet)
Seat 6: BluffOnTable (button) folded before Flop (didn't bet)
Seat 7: zanozaN1 (small blind) folded before Flop
Seat 8: BlackCat0812 (big blind) folded before Flop
Seat 9: Dorex2007 collected ($0.26)



PokerStars Hand #237717038555:  Hold'em No Limit ($0.02/$0.05 USD) - 2022/07/31 22:24:12 PT [2022/08/01 1:24:12 ET]
Table 'Zahringia II' 9-max Seat #7 is the button
Seat 1: gmitoi ($5 in chips) 
Seat 2: ponsonby13 ($6.71 in chips) 
Seat 3: kyleallan2000 ($5.98 in chips) 
Seat 4: geniuss ($5.80 in chips) 
Seat 5: riskatrcttalent ($2 in chips) 
Seat 6: BluffOnTable ($5 in chips) 
Seat 7: zanozaN1 ($5 in chips) 
Seat 8: BlackCat0812 ($6.09 in chips) 
Seat 9: Dorex2007 ($5.58 in chips) 
BlackCat0812: posts small blind $0.02
Dorex2007: posts big blind $0.05
*** HOLE CARDS ***
Dealt to Dorex2007 [6s Js]
gmitoi: folds 
ponsonby13: folds 
kyleallan2000: folds 
geniuss: folds 
riskatrcttalent: folds 
BluffOnTable: folds 
zanozaN1: raises $0.10 to $0.15
BlackCat0812: calls $0.13
Dorex2007: folds 
*** FLOP *** [Qc Jh Qd]
BlackCat0812: checks 
zanozaN1: bets $0.10
BlackCat0812: folds 
Uncalled bet ($0.10) returned to zanozaN1
zanozaN1 collected $0.34 from pot
zanozaN1: doesn't show hand 
*** SUMMARY ***
Total pot $0.35 | Rake $0.01 
Board [Qc Jh Qd]
Seat 1: gmitoi folded before Flop (didn't bet)
Seat 2: ponsonby13 folded before Flop (didn't bet)
Seat 3: kyleallan2000 folded before Flop (didn't bet)
Seat 4: geniuss folded before Flop (didn't bet)
Seat 5: riskatrcttalent folded before Flop (didn't bet)
Seat 6: BluffOnTable folded before Flop (didn't bet)
Seat 7: zanozaN1 (button) collected ($0.34)
Seat 8: BlackCat0812 (small blind) folded on the Flop
Seat 9: Dorex2007 (big blind) folded before Flop



PokerStars Hand #237717042867:  Hold'em No Limit ($0.02/$0.05 USD) - 2022/07/31 22:24:55 PT [2022/08/01 1:24:55 ET]
Table 'Zahringia II' 9-max Seat #8 is the button
Seat 1: gmitoi ($5 in chips) 
Seat 2: ponsonby13 ($6.71 in chips) 
Seat 3: kyleallan2000 ($5.98 in chips) 
Seat 4: geniuss ($5.80 in chips) 
Seat 5: riskatrcttalent ($2 in chips) 
Seat 6: BluffOnTable ($5 in chips) 
Seat 7: zanozaN1 ($5.19 in chips) 
Seat 8: BlackCat0812 ($5.94 in chips) 
Seat 9: Dorex2007 ($5.53 in chips) 
Dorex2007: posts small blind $0.02
gmitoi: posts big blind $0.05
*** HOLE CARDS ***
Dealt to Dorex2007 [Qd 9c]
ponsonby13: folds 
kyleallan2000: folds 
geniuss: folds 
riskatrcttalent: calls $0.05
BluffOnTable: folds 
zanozaN1: folds 
BlackCat0812: folds 
Dorex2007: folds 
gmitoi: checks 
*** FLOP *** [7d Kc 2s]
gmitoi: checks 
riskatrcttalent: bets $0.15
gmitoi: folds 
Uncalled bet ($0.15) returned to riskatrcttalent
riskatrcttalent collected $0.12 from pot
*** SUMMARY ***
Total pot $0.12 | Rake $0 
Board [7d Kc 2s]
Seat 1: gmitoi (big blind) folded on the Flop
Seat 2: ponsonby13 folded before Flop (didn't bet)
Seat 3: kyleallan2000 folded before Flop (didn't bet)
Seat 4: geniuss folded before Flop (didn't bet)
Seat 5: riskatrcttalent collected ($0.12)
Seat 6: BluffOnTable folded before Flop (didn't bet)
Seat 7: zanozaN1 folded before Flop (didn't bet)
Seat 8: BlackCat0812 (button) folded before Flop (didn't bet)
Seat 9: Dorex2007 (small blind) folded before Flop



PokerStars Hand #237717047369:  Hold'em No Limit ($0.02/$0.05 USD) - 2022/07/31 22:25:40 PT [2022/08/01 1:25:40 ET]
Table 'Zahringia II' 9-max Seat #9 is the button
Seat 1: gmitoi ($5 in chips) 
Seat 2: ponsonby13 ($6.71 in chips) 
Seat 3: kyleallan2000 ($5.98 in chips) 
Seat 4: geniuss ($5.80 in chips) 
Seat 5: riskatrcttalent ($2.07 in chips) 
Seat 6: BluffOnTable ($5 in chips) 
Seat 7: zanozaN1 ($5.19 in chips) 
Seat 8: BlackCat0812 ($5.94 in chips) 
Seat 9: Dorex2007 ($5.51 in chips) 
gmitoi: posts small blind $0.02
ponsonby13: posts big blind $0.05
*** HOLE CARDS ***
Dealt to Dorex2007 [Kh 5h]
kyleallan2000: folds 
geniuss: folds 
riskatrcttalent: folds 
BluffOnTable: folds 
zanozaN1: folds 
BlackCat0812: calls $0.05
Dorex2007: folds 
gmitoi: raises $0.20 to $0.25
ponsonby13: folds 
BlackCat0812: folds 
Uncalled bet ($0.20) returned to gmitoi
gmitoi collected $0.15 from pot
gmitoi: doesn't show hand 
*** SUMMARY ***
Total pot $0.15 | Rake $0 
Seat 1: gmitoi (small blind) collected ($0.15)
Seat 2: ponsonby13 (big blind) folded before Flop
Seat 3: kyleallan2000 folded before Flop (didn't bet)
Seat 4: geniuss folded before Flop (didn't bet)
Seat 5: riskatrcttalent folded before Flop (didn't bet)
Seat 6: BluffOnTable folded before Flop (didn't bet)
Seat 7: zanozaN1 folded before Flop (didn't bet)
Seat 8: BlackCat0812 folded before Flop
Seat 9: Dorex2007 (button) folded before Flop (didn't bet)



PokerStars Hand #237717049916:  Hold'em No Limit ($0.02/$0.05 USD) - 2022/07/31 22:26:05 PT [2022/08/01 1:26:05 ET]
Table 'Zahringia II' 9-max Seat #1 is the button
Seat 1: gmitoi ($5.10 in chips) 
Seat 2: ponsonby13 ($6.66 in chips) 
Seat 3: kyleallan2000 ($5.98 in chips) 
Seat 4: geniuss ($5.80 in chips) 
Seat 5: riskatrcttalent ($2.07 in chips) 
Seat 6: BluffOnTable ($5 in chips) 
Seat 7: zanozaN1 ($5.19 in chips) 
Seat 8: BlackCat0812 ($5.89 in chips) 
Seat 9: Dorex2007 ($5.51 in chips) 
ponsonby13: posts small blind $0.02
kyleallan2000: posts big blind $0.05
*** HOLE CARDS ***
Dealt to Dorex2007 [8s 3s]
geniuss: folds 
riskatrcttalent: calls $0.05
BluffOnTable: folds 
zanozaN1: folds 
BlackCat0812: calls $0.05
Dorex2007: folds 
gmitoi: calls $0.05
ponsonby13: calls $0.03
kyleallan2000: raises $0.30 to $0.35
riskatrcttalent: folds 
BlackCat0812: folds 
gmitoi: folds 
ponsonby13: folds 
Uncalled bet ($0.30) returned to kyleallan2000
kyleallan2000 collected $0.25 from pot
kyleallan2000: doesn't show hand 
*** SUMMARY ***
Total pot $0.25 | Rake $0 
Seat 1: gmitoi (button) folded before Flop
Seat 2: ponsonby13 (small blind) folded before Flop
Seat 3: kyleallan2000 (big blind) collected ($0.25)
Seat 4: geniuss folded before Flop (didn't bet)
Seat 5: riskatrcttalent folded before Flop
Seat 6: BluffOnTable folded before Flop (didn't bet)
Seat 7: zanozaN1 folded before Flop (didn't bet)
Seat 8: BlackCat0812 folded before Flop
Seat 9: Dorex2007 folded before Flop (didn't bet)



PokerStars Hand #237717056190:  Hold'em No Limit ($0.02/$0.05 USD) - 2022/07/31 22:27:09 PT [2022/08/01 1:27:09 ET]
Table 'Zahringia II' 9-max Seat #2 is the button
Seat 1: gmitoi ($5.05 in chips) 
Seat 2: ponsonby13 ($6.61 in chips) 
Seat 3: kyleallan2000 ($6.18 in chips) 
Seat 4: geniuss ($5.80 in chips) 
Seat 5: riskatrcttalent ($2.02 in chips) 
Seat 6: BluffOnTable ($5 in chips) 
Seat 7: zanozaN1 ($5.19 in chips) 
Seat 8: BlackCat0812 ($5.84 in chips) 
Seat 9: Dorex2007 ($5.51 in chips) 
kyleallan2000: posts small blind $0.02
geniuss: posts big blind $0.05
*** HOLE CARDS ***
Dealt to Dorex2007 [4d 5h]
riskatrcttalent: folds 
BluffOnTable: folds 
zanozaN1: folds 
BlackCat0812: folds 
Dorex2007: folds 
gmitoi: raises $0.10 to $0.15
ponsonby13: folds 
kyleallan2000: folds 
geniuss: raises $0.30 to $0.45
gmitoi: folds 
Uncalled bet ($0.30) returned to geniuss
geniuss collected $0.32 from pot
*** SUMMARY ***
Total pot $0.32 | Rake $0 
Seat 1: gmitoi folded before Flop
Seat 2: ponsonby13 (button) folded before Flop (didn't bet)
Seat 3: kyleallan2000 (small blind) folded before Flop
Seat 4: geniuss (big blind) collected ($0.32)
Seat 5: riskatrcttalent folded before Flop (didn't bet)
Seat 6: BluffOnTable folded before Flop (didn't bet)
Seat 7: zanozaN1 folded before Flop (didn't bet)
Seat 8: BlackCat0812 folded before Flop (didn't bet)
Seat 9: Dorex2007 folded before Flop (didn't bet)



PokerStars Hand #237717062105:  Hold'em No Limit ($0.02/$0.05 USD) - 2022/07/31 22:28:08 PT [2022/08/01 1:28:08 ET]
Table 'Zahringia II' 9-max Seat #3 is the button
Seat 1: gmitoi ($5 in chips) 
Seat 2: ponsonby13 ($6.61 in chips) 
Seat 3: kyleallan2000 ($6.16 in chips) 
Seat 4: geniuss ($5.97 in chips) 
Seat 5: riskatrcttalent ($2.02 in chips) 
Seat 6: BluffOnTable ($5 in chips) 
Seat 7: zanozaN1 ($5.19 in chips) 
Seat 8: BlackCat0812 ($5.84 in chips) 
Seat 9: Dorex2007 ($5.51 in chips) 
geniuss: posts small blind $0.02
riskatrcttalent: posts big blind $0.05
*** HOLE CARDS ***
Dealt to Dorex2007 [Jh Td]
BluffOnTable: folds 
zanozaN1: folds 
BlackCat0812: folds 
Dorex2007: folds 
gmitoi: raises $0.10 to $0.15
ponsonby13: calls $0.15
kyleallan2000: calls $0.15
geniuss: folds 
riskatrcttalent: folds 
*** FLOP *** [8s 7d Ah]
gmitoi: checks 
ponsonby13: checks 
kyleallan2000: bets $0.50
gmitoi: folds 
ponsonby13: folds 
Uncalled bet ($0.50) returned to kyleallan2000
kyleallan2000 collected $0.50 from pot
kyleallan2000: doesn't show hand 
*** SUMMARY ***
Total pot $0.52 | Rake $0.02 
Board [8s 7d Ah]
Seat 1: gmitoi folded on the Flop
Seat 2: ponsonby13 folded on the Flop
Seat 3: kyleallan2000 (button) collected ($0.50)
Seat 4: geniuss (small blind) folded before Flop
Seat 5: riskatrcttalent (big blind) folded before Flop
Seat 6: BluffOnTable folded before Flop (didn't bet)
Seat 7: zanozaN1 folded before Flop (didn't bet)
Seat 8: BlackCat0812 folded before Flop (didn't bet)
Seat 9: Dorex2007 folded before Flop (didn't bet)



PokerStars Hand #237717066565:  Hold'em No Limit ($0.02/$0.05 USD) - 2022/07/31 22:28:53 PT [2022/08/01 1:28:53 ET]
Table 'Zahringia II' 9-max Seat #4 is the button
Seat 1: gmitoi ($5 in chips) 
Seat 2: ponsonby13 ($6.46 in chips) 
Seat 3: kyleallan2000 ($6.51 in chips) 
Seat 4: geniuss ($5.95 in chips) 
Seat 5: riskatrcttalent ($1.97 in chips) 
Seat 6: BluffOnTable ($5 in chips) 
Seat 7: zanozaN1 ($5.19 in chips) 
Seat 8: BlackCat0812 ($5.84 in chips) 
Seat 9: Dorex2007 ($5.51 in chips) 
riskatrcttalent: posts small blind $0.02
BluffOnTable: posts big blind $0.05
*** HOLE CARDS ***
Dealt to Dorex2007 [Ks 3c]
zanozaN1: folds 
BlackCat0812: folds 
Dorex2007: folds 
gmitoi: raises $0.10 to $0.15
ponsonby13: folds 
kyleallan2000: folds 
geniuss: folds 
riskatrcttalent: folds 
BluffOnTable: folds 
Uncalled bet ($0.10) returned to gmitoi
gmitoi collected $0.12 from pot
gmitoi: doesn't show hand 
*** SUMMARY ***
Total pot $0.12 | Rake $0 
Seat 1: gmitoi collected ($0.12)
Seat 2: ponsonby13 folded before Flop (didn't bet)
Seat 3: kyleallan2000 folded before Flop (didn't bet)
Seat 4: geniuss (button) folded before Flop (didn't bet)
Seat 5: riskatrcttalent (small blind) folded before Flop
Seat 6: BluffOnTable (big blind) folded before Flop
Seat 7: zanozaN1 folded before Flop (didn't bet)
Seat 8: BlackCat0812 folded before Flop (didn't bet)
Seat 9: Dorex2007 folded before Flop (didn't bet)



PokerStars Hand #237717069564:  Hold'em No Limit ($0.02/$0.05 USD) - 2022/07/31 22:29:24 PT [2022/08/01 1:29:24 ET]
Table 'Zahringia II' 9-max Seat #5 is the button
Seat 1: gmitoi ($5.07 in chips) 
Seat 2: ponsonby13 ($6.46 in chips) 
Seat 3: kyleallan2000 ($6.51 in chips) 
Seat 4: geniuss ($5.95 in chips) 
Seat 5: riskatrcttalent ($1.95 in chips) 
Seat 6: BluffOnTable ($5 in chips) 
Seat 7: zanozaN1 ($5.19 in chips) 
Seat 8: BlackCat0812 ($5.84 in chips) 
Seat 9: Dorex2007 ($5.51 in chips) 
BluffOnTable: posts small blind $0.02
zanozaN1: posts big blind $0.05
*** HOLE CARDS ***
Dealt to Dorex2007 [9d Td]
BlackCat0812: folds 
Dorex2007: folds 
gmitoi: folds 
ponsonby13: folds 
kyleallan2000: folds 
geniuss: raises $0.10 to $0.15
riskatrcttalent: folds 
BluffOnTable: folds 
zanozaN1: folds 
Uncalled bet ($0.10) returned to geniuss
geniuss collected $0.12 from pot
*** SUMMARY ***
Total pot $0.12 | Rake $0 
Seat 1: gmitoi folded before Flop (didn't bet)
Seat 2: ponsonby13 folded before Flop (didn't bet)
Seat 3: kyleallan2000 folded before Flop (didn't bet)
Seat 4: geniuss collected ($0.12)
Seat 5: riskatrcttalent (button) folded before Flop (didn't bet)
Seat 6: BluffOnTable (small blind) folded before Flop
Seat 7: zanozaN1 (big blind) folded before Flop
Seat 8: BlackCat0812 folded before Flop (didn't bet)
Seat 9: Dorex2007 folded before Flop (didn't bet)



PokerStars Hand #237717072277:  Hold'em No Limit ($0.02/$0.05 USD) - 2022/07/31 22:29:51 PT [2022/08/01 1:29:51 ET]
Table 'Zahringia II' 9-max Seat #6 is the button
Seat 1: gmitoi ($5.07 in chips) 
Seat 2: ponsonby13 ($6.46 in chips) 
Seat 3: kyleallan2000 ($6.51 in chips) 
Seat 4: geniuss ($6.02 in chips) 
Seat 5: riskatrcttalent ($1.95 in chips) 
Seat 6: BluffOnTable ($5 in chips) 
Seat 7: zanozaN1 ($5.14 in chips) 
Seat 8: BlackCat0812 ($5.84 in chips) 
Seat 9: Dorex2007 ($5.51 in chips) 
zanozaN1: posts small blind $0.02
BlackCat0812: posts big blind $0.05
*** HOLE CARDS ***
Dealt to Dorex2007 [Ac 3h]
Dorex2007: calls $0.05
gmitoi: folds 
ponsonby13 has timed out
ponsonby13: folds 
kyleallan2000: folds 
geniuss: raises $0.10 to $0.15
riskatrcttalent: calls $0.15
BluffOnTable: folds 
zanozaN1: folds 
BlackCat0812: folds 
Dorex2007: folds 
*** FLOP *** [5d 3c Qd]
geniuss: bets $0.30
riskatrcttalent: folds 
Uncalled bet ($0.30) returned to geniuss
geniuss collected $0.40 from pot
*** SUMMARY ***
Total pot $0.42 | Rake $0.02 
Board [5d 3c Qd]
Seat 1: gmitoi folded before Flop (didn't bet)
Seat 2: ponsonby13 folded before Flop (didn't bet)
Seat 3: kyleallan2000 folded before Flop (didn't bet)
Seat 4: geniuss collected ($0.40)
Seat 5: riskatrcttalent folded on the Flop
Seat 6: BluffOnTable (button) folded before Flop (didn't bet)
Seat 7: zanozaN1 (small blind) folded before Flop
Seat 8: BlackCat0812 (big blind) folded before Flop
Seat 9: Dorex2007 folded before Flop



PokerStars Hand #237717077335:  Hold'em No Limit ($0.02/$0.05 USD) - 2022/07/31 22:30:41 PT [2022/08/01 1:30:41 ET]
Table 'Zahringia II' 9-max Seat #7 is the button
Seat 1: gmitoi ($5.07 in chips) 
Seat 2: ponsonby13 ($6.46 in chips) 
Seat 3: kyleallan2000 ($6.51 in chips) 
Seat 4: geniuss ($6.27 in chips) 
Seat 5: riskatrcttalent ($1.80 in chips) 
Seat 6: BluffOnTable ($5 in chips) 
Seat 7: zanozaN1 ($5.12 in chips) 
Seat 8: BlackCat0812 ($5.79 in chips) 
Seat 9: Dorex2007 ($5.46 in chips) 
BlackCat0812: posts small blind $0.02
Dorex2007: posts big blind $0.05
*** HOLE CARDS ***
Dealt to Dorex2007 [3s Ad]
gmitoi: folds 
ponsonby13: folds 
kyleallan2000: folds 
geniuss: folds 
riskatrcttalent: calls $0.05
BluffOnTable: folds 
zanozaN1: folds 
BlackCat0812: folds 
Dorex2007: checks 
*** FLOP *** [6c 2d 9d]
Dorex2007: checks 
riskatrcttalent: bets $0.05
Dorex2007: folds 
Uncalled bet ($0.05) returned to riskatrcttalent
riskatrcttalent collected $0.12 from pot
*** SUMMARY ***
Total pot $0.12 | Rake $0 
Board [6c 2d 9d]
Seat 1: gmitoi folded before Flop (didn't bet)
Seat 2: ponsonby13 folded before Flop (didn't bet)
Seat 3: kyleallan2000 folded before Flop (didn't bet)
Seat 4: geniuss folded before Flop (didn't bet)
Seat 5: riskatrcttalent collected ($0.12)
Seat 6: BluffOnTable folded before Flop (didn't bet)
Seat 7: zanozaN1 (button) folded before Flop (didn't bet)
Seat 8: BlackCat0812 (small blind) folded before Flop
Seat 9: Dorex2007 (big blind) folded on the Flop



PokerStars Hand #237717080734:  Hold'em No Limit ($0.02/$0.05 USD) - 2022/07/31 22:31:15 PT [2022/08/01 1:31:15 ET]
Table 'Zahringia II' 9-max Seat #8 is the button
Seat 1: gmitoi ($5.07 in chips) 
Seat 2: ponsonby13 ($6.46 in chips) 
Seat 3: kyleallan2000 ($6.51 in chips) 
Seat 4: geniuss ($6.27 in chips) 
Seat 5: riskatrcttalent ($1.87 in chips) 
Seat 6: BluffOnTable ($5 in chips) 
Seat 7: zanozaN1 ($5.12 in chips) 
Seat 8: BlackCat0812 ($5.77 in chips) 
Seat 9: Dorex2007 ($5.41 in chips) 
Dorex2007: posts small blind $0.02
gmitoi: posts big blind $0.05
*** HOLE CARDS ***
Dealt to Dorex2007 [8c Td]
ponsonby13: raises $0.05 to $0.10
kyleallan2000: raises $0.25 to $0.35
geniuss: folds 
riskatrcttalent: folds 
BluffOnTable: folds 
zanozaN1: folds 
BlackCat0812: folds 
Dorex2007: folds 
gmitoi: folds 
ponsonby13: folds 
Uncalled bet ($0.25) returned to kyleallan2000
kyleallan2000 collected $0.27 from pot
kyleallan2000: doesn't show hand 
*** SUMMARY ***
Total pot $0.27 | Rake $0 
Seat 1: gmitoi (big blind) folded before Flop
Seat 2: ponsonby13 folded before Flop
Seat 3: kyleallan2000 collected ($0.27)
Seat 4: geniuss folded before Flop (didn't bet)
Seat 5: riskatrcttalent folded before Flop (didn't bet)
Seat 6: BluffOnTable folded before Flop (didn't bet)
Seat 7: zanozaN1 folded before Flop (didn't bet)
Seat 8: BlackCat0812 (button) folded before Flop (didn't bet)
Seat 9: Dorex2007 (small blind) folded before Flop



PokerStars Hand #237717085237:  Hold'em No Limit ($0.02/$0.05 USD) - 2022/07/31 22:32:01 PT [2022/08/01 1:32:01 ET]
Table 'Zahringia II' 9-max Seat #9 is the button
Seat 1: gmitoi ($5.02 in chips) 
Seat 2: ponsonby13 ($6.36 in chips) 
Seat 3: kyleallan2000 ($6.68 in chips) 
Seat 4: geniuss ($6.27 in chips) 
Seat 5: riskatrcttalent ($1.87 in chips) 
Seat 6: BluffOnTable ($5 in chips) 
Seat 7: zanozaN1 ($5.12 in chips) 
Seat 8: BlackCat0812 ($5.77 in chips) 
Seat 9: Dorex2007 ($5.39 in chips) 
gmitoi: posts small blind $0.02
ponsonby13: posts big blind $0.05
*** HOLE CARDS ***
Dealt to Dorex2007 [8d 4h]
kyleallan2000: calls $0.05
geniuss: folds 
riskatrcttalent: calls $0.05
BluffOnTable: calls $0.05
zanozaN1: calls $0.05
BlackCat0812: folds 
Dorex2007: folds 
gmitoi: calls $0.03
ponsonby13: checks 
*** FLOP *** [As Ks 4s]
gmitoi: checks 
ponsonby13: bets $0.10
kyleallan2000: raises $0.10 to $0.20
riskatrcttalent: raises $0.10 to $0.30
BluffOnTable: folds 
zanozaN1: folds 
gmitoi: folds 
ponsonby13: folds 
kyleallan2000: calls $0.10
*** TURN *** [As Ks 4s] [6s]
kyleallan2000: checks 
riskatrcttalent: checks 
*** RIVER *** [As Ks 4s 6s] [Js]
kyleallan2000: checks 
riskatrcttalent: checks 
*** SHOW DOWN ***
kyleallan2000: shows [7s 5s] (a flush, Ace high)
riskatrcttalent: shows [9s Kd] (a flush, Ace high - Nine higher)
riskatrcttalent collected $0.96 from pot
*** SUMMARY ***
Total pot $1 | Rake $0.04 
Board [As Ks 4s 6s Js]
Seat 1: gmitoi (small blind) folded on the Flop
Seat 2: ponsonby13 (big blind) folded on the Flop
Seat 3: kyleallan2000 showed [7s 5s] and lost with a flush, Ace high
Seat 4: geniuss folded before Flop (didn't bet)
Seat 5: riskatrcttalent showed [9s Kd] and won ($0.96) with a flush, Ace high
Seat 6: BluffOnTable folded on the Flop
Seat 7: zanozaN1 folded on the Flop
Seat 8: BlackCat0812 folded before Flop (didn't bet)
Seat 9: Dorex2007 (button) folded before Flop (didn't bet)



PokerStars Hand #237717092263:  Hold'em No Limit ($0.02/$0.05 USD) - 2022/07/31 22:33:13 PT [2022/08/01 1:33:13 ET]
Table 'Zahringia II' 9-max Seat #1 is the button
Seat 1: gmitoi ($5 in chips) 
Seat 2: ponsonby13 ($6.21 in chips) 
Seat 3: kyleallan2000 ($6.33 in chips) 
Seat 4: geniuss ($6.27 in chips) 
Seat 5: riskatrcttalent ($2.48 in chips) 
Seat 6: BluffOnTable ($5 in chips) 
Seat 7: zanozaN1 ($5.07 in chips) 
Seat 8: BlackCat0812 ($5.77 in chips) 
Seat 9: Dorex2007 ($5.39 in chips) 
ponsonby13: posts small blind $0.02
kyleallan2000: posts big blind $0.05
*** HOLE CARDS ***
Dealt to Dorex2007 [3c 7h]
geniuss: folds 
riskatrcttalent: folds 
BluffOnTable: folds 
zanozaN1: folds 
BlackCat0812: folds 
Dorex2007: folds 
gmitoi: folds 
ponsonby13: folds 
Uncalled bet ($0.03) returned to kyleallan2000
kyleallan2000 collected $0.04 from pot
kyleallan2000: doesn't show hand 
*** SUMMARY ***
Total pot $0.04 | Rake $0 
Seat 1: gmitoi (button) folded before Flop (didn't bet)
Seat 2: ponsonby13 (small blind) folded before Flop
Seat 3: kyleallan2000 (big blind) collected ($0.04)
Seat 4: geniuss folded before Flop (didn't bet)
Seat 5: riskatrcttalent folded before Flop (didn't bet)
Seat 6: BluffOnTable folded before Flop (didn't bet)
Seat 7: zanozaN1 folded before Flop (didn't bet)
Seat 8: BlackCat0812 folded before Flop (didn't bet)
Seat 9: Dorex2007 folded before Flop (didn't bet)



PokerStars Hand #237717093921:  Hold'em No Limit ($0.02/$0.05 USD) - 2022/07/31 22:33:29 PT [2022/08/01 1:33:29 ET]
Table 'Zahringia II' 9-max Seat #2 is the button
Seat 1: gmitoi ($5 in chips) 
Seat 2: ponsonby13 ($6.19 in chips) 
Seat 3: kyleallan2000 ($6.35 in chips) 
Seat 4: geniuss ($6.27 in chips) 
Seat 5: riskatrcttalent ($2.48 in chips) 
Seat 6: BluffOnTable ($5 in chips) 
Seat 7: zanozaN1 ($5.07 in chips) 
Seat 8: BlackCat0812 ($5.77 in chips) 
Seat 9: Dorex2007 ($5.39 in chips) 
kyleallan2000: posts small blind $0.02
geniuss: posts big blind $0.05
*** HOLE CARDS ***
Dealt to Dorex2007 [7s 7h]
riskatrcttalent: folds 
BluffOnTable: folds 
zanozaN1: folds 
BlackCat0812: folds 
Dorex2007: calls $0.05
gmitoi: folds 
ponsonby13: raises $0.05 to $0.10
kyleallan2000: raises $0.25 to $0.35
geniuss: folds 
Dorex2007: folds 
ponsonby13: folds 
Uncalled bet ($0.25) returned to kyleallan2000
kyleallan2000 collected $0.30 from pot
kyleallan2000: doesn't show hand 
*** SUMMARY ***
Total pot $0.30 | Rake $0 
Seat 1: gmitoi folded before Flop (didn't bet)
Seat 2: ponsonby13 (button) folded before Flop
Seat 3: kyleallan2000 (small blind) collected ($0.30)
Seat 4: geniuss (big blind) folded before Flop
Seat 5: riskatrcttalent folded before Flop (didn't bet)
Seat 6: BluffOnTable folded before Flop (didn't bet)
Seat 7: zanozaN1 folded before Flop (didn't bet)
Seat 8: BlackCat0812 folded before Flop (didn't bet)
Seat 9: Dorex2007 folded before Flop



PokerStars Hand #237717097600:  Hold'em No Limit ($0.02/$0.05 USD) - 2022/07/31 22:34:07 PT [2022/08/01 1:34:07 ET]
Table 'Zahringia II' 9-max Seat #3 is the button
Seat 1: gmitoi ($5 in chips) 
Seat 2: ponsonby13 ($6.09 in chips) 
Seat 3: kyleallan2000 ($6.55 in chips) 
Seat 4: geniuss ($6.22 in chips) 
Seat 5: riskatrcttalent ($2.48 in chips) 
Seat 6: BluffOnTable ($5 in chips) 
Seat 7: zanozaN1 ($5.07 in chips) 
Seat 8: BlackCat0812 ($5.77 in chips) 
Seat 9: Dorex2007 ($5.34 in chips) 
geniuss: posts small blind $0.02
riskatrcttalent: posts big blind $0.05
*** HOLE CARDS ***
Dealt to Dorex2007 [9h Ac]
BluffOnTable: folds 
zanozaN1: folds 
BlackCat0812: calls $0.05
Dorex2007: folds 
gmitoi: folds 
ponsonby13: folds 
kyleallan2000: raises $0.05 to $0.10
geniuss: folds 
riskatrcttalent: calls $0.05
BlackCat0812: calls $0.05
*** FLOP *** [5d 7h 2h]
riskatrcttalent: bets $0.05
BlackCat0812: folds 
kyleallan2000: raises $0.15 to $0.20
riskatrcttalent: folds 
Uncalled bet ($0.15) returned to kyleallan2000
kyleallan2000 collected $0.40 from pot
kyleallan2000: doesn't show hand 
*** SUMMARY ***
Total pot $0.42 | Rake $0.02 
Board [5d 7h 2h]
Seat 1: gmitoi folded before Flop (didn't bet)
Seat 2: ponsonby13 folded before Flop (didn't bet)
Seat 3: kyleallan2000 (button) collected ($0.40)
Seat 4: geniuss (small blind) folded before Flop
Seat 5: riskatrcttalent (big blind) folded on the Flop
Seat 6: BluffOnTable folded before Flop (didn't bet)
Seat 7: zanozaN1 folded before Flop (didn't bet)
Seat 8: BlackCat0812 folded on the Flop
Seat 9: Dorex2007 folded before Flop (didn't bet)



PokerStars Hand #237717101872:  Hold'em No Limit ($0.02/$0.05 USD) - 2022/07/31 22:34:50 PT [2022/08/01 1:34:50 ET]
Table 'Zahringia II' 9-max Seat #4 is the button
Seat 1: gmitoi ($5 in chips) 
Seat 2: ponsonby13 ($6.09 in chips) 
Seat 3: kyleallan2000 ($6.80 in chips) 
Seat 4: geniuss ($6.20 in chips) 
Seat 5: riskatrcttalent ($2.33 in chips) 
Seat 6: BluffOnTable ($5 in chips) 
Seat 7: zanozaN1 ($5.07 in chips) 
Seat 8: BlackCat0812 ($5.67 in chips) 
Seat 9: Dorex2007 ($5.34 in chips) 
riskatrcttalent: posts small blind $0.02
BluffOnTable: posts big blind $0.05
*** HOLE CARDS ***
Dealt to Dorex2007 [Qh 7s]
zanozaN1: folds 
BlackCat0812: calls $0.05
Dorex2007: folds 
gmitoi: folds 
ponsonby13: folds 
kyleallan2000: calls $0.05
geniuss: folds 
riskatrcttalent: folds 
BluffOnTable: checks 
*** FLOP *** [2h 9d 7d]
BluffOnTable: checks 
BlackCat0812: bets $0.15
kyleallan2000: folds 
BluffOnTable: folds 
Uncalled bet ($0.15) returned to BlackCat0812
BlackCat0812 collected $0.16 from pot
BlackCat0812: doesn't show hand 
*** SUMMARY ***
Total pot $0.17 | Rake $0.01 
Board [2h 9d 7d]
Seat 1: gmitoi folded before Flop (didn't bet)
Seat 2: ponsonby13 folded before Flop (didn't bet)
Seat 3: kyleallan2000 folded on the Flop
Seat 4: geniuss (button) folded before Flop (didn't bet)
Seat 5: riskatrcttalent (small blind) folded before Flop
Seat 6: BluffOnTable (big blind) folded on the Flop
Seat 7: zanozaN1 folded before Flop (didn't bet)
Seat 8: BlackCat0812 collected ($0.16)
Seat 9: Dorex2007 folded before Flop (didn't bet)



PokerStars Hand #237717106511:  Hold'em No Limit ($0.02/$0.05 USD) - 2022/07/31 22:35:38 PT [2022/08/01 1:35:38 ET]
Table 'Zahringia II' 9-max Seat #5 is the button
Seat 1: gmitoi ($5 in chips) 
Seat 2: ponsonby13 ($6.09 in chips) 
Seat 3: kyleallan2000 ($6.75 in chips) 
Seat 4: geniuss ($6.20 in chips) 
Seat 5: riskatrcttalent ($2.31 in chips) 
Seat 6: BluffOnTable ($5 in chips) 
Seat 7: zanozaN1 ($5.07 in chips) 
Seat 8: BlackCat0812 ($5.78 in chips) 
Seat 9: Dorex2007 ($5.34 in chips) 
BluffOnTable: posts small blind $0.02
zanozaN1: posts big blind $0.05
*** HOLE CARDS ***
Dealt to Dorex2007 [Ah 8d]
BlackCat0812: folds 
Dorex2007: folds 
gmitoi: folds 
ponsonby13: raises $0.10 to $0.15
kyleallan2000: folds 
geniuss: folds 
riskatrcttalent: calls $0.15
BluffOnTable: folds 
zanozaN1: folds 
*** FLOP *** [4s Ts 9d]
ponsonby13: bets $0.15
riskatrcttalent: raises $0.30 to $0.45
ponsonby13: calls $0.30
*** TURN *** [4s Ts 9d] [As]
ponsonby13: checks 
riskatrcttalent: bets $0.61
ponsonby13: folds 
Uncalled bet ($0.61) returned to riskatrcttalent
riskatrcttalent collected $1.22 from pot
*** SUMMARY ***
Total pot $1.27 | Rake $0.05 
Board [4s Ts 9d As]
Seat 1: gmitoi folded before Flop (didn't bet)
Seat 2: ponsonby13 folded on the Turn
Seat 3: kyleallan2000 folded before Flop (didn't bet)
Seat 4: geniuss folded before Flop (didn't bet)
Seat 5: riskatrcttalent (button) collected ($1.22)
Seat 6: BluffOnTable (small blind) folded before Flop
Seat 7: zanozaN1 (big blind) folded before Flop
Seat 8: BlackCat0812 folded before Flop (didn't bet)
Seat 9: Dorex2007 folded before Flop (didn't bet)



PokerStars Hand #237717113116:  Hold'em No Limit ($0.02/$0.05 USD) - 2022/07/31 22:36:45 PT [2022/08/01 1:36:45 ET]
Table 'Zahringia II' 9-max Seat #6 is the button
Seat 1: gmitoi ($5 in chips) 
Seat 2: ponsonby13 ($5.49 in chips) 
Seat 3: kyleallan2000 ($6.75 in chips) 
Seat 4: geniuss ($6.20 in chips) 
Seat 5: riskatrcttalent ($2.93 in chips) 
Seat 6: BluffOnTable ($5 in chips) 
Seat 7: zanozaN1 ($5.02 in chips) 
Seat 8: BlackCat0812 ($5.78 in chips) 
Seat 9: Dorex2007 ($5.34 in chips) 
zanozaN1: posts small blind $0.02
BlackCat0812: posts big blind $0.05
*** HOLE CARDS ***
Dealt to Dorex2007 [2h Td]
Dorex2007: folds 
gmitoi: folds 
ponsonby13: folds 
kyleallan2000: calls $0.05
geniuss: folds 
riskatrcttalent: calls $0.05
BluffOnTable: folds 
BluffOnTable leaves the table
zanozaN1: calls $0.03
BlackCat0812: checks 
*** FLOP *** [Ah 5h Kd]
zanozaN1: checks 
BlackCat0812: checks 
kyleallan2000: bets $0.25
riskatrcttalent: folds 
zanozaN1: folds 
BlackCat0812: folds 
Uncalled bet ($0.25) returned to kyleallan2000
kyleallan2000 collected $0.19 from pot
kyleallan2000: doesn't show hand 
*** SUMMARY ***
Total pot $0.20 | Rake $0.01 
Board [Ah 5h Kd]
Seat 1: gmitoi folded before Flop (didn't bet)
Seat 2: ponsonby13 folded before Flop (didn't bet)
Seat 3: kyleallan2000 collected ($0.19)
Seat 4: geniuss folded before Flop (didn't bet)
Seat 5: riskatrcttalent folded on the Flop
Seat 6: BluffOnTable (button) folded before Flop (didn't bet)
Seat 7: zanozaN1 (small blind) folded on the Flop
Seat 8: BlackCat0812 (big blind) folded on the Flop
Seat 9: Dorex2007 folded before Flop (didn't bet)



PokerStars Hand #237717118330:  Hold'em No Limit ($0.02/$0.05 USD) - 2022/07/31 22:37:39 PT [2022/08/01 1:37:39 ET]
Table 'Zahringia II' 9-max Seat #7 is the button
Seat 1: gmitoi ($5 in chips) 
Seat 2: ponsonby13 ($5.49 in chips) 
Seat 3: kyleallan2000 ($6.89 in chips) 
Seat 4: geniuss ($6.20 in chips) 
Seat 5: riskatrcttalent ($2.88 in chips) 
Seat 7: zanozaN1 ($5 in chips) 
Seat 8: BlackCat0812 ($5.73 in chips) 
Seat 9: Dorex2007 ($5.34 in chips) 
BlackCat0812: posts small blind $0.02
Dorex2007: posts big blind $0.05
*** HOLE CARDS ***
Dealt to Dorex2007 [4c Ad]
gmitoi: folds 
Lao Tsy joins the table at seat #6 
ponsonby13: folds 
kyleallan2000: folds 
geniuss: folds 
riskatrcttalent: calls $0.05
zanozaN1: folds 
BlackCat0812: folds 
Dorex2007: checks 
*** FLOP *** [Ac 9d 9s]
Dorex2007: bets $0.08
riskatrcttalent: calls $0.08
*** TURN *** [Ac 9d 9s] [9h]
Dorex2007: bets $0.18
riskatrcttalent: folds 
Uncalled bet ($0.18) returned to Dorex2007
Dorex2007 collected $0.27 from pot
Dorex2007: doesn't show hand 
*** SUMMARY ***
Total pot $0.28 | Rake $0.01 
Board [Ac 9d 9s 9h]
Seat 1: gmitoi folded before Flop (didn't bet)
Seat 2: ponsonby13 folded before Flop (didn't bet)
Seat 3: kyleallan2000 folded before Flop (didn't bet)
Seat 4: geniuss folded before Flop (didn't bet)
Seat 5: riskatrcttalent folded on the Turn
Seat 7: zanozaN1 (button) folded before Flop (didn't bet)
Seat 8: BlackCat0812 (small blind) folded before Flop
Seat 9: Dorex2007 (big blind) collected ($0.27)



PokerStars Hand #237717124974:  Hold'em No Limit ($0.02/$0.05 USD) - 2022/07/31 22:38:47 PT [2022/08/01 1:38:47 ET]
Table 'Zahringia II' 9-max Seat #8 is the button
Seat 1: gmitoi ($5 in chips) 
Seat 2: ponsonby13 ($5.49 in chips) 
Seat 3: kyleallan2000 ($6.89 in chips) 
Seat 4: geniuss ($6.20 in chips) 
Seat 5: riskatrcttalent ($2.75 in chips) 
Seat 7: zanozaN1 ($5 in chips) 
Seat 8: BlackCat0812 ($5.71 in chips) 
Seat 9: Dorex2007 ($5.48 in chips) 
Dorex2007: posts small blind $0.02
gmitoi: posts big blind $0.05
Lao Tsy: sits out 
*** HOLE CARDS ***
Dealt to Dorex2007 [2h 6s]
ponsonby13: folds 
kyleallan2000 has timed out
kyleallan2000: folds 
geniuss: folds 
riskatrcttalent: calls $0.05
zanozaN1: folds 
BlackCat0812: calls $0.05
Dorex2007: folds 
gmitoi: checks 
*** FLOP *** [Qd 3h Jh]
gmitoi: checks 
riskatrcttalent: bets $0.08
BlackCat0812: folds 
gmitoi: folds 
Uncalled bet ($0.08) returned to riskatrcttalent
riskatrcttalent collected $0.16 from pot
*** SUMMARY ***
Total pot $0.17 | Rake $0.01 
Board [Qd 3h Jh]
Seat 1: gmitoi (big blind) folded on the Flop
Seat 2: ponsonby13 folded before Flop (didn't bet)
Seat 3: kyleallan2000 folded before Flop (didn't bet)
Seat 4: geniuss folded before Flop (didn't bet)
Seat 5: riskatrcttalent collected ($0.16)
Seat 7: zanozaN1 folded before Flop (didn't bet)
Seat 8: BlackCat0812 (button) folded on the Flop
Seat 9: Dorex2007 (small blind) folded before Flop



PokerStars Hand #237717128549:  Hold'em No Limit ($0.02/$0.05 USD) - 2022/07/31 22:39:22 PT [2022/08/01 1:39:22 ET]
Table 'Zahringia II' 9-max Seat #9 is the button
Seat 1: gmitoi ($5 in chips) 
Seat 2: ponsonby13 ($5.49 in chips) 
Seat 3: kyleallan2000 ($6.89 in chips) 
Seat 4: geniuss ($6.20 in chips) 
Seat 5: riskatrcttalent ($2.86 in chips) 
Seat 7: zanozaN1 ($5 in chips) 
Seat 8: BlackCat0812 ($5.66 in chips) 
Seat 9: Dorex2007 ($5.46 in chips) 
gmitoi: posts small blind $0.02
ponsonby13: posts big blind $0.05
Lao Tsy: sits out 
*** HOLE CARDS ***
Dealt to Dorex2007 [As 5c]
kyleallan2000: folds 
geniuss: folds 
riskatrcttalent: calls $0.05
zanozaN1: folds 
BlackCat0812: folds 
Dorex2007: folds 
gmitoi: calls $0.03
ponsonby13: checks 
*** FLOP *** [Qd Ks 3d]
gmitoi: checks 
ponsonby13: checks 
riskatrcttalent: bets $0.15
gmitoi: calls $0.15
ponsonby13: folds 
*** TURN *** [Qd Ks 3d] [3h]
gmitoi: checks 
riskatrcttalent: checks 
*** RIVER *** [Qd Ks 3d 3h] [2s]
gmitoi: checks 
riskatrcttalent: checks 
*** SHOW DOWN ***
gmitoi: shows [Tc Qs] (two pair, Queens and Threes)
riskatrcttalent: mucks hand 
gmitoi collected $0.43 from pot
*** SUMMARY ***
Total pot $0.45 | Rake $0.02 
Board [Qd Ks 3d 3h 2s]
Seat 1: gmitoi (small blind) showed [Tc Qs] and won ($0.43) with two pair, Queens and Threes
Seat 2: ponsonby13 (big blind) folded on the Flop
Seat 3: kyleallan2000 folded before Flop (didn't bet)
Seat 4: geniuss folded before Flop (didn't bet)
Seat 5: riskatrcttalent mucked [9d Ah]
Seat 7: zanozaN1 folded before Flop (didn't bet)
Seat 8: BlackCat0812 folded before Flop (didn't bet)
Seat 9: Dorex2007 (button) folded before Flop (didn't bet)



PokerStars Hand #237717135009:  Hold'em No Limit ($0.02/$0.05 USD) - 2022/07/31 22:40:28 PT [2022/08/01 1:40:28 ET]
Table 'Zahringia II' 9-max Seat #1 is the button
Seat 1: gmitoi ($5.23 in chips) 
Seat 2: ponsonby13 ($5.44 in chips) 
Seat 3: kyleallan2000 ($6.89 in chips) 
Seat 4: geniuss ($6.20 in chips) 
Seat 5: riskatrcttalent ($2.66 in chips) 
Seat 7: zanozaN1 ($5 in chips) 
Seat 8: BlackCat0812 ($5.66 in chips) 
Seat 9: Dorex2007 ($5.46 in chips) 
ponsonby13: posts small blind $0.02
kyleallan2000: posts big blind $0.05
Lao Tsy: sits out 
*** HOLE CARDS ***
Dealt to Dorex2007 [5h Jc]
geniuss: folds 
riskatrcttalent: calls $0.05
zanozaN1: folds 
BlackCat0812: calls $0.05
Dorex2007: folds 
gmitoi: folds 
ponsonby13: folds 
kyleallan2000: checks 
*** FLOP *** [Qd 3h 8d]
kyleallan2000: checks 
riskatrcttalent: checks 
BlackCat0812: bets $0.15
kyleallan2000: folds 
riskatrcttalent: raises $0.15 to $0.30
BlackCat0812: calls $0.15
*** TURN *** [Qd 3h 8d] [Jd]
riskatrcttalent: checks 
BlackCat0812: bets $0.15
riskatrcttalent: calls $0.15
*** RIVER *** [Qd 3h 8d Jd] [Qh]
riskatrcttalent: checks 
BlackCat0812: bets $1.03
riskatrcttalent: calls $1.03
*** SHOW DOWN ***
BlackCat0812: shows [Qc Ks] (three of a kind, Queens)
riskatrcttalent: mucks hand 
BlackCat0812 collected $3 from pot
*** SUMMARY ***
Total pot $3.13 | Rake $0.13 
Board [Qd 3h 8d Jd Qh]
Seat 1: gmitoi (button) folded before Flop (didn't bet)
Seat 2: ponsonby13 (small blind) folded before Flop
Seat 3: kyleallan2000 (big blind) folded on the Flop
Seat 4: geniuss folded before Flop (didn't bet)
Seat 5: riskatrcttalent mucked [Kd Ts]
Seat 7: zanozaN1 folded before Flop (didn't bet)
Seat 8: BlackCat0812 showed [Qc Ks] and won ($3) with three of a kind, Queens
Seat 9: Dorex2007 folded before Flop (didn't bet)



PokerStars Hand #237717141112:  Hold'em No Limit ($0.02/$0.05 USD) - 2022/07/31 22:41:30 PT [2022/08/01 1:41:30 ET]
Table 'Zahringia II' 9-max Seat #2 is the button
Seat 1: gmitoi ($5.23 in chips) 
Seat 2: ponsonby13 ($5.42 in chips) 
Seat 3: kyleallan2000 ($6.84 in chips) 
Seat 4: geniuss ($6.20 in chips) 
Seat 5: riskatrcttalent ($1.13 in chips) 
Seat 7: zanozaN1 ($5 in chips) 
Seat 8: BlackCat0812 ($7.13 in chips) 
Seat 9: Dorex2007 ($5.46 in chips) 
kyleallan2000: posts small blind $0.02
geniuss: posts big blind $0.05
Lao Tsy: sits out 
*** HOLE CARDS ***
Dealt to Dorex2007 [4s 7c]
riskatrcttalent: calls $0.05
zanozaN1: folds 
BlackCat0812: calls $0.05
Dorex2007: folds 
gmitoi: folds 
ponsonby13: folds 
kyleallan2000: folds 
geniuss: checks 
*** FLOP *** [9c Td Js]
geniuss: checks 
riskatrcttalent: bets $0.15
BlackCat0812: raises $6.93 to $7.08 and is all-in
geniuss: folds 
riskatrcttalent: calls $0.93 and is all-in
Uncalled bet ($6) returned to BlackCat0812
*** TURN *** [9c Td Js] [Jd]
*** RIVER *** [9c Td Js Jd] [7s]
*** SHOW DOWN ***
riskatrcttalent: shows [7h 8h] (a straight, Seven to Jack)
BlackCat0812: shows [Qc Kh] (a straight, Nine to King)
BlackCat0812 collected $2.23 from pot
*** SUMMARY ***
Total pot $2.33 | Rake $0.10 
Board [9c Td Js Jd 7s]
Seat 1: gmitoi folded before Flop (didn't bet)
Seat 2: ponsonby13 (button) folded before Flop (didn't bet)
Seat 3: kyleallan2000 (small blind) folded before Flop
Seat 4: geniuss (big blind) folded on the Flop
Seat 5: riskatrcttalent showed [7h 8h] and lost with a straight, Seven to Jack
Seat 7: zanozaN1 folded before Flop (didn't bet)
Seat 8: BlackCat0812 showed [Qc Kh] and won ($2.23) with a straight, Nine to King
Seat 9: Dorex2007 folded before Flop (didn't bet)



PokerStars Hand #237717146625:  Hold'em No Limit ($0.02/$0.05 USD) - 2022/07/31 22:42:26 PT [2022/08/01 1:42:26 ET]
Table 'Zahringia II' 9-max Seat #3 is the button
Seat 1: gmitoi ($5.23 in chips) 
Seat 2: ponsonby13 ($5.42 in chips) 
Seat 3: kyleallan2000 ($6.82 in chips) 
Seat 4: geniuss ($6.15 in chips) 
Seat 6: Lao Tsy ($5 in chips) 
Seat 7: zanozaN1 ($5 in chips) 
Seat 8: BlackCat0812 ($8.23 in chips) 
Seat 9: Dorex2007 ($5.46 in chips) 
geniuss: posts small blind $0.02
Lao Tsy: posts big blind $0.05
*** HOLE CARDS ***
Dealt to Dorex2007 [5c 7d]
zanozaN1: folds 
BlackCat0812: folds 
Dorex2007: folds 
gmitoi: folds 
ponsonby13: folds 
kyleallan2000: raises $0.05 to $0.10
riskatrcttalent leaves the table
geniuss: folds 
Lao Tsy: folds 
Uncalled bet ($0.05) returned to kyleallan2000
kyleallan2000 collected $0.12 from pot
kyleallan2000: doesn't show hand 
*** SUMMARY ***
Total pot $0.12 | Rake $0 
Seat 1: gmitoi folded before Flop (didn't bet)
Seat 2: ponsonby13 folded before Flop (didn't bet)
Seat 3: kyleallan2000 (button) collected ($0.12)
Seat 4: geniuss (small blind) folded before Flop
Seat 6: Lao Tsy (big blind) folded before Flop
Seat 7: zanozaN1 folded before Flop (didn't bet)
Seat 8: BlackCat0812 folded before Flop (didn't bet)
Seat 9: Dorex2007 folded before Flop (didn't bet)



PokerStars Hand #237717149027:  Hold'em No Limit ($0.02/$0.05 USD) - 2022/07/31 22:42:52 PT [2022/08/01 1:42:52 ET]
Table 'Zahringia II' 9-max Seat #4 is the button
Seat 1: gmitoi ($5.23 in chips) 
Seat 2: ponsonby13 ($5.42 in chips) 
Seat 3: kyleallan2000 ($6.89 in chips) 
Seat 4: geniuss ($6.13 in chips) 
Seat 6: Lao Tsy ($5 in chips) 
Seat 7: zanozaN1 ($5 in chips) 
Seat 8: BlackCat0812 ($8.23 in chips) 
Seat 9: Dorex2007 ($5.46 in chips) 
Lao Tsy: posts small blind $0.02
zanozaN1: posts big blind $0.05
*** HOLE CARDS ***
Dealt to Dorex2007 [Td Ah]
BlackCat0812: folds 
Dorex2007: raises $0.10 to $0.15
gmitoi: folds 
ponsonby13: folds 
kyleallan2000: folds 
geniuss: folds 
Alex366296 joins the table at seat #5 
Lao Tsy: folds 
zanozaN1: folds 
Uncalled bet ($0.10) returned to Dorex2007
Dorex2007 collected $0.12 from pot
Dorex2007: doesn't show hand 
*** SUMMARY ***
Total pot $0.12 | Rake $0 
Seat 1: gmitoi folded before Flop (didn't bet)
Seat 2: ponsonby13 folded before Flop (didn't bet)
Seat 3: kyleallan2000 folded before Flop (didn't bet)
Seat 4: geniuss (button) folded before Flop (didn't bet)
Seat 6: Lao Tsy (small blind) folded before Flop
Seat 7: zanozaN1 (big blind) folded before Flop
Seat 8: BlackCat0812 folded before Flop (didn't bet)
Seat 9: Dorex2007 collected ($0.12)



PokerStars Hand #237717151927:  Hold'em No Limit ($0.02/$0.05 USD) - 2022/07/31 22:43:22 PT [2022/08/01 1:43:22 ET]
Table 'Zahringia II' 9-max Seat #6 is the button
Seat 1: gmitoi ($5.23 in chips) 
Seat 2: ponsonby13 ($5.42 in chips) 
Seat 3: kyleallan2000 ($6.89 in chips) 
Seat 4: geniuss ($6.13 in chips) 
Seat 6: Lao Tsy ($5 in chips) 
Seat 7: zanozaN1 ($5 in chips) 
Seat 8: BlackCat0812 ($8.23 in chips) 
Seat 9: Dorex2007 ($5.53 in chips) 
zanozaN1: posts small blind $0.02
BlackCat0812: posts big blind $0.05
Alex366296: sits out 
*** HOLE CARDS ***
Dealt to Dorex2007 [Ad 6d]
Dorex2007: folds 
gmitoi: folds 
ponsonby13: folds 
kyleallan2000: raises $0.05 to $0.10
geniuss: folds 
Lao Tsy: folds 
zanozaN1: folds 
BlackCat0812: folds 
Uncalled bet ($0.05) returned to kyleallan2000
kyleallan2000 collected $0.12 from pot
kyleallan2000: doesn't show hand 
*** SUMMARY ***
Total pot $0.12 | Rake $0 
Seat 1: gmitoi folded before Flop (didn't bet)
Seat 2: ponsonby13 folded before Flop (didn't bet)
Seat 3: kyleallan2000 collected ($0.12)
Seat 4: geniuss folded before Flop (didn't bet)
Seat 6: Lao Tsy (button) folded before Flop (didn't bet)
Seat 7: zanozaN1 (small blind) folded before Flop
Seat 8: BlackCat0812 (big blind) folded before Flop
Seat 9: Dorex2007 folded before Flop (didn't bet)



PokerStars Hand #237717153735:  Hold'em No Limit ($0.02/$0.05 USD) - 2022/07/31 22:43:41 PT [2022/08/01 1:43:41 ET]
Table 'Zahringia II' 9-max Seat #7 is the button
Seat 1: gmitoi ($5.23 in chips) 
Seat 2: ponsonby13 ($5.42 in chips) 
Seat 3: kyleallan2000 ($6.96 in chips) 
Seat 4: geniuss ($6.13 in chips) 
Seat 6: Lao Tsy ($5 in chips) 
Seat 7: zanozaN1 ($5 in chips) 
Seat 8: BlackCat0812 ($8.18 in chips) 
Seat 9: Dorex2007 ($5.53 in chips) 
BlackCat0812: posts small blind $0.02
Dorex2007: posts big blind $0.05
Alex366296: sits out 
*** HOLE CARDS ***
Dealt to Dorex2007 [Js 5s]
gmitoi: folds 
ponsonby13 has timed out
ponsonby13: folds 
kyleallan2000: calls $0.05
geniuss: folds 
Lao Tsy: folds 
zanozaN1: calls $0.05
BlackCat0812: folds 
Dorex2007: checks 
*** FLOP *** [Kd 2s Qc]
Dorex2007: checks 
kyleallan2000: bets $0.15
zanozaN1: folds 
Dorex2007: folds 
Uncalled bet ($0.15) returned to kyleallan2000
kyleallan2000 collected $0.16 from pot
kyleallan2000: doesn't show hand 
*** SUMMARY ***
Total pot $0.17 | Rake $0.01 
Board [Kd 2s Qc]
Seat 1: gmitoi folded before Flop (didn't bet)
Seat 2: ponsonby13 folded before Flop (didn't bet)
Seat 3: kyleallan2000 collected ($0.16)
Seat 4: geniuss folded before Flop (didn't bet)
Seat 6: Lao Tsy folded before Flop (didn't bet)
Seat 7: zanozaN1 (button) folded on the Flop
Seat 8: BlackCat0812 (small blind) folded before Flop
Seat 9: Dorex2007 (big blind) folded on the Flop



PokerStars Hand #237717158389:  Hold'em No Limit ($0.02/$0.05 USD) - 2022/07/31 22:44:29 PT [2022/08/01 1:44:29 ET]
Table 'Zahringia II' 9-max Seat #8 is the button
Seat 1: gmitoi ($5.23 in chips) 
Seat 2: ponsonby13 ($5.42 in chips) 
Seat 3: kyleallan2000 ($7.07 in chips) 
Seat 4: geniuss ($6.13 in chips) 
Seat 6: Lao Tsy ($5 in chips) 
Seat 7: zanozaN1 ($5 in chips) 
Seat 8: BlackCat0812 ($8.16 in chips) 
Seat 9: Dorex2007 ($5.48 in chips) 
Dorex2007: posts small blind $0.02
gmitoi: posts big blind $0.05
Alex366296: sits out 
*** HOLE CARDS ***
Dealt to Dorex2007 [9s Ac]
ponsonby13: folds 
kyleallan2000: folds 
geniuss: folds 
Lao Tsy: folds 
zanozaN1: folds 
BlackCat0812: calls $0.05
Dorex2007: calls $0.03
gmitoi: checks 
*** FLOP *** [8s Qd 7s]
Dorex2007: checks 
gmitoi: checks 
BlackCat0812: checks 
*** TURN *** [8s Qd 7s] [8c]
Dorex2007: checks 
gmitoi: checks 
BlackCat0812: checks 
*** RIVER *** [8s Qd 7s 8c] [6h]
Dorex2007: checks 
gmitoi: checks 
BlackCat0812: checks 
*** SHOW DOWN ***
Dorex2007: shows [9s Ac] (a pair of Eights)
gmitoi: mucks hand 
BlackCat0812: shows [3d 3c] (two pair, Eights and Threes)
BlackCat0812 collected $0.14 from pot
*** SUMMARY ***
Total pot $0.15 | Rake $0.01 
Board [8s Qd 7s 8c 6h]
Seat 1: gmitoi (big blind) mucked [5s Kc]
Seat 2: ponsonby13 folded before Flop (didn't bet)
Seat 3: kyleallan2000 folded before Flop (didn't bet)
Seat 4: geniuss folded before Flop (didn't bet)
Seat 6: Lao Tsy folded before Flop (didn't bet)
Seat 7: zanozaN1 folded before Flop (didn't bet)
Seat 8: BlackCat0812 (button) showed [3d 3c] and won ($0.14) with two pair, Eights and Threes
Seat 9: Dorex2007 (small blind) showed [9s Ac] and lost with a pair of Eights



PokerStars Hand #237717164607:  Hold'em No Limit ($0.02/$0.05 USD) - 2022/07/31 22:45:33 PT [2022/08/01 1:45:33 ET]
Table 'Zahringia II' 9-max Seat #9 is the button
Seat 1: gmitoi ($5.18 in chips) 
Seat 2: ponsonby13 ($5.42 in chips) 
Seat 3: kyleallan2000 ($7.07 in chips) 
Seat 4: geniuss ($6.13 in chips) 
Seat 6: Lao Tsy ($5 in chips) 
Seat 7: zanozaN1 ($5 in chips) 
Seat 8: BlackCat0812 ($8.25 in chips) 
Seat 9: Dorex2007 ($5.43 in chips) 
gmitoi: posts small blind $0.02
ponsonby13: posts big blind $0.05
Alex366296: sits out 
*** HOLE CARDS ***
Dealt to Dorex2007 [2c Jc]
kyleallan2000 has timed out
kyleallan2000: folds 
geniuss: folds 
Lao Tsy: folds 
zanozaN1: folds 
BlackCat0812: folds 
Dorex2007: folds 
gmitoi: folds 
Uncalled bet ($0.03) returned to ponsonby13
ponsonby13 collected $0.04 from pot
ponsonby13: doesn't show hand 
*** SUMMARY ***
Total pot $0.04 | Rake $0 
Seat 1: gmitoi (small blind) folded before Flop
Seat 2: ponsonby13 (big blind) collected ($0.04)
Seat 3: kyleallan2000 folded before Flop (didn't bet)
Seat 4: geniuss folded before Flop (didn't bet)
Seat 6: Lao Tsy folded before Flop (didn't bet)
Seat 7: zanozaN1 folded before Flop (didn't bet)
Seat 8: BlackCat0812 folded before Flop (didn't bet)
Seat 9: Dorex2007 (button) folded before Flop (didn't bet)



PokerStars Hand #237717167050:  Hold'em No Limit ($0.02/$0.05 USD) - 2022/07/31 22:45:58 PT [2022/08/01 1:45:58 ET]
Table 'Zahringia II' 9-max Seat #1 is the button
Seat 1: gmitoi ($5.16 in chips) 
Seat 2: ponsonby13 ($5.44 in chips) 
Seat 4: geniuss ($6.13 in chips) 
Seat 6: Lao Tsy ($5 in chips) 
Seat 7: zanozaN1 ($5 in chips) 
Seat 8: BlackCat0812 ($8.25 in chips) 
Seat 9: Dorex2007 ($5.43 in chips) 
ponsonby13: posts small blind $0.02
geniuss: posts big blind $0.05
Alex366296: sits out 
*** HOLE CARDS ***
Dealt to Dorex2007 [Qs 8c]
Lao Tsy: folds 
zanozaN1: folds 
BlackCat0812: folds 
Dorex2007: folds 
gmitoi: raises $0.10 to $0.15
ponsonby13: calls $0.13
geniuss: folds 
*** FLOP *** [Tc 7c Ac]
ponsonby13: checks 
gmitoi: bets $0.20
ponsonby13: folds 
Uncalled bet ($0.20) returned to gmitoi
gmitoi collected $0.34 from pot
gmitoi: doesn't show hand 
*** SUMMARY ***
Total pot $0.35 | Rake $0.01 
Board [Tc 7c Ac]
Seat 1: gmitoi (button) collected ($0.34)
Seat 2: ponsonby13 (small blind) folded on the Flop
Seat 4: geniuss (big blind) folded before Flop
Seat 6: Lao Tsy folded before Flop (didn't bet)
Seat 7: zanozaN1 folded before Flop (didn't bet)
Seat 8: BlackCat0812 folded before Flop (didn't bet)
Seat 9: Dorex2007 folded before Flop (didn't bet)



PokerStars Hand #237717170503:  Hold'em No Limit ($0.02/$0.05 USD) - 2022/07/31 22:46:35 PT [2022/08/01 1:46:35 ET]
Table 'Zahringia II' 9-max Seat #2 is the button
Seat 1: gmitoi ($5.35 in chips) 
Seat 2: ponsonby13 ($5.29 in chips) 
Seat 4: geniuss ($6.08 in chips) 
Seat 5: Alex366296 ($5 in chips) 
Seat 6: Lao Tsy ($5 in chips) 
Seat 7: zanozaN1 ($5 in chips) 
Seat 8: BlackCat0812 ($8.25 in chips) 
Seat 9: Dorex2007 ($5.43 in chips) 
geniuss: posts small blind $0.02
Alex366296: posts big blind $0.05
*** HOLE CARDS ***
Dealt to Dorex2007 [4c 7h]
Lao Tsy: folds 
zanozaN1: folds 
BlackCat0812: folds 
Dorex2007: folds 
gmitoi: folds 
ponsonby13: raises $0.05 to $0.10
geniuss: folds 
Alex366296: folds 
Uncalled bet ($0.05) returned to ponsonby13
ponsonby13 collected $0.12 from pot
ponsonby13: doesn't show hand 
*** SUMMARY ***
Total pot $0.12 | Rake $0 
Seat 1: gmitoi folded before Flop (didn't bet)
Seat 2: ponsonby13 (button) collected ($0.12)
Seat 4: geniuss (small blind) folded before Flop
Seat 5: Alex366296 (big blind) folded before Flop
Seat 6: Lao Tsy folded before Flop (didn't bet)
Seat 7: zanozaN1 folded before Flop (didn't bet)
Seat 8: BlackCat0812 folded before Flop (didn't bet)
Seat 9: Dorex2007 folded before Flop (didn't bet)



PokerStars Hand #237717172643:  Hold'em No Limit ($0.02/$0.05 USD) - 2022/07/31 22:46:56 PT [2022/08/01 1:46:56 ET]
Table 'Zahringia II' 9-max Seat #4 is the button
Seat 1: gmitoi ($5.35 in chips) 
Seat 2: ponsonby13 ($5.36 in chips) 
Seat 3: kyleallan2000 ($7.07 in chips) 
Seat 4: geniuss ($6.06 in chips) 
Seat 5: Alex366296 ($5 in chips) 
Seat 6: Lao Tsy ($5 in chips) 
Seat 7: zanozaN1 ($5 in chips) 
Seat 8: BlackCat0812 ($8.25 in chips) 
Seat 9: Dorex2007 ($5.43 in chips) 
Alex366296: posts small blind $0.02
Lao Tsy: posts big blind $0.05
kyleallan2000: posts small & big blinds $0.07
*** HOLE CARDS ***
Dealt to Dorex2007 [Qs 5h]
zanozaN1: folds 
BlackCat0812: calls $0.05
Dorex2007: folds 
gmitoi: folds 
ponsonby13: calls $0.05
kyleallan2000 has timed out
kyleallan2000: checks 
geniuss: folds 
Alex366296: folds 
Lao Tsy: checks 
*** FLOP *** [3h As Jc]
Lao Tsy: checks 
BlackCat0812: checks 
ponsonby13: bets $0.15
kyleallan2000: calls $0.15
Lao Tsy: folds 
BlackCat0812: folds 
*** TURN *** [3h As Jc] [Kc]
ponsonby13: checks 
kyleallan2000: bets $0.52
ponsonby13: raises $0.52 to $1.04
kyleallan2000: folds 
Uncalled bet ($0.52) returned to ponsonby13
ponsonby13 collected $1.51 from pot
ponsonby13: doesn't show hand 
*** SUMMARY ***
Total pot $1.58 | Rake $0.07 
Board [3h As Jc Kc]
Seat 1: gmitoi folded before Flop (didn't bet)
Seat 2: ponsonby13 collected ($1.51)
Seat 3: kyleallan2000 folded on the Turn
Seat 4: geniuss (button) folded before Flop (didn't bet)
Seat 5: Alex366296 (small blind) folded before Flop
Seat 6: Lao Tsy (big blind) folded on the Flop
Seat 7: zanozaN1 folded before Flop (didn't bet)
Seat 8: BlackCat0812 folded on the Flop
Seat 9: Dorex2007 folded before Flop (didn't bet)



PokerStars Hand #237717184670:  Hold'em No Limit ($0.02/$0.05 USD) - 2022/07/31 22:49:02 PT [2022/08/01 1:49:02 ET]
Table 'Zahringia II' 9-max Seat #5 is the button
Seat 1: gmitoi ($5.35 in chips) 
Seat 2: ponsonby13 ($6.15 in chips) 
Seat 3: kyleallan2000 ($6.33 in chips) 
Seat 4: geniuss ($6.06 in chips) 
Seat 5: Alex366296 ($5 in chips) 
Seat 6: Lao Tsy ($5 in chips) 
Seat 7: zanozaN1 ($5 in chips) 
Seat 8: BlackCat0812 ($8.20 in chips) 
Seat 9: Dorex2007 ($5.43 in chips) 
Lao Tsy: posts small blind $0.02
zanozaN1: posts big blind $0.05
*** HOLE CARDS ***
Dealt to Dorex2007 [Jc 3s]
BlackCat0812 has timed out
BlackCat0812: folds 
Dorex2007: folds 
gmitoi: folds 
gmitoi leaves the table
ponsonby13: calls $0.05
kyleallan2000: raises $0.20 to $0.25
geniuss: folds 
Alex366296: folds 
Lao Tsy: folds 
zanozaN1: folds 
ponsonby13: folds 
Uncalled bet ($0.20) returned to kyleallan2000
kyleallan2000 collected $0.17 from pot
kyleallan2000: doesn't show hand 
*** SUMMARY ***
Total pot $0.17 | Rake $0 
Seat 1: gmitoi folded before Flop (didn't bet)
Seat 2: ponsonby13 folded before Flop
Seat 3: kyleallan2000 collected ($0.17)
Seat 4: geniuss folded before Flop (didn't bet)
Seat 5: Alex366296 (button) folded before Flop (didn't bet)
Seat 6: Lao Tsy (small blind) folded before Flop
Seat 7: zanozaN1 (big blind) folded before Flop
Seat 8: BlackCat0812 folded before Flop (didn't bet)
Seat 9: Dorex2007 folded before Flop (didn't bet)



PokerStars Hand #237717188449:  Hold'em No Limit ($0.02/$0.05 USD) - 2022/07/31 22:49:41 PT [2022/08/01 1:49:41 ET]
Table 'Zahringia II' 9-max Seat #6 is the button
Seat 2: ponsonby13 ($6.10 in chips) 
Seat 3: kyleallan2000 ($6.45 in chips) 
Seat 4: geniuss ($6.06 in chips) 
Seat 5: Alex366296 ($5 in chips) 
Seat 6: Lao Tsy ($5 in chips) 
Seat 7: zanozaN1 ($5 in chips) 
Seat 9: Dorex2007 ($5.43 in chips) 
zanozaN1: posts small blind $0.02
Dorex2007: posts big blind $0.05
*** HOLE CARDS ***
Dealt to Dorex2007 [9c 9h]
ponsonby13: folds 
kyleallan2000: folds 
geniuss: folds 
Alex366296: folds 
Lao Tsy: folds 
zanozaN1: folds 
Uncalled bet ($0.03) returned to Dorex2007
Dorex2007 collected $0.04 from pot
Dorex2007: doesn't show hand 
*** SUMMARY ***
Total pot $0.04 | Rake $0 
Seat 2: ponsonby13 folded before Flop (didn't bet)
Seat 3: kyleallan2000 folded before Flop (didn't bet)
Seat 4: geniuss folded before Flop (didn't bet)
Seat 5: Alex366296 folded before Flop (didn't bet)
Seat 6: Lao Tsy (button) folded before Flop (didn't bet)
Seat 7: zanozaN1 (small blind) folded before Flop
Seat 9: Dorex2007 (big blind) collected ($0.04)



PokerStars Hand #237717190196:  Hold'em No Limit ($0.02/$0.05 USD) - 2022/07/31 22:49:59 PT [2022/08/01 1:49:59 ET]
Table 'Zahringia II' 9-max Seat #7 is the button
Seat 2: ponsonby13 ($6.10 in chips) 
Seat 3: kyleallan2000 ($6.45 in chips) 
Seat 4: geniuss ($6.06 in chips) 
Seat 5: Alex366296 ($5 in chips) 
Seat 6: Lao Tsy ($5 in chips) 
Seat 7: zanozaN1 ($5 in chips) 
Seat 9: Dorex2007 ($5.45 in chips) 
Dorex2007: posts small blind $0.02
ponsonby13: posts big blind $0.05
*** HOLE CARDS ***
Dealt to Dorex2007 [As 4c]
kyleallan2000: calls $0.05
geniuss: folds 
Tjokske joins the table at seat #1 
Alex366296: folds 
Lao Tsy: folds 
zanozaN1: folds 
Dorex2007: calls $0.03
ponsonby13: raises $0.15 to $0.20
kyleallan2000: folds 
Dorex2007: folds 
Uncalled bet ($0.15) returned to ponsonby13
ponsonby13 collected $0.15 from pot
ponsonby13: doesn't show hand 
*** SUMMARY ***
Total pot $0.15 | Rake $0 
Seat 2: ponsonby13 (big blind) collected ($0.15)
Seat 3: kyleallan2000 folded before Flop
Seat 4: geniuss folded before Flop (didn't bet)
Seat 5: Alex366296 folded before Flop (didn't bet)
Seat 6: Lao Tsy folded before Flop (didn't bet)
Seat 7: zanozaN1 (button) folded before Flop (didn't bet)
Seat 9: Dorex2007 (small blind) folded before Flop



PokerStars Hand #237717202123:  Hold'em No Limit ($0.02/$0.05 USD) - 2022/07/31 22:50:35 PT [2022/08/01 1:50:35 ET]
Table 'Zahringia II' 9-max Seat #9 is the button
Seat 2: ponsonby13 ($6.20 in chips) 
Seat 3: kyleallan2000 ($6.40 in chips) 
Seat 4: geniuss ($6.06 in chips) 
Seat 5: Alex366296 ($5 in chips) 
Seat 6: Lao Tsy ($5 in chips) 
Seat 7: zanozaN1 ($5 in chips) 
Seat 9: Dorex2007 ($5.40 in chips) 
ponsonby13: posts small blind $0.02
kyleallan2000: posts big blind $0.05
BlackCat0812: sits out 
*** HOLE CARDS ***
Dealt to Dorex2007 [2d Ks]
geniuss: folds 
Alex366296: folds 
Lao Tsy: folds 
zanozaN1: folds 
Dorex2007: folds 
ponsonby13: raises $0.15 to $0.20
kyleallan2000: calls $0.15
*** FLOP *** [9s 3d Ts]
ponsonby13: bets $0.15
kyleallan2000: calls $0.15
*** TURN *** [9s 3d Ts] [5d]
BlackCat0812 leaves the table
ponsonby13: checks 
kyleallan2000: checks 
*** RIVER *** [9s 3d Ts 5d] [Jd]
ponsonby13: bets $0.45
kyleallan2000: calls $0.45
*** SHOW DOWN ***
ponsonby13: shows [Jc Ac] (a pair of Jacks)
kyleallan2000: mucks hand 
ponsonby13 collected $1.53 from pot
*** SUMMARY ***
Total pot $1.60 | Rake $0.07 
Board [9s 3d Ts 5d Jd]
Seat 2: ponsonby13 (small blind) showed [Jc Ac] and won ($1.53) with a pair of Jacks
Seat 3: kyleallan2000 (big blind) mucked [Qs Jh]
Seat 4: geniuss folded before Flop (didn't bet)
Seat 5: Alex366296 folded before Flop (didn't bet)
Seat 6: Lao Tsy folded before Flop (didn't bet)
Seat 7: zanozaN1 folded before Flop (didn't bet)
Seat 9: Dorex2007 (button) folded before Flop (didn't bet)



PokerStars Hand #237717207071:  Hold'em No Limit ($0.02/$0.05 USD) - 2022/07/31 22:51:27 PT [2022/08/01 1:51:27 ET]
Table 'Zahringia II' 9-max Seat #2 is the button
Seat 1: Tjokske ($4 in chips) 
Seat 2: ponsonby13 ($6.93 in chips) 
Seat 3: kyleallan2000 ($5.60 in chips) 
Seat 4: geniuss ($6.06 in chips) 
Seat 5: Alex366296 ($5 in chips) 
Seat 6: Lao Tsy ($5 in chips) 
Seat 7: zanozaN1 ($5 in chips) 
Seat 9: Dorex2007 ($5.40 in chips) 
kyleallan2000: posts small blind $0.02
geniuss: posts big blind $0.05
Tjokske: posts big blind $0.05
*** HOLE CARDS ***
Dealt to Dorex2007 [9c 2h]
Alex366296: folds 
Lao Tsy: folds 
zanozaN1: folds 
Dorex2007: folds 
Tjokske: checks 
ponsonby13: calls $0.05
kyleallan2000: raises $0.30 to $0.35
geniuss: folds 
Tjokske: folds 
ponsonby13: folds 
Uncalled bet ($0.30) returned to kyleallan2000
kyleallan2000 collected $0.20 from pot
kyleallan2000: doesn't show hand 
*** SUMMARY ***
Total pot $0.20 | Rake $0 
Seat 1: Tjokske folded before Flop (didn't bet)
Seat 2: ponsonby13 (button) folded before Flop
Seat 3: kyleallan2000 (small blind) collected ($0.20)
Seat 4: geniuss (big blind) folded before Flop
Seat 5: Alex366296 folded before Flop (didn't bet)
Seat 6: Lao Tsy folded before Flop (didn't bet)
Seat 7: zanozaN1 folded before Flop (didn't bet)
Seat 9: Dorex2007 folded before Flop (didn't bet)



PokerStars Hand #237717210197:  Hold'em No Limit ($0.02/$0.05 USD) - 2022/07/31 22:52:01 PT [2022/08/01 1:52:01 ET]
Table 'Zahringia II' 9-max Seat #3 is the button
Seat 1: Tjokske ($3.95 in chips) 
Seat 2: ponsonby13 ($6.88 in chips) 
Seat 3: kyleallan2000 ($5.75 in chips) 
Seat 4: geniuss ($6.01 in chips) 
Seat 5: Alex366296 ($5 in chips) 
Seat 6: Lao Tsy ($5 in chips) 
Seat 7: zanozaN1 ($5 in chips) 
Seat 9: Dorex2007 ($5.40 in chips) 
geniuss: posts small blind $0.02
Alex366296: posts big blind $0.05
*** HOLE CARDS ***
Dealt to Dorex2007 [2h 4s]
Lao Tsy: folds 
zanozaN1: folds 
Dorex2007: folds 
Tjokske: folds 
ponsonby13: folds 
kyleallan2000: raises $0.10 to $0.15
geniuss: folds 
Alex366296: folds 
Uncalled bet ($0.10) returned to kyleallan2000
kyleallan2000 collected $0.12 from pot
kyleallan2000: doesn't show hand 
*** SUMMARY ***
Total pot $0.12 | Rake $0 
Seat 1: Tjokske folded before Flop (didn't bet)
Seat 2: ponsonby13 folded before Flop (didn't bet)
Seat 3: kyleallan2000 (button) collected ($0.12)
Seat 4: geniuss (small blind) folded before Flop
Seat 5: Alex366296 (big blind) folded before Flop
Seat 6: Lao Tsy folded before Flop (didn't bet)
Seat 7: zanozaN1 folded before Flop (didn't bet)
Seat 9: Dorex2007 folded before Flop (didn't bet)



PokerStars Hand #237717212016:  Hold'em No Limit ($0.02/$0.05 USD) - 2022/07/31 22:52:21 PT [2022/08/01 1:52:21 ET]
Table 'Zahringia II' 9-max Seat #4 is the button
Seat 1: Tjokske ($3.95 in chips) 
Seat 2: ponsonby13 ($6.88 in chips) 
Seat 3: kyleallan2000 ($5.82 in chips) 
Seat 4: geniuss ($5.99 in chips) 
Seat 5: Alex366296 ($5 in chips) 
Seat 6: Lao Tsy ($5 in chips) 
Seat 7: zanozaN1 ($5 in chips) 
Seat 9: Dorex2007 ($5.40 in chips) 
Alex366296: posts small blind $0.02
Lao Tsy: posts big blind $0.05
*** HOLE CARDS ***
Dealt to Dorex2007 [As Ad]
zanozaN1: folds 
Dorex2007: raises $0.10 to $0.15
Tjokske: folds 
ponsonby13: folds 
kyleallan2000: raises $1.10 to $1.25
geniuss: folds 
Alex366296: folds 
Lao Tsy: folds 
Dorex2007: raises $4.15 to $5.40 and is all-in
kyleallan2000: calls $4.15
*** FLOP *** [8d Td 2c]
*** TURN *** [8d Td 2c] [6h]
*** RIVER *** [8d Td 2c 6h] [5c]
*** SHOW DOWN ***
Dorex2007: shows [As Ad] (a pair of Aces)
kyleallan2000: shows [9c 9h] (a pair of Nines)
Dorex2007 cashed out the hand for $8.28 | Cash Out Fee $0.08
*** SUMMARY ***
Total pot $10.87 | Rake $0.45 
Board [8d Td 2c 6h 5c]
Seat 1: Tjokske folded before Flop (didn't bet)
Seat 2: ponsonby13 folded before Flop (didn't bet)
Seat 3: kyleallan2000 showed [9c 9h] and lost with a pair of Nines
Seat 4: geniuss (button) folded before Flop (didn't bet)
Seat 5: Alex366296 (small blind) folded before Flop
Seat 6: Lao Tsy (big blind) folded before Flop
Seat 7: zanozaN1 folded before Flop (didn't bet)
Seat 9: Dorex2007 showed [As Ad] and won ($10.42) with a pair of Aces (pot not awarded as player cashed out)



PokerStars Hand #237717219520:  Hold'em No Limit ($0.02/$0.05 USD) - 2022/07/31 22:53:40 PT [2022/08/01 1:53:40 ET]
Table 'Zahringia II' 9-max Seat #5 is the button
Seat 1: Tjokske ($3.95 in chips) 
Seat 2: ponsonby13 ($6.88 in chips) 
Seat 3: kyleallan2000 ($0.42 in chips) 
Seat 4: geniuss ($5.99 in chips) 
Seat 5: Alex366296 ($5 in chips) 
Seat 6: Lao Tsy ($5 in chips) 
Seat 7: zanozaN1 ($5 in chips) 
Seat 9: Dorex2007 ($8.28 in chips) 
Lao Tsy: posts small blind $0.02
zanozaN1: posts big blind $0.05
*** HOLE CARDS ***
Dealt to Dorex2007 [6c 7d]
Dorex2007: folds 
Tjokske: folds 
ponsonby13: folds 
kyleallan2000: folds 
kyleallan2000 leaves the table
geniuss: folds 
Alex366296: folds 
Lao Tsy: raises $0.10 to $0.15
zanozaN1: folds 
Uncalled bet ($0.10) returned to Lao Tsy
Lao Tsy collected $0.10 from pot
Lao Tsy: doesn't show hand 
*** SUMMARY ***
Total pot $0.10 | Rake $0 
Seat 1: Tjokske folded before Flop (didn't bet)
Seat 2: ponsonby13 folded before Flop (didn't bet)
Seat 3: kyleallan2000 folded before Flop (didn't bet)
Seat 4: geniuss folded before Flop (didn't bet)
Seat 5: Alex366296 (button) folded before Flop (didn't bet)
Seat 6: Lao Tsy (small blind) collected ($0.10)
Seat 7: zanozaN1 (big blind) folded before Flop
Seat 9: Dorex2007 folded before Flop (didn't bet)



PokerStars Hand #237717221970:  Hold'em No Limit ($0.02/$0.05 USD) - 2022/07/31 22:54:06 PT [2022/08/01 1:54:06 ET]
Table 'Zahringia II' 9-max Seat #6 is the button
Seat 1: Tjokske ($3.95 in chips) 
Seat 2: ponsonby13 ($6.88 in chips) 
Seat 4: geniuss ($5.99 in chips) 
Seat 5: Alex366296 ($5 in chips) 
Seat 6: Lao Tsy ($5.05 in chips) 
Seat 7: zanozaN1 ($5 in chips) 
Seat 9: Dorex2007 ($8.28 in chips) 
zanozaN1: posts small blind $0.02
Dorex2007: posts big blind $0.05
*** HOLE CARDS ***
Dealt to Dorex2007 [Th Ah]
Tjokske: folds 
ponsonby13: folds 
geniuss: folds 
Alex366296: folds 
Lao Tsy: raises $0.10 to $0.15
zanozaN1: raises $0.45 to $0.60
Dorex2007: folds 
Lao Tsy: folds 
Uncalled bet ($0.45) returned to zanozaN1
zanozaN1 collected $0.35 from pot
zanozaN1: doesn't show hand 
*** SUMMARY ***
Total pot $0.35 | Rake $0 
Seat 1: Tjokske folded before Flop (didn't bet)
Seat 2: ponsonby13 folded before Flop (didn't bet)
Seat 4: geniuss folded before Flop (didn't bet)
Seat 5: Alex366296 folded before Flop (didn't bet)
Seat 6: Lao Tsy (button) folded before Flop
Seat 7: zanozaN1 (small blind) collected ($0.35)
Seat 9: Dorex2007 (big blind) folded before Flop



PokerStars Hand #237717230449:  Hold'em No Limit ($0.02/$0.05 USD) - 2022/07/31 22:54:32 PT [2022/08/01 1:54:32 ET]
Table 'Zahringia II' 9-max Seat #7 is the button
Seat 1: Tjokske ($3.95 in chips) 
Seat 2: ponsonby13 ($6.88 in chips) 
Seat 4: geniuss ($5.99 in chips) 
Seat 5: Alex366296 ($5 in chips) 
Seat 6: Lao Tsy ($5 in chips) 
Seat 7: zanozaN1 ($5.20 in chips) 
Seat 9: Dorex2007 ($8.23 in chips) 
Dorex2007: posts small blind $0.02
Tjokske: posts big blind $0.05
*** HOLE CARDS ***
Dealt to Dorex2007 [As 8d]
ponsonby13: calls $0.05
geniuss: folds 
Alex366296: folds 
Lao Tsy: folds 
zanozaN1: folds 
Dorex2007: folds 
Tjokske: checks 
*** FLOP *** [5s Js 2d]
Tjokske: checks 
ponsonby13: bets $0.05
Tjokske: calls $0.05
*** TURN *** [5s Js 2d] [4d]
Tjokske: checks 
ponsonby13: bets $0.15
Tjokske: calls $0.15
*** RIVER *** [5s Js 2d 4d] [Ts]
Tjokske: checks 
ponsonby13: checks 
*** SHOW DOWN ***
Tjokske: shows [4s 2s] (a flush, Jack high)
ponsonby13: mucks hand 
Tjokske collected $0.50 from pot
*** SUMMARY ***
Total pot $0.52 | Rake $0.02 
Board [5s Js 2d 4d Ts]
Seat 1: Tjokske (big blind) showed [4s 2s] and won ($0.50) with a flush, Jack high
Seat 2: ponsonby13 mucked [Qc 5c]
Seat 4: geniuss folded before Flop (didn't bet)
Seat 5: Alex366296 folded before Flop (didn't bet)
Seat 6: Lao Tsy folded before Flop (didn't bet)
Seat 7: zanozaN1 (button) folded before Flop (didn't bet)
Seat 9: Dorex2007 (small blind) folded before Flop



PokerStars Hand #237717234502:  Hold'em No Limit ($0.02/$0.05 USD) - 2022/07/31 22:55:16 PT [2022/08/01 1:55:16 ET]
Table 'Zahringia II' 9-max Seat #9 is the button
Seat 1: Tjokske ($4.20 in chips) 
Seat 2: ponsonby13 ($6.63 in chips) 
Seat 4: geniuss ($5.99 in chips) 
Seat 5: Alex366296 ($5 in chips) 
Seat 6: Lao Tsy ($5 in chips) 
Seat 7: zanozaN1 ($5.20 in chips) 
Seat 9: Dorex2007 ($8.21 in chips) 
Tjokske: posts small blind $0.02
ponsonby13: posts big blind $0.05
*** HOLE CARDS ***
Dealt to Dorex2007 [7s 6s]
geniuss: folds 
Alex366296: folds 
Lao Tsy: folds 
zanozaN1: raises $0.10 to $0.15
Dorex2007: folds 
Tjokske: folds 
ponsonby13: calls $0.10
*** FLOP *** [2d 3d Tc]
ponsonby13: checks 
zanozaN1: bets $0.16
ponsonby13: folds 
Uncalled bet ($0.16) returned to zanozaN1
zanozaN1 collected $0.31 from pot
zanozaN1: doesn't show hand 
*** SUMMARY ***
Total pot $0.32 | Rake $0.01 
Board [2d 3d Tc]
Seat 1: Tjokske (small blind) folded before Flop
Seat 2: ponsonby13 (big blind) folded on the Flop
Seat 4: geniuss folded before Flop (didn't bet)
Seat 5: Alex366296 folded before Flop (didn't bet)
Seat 6: Lao Tsy folded before Flop (didn't bet)
Seat 7: zanozaN1 collected ($0.31)
Seat 9: Dorex2007 (button) folded before Flop (didn't bet)



PokerStars Hand #237717237174:  Hold'em No Limit ($0.02/$0.05 USD) - 2022/07/31 22:55:48 PT [2022/08/01 1:55:48 ET]
Table 'Zahringia II' 9-max Seat #1 is the button
Seat 1: Tjokske ($4.18 in chips) 
Seat 2: ponsonby13 ($6.48 in chips) 
Seat 4: geniuss ($5.99 in chips) 
Seat 5: Alex366296 ($5 in chips) 
Seat 6: Lao Tsy ($5 in chips) 
Seat 7: zanozaN1 ($5.36 in chips) 
Seat 9: Dorex2007 ($8.21 in chips) 
ponsonby13: posts small blind $0.02
geniuss: posts big blind $0.05
*** HOLE CARDS ***
Dealt to Dorex2007 [6c 4c]
Alex366296: folds 
Lao Tsy: folds 
zanozaN1: folds 
Dorex2007: folds 
Tjokske: raises $0.10 to $0.15
ponsonby13: folds 
geniuss: calls $0.10
*** FLOP *** [Jd 8c 7c]
geniuss: checks 
Tjokske: bets $0.15
geniuss: folds 
Uncalled bet ($0.15) returned to Tjokske
Tjokske collected $0.31 from pot
Tjokske: doesn't show hand 
*** SUMMARY ***
Total pot $0.32 | Rake $0.01 
Board [Jd 8c 7c]
Seat 1: Tjokske (button) collected ($0.31)
Seat 2: ponsonby13 (small blind) folded before Flop
Seat 4: geniuss (big blind) folded on the Flop
Seat 5: Alex366296 folded before Flop (didn't bet)
Seat 6: Lao Tsy folded before Flop (didn't bet)
Seat 7: zanozaN1 folded before Flop (didn't bet)
Seat 9: Dorex2007 folded before Flop (didn't bet)



PokerStars Hand #237717240546:  Hold'em No Limit ($0.02/$0.05 USD) - 2022/07/31 22:56:28 PT [2022/08/01 1:56:28 ET]
Table 'Zahringia II' 9-max Seat #2 is the button
Seat 1: Tjokske ($4.34 in chips) 
Seat 2: ponsonby13 ($6.46 in chips) 
Seat 4: geniuss ($5.84 in chips) 
Seat 6: Lao Tsy ($5 in chips) 
Seat 7: zanozaN1 ($5.36 in chips) 
Seat 9: Dorex2007 ($8.21 in chips) 
geniuss: posts small blind $0.02
Lao Tsy: posts big blind $0.05
*** HOLE CARDS ***
Dealt to Dorex2007 [7c Jc]
zanozaN1: folds 
Dorex2007: folds 
Tjokske: folds 
ponsonby13: folds 
geniuss: raises $0.07 to $0.12
Lao Tsy: folds 
Uncalled bet ($0.07) returned to geniuss
geniuss collected $0.10 from pot
*** SUMMARY ***
Total pot $0.10 | Rake $0 
Seat 1: Tjokske folded before Flop (didn't bet)
Seat 2: ponsonby13 (button) folded before Flop (didn't bet)
Seat 4: geniuss (small blind) collected ($0.10)
Seat 6: Lao Tsy (big blind) folded before Flop
Seat 7: zanozaN1 folded before Flop (didn't bet)
Seat 9: Dorex2007 folded before Flop (didn't bet)



PokerStars Hand #237717250716:  Hold'em No Limit ($0.02/$0.05 USD) - 2022/07/31 22:56:50 PT [2022/08/01 1:56:50 ET]
Table 'Zahringia II' 9-max Seat #4 is the button
Seat 1: Tjokske ($4.34 in chips) 
Seat 2: ponsonby13 ($6.46 in chips) 
Seat 4: geniuss ($5.89 in chips) 
Seat 6: Lao Tsy ($5 in chips) 
Seat 7: zanozaN1 ($5.36 in chips) 
Seat 9: Dorex2007 ($8.21 in chips) 
Lao Tsy: posts small blind $0.02
zanozaN1: posts big blind $0.05
*** HOLE CARDS ***
Dealt to Dorex2007 [Th 2h]
Dorex2007: folds 
Tjokske: folds 
ponsonby13: raises $0.05 to $0.10
geniuss: folds 
Lao Tsy: folds 
zanozaN1: folds 
Uncalled bet ($0.05) returned to ponsonby13
ponsonby13 collected $0.12 from pot
ponsonby13: doesn't show hand 
*** SUMMARY ***
Total pot $0.12 | Rake $0 
Seat 1: Tjokske folded before Flop (didn't bet)
Seat 2: ponsonby13 collected ($0.12)
Seat 4: geniuss (button) folded before Flop (didn't bet)
Seat 6: Lao Tsy (small blind) folded before Flop
Seat 7: zanozaN1 (big blind) folded before Flop
Seat 9: Dorex2007 folded before Flop (didn't bet)



PokerStars Hand #237717253418:  Hold'em No Limit ($0.02/$0.05 USD) - 2022/07/31 22:57:22 PT [2022/08/01 1:57:22 ET]
Table 'Zahringia II' 9-max Seat #6 is the button
Seat 1: Tjokske ($4.34 in chips) 
Seat 2: ponsonby13 ($6.53 in chips) 
Seat 4: geniuss ($5.89 in chips) 
Seat 6: Lao Tsy ($5 in chips) 
Seat 7: zanozaN1 ($5.31 in chips) 
Seat 9: Dorex2007 ($8.21 in chips) 
zanozaN1: posts small blind $0.02
Dorex2007: posts big blind $0.05
*** HOLE CARDS ***
Dealt to Dorex2007 [4h 4s]
Tjokske: folds 
ponsonby13: folds 
geniuss: raises $0.10 to $0.15
Lao Tsy: calls $0.15
zanozaN1: raises $0.60 to $0.75
Dorex2007: folds 
geniuss: folds 
Lao Tsy: folds 
Uncalled bet ($0.60) returned to zanozaN1
zanozaN1 collected $0.50 from pot
zanozaN1: doesn't show hand 
*** SUMMARY ***
Total pot $0.50 | Rake $0 
Seat 1: Tjokske folded before Flop (didn't bet)
Seat 2: ponsonby13 folded before Flop (didn't bet)
Seat 4: geniuss folded before Flop
Seat 6: Lao Tsy (button) folded before Flop
Seat 7: zanozaN1 (small blind) collected ($0.50)
Seat 9: Dorex2007 (big blind) folded before Flop



PokerStars Hand #237717256637:  Hold'em No Limit ($0.02/$0.05 USD) - 2022/07/31 22:58:00 PT [2022/08/01 1:58:00 ET]
Table 'Zahringia II' 9-max Seat #7 is the button
Seat 1: Tjokske ($4.34 in chips) 
Seat 2: ponsonby13 ($6.53 in chips) 
Seat 4: geniuss ($5.74 in chips) 
Seat 6: Lao Tsy ($5 in chips) 
Seat 7: zanozaN1 ($5.66 in chips) 
Seat 9: Dorex2007 ($8.16 in chips) 
Dorex2007: posts small blind $0.02
Tjokske: posts big blind $0.05
*** HOLE CARDS ***
Dealt to Dorex2007 [Qc 3c]
ponsonby13 has timed out
ponsonby13: folds 
geniuss: folds 
Lao Tsy: folds 
zanozaN1: folds 
JBucardo joins the table at seat #3 
Dorex2007: folds 
Uncalled bet ($0.03) returned to Tjokske
Tjokske collected $0.04 from pot
Tjokske: doesn't show hand 
*** SUMMARY ***
Total pot $0.04 | Rake $0 
Seat 1: Tjokske (big blind) collected ($0.04)
Seat 2: ponsonby13 folded before Flop (didn't bet)
Seat 4: geniuss folded before Flop (didn't bet)
Seat 6: Lao Tsy folded before Flop (didn't bet)
Seat 7: zanozaN1 (button) folded before Flop (didn't bet)
Seat 9: Dorex2007 (small blind) folded before Flop



PokerStars Hand #237717259543:  Hold'em No Limit ($0.02/$0.05 USD) - 2022/07/31 22:58:35 PT [2022/08/01 1:58:35 ET]
Table 'Zahringia II' 9-max Seat #9 is the button
Seat 1: Tjokske ($4.36 in chips) 
Seat 2: ponsonby13 ($6.53 in chips) 
Seat 3: JBucardo ($5 in chips) 
Seat 4: geniuss ($5.74 in chips) 
Seat 6: Lao Tsy ($5 in chips) 
Seat 7: zanozaN1 ($5.66 in chips) 
Seat 9: Dorex2007 ($8.14 in chips) 
Tjokske: posts small blind $0.02
ponsonby13: posts big blind $0.05
JBucardo: posts big blind $0.05
*** HOLE CARDS ***
Dealt to Dorex2007 [Jd 5h]
JBucardo: checks 
geniuss: folds 
Lao Tsy: folds 
zanozaN1: folds 
Dorex2007: folds 
Tjokske: folds 
ponsonby13: raises $0.10 to $0.15
JBucardo: calls $0.10
*** FLOP *** [2c Ks 4d]
Jikata123 joins the table at seat #8 
ponsonby13: checks 
JBucardo: bets $0.05
ponsonby13: calls $0.05
*** TURN *** [2c Ks 4d] [Kd]
ponsonby13: checks 
JBucardo: bets $0.05
ponsonby13: raises $0.20 to $0.25
JBucardo: folds 
Uncalled bet ($0.20) returned to ponsonby13
ponsonby13 collected $0.50 from pot
ponsonby13: doesn't show hand 
*** SUMMARY ***
Total pot $0.52 | Rake $0.02 
Board [2c Ks 4d Kd]
Seat 1: Tjokske (small blind) folded before Flop
Seat 2: ponsonby13 (big blind) collected ($0.50)
Seat 3: JBucardo folded on the Turn
Seat 4: geniuss folded before Flop (didn't bet)
Seat 6: Lao Tsy folded before Flop (didn't bet)
Seat 7: zanozaN1 folded before Flop (didn't bet)
Seat 9: Dorex2007 (button) folded before Flop (didn't bet)



