PokerStars Hand #237386370510:  Hold'em No Limit ($0.01/$0.02 USD) - 2022/07/15 21:02:16 PT [2022/07/16 0:02:16 ET]
Table 'Cuffey III' 9-max Seat #9 is the button
Seat 1: AtlanticTide ($3.58 in chips) 
Seat 2: meelis9 ($1.98 in chips) 
Seat 3: Glayson035 ($4.43 in chips) 
Seat 4: dboulay1979 ($2.98 in chips) 
Seat 5: ferni23 ($0.55 in chips) 
Seat 6: dlolo30 ($1.93 in chips) 
Seat 7: cberto09 ($2 in chips) 
Seat 8: Dorex2007 ($2 in chips) 
Seat 9: yur4ik777 ($2.02 in chips) 
AtlanticTide: posts small blind $0.01
meelis9: posts big blind $0.02
Dorex2007: posts big blind $0.02
*** HOLE CARDS ***
Dealt to Dorex2007 [6d 3h]
Glayson035: folds 
Glayson035 leaves the table
dboulay1979: folds 
ferni23: folds 
dlolo30: folds 
cberto09: folds 
Dorex2007: checks 
yur4ik777: folds 
AtlanticTide: calls $0.01
meelis9: checks 
*** FLOP *** [Td 2h Ac]
AtlanticTide: checks 
meelis9: bets $0.03
Dorex2007: folds 
AtlanticTide: folds 
Uncalled bet ($0.03) returned to meelis9
meelis9 collected $0.06 from pot
*** SUMMARY ***
Total pot $0.06 | Rake $0 
Board [Td 2h Ac]
Seat 1: AtlanticTide (small blind) folded on the Flop
Seat 2: meelis9 (big blind) collected ($0.06)
Seat 3: Glayson035 folded before Flop (didn't bet)
Seat 4: dboulay1979 folded before Flop (didn't bet)
Seat 5: ferni23 folded before Flop (didn't bet)
Seat 6: dlolo30 folded before Flop (didn't bet)
Seat 7: cberto09 folded before Flop (didn't bet)
Seat 8: Dorex2007 folded on the Flop (didn't bet)
Seat 9: yur4ik777 (button) folded before Flop (didn't bet)



PokerStars Hand #237386380568:  Hold'em No Limit ($0.01/$0.02 USD) - 2022/07/15 21:02:53 PT [2022/07/16 0:02:53 ET]
Table 'Cuffey III' 9-max Seat #1 is the button
Seat 1: AtlanticTide ($3.56 in chips) 
Seat 2: meelis9 ($2.02 in chips) 
Seat 4: dboulay1979 ($2.98 in chips) 
Seat 5: ferni23 ($0.55 in chips) 
Seat 6: dlolo30 ($1.93 in chips) 
Seat 7: cberto09 ($2 in chips) 
Seat 8: Dorex2007 ($2 in chips) 
Seat 9: yur4ik777 ($2.02 in chips) 
meelis9: posts small blind $0.01
dboulay1979: posts big blind $0.02
*** HOLE CARDS ***
Dealt to Dorex2007 [6c 2s]
ferni23: calls $0.02
dlolo30: folds 
cberto09: folds 
Dorex2007: folds 
yur4ik777: folds 
AtlanticTide: folds 
meelis9: folds 
dboulay1979: checks 
*** FLOP *** [Qh As Jh]
dboulay1979: bets $0.05
ferni23: raises $0.05 to $0.10
dboulay1979: raises $0.25 to $0.35
ferni23: raises $0.18 to $0.53 and is all-in
dboulay1979: calls $0.18
*** TURN *** [Qh As Jh] [Qs]
*** RIVER *** [Qh As Jh Qs] [3c]
*** SHOW DOWN ***
dboulay1979: shows [Td Kh] (a straight, Ten to Ace)
ferni23: shows [Ac 5s] (two pair, Aces and Queens)
rick_pedrozo joins the table at seat #3 
dboulay1979 cashed out the hand for $1.03 | Cash Out Fee $0.01
ferni23 cashed out the hand for $0.03
*** SUMMARY ***
Total pot $1.11 | Rake $0.04 
Board [Qh As Jh Qs 3c]
Seat 1: AtlanticTide (button) folded before Flop (didn't bet)
Seat 2: meelis9 (small blind) folded before Flop
Seat 4: dboulay1979 (big blind) showed [Td Kh] and won ($1.07) with a straight, Ten to Ace (pot not awarded as player cashed out)
Seat 5: ferni23 showed [Ac 5s] and lost with two pair, Aces and Queens (cashed out).
Seat 6: dlolo30 folded before Flop (didn't bet)
Seat 7: cberto09 folded before Flop (didn't bet)
Seat 8: Dorex2007 folded before Flop (didn't bet)
Seat 9: yur4ik777 folded before Flop (didn't bet)



PokerStars Hand #237386388141:  Hold'em No Limit ($0.01/$0.02 USD) - 2022/07/15 21:03:45 PT [2022/07/16 0:03:45 ET]
Table 'Cuffey III' 9-max Seat #2 is the button
Seat 1: AtlanticTide ($3.56 in chips) 
Seat 2: meelis9 ($2.01 in chips) 
Seat 4: dboulay1979 ($3.46 in chips) 
Seat 5: ferni23 ($0.03 in chips) 
Seat 6: dlolo30 ($1.93 in chips) 
Seat 7: cberto09 ($2 in chips) 
Seat 8: Dorex2007 ($2 in chips) 
Seat 9: yur4ik777 ($2.02 in chips) 
dboulay1979: posts small blind $0.01
ferni23: posts big blind $0.02
*** HOLE CARDS ***
Dealt to Dorex2007 [Td 6h]
dlolo30: folds 
cberto09: folds 
Dorex2007: folds 
yur4ik777: folds 
AtlanticTide: folds 
meelis9: folds 
dboulay1979: folds 
Uncalled bet ($0.01) returned to ferni23
ferni23 collected $0.02 from pot
*** SUMMARY ***
Total pot $0.02 | Rake $0 
Seat 1: AtlanticTide folded before Flop (didn't bet)
Seat 2: meelis9 (button) folded before Flop (didn't bet)
Seat 4: dboulay1979 (small blind) folded before Flop
Seat 5: ferni23 (big blind) collected ($0.02)
Seat 6: dlolo30 folded before Flop (didn't bet)
Seat 7: cberto09 folded before Flop (didn't bet)
Seat 8: Dorex2007 folded before Flop (didn't bet)
Seat 9: yur4ik777 folded before Flop (didn't bet)



PokerStars Hand #237386391400:  Hold'em No Limit ($0.01/$0.02 USD) - 2022/07/15 21:04:07 PT [2022/07/16 0:04:07 ET]
Table 'Cuffey III' 9-max Seat #4 is the button
Seat 1: AtlanticTide ($3.56 in chips) 
Seat 2: meelis9 ($2.01 in chips) 
Seat 3: rick_pedrozo ($1.60 in chips) 
Seat 4: dboulay1979 ($3.45 in chips) 
Seat 5: ferni23 ($0.04 in chips) 
Seat 6: dlolo30 ($1.93 in chips) 
Seat 7: cberto09 ($2 in chips) 
Seat 8: Dorex2007 ($2 in chips) 
Seat 9: yur4ik777 ($2.02 in chips) 
ferni23: posts small blind $0.01
dlolo30: posts big blind $0.02
rick_pedrozo: posts big blind $0.02
*** HOLE CARDS ***
Dealt to Dorex2007 [Kd 9h]
cberto09: folds 
Dorex2007: folds 
yur4ik777: folds 
AtlanticTide: folds 
meelis9: folds 
rick_pedrozo: raises $0.02 to $0.04
dboulay1979: folds 
ferni23: folds 
dlolo30: folds 
Uncalled bet ($0.02) returned to rick_pedrozo
rick_pedrozo collected $0.05 from pot
*** SUMMARY ***
Total pot $0.05 | Rake $0 
Seat 1: AtlanticTide folded before Flop (didn't bet)
Seat 2: meelis9 folded before Flop (didn't bet)
Seat 3: rick_pedrozo collected ($0.05)
Seat 4: dboulay1979 (button) folded before Flop (didn't bet)
Seat 5: ferni23 (small blind) folded before Flop
Seat 6: dlolo30 (big blind) folded before Flop
Seat 7: cberto09 folded before Flop (didn't bet)
Seat 8: Dorex2007 folded before Flop (didn't bet)
Seat 9: yur4ik777 folded before Flop (didn't bet)



PokerStars Hand #237386394263:  Hold'em No Limit ($0.01/$0.02 USD) - 2022/07/15 21:04:26 PT [2022/07/16 0:04:26 ET]
Table 'Cuffey III' 9-max Seat #5 is the button
Seat 1: AtlanticTide ($3.56 in chips) 
Seat 2: meelis9 ($2.01 in chips) 
Seat 3: rick_pedrozo ($1.63 in chips) 
Seat 4: dboulay1979 ($3.45 in chips) 
Seat 5: ferni23 ($0.03 in chips) 
Seat 6: dlolo30 ($1.91 in chips) 
Seat 7: cberto09 ($2 in chips) 
Seat 8: Dorex2007 ($2 in chips) 
Seat 9: yur4ik777 ($2.02 in chips) 
dlolo30: posts small blind $0.01
cberto09: posts big blind $0.02
*** HOLE CARDS ***
Dealt to Dorex2007 [3s 3c]
Dorex2007: calls $0.02
yur4ik777: folds 
AtlanticTide: folds 
meelis9: folds 
rick_pedrozo: calls $0.02
dboulay1979: folds 
ferni23: raises $0.01 to $0.03 and is all-in
dlolo30: folds 
cberto09: calls $0.01
Dorex2007: calls $0.01
rick_pedrozo: calls $0.01
*** FLOP *** [7d Kh Tc]
cberto09: checks 
Dorex2007: checks 
rick_pedrozo: checks 
*** TURN *** [7d Kh Tc] [As]
cberto09: checks 
Dorex2007: checks 
rick_pedrozo: checks 
*** RIVER *** [7d Kh Tc As] [4c]
cberto09: checks 
Dorex2007: checks 
rick_pedrozo: checks 
*** SHOW DOWN ***
cberto09: shows [Qh Th] (a pair of Tens)
Dorex2007: mucks hand 
rick_pedrozo: mucks hand 
ferni23: shows [8d Ad] (a pair of Aces)
ferni23 collected $0.13 from pot
*** SUMMARY ***
Total pot $0.13 | Rake $0 
Board [7d Kh Tc As 4c]
Seat 1: AtlanticTide folded before Flop (didn't bet)
Seat 2: meelis9 folded before Flop (didn't bet)
Seat 3: rick_pedrozo mucked [9s 2d]
Seat 4: dboulay1979 folded before Flop (didn't bet)
Seat 5: ferni23 (button) showed [8d Ad] and won ($0.13) with a pair of Aces
Seat 6: dlolo30 (small blind) folded before Flop
Seat 7: cberto09 (big blind) showed [Qh Th] and lost with a pair of Tens
Seat 8: Dorex2007 mucked [3s 3c]
Seat 9: yur4ik777 folded before Flop (didn't bet)



PokerStars Hand #237386401005:  Hold'em No Limit ($0.01/$0.02 USD) - 2022/07/15 21:05:13 PT [2022/07/16 0:05:13 ET]
Table 'Cuffey III' 9-max Seat #6 is the button
Seat 1: AtlanticTide ($3.56 in chips) 
Seat 2: meelis9 ($2.01 in chips) 
Seat 3: rick_pedrozo ($1.60 in chips) 
Seat 4: dboulay1979 ($3.45 in chips) 
Seat 5: ferni23 ($0.13 in chips) 
Seat 6: dlolo30 ($1.90 in chips) 
Seat 7: cberto09 ($2 in chips) 
Seat 8: Dorex2007 ($2 in chips) 
Seat 9: yur4ik777 ($2.02 in chips) 
cberto09: posts small blind $0.01
Dorex2007: posts big blind $0.02
*** HOLE CARDS ***
Dealt to Dorex2007 [6d 8s]
yur4ik777: folds 
AtlanticTide: folds 
meelis9: folds 
rick_pedrozo: calls $0.02
dboulay1979: folds 
ferni23: raises $0.02 to $0.04
dlolo30: calls $0.04
cberto09: folds 
Dorex2007: folds 
rick_pedrozo: calls $0.02
*** FLOP *** [Qd Td 7c]
rick_pedrozo: checks 
ferni23: bets $0.09 and is all-in
dlolo30: folds 
rick_pedrozo: folds 
Uncalled bet ($0.09) returned to ferni23
ferni23 collected $0.14 from pot
*** SUMMARY ***
Total pot $0.15 | Rake $0.01 
Board [Qd Td 7c]
Seat 1: AtlanticTide folded before Flop (didn't bet)
Seat 2: meelis9 folded before Flop (didn't bet)
Seat 3: rick_pedrozo folded on the Flop
Seat 4: dboulay1979 folded before Flop (didn't bet)
Seat 5: ferni23 collected ($0.14)
Seat 6: dlolo30 (button) folded on the Flop
Seat 7: cberto09 (small blind) folded before Flop
Seat 8: Dorex2007 (big blind) folded before Flop
Seat 9: yur4ik777 folded before Flop (didn't bet)



PokerStars Hand #237386405784:  Hold'em No Limit ($0.01/$0.02 USD) - 2022/07/15 21:05:47 PT [2022/07/16 0:05:47 ET]
Table 'Cuffey III' 9-max Seat #7 is the button
Seat 1: AtlanticTide ($3.56 in chips) 
Seat 2: meelis9 ($2.01 in chips) 
Seat 3: rick_pedrozo ($1.56 in chips) 
Seat 4: dboulay1979 ($3.45 in chips) 
Seat 5: ferni23 ($0.23 in chips) 
Seat 6: dlolo30 ($1.86 in chips) 
Seat 7: cberto09 ($2 in chips) 
Seat 8: Dorex2007 ($2 in chips) 
Seat 9: yur4ik777 ($2.02 in chips) 
Dorex2007: posts small blind $0.01
yur4ik777: posts big blind $0.02
*** HOLE CARDS ***
Dealt to Dorex2007 [Qs 8d]
AtlanticTide: folds 
meelis9: folds 
rick_pedrozo: folds 
dboulay1979: folds 
ferni23: calls $0.02
dlolo30: folds 
cberto09: folds 
Dorex2007: folds 
yur4ik777: checks 
*** FLOP *** [Qd 6d 3h]
yur4ik777: bets $0.04
ferni23: calls $0.04
*** TURN *** [Qd 6d 3h] [Ah]
yur4ik777: checks 
ferni23: checks 
*** RIVER *** [Qd 6d 3h Ah] [Jd]
yur4ik777: bets $0.08
ferni23: folds 
Uncalled bet ($0.08) returned to yur4ik777
yur4ik777 collected $0.13 from pot
*** SUMMARY ***
Total pot $0.13 | Rake $0 
Board [Qd 6d 3h Ah Jd]
Seat 1: AtlanticTide folded before Flop (didn't bet)
Seat 2: meelis9 folded before Flop (didn't bet)
Seat 3: rick_pedrozo folded before Flop (didn't bet)
Seat 4: dboulay1979 folded before Flop (didn't bet)
Seat 5: ferni23 folded on the River
Seat 6: dlolo30 folded before Flop (didn't bet)
Seat 7: cberto09 (button) folded before Flop (didn't bet)
Seat 8: Dorex2007 (small blind) folded before Flop
Seat 9: yur4ik777 (big blind) collected ($0.13)



PokerStars Hand #237386412749:  Hold'em No Limit ($0.01/$0.02 USD) - 2022/07/15 21:06:34 PT [2022/07/16 0:06:34 ET]
Table 'Cuffey III' 9-max Seat #8 is the button
Seat 1: AtlanticTide ($3.56 in chips) 
Seat 2: meelis9 ($2.01 in chips) 
Seat 3: rick_pedrozo ($1.56 in chips) 
Seat 4: dboulay1979 ($3.45 in chips) 
Seat 5: ferni23 ($0.17 in chips) 
Seat 6: dlolo30 ($1.86 in chips) 
Seat 7: cberto09 ($2 in chips) 
Seat 8: Dorex2007 ($2 in chips) 
Seat 9: yur4ik777 ($2.09 in chips) 
yur4ik777: posts small blind $0.01
AtlanticTide: posts big blind $0.02
*** HOLE CARDS ***
Dealt to Dorex2007 [3h Jc]
meelis9: folds 
rick_pedrozo: folds 
dboulay1979: folds 
ferni23: calls $0.02
dlolo30: folds 
cberto09: folds 
Dorex2007: folds 
yur4ik777: folds 
AtlanticTide: checks 
*** FLOP *** [8h Th 7h]
AtlanticTide: checks 
ferni23: bets $0.02
AtlanticTide: folds 
Uncalled bet ($0.02) returned to ferni23
ferni23 collected $0.05 from pot
*** SUMMARY ***
Total pot $0.05 | Rake $0 
Board [8h Th 7h]
Seat 1: AtlanticTide (big blind) folded on the Flop
Seat 2: meelis9 folded before Flop (didn't bet)
Seat 3: rick_pedrozo folded before Flop (didn't bet)
Seat 4: dboulay1979 folded before Flop (didn't bet)
Seat 5: ferni23 collected ($0.05)
Seat 6: dlolo30 folded before Flop (didn't bet)
Seat 7: cberto09 folded before Flop (didn't bet)
Seat 8: Dorex2007 (button) folded before Flop (didn't bet)
Seat 9: yur4ik777 (small blind) folded before Flop



PokerStars Hand #237386417202:  Hold'em No Limit ($0.01/$0.02 USD) - 2022/07/15 21:07:05 PT [2022/07/16 0:07:05 ET]
Table 'Cuffey III' 9-max Seat #9 is the button
Seat 1: AtlanticTide ($3.54 in chips) 
Seat 2: meelis9 ($2.01 in chips) 
Seat 3: rick_pedrozo ($1.56 in chips) 
Seat 4: dboulay1979 ($3.45 in chips) 
Seat 5: ferni23 ($0.20 in chips) 
Seat 6: dlolo30 ($1.86 in chips) 
Seat 7: cberto09 ($2 in chips) 
Seat 8: Dorex2007 ($2 in chips) 
Seat 9: yur4ik777 ($2.08 in chips) 
AtlanticTide: posts small blind $0.01
meelis9: posts big blind $0.02
*** HOLE CARDS ***
Dealt to Dorex2007 [Ks 5d]
rick_pedrozo: folds 
dboulay1979: folds 
ferni23: folds 
dlolo30: folds 
cberto09: folds 
Dorex2007: folds 
yur4ik777: folds 
AtlanticTide: folds 
Uncalled bet ($0.01) returned to meelis9
meelis9 collected $0.02 from pot
*** SUMMARY ***
Total pot $0.02 | Rake $0 
Seat 1: AtlanticTide (small blind) folded before Flop
Seat 2: meelis9 (big blind) collected ($0.02)
Seat 3: rick_pedrozo folded before Flop (didn't bet)
Seat 4: dboulay1979 folded before Flop (didn't bet)
Seat 5: ferni23 folded before Flop (didn't bet)
Seat 6: dlolo30 folded before Flop (didn't bet)
Seat 7: cberto09 folded before Flop (didn't bet)
Seat 8: Dorex2007 folded before Flop (didn't bet)
Seat 9: yur4ik777 (button) folded before Flop (didn't bet)



PokerStars Hand #237386419288:  Hold'em No Limit ($0.01/$0.02 USD) - 2022/07/15 21:07:19 PT [2022/07/16 0:07:19 ET]
Table 'Cuffey III' 9-max Seat #1 is the button
Seat 1: AtlanticTide ($3.53 in chips) 
Seat 2: meelis9 ($2.02 in chips) 
Seat 3: rick_pedrozo ($1.56 in chips) 
Seat 4: dboulay1979 ($3.45 in chips) 
Seat 6: dlolo30 ($1.86 in chips) 
Seat 7: cberto09 ($2 in chips) 
Seat 8: Dorex2007 ($2 in chips) 
Seat 9: yur4ik777 ($2.08 in chips) 
meelis9: posts small blind $0.01
rick_pedrozo: posts big blind $0.02
*** HOLE CARDS ***
Dealt to Dorex2007 [7h Qh]
dboulay1979: folds 
dlolo30: calls $0.02
cberto09: folds 
Dorex2007: folds 
Samir1384 joins the table at seat #5 
yur4ik777: raises $0.04 to $0.06
AtlanticTide: calls $0.06
meelis9: folds 
rick_pedrozo: calls $0.04
dlolo30: calls $0.04
*** FLOP *** [Qd 7s Ts]
rick_pedrozo: checks 
dlolo30: checks 
yur4ik777: bets $0.19
AtlanticTide: calls $0.19
rick_pedrozo: folds 
rick_pedrozo leaves the table
dlolo30: calls $0.19
*** TURN *** [Qd 7s Ts] [Ac]
dlolo30: checks 
yur4ik777: bets $0.26
AtlanticTide: calls $0.26
dlolo30: raises $0.79 to $1.05
Juagonzalez joins the table at seat #3 
yur4ik777: raises $0.78 to $1.83 and is all-in
AtlanticTide: folds 
dlolo30: calls $0.56 and is all-in
Uncalled bet ($0.22) returned to yur4ik777
*** RIVER *** [Qd 7s Ts Ac] [4d]
*** SHOW DOWN ***
dlolo30: shows [Kh Jc] (a straight, Ten to Ace)
yur4ik777: shows [Ah Ad] (three of a kind, Aces)
dlolo30 cashed out the hand for $3.18 | Cash Out Fee $0.03
*** SUMMARY ***
Total pot $4.30 | Rake $0.15 
Board [Qd 7s Ts Ac 4d]
Seat 1: AtlanticTide (button) folded on the Turn
Seat 2: meelis9 (small blind) folded before Flop
Seat 3: rick_pedrozo (big blind) folded on the Flop
Seat 4: dboulay1979 folded before Flop (didn't bet)
Seat 6: dlolo30 showed [Kh Jc] and won ($4.15) with a straight, Ten to Ace (pot not awarded as player cashed out)
Seat 7: cberto09 folded before Flop (didn't bet)
Seat 8: Dorex2007 folded before Flop (didn't bet)
Seat 9: yur4ik777 showed [Ah Ad] and lost with three of a kind, Aces



PokerStars Hand #237386433918:  Hold'em No Limit ($0.01/$0.02 USD) - 2022/07/15 21:09:02 PT [2022/07/16 0:09:02 ET]
Table 'Cuffey III' 9-max Seat #2 is the button
Seat 1: AtlanticTide ($3.02 in chips) 
Seat 2: meelis9 ($2.01 in chips) 
Seat 4: dboulay1979 ($3.45 in chips) 
Seat 5: Samir1384 ($0.80 in chips) 
Seat 6: dlolo30 ($3.18 in chips) 
Seat 7: cberto09 ($2 in chips) 
Seat 8: Dorex2007 ($2 in chips) 
Seat 9: yur4ik777 ($2 in chips) 
dboulay1979: posts small blind $0.01
Samir1384: posts big blind $0.02
*** HOLE CARDS ***
Dealt to Dorex2007 [6h Tc]
dlolo30: folds 
cberto09: folds 
Dorex2007: folds 
yur4ik777: folds 
AtlanticTide: folds 
meelis9: folds 
dboulay1979: folds 
Uncalled bet ($0.01) returned to Samir1384
Samir1384 collected $0.02 from pot
*** SUMMARY ***
Total pot $0.02 | Rake $0 
Seat 1: AtlanticTide folded before Flop (didn't bet)
Seat 2: meelis9 (button) folded before Flop (didn't bet)
Seat 4: dboulay1979 (small blind) folded before Flop
Seat 5: Samir1384 (big blind) collected ($0.02)
Seat 6: dlolo30 folded before Flop (didn't bet)
Seat 7: cberto09 folded before Flop (didn't bet)
Seat 8: Dorex2007 folded before Flop (didn't bet)
Seat 9: yur4ik777 folded before Flop (didn't bet)



PokerStars Hand #237386436110:  Hold'em No Limit ($0.01/$0.02 USD) - 2022/07/15 21:09:17 PT [2022/07/16 0:09:17 ET]
Table 'Cuffey III' 9-max Seat #4 is the button
Seat 1: AtlanticTide ($3.02 in chips) 
Seat 2: meelis9 ($2.01 in chips) 
Seat 4: dboulay1979 ($3.44 in chips) 
Seat 5: Samir1384 ($0.81 in chips) 
Seat 6: dlolo30 ($3.18 in chips) 
Seat 7: cberto09 ($2 in chips) 
Seat 8: Dorex2007 ($2 in chips) 
Seat 9: yur4ik777 ($2 in chips) 
Samir1384: posts small blind $0.01
dlolo30: posts big blind $0.02
Juagonzalez: sits out 
*** HOLE CARDS ***
Dealt to Dorex2007 [4d 6c]
cberto09: folds 
Dorex2007: folds 
yur4ik777: folds 
AtlanticTide: folds 
meelis9: raises $0.04 to $0.06
dboulay1979: folds 
Samir1384: calls $0.05
dlolo30 has timed out
dlolo30: folds 
*** FLOP *** [Tc 2h 2d]
Samir1384: checks 
meelis9: checks 
*** TURN *** [Tc 2h 2d] [7h]
Samir1384: checks 
meelis9: checks 
*** RIVER *** [Tc 2h 2d 7h] [Jh]
Samir1384: checks 
meelis9: checks 
*** SHOW DOWN ***
Samir1384: shows [9d Qs] (a pair of Deuces)
meelis9: shows [Ah 8s] (a pair of Deuces - Ace kicker)
meelis9 collected $0.14 from pot
*** SUMMARY ***
Total pot $0.14 | Rake $0 
Board [Tc 2h 2d 7h Jh]
Seat 1: AtlanticTide folded before Flop (didn't bet)
Seat 2: meelis9 showed [Ah 8s] and won ($0.14) with a pair of Deuces
Seat 4: dboulay1979 (button) folded before Flop (didn't bet)
Seat 5: Samir1384 (small blind) showed [9d Qs] and lost with a pair of Deuces
Seat 6: dlolo30 (big blind) folded before Flop
Seat 7: cberto09 folded before Flop (didn't bet)
Seat 8: Dorex2007 folded before Flop (didn't bet)
Seat 9: yur4ik777 folded before Flop (didn't bet)



PokerStars Hand #237386457974:  Hold'em No Limit ($0.01/$0.02 USD) - 2022/07/15 21:11:11 PT [2022/07/16 0:11:11 ET]
Table 'Cuffey III' 9-max Seat #5 is the button
Seat 2: meelis9 ($2.09 in chips) 
Seat 4: dboulay1979 ($3.44 in chips) 
Seat 5: Samir1384 ($0.75 in chips) 
Seat 7: cberto09 ($2 in chips) 
Seat 8: Dorex2007 ($2 in chips) 
Seat 9: yur4ik777 ($2 in chips) 
cberto09: posts small blind $0.01
Dorex2007: posts big blind $0.02
Juagonzalez: sits out 
*** HOLE CARDS ***
Dealt to Dorex2007 [3d 9c]
yur4ik777: folds 
meelis9: folds 
dboulay1979: folds 
Samir1384: raises $0.02 to $0.04
cberto09: calls $0.03
Dorex2007: folds 
*** FLOP *** [9d Jh 2h]
cberto09: bets $0.03
Samir1384: calls $0.03
*** TURN *** [9d Jh 2h] [Td]
cberto09: bets $0.08
Samir1384: calls $0.08
*** RIVER *** [9d Jh 2h Td] [9h]
cberto09: checks 
Samir1384: checks 
*** SHOW DOWN ***
cberto09: shows [Ah Qs] (a pair of Nines)
Samir1384: shows [6h 6c] (two pair, Nines and Sixes)
Samir1384 collected $0.31 from pot
*** SUMMARY ***
Total pot $0.32 | Rake $0.01 
Board [9d Jh 2h Td 9h]
Seat 2: meelis9 folded before Flop (didn't bet)
Seat 4: dboulay1979 folded before Flop (didn't bet)
Seat 5: Samir1384 (button) showed [6h 6c] and won ($0.31) with two pair, Nines and Sixes
Seat 7: cberto09 (small blind) showed [Ah Qs] and lost with a pair of Nines
Seat 8: Dorex2007 (big blind) folded before Flop
Seat 9: yur4ik777 folded before Flop (didn't bet)



PokerStars Hand #237386463549:  Hold'em No Limit ($0.01/$0.02 USD) - 2022/07/15 21:11:51 PT [2022/07/16 0:11:51 ET]
Table 'Cuffey III' 9-max Seat #7 is the button
Seat 2: meelis9 ($2.09 in chips) 
Seat 4: dboulay1979 ($3.44 in chips) 
Seat 5: Samir1384 ($0.91 in chips) 
Seat 7: cberto09 ($2 in chips) 
Seat 8: Dorex2007 ($2 in chips) 
Seat 9: yur4ik777 ($2 in chips) 
Dorex2007: posts small blind $0.01
yur4ik777: posts big blind $0.02
Juagonzalez: sits out 
dlolo30: sits out 
*** HOLE CARDS ***
Dealt to Dorex2007 [8s Qc]
meelis9: folds 
dboulay1979: folds 
Samir1384: calls $0.02
dlolo30 leaves the table
cberto09: folds 
Dorex2007: folds 
yur4ik777: checks 
*** FLOP *** [6h Jc 5d]
yur4ik777: checks 
Samir1384: bets $0.02
yur4ik777: calls $0.02
*** TURN *** [6h Jc 5d] [Qd]
yur4ik777: checks 
Samir1384: checks 
*** RIVER *** [6h Jc 5d Qd] [Td]
yur4ik777: checks 
Samir1384: checks 
*** SHOW DOWN ***
yur4ik777: shows [8c 6c] (a pair of Sixes)
Samir1384: shows [Ts 4h] (a pair of Tens)
Samir1384 collected $0.09 from pot
*** SUMMARY ***
Total pot $0.09 | Rake $0 
Board [6h Jc 5d Qd Td]
Seat 2: meelis9 folded before Flop (didn't bet)
Seat 4: dboulay1979 folded before Flop (didn't bet)
Seat 5: Samir1384 showed [Ts 4h] and won ($0.09) with a pair of Tens
Seat 7: cberto09 (button) folded before Flop (didn't bet)
Seat 8: Dorex2007 (small blind) folded before Flop
Seat 9: yur4ik777 (big blind) showed [8c 6c] and lost with a pair of Sixes



PokerStars Hand #237386468932:  Hold'em No Limit ($0.01/$0.02 USD) - 2022/07/15 21:12:28 PT [2022/07/16 0:12:28 ET]
Table 'Cuffey III' 9-max Seat #8 is the button
Seat 1: AtlanticTide ($3.02 in chips) 
Seat 2: meelis9 ($2.09 in chips) 
Seat 4: dboulay1979 ($3.44 in chips) 
Seat 5: Samir1384 ($0.96 in chips) 
Seat 7: cberto09 ($2 in chips) 
Seat 8: Dorex2007 ($2 in chips) 
Seat 9: yur4ik777 ($1.96 in chips) 
yur4ik777: posts small blind $0.01
AtlanticTide: posts big blind $0.02
Juagonzalez: sits out 
*** HOLE CARDS ***
Dealt to Dorex2007 [4h 3h]
meelis9: folds 
dboulay1979: folds 
Samir1384: calls $0.02
cberto09: folds 
Dorex2007: calls $0.02
yur4ik777: folds 
AtlanticTide: checks 
*** FLOP *** [Ad 7d Th]
AtlanticTide: checks 
Samir1384: bets $0.02
Dorex2007: folds 
AtlanticTide: calls $0.02
*** TURN *** [Ad 7d Th] [2h]
AtlanticTide: checks 
Samir1384: checks 
*** RIVER *** [Ad 7d Th 2h] [9h]
AtlanticTide: checks 
Samir1384: checks 
*** SHOW DOWN ***
AtlanticTide: shows [6d 9c] (a pair of Nines)
Samir1384: mucks hand 
AtlanticTide collected $0.11 from pot
*** SUMMARY ***
Total pot $0.11 | Rake $0 
Board [Ad 7d Th 2h 9h]
Seat 1: AtlanticTide (big blind) showed [6d 9c] and won ($0.11) with a pair of Nines
Seat 2: meelis9 folded before Flop (didn't bet)
Seat 4: dboulay1979 folded before Flop (didn't bet)
Seat 5: Samir1384 mucked [Qh 8d]
Seat 7: cberto09 folded before Flop (didn't bet)
Seat 8: Dorex2007 (button) folded on the Flop
Seat 9: yur4ik777 (small blind) folded before Flop



PokerStars Hand #237386475159:  Hold'em No Limit ($0.01/$0.02 USD) - 2022/07/15 21:13:12 PT [2022/07/16 0:13:12 ET]
Table 'Cuffey III' 9-max Seat #9 is the button
Seat 1: AtlanticTide ($3.09 in chips) 
Seat 2: meelis9 ($2.09 in chips) 
Seat 4: dboulay1979 ($3.44 in chips) 
Seat 5: Samir1384 ($0.92 in chips) 
Seat 7: cberto09 ($2 in chips) 
Seat 8: Dorex2007 ($2 in chips) 
Seat 9: yur4ik777 ($1.95 in chips) 
AtlanticTide: posts small blind $0.01
meelis9: posts big blind $0.02
Juagonzalez: sits out 
*** HOLE CARDS ***
Dealt to Dorex2007 [Js Ah]
dboulay1979: folds 
Samir1384: raises $0.02 to $0.04
cberto09: folds 
Dorex2007: calls $0.04
yur4ik777: raises $0.15 to $0.19
0kDen joins the table at seat #6 
AtlanticTide: folds 
meelis9: folds 
Samir1384: calls $0.15
Dorex2007: folds 
*** FLOP *** [Qd 8h 5s]
Samir1384: checks 
yur4ik777: checks 
*** TURN *** [Qd 8h 5s] [3d]
Samir1384: checks 
yur4ik777: bets $0.24
Samir1384: folds 
Uncalled bet ($0.24) returned to yur4ik777
yur4ik777 collected $0.43 from pot
*** SUMMARY ***
Total pot $0.45 | Rake $0.02 
Board [Qd 8h 5s 3d]
Seat 1: AtlanticTide (small blind) folded before Flop
Seat 2: meelis9 (big blind) folded before Flop
Seat 4: dboulay1979 folded before Flop (didn't bet)
Seat 5: Samir1384 folded on the Turn
Seat 7: cberto09 folded before Flop (didn't bet)
Seat 8: Dorex2007 folded before Flop
Seat 9: yur4ik777 (button) collected ($0.43)



PokerStars Hand #237386486517:  Hold'em No Limit ($0.01/$0.02 USD) - 2022/07/15 21:14:33 PT [2022/07/16 0:14:33 ET]
Table 'Cuffey III' 9-max Seat #1 is the button
Seat 1: AtlanticTide ($3.08 in chips) 
Seat 2: meelis9 ($2.07 in chips) 
Seat 3: Juagonzalez ($2 in chips) 
Seat 4: dboulay1979 ($3.44 in chips) 
Seat 5: Samir1384 ($0.73 in chips) 
Seat 7: cberto09 ($2 in chips) 
Seat 8: Dorex2007 ($2 in chips) 
Seat 9: yur4ik777 ($2.19 in chips) 
meelis9: posts small blind $0.01
Juagonzalez: posts big blind $0.02
0kDen: sits out 
*** HOLE CARDS ***
Dealt to Dorex2007 [2c Jh]
dboulay1979: folds 
Samir1384: folds 
cberto09: folds 
Dorex2007: folds 
yur4ik777: folds 
AtlanticTide: folds 
meelis9: folds 
Uncalled bet ($0.01) returned to Juagonzalez
Juagonzalez collected $0.02 from pot
*** SUMMARY ***
Total pot $0.02 | Rake $0 
Seat 1: AtlanticTide (button) folded before Flop (didn't bet)
Seat 2: meelis9 (small blind) folded before Flop
Seat 3: Juagonzalez (big blind) collected ($0.02)
Seat 4: dboulay1979 folded before Flop (didn't bet)
Seat 5: Samir1384 folded before Flop (didn't bet)
Seat 7: cberto09 folded before Flop (didn't bet)
Seat 8: Dorex2007 folded before Flop (didn't bet)
Seat 9: yur4ik777 folded before Flop (didn't bet)



PokerStars Hand #237386489694:  Hold'em No Limit ($0.01/$0.02 USD) - 2022/07/15 21:14:55 PT [2022/07/16 0:14:55 ET]
Table 'Cuffey III' 9-max Seat #2 is the button
Seat 1: AtlanticTide ($3.08 in chips) 
Seat 2: meelis9 ($2.06 in chips) 
Seat 3: Juagonzalez ($2.01 in chips) 
Seat 4: dboulay1979 ($3.44 in chips) 
Seat 6: 0kDen ($0.80 in chips) 
Seat 7: cberto09 ($2 in chips) 
Seat 8: Dorex2007 ($2 in chips) 
Seat 9: yur4ik777 ($2.19 in chips) 
Juagonzalez: posts small blind $0.01
dboulay1979: posts big blind $0.02
0kDen: posts big blind $0.02
*** HOLE CARDS ***
Dealt to Dorex2007 [6s 9h]
0kDen: raises $0.05 to $0.07
cberto09: folds 
Dorex2007: folds 
yur4ik777: folds 
AtlanticTide: folds 
meelis9: folds 
Juagonzalez: calls $0.06
dboulay1979: calls $0.05
*** FLOP *** [Kc Kd 8h]
Juagonzalez: checks 
dboulay1979: checks 
0kDen: checks 
*** TURN *** [Kc Kd 8h] [Qd]
Juagonzalez: checks 
dboulay1979: checks 
0kDen: checks 
*** RIVER *** [Kc Kd 8h Qd] [Ah]
Juagonzalez: checks 
dboulay1979: checks 
0kDen: checks 
*** SHOW DOWN ***
Juagonzalez: shows [4d Ad] (two pair, Aces and Kings)
dboulay1979: mucks hand 
0kDen: shows [Qh As] (two pair, Aces and Kings)
Juagonzalez collected $0.10 from pot
0kDen collected $0.10 from pot
*** SUMMARY ***
Total pot $0.21 | Rake $0.01 
Board [Kc Kd 8h Qd Ah]
Seat 1: AtlanticTide folded before Flop (didn't bet)
Seat 2: meelis9 (button) folded before Flop (didn't bet)
Seat 3: Juagonzalez (small blind) showed [4d Ad] and won ($0.10) with two pair, Aces and Kings
Seat 4: dboulay1979 (big blind) mucked [Qc Jc]
Seat 6: 0kDen showed [Qh As] and won ($0.10) with two pair, Aces and Kings
Seat 7: cberto09 folded before Flop (didn't bet)
Seat 8: Dorex2007 folded before Flop (didn't bet)
Seat 9: yur4ik777 folded before Flop (didn't bet)



PokerStars Hand #237386498080:  Hold'em No Limit ($0.01/$0.02 USD) - 2022/07/15 21:15:53 PT [2022/07/16 0:15:53 ET]
Table 'Cuffey III' 9-max Seat #3 is the button
Seat 1: AtlanticTide ($3.08 in chips) 
Seat 2: meelis9 ($2.06 in chips) 
Seat 3: Juagonzalez ($2.04 in chips) 
Seat 4: dboulay1979 ($3.37 in chips) 
Seat 6: 0kDen ($0.83 in chips) 
Seat 7: cberto09 ($2 in chips) 
Seat 8: Dorex2007 ($2 in chips) 
Seat 9: yur4ik777 ($2.19 in chips) 
dboulay1979: posts small blind $0.01
0kDen: posts big blind $0.02
*** HOLE CARDS ***
Dealt to Dorex2007 [Ac 2c]
cberto09: folds 
Dorex2007: calls $0.02
yur4ik777: folds 
AtlanticTide: folds 
meelis9: folds 
Juagonzalez: folds 
dboulay1979: folds 
0kDen: raises $0.04 to $0.06
Dorex2007: folds 
Uncalled bet ($0.04) returned to 0kDen
0kDen collected $0.05 from pot
*** SUMMARY ***
Total pot $0.05 | Rake $0 
Seat 1: AtlanticTide folded before Flop (didn't bet)
Seat 2: meelis9 folded before Flop (didn't bet)
Seat 3: Juagonzalez (button) folded before Flop (didn't bet)
Seat 4: dboulay1979 (small blind) folded before Flop
Seat 6: 0kDen (big blind) collected ($0.05)
Seat 7: cberto09 folded before Flop (didn't bet)
Seat 8: Dorex2007 folded before Flop
Seat 9: yur4ik777 folded before Flop (didn't bet)



PokerStars Hand #237386502030:  Hold'em No Limit ($0.01/$0.02 USD) - 2022/07/15 21:16:21 PT [2022/07/16 0:16:21 ET]
Table 'Cuffey III' 9-max Seat #4 is the button
Seat 1: AtlanticTide ($3.08 in chips) 
Seat 2: meelis9 ($2.06 in chips) 
Seat 3: Juagonzalez ($2.04 in chips) 
Seat 4: dboulay1979 ($3.36 in chips) 
Seat 6: 0kDen ($0.86 in chips) 
Seat 7: cberto09 ($2 in chips) 
Seat 8: Dorex2007 ($2 in chips) 
Seat 9: yur4ik777 ($2.19 in chips) 
0kDen: posts small blind $0.01
cberto09: posts big blind $0.02
*** HOLE CARDS ***
Dealt to Dorex2007 [5d 9d]
Dorex2007: folds 
yur4ik777: raises $0.04 to $0.06
AtlanticTide: folds 
meelis9: folds 
Juagonzalez: folds 
dboulay1979: calls $0.06
0kDen: folds 
cberto09: folds 
*** FLOP *** [Kh 2s 3d]
yur4ik777: checks 
dboulay1979: checks 
*** TURN *** [Kh 2s 3d] [4d]
0kDen leaves the table
yur4ik777: bets $0.09
dboulay1979: folds 
Uncalled bet ($0.09) returned to yur4ik777
yur4ik777 collected $0.14 from pot
*** SUMMARY ***
Total pot $0.15 | Rake $0.01 
Board [Kh 2s 3d 4d]
Seat 1: AtlanticTide folded before Flop (didn't bet)
Seat 2: meelis9 folded before Flop (didn't bet)
Seat 3: Juagonzalez folded before Flop (didn't bet)
Seat 4: dboulay1979 (button) folded on the Turn
Seat 6: 0kDen (small blind) folded before Flop
Seat 7: cberto09 (big blind) folded before Flop
Seat 8: Dorex2007 folded before Flop (didn't bet)
Seat 9: yur4ik777 collected ($0.14)



PokerStars Hand #237386507910:  Hold'em No Limit ($0.01/$0.02 USD) - 2022/07/15 21:17:01 PT [2022/07/16 0:17:01 ET]
Table 'Cuffey III' 9-max Seat #7 is the button
Seat 1: AtlanticTide ($3.08 in chips) 
Seat 2: meelis9 ($2.06 in chips) 
Seat 3: Juagonzalez ($2.04 in chips) 
Seat 4: dboulay1979 ($3.30 in chips) 
Seat 7: cberto09 ($2 in chips) 
Seat 8: Dorex2007 ($2 in chips) 
Seat 9: yur4ik777 ($2.27 in chips) 
Dorex2007: posts small blind $0.01
yur4ik777: posts big blind $0.02
*** HOLE CARDS ***
Dealt to Dorex2007 [9c Qh]
AtlanticTide: folds 
meelis9: folds 
Juagonzalez: folds 
dboulay1979: folds 
cberto09: raises $0.04 to $0.06
Dorex2007: folds 
yur4ik777: folds 
Uncalled bet ($0.04) returned to cberto09
cberto09 collected $0.05 from pot
*** SUMMARY ***
Total pot $0.05 | Rake $0 
Seat 1: AtlanticTide folded before Flop (didn't bet)
Seat 2: meelis9 folded before Flop (didn't bet)
Seat 3: Juagonzalez folded before Flop (didn't bet)
Seat 4: dboulay1979 folded before Flop (didn't bet)
Seat 7: cberto09 (button) collected ($0.05)
Seat 8: Dorex2007 (small blind) folded before Flop
Seat 9: yur4ik777 (big blind) folded before Flop



PokerStars Hand #237386511423:  Hold'em No Limit ($0.01/$0.02 USD) - 2022/07/15 21:17:25 PT [2022/07/16 0:17:25 ET]
Table 'Cuffey III' 9-max Seat #8 is the button
Seat 1: AtlanticTide ($3.08 in chips) 
Seat 2: meelis9 ($2.06 in chips) 
Seat 3: Juagonzalez ($2.04 in chips) 
Seat 4: dboulay1979 ($3.30 in chips) 
Seat 7: cberto09 ($2.03 in chips) 
Seat 8: Dorex2007 ($2 in chips) 
Seat 9: yur4ik777 ($2.25 in chips) 
yur4ik777: posts small blind $0.01
AtlanticTide: posts big blind $0.02
Samir1384: sits out 
*** HOLE CARDS ***
Dealt to Dorex2007 [8d 4s]
meelis9: folds 
Juagonzalez: folds 
dboulay1979: folds 
cberto09: raises $0.04 to $0.06
Dorex2007: folds 
yur4ik777: calls $0.05
AtlanticTide: calls $0.04
*** FLOP *** [6s 7h 3h]
yur4ik777: checks 
AtlanticTide: checks 
cberto09: bets $0.06
yur4ik777: folds 
AtlanticTide: calls $0.06
*** TURN *** [6s 7h 3h] [Jd]
AtlanticTide: checks 
cberto09: checks 
*** RIVER *** [6s 7h 3h Jd] [Ks]
AtlanticTide: checks 
cberto09: checks 
*** SHOW DOWN ***
AtlanticTide: shows [9h Jh] (a pair of Jacks)
cberto09: mucks hand 
AtlanticTide collected $0.29 from pot
*** SUMMARY ***
Total pot $0.30 | Rake $0.01 
Board [6s 7h 3h Jd Ks]
Seat 1: AtlanticTide (big blind) showed [9h Jh] and won ($0.29) with a pair of Jacks
Seat 2: meelis9 folded before Flop (didn't bet)
Seat 3: Juagonzalez folded before Flop (didn't bet)
Seat 4: dboulay1979 folded before Flop (didn't bet)
Seat 7: cberto09 mucked [6d Ad]
Seat 8: Dorex2007 (button) folded before Flop (didn't bet)
Seat 9: yur4ik777 (small blind) folded on the Flop



PokerStars Hand #237386520512:  Hold'em No Limit ($0.01/$0.02 USD) - 2022/07/15 21:18:29 PT [2022/07/16 0:18:29 ET]
Table 'Cuffey III' 9-max Seat #9 is the button
Seat 1: AtlanticTide ($3.25 in chips) 
Seat 2: meelis9 ($2.06 in chips) 
Seat 3: Juagonzalez ($2.04 in chips) 
Seat 4: dboulay1979 ($3.30 in chips) 
Seat 7: cberto09 ($2 in chips) 
Seat 8: Dorex2007 ($2 in chips) 
Seat 9: yur4ik777 ($2.19 in chips) 
AtlanticTide: posts small blind $0.01
meelis9: posts big blind $0.02
*** HOLE CARDS ***
Dealt to Dorex2007 [3c 7s]
Juagonzalez: folds 
dboulay1979: folds 
cberto09: folds 
Dorex2007: folds 
yur4ik777: folds 
AtlanticTide: folds 
Uncalled bet ($0.01) returned to meelis9
meelis9 collected $0.02 from pot
*** SUMMARY ***
Total pot $0.02 | Rake $0 
Seat 1: AtlanticTide (small blind) folded before Flop
Seat 2: meelis9 (big blind) collected ($0.02)
Seat 3: Juagonzalez folded before Flop (didn't bet)
Seat 4: dboulay1979 folded before Flop (didn't bet)
Seat 7: cberto09 folded before Flop (didn't bet)
Seat 8: Dorex2007 folded before Flop (didn't bet)
Seat 9: yur4ik777 (button) folded before Flop (didn't bet)



PokerStars Hand #237386522335:  Hold'em No Limit ($0.01/$0.02 USD) - 2022/07/15 21:18:41 PT [2022/07/16 0:18:41 ET]
Table 'Cuffey III' 9-max Seat #1 is the button
Seat 1: AtlanticTide ($3.24 in chips) 
Seat 2: meelis9 ($2.07 in chips) 
Seat 3: Juagonzalez ($2.04 in chips) 
Seat 4: dboulay1979 ($3.30 in chips) 
Seat 7: cberto09 ($2 in chips) 
Seat 8: Dorex2007 ($2 in chips) 
Seat 9: yur4ik777 ($2.19 in chips) 
meelis9: posts small blind $0.01
Juagonzalez: posts big blind $0.02
*** HOLE CARDS ***
Dealt to Dorex2007 [4d 8c]
dboulay1979: folds 
cberto09: folds 
Dorex2007: folds 
yur4ik777: raises $0.04 to $0.06
KevinOgs joins the table at seat #6 
AtlanticTide: calls $0.06
meelis9: folds 
Juagonzalez: folds 
*** FLOP *** [8h 5s Td]
yur4ik777: bets $0.11
AtlanticTide: calls $0.11
*** TURN *** [8h 5s Td] [5d]
yur4ik777: bets $0.28
AtlanticTide: calls $0.28
*** RIVER *** [8h 5s Td 5d] [2c]
yur4ik777: bets $0.58
AtlanticTide: calls $0.58
*** SHOW DOWN ***
yur4ik777: shows [Ad Qd] (a pair of Fives)
AtlanticTide: shows [Qh Qs] (two pair, Queens and Fives)
AtlanticTide collected $2.02 from pot
*** SUMMARY ***
Total pot $2.09 | Rake $0.07 
Board [8h 5s Td 5d 2c]
Seat 1: AtlanticTide (button) showed [Qh Qs] and won ($2.02) with two pair, Queens and Fives
Seat 2: meelis9 (small blind) folded before Flop
Seat 3: Juagonzalez (big blind) folded before Flop
Seat 4: dboulay1979 folded before Flop (didn't bet)
Seat 7: cberto09 folded before Flop (didn't bet)
Seat 8: Dorex2007 folded before Flop (didn't bet)
Seat 9: yur4ik777 showed [Ad Qd] and lost with a pair of Fives



PokerStars Hand #237386528704:  Hold'em No Limit ($0.01/$0.02 USD) - 2022/07/15 21:19:26 PT [2022/07/16 0:19:26 ET]
Table 'Cuffey III' 9-max Seat #2 is the button
Seat 1: AtlanticTide ($4.23 in chips) 
Seat 2: meelis9 ($2.06 in chips) 
Seat 3: Juagonzalez ($2.02 in chips) 
Seat 4: dboulay1979 ($3.30 in chips) 
Seat 6: KevinOgs ($1.84 in chips) 
Seat 7: cberto09 ($2 in chips) 
Seat 8: Dorex2007 ($2 in chips) 
Seat 9: yur4ik777 ($2 in chips) 
Juagonzalez: posts small blind $0.01
dboulay1979: posts big blind $0.02
KevinOgs: posts big blind $0.02
*** HOLE CARDS ***
Dealt to Dorex2007 [2c 4d]
KevinOgs: checks 
cberto09: folds 
Dorex2007 has timed out
Dorex2007: folds 
yur4ik777: raises $0.07 to $0.09
AtlanticTide: calls $0.09
meelis9: folds 
Juagonzalez: folds 
dboulay1979: folds 
KevinOgs: folds 
*** FLOP *** [7s Kh Jd]
yur4ik777: bets $0.14
AtlanticTide: calls $0.14
*** TURN *** [7s Kh Jd] [Qs]
yur4ik777: bets $0.31
AtlanticTide: folds 
Uncalled bet ($0.31) returned to yur4ik777
yur4ik777 collected $0.49 from pot
*** SUMMARY ***
Total pot $0.51 | Rake $0.02 
Board [7s Kh Jd Qs]
Seat 1: AtlanticTide folded on the Turn
Seat 2: meelis9 (button) folded before Flop (didn't bet)
Seat 3: Juagonzalez (small blind) folded before Flop
Seat 4: dboulay1979 (big blind) folded before Flop
Seat 6: KevinOgs folded before Flop (didn't bet)
Seat 7: cberto09 folded before Flop (didn't bet)
Seat 8: Dorex2007 folded before Flop (didn't bet)
Seat 9: yur4ik777 collected ($0.49)



PokerStars Hand #237386538097:  Hold'em No Limit ($0.01/$0.02 USD) - 2022/07/15 21:20:33 PT [2022/07/16 0:20:33 ET]
Table 'Cuffey III' 9-max Seat #3 is the button
Seat 1: AtlanticTide ($4 in chips) 
Seat 2: meelis9 ($2.06 in chips) 
Seat 3: Juagonzalez ($2.01 in chips) 
Seat 4: dboulay1979 ($3.28 in chips) 
Seat 6: KevinOgs ($1.82 in chips) 
Seat 7: cberto09 ($2 in chips) 
Seat 8: Dorex2007 ($2 in chips) 
Seat 9: yur4ik777 ($2.26 in chips) 
dboulay1979: posts small blind $0.01
KevinOgs: posts big blind $0.02
*** HOLE CARDS ***
Dealt to Dorex2007 [2c Jh]
cberto09: folds 
Dorex2007: folds 
yur4ik777: folds 
AtlanticTide: folds 
meelis9: folds 
Juagonzalez: raises $0.03 to $0.05
dboulay1979: folds 
KevinOgs: calls $0.03
*** FLOP *** [Kh 3c 8d]
KevinOgs: bets $0.05
Juagonzalez: folds 
Uncalled bet ($0.05) returned to KevinOgs
KevinOgs collected $0.11 from pot
*** SUMMARY ***
Total pot $0.11 | Rake $0 
Board [Kh 3c 8d]
Seat 1: AtlanticTide folded before Flop (didn't bet)
Seat 2: meelis9 folded before Flop (didn't bet)
Seat 3: Juagonzalez (button) folded on the Flop
Seat 4: dboulay1979 (small blind) folded before Flop
Seat 6: KevinOgs (big blind) collected ($0.11)
Seat 7: cberto09 folded before Flop (didn't bet)
Seat 8: Dorex2007 folded before Flop (didn't bet)
Seat 9: yur4ik777 folded before Flop (didn't bet)



PokerStars Hand #237386542980:  Hold'em No Limit ($0.01/$0.02 USD) - 2022/07/15 21:21:07 PT [2022/07/16 0:21:07 ET]
Table 'Cuffey III' 9-max Seat #4 is the button
Seat 1: AtlanticTide ($4 in chips) 
Seat 2: meelis9 ($2.06 in chips) 
Seat 3: Juagonzalez ($2 in chips) 
Seat 4: dboulay1979 ($3.27 in chips) 
Seat 6: KevinOgs ($1.88 in chips) 
Seat 7: cberto09 ($2 in chips) 
Seat 8: Dorex2007 ($2 in chips) 
Seat 9: yur4ik777 ($2.26 in chips) 
KevinOgs: posts small blind $0.01
cberto09: posts big blind $0.02
*** HOLE CARDS ***
Dealt to Dorex2007 [7s 5h]
Dorex2007: folds 
yur4ik777: folds 
AtlanticTide: raises $0.02 to $0.04
meelis9: raises $0.08 to $0.12
Juagonzalez: folds 
dboulay1979: calls $0.12
KevinOgs: folds 
cberto09: folds 
AtlanticTide: calls $0.08
*** FLOP *** [Ks 5c Ac]
AtlanticTide: checks 
meelis9: bets $0.14
dboulay1979: raises $0.36 to $0.50
AtlanticTide: folds 
meelis9: folds 
Uncalled bet ($0.36) returned to dboulay1979
dboulay1979 collected $0.65 from pot
*** SUMMARY ***
Total pot $0.67 | Rake $0.02 
Board [Ks 5c Ac]
Seat 1: AtlanticTide folded on the Flop
Seat 2: meelis9 folded on the Flop
Seat 3: Juagonzalez folded before Flop (didn't bet)
Seat 4: dboulay1979 (button) collected ($0.65)
Seat 6: KevinOgs (small blind) folded before Flop
Seat 7: cberto09 (big blind) folded before Flop
Seat 8: Dorex2007 folded before Flop (didn't bet)
Seat 9: yur4ik777 folded before Flop (didn't bet)



PokerStars Hand #237386552670:  Hold'em No Limit ($0.01/$0.02 USD) - 2022/07/15 21:22:16 PT [2022/07/16 0:22:16 ET]
Table 'Cuffey III' 9-max Seat #6 is the button
Seat 1: AtlanticTide ($3.88 in chips) 
Seat 2: meelis9 ($1.80 in chips) 
Seat 3: Juagonzalez ($2 in chips) 
Seat 4: dboulay1979 ($3.66 in chips) 
Seat 6: KevinOgs ($1.87 in chips) 
Seat 7: cberto09 ($2 in chips) 
Seat 8: Dorex2007 ($2 in chips) 
cberto09: posts small blind $0.01
Dorex2007: posts big blind $0.02
*** HOLE CARDS ***
Dealt to Dorex2007 [5d Kd]
AtlanticTide: folds 
meelis9: folds 
Juagonzalez: folds 
dboulay1979: raises $0.06 to $0.08
KevinOgs: folds 
cberto09: folds 
Dorex2007: folds 
Uncalled bet ($0.06) returned to dboulay1979
dboulay1979 collected $0.05 from pot
*** SUMMARY ***
Total pot $0.05 | Rake $0 
Seat 1: AtlanticTide folded before Flop (didn't bet)
Seat 2: meelis9 folded before Flop (didn't bet)
Seat 3: Juagonzalez folded before Flop (didn't bet)
Seat 4: dboulay1979 collected ($0.05)
Seat 6: KevinOgs (button) folded before Flop (didn't bet)
Seat 7: cberto09 (small blind) folded before Flop
Seat 8: Dorex2007 (big blind) folded before Flop



PokerStars Hand #237386557244:  Hold'em No Limit ($0.01/$0.02 USD) - 2022/07/15 21:22:48 PT [2022/07/16 0:22:48 ET]
Table 'Cuffey III' 9-max Seat #7 is the button
Seat 1: AtlanticTide ($3.88 in chips) 
Seat 2: meelis9 ($1.80 in chips) 
Seat 3: Juagonzalez ($2 in chips) 
Seat 4: dboulay1979 ($3.69 in chips) 
Seat 6: KevinOgs ($1.87 in chips) 
Seat 7: cberto09 ($2 in chips) 
Seat 8: Dorex2007 ($2 in chips) 
Dorex2007: posts small blind $0.01
AtlanticTide: posts big blind $0.02
*** HOLE CARDS ***
Dealt to Dorex2007 [4c 6d]
meelis9: folds 
Juagonzalez: folds 
dboulay1979: raises $0.06 to $0.08
KevinOgs: calls $0.08
cberto09: folds 
Dorex2007: folds 
AtlanticTide: folds 
*** FLOP *** [Qh Qd Jh]
dboulay1979: checks 
KevinOgs: bets $0.18
dboulay1979: folds 
Uncalled bet ($0.18) returned to KevinOgs
KevinOgs collected $0.18 from pot
*** SUMMARY ***
Total pot $0.19 | Rake $0.01 
Board [Qh Qd Jh]
Seat 1: AtlanticTide (big blind) folded before Flop
Seat 2: meelis9 folded before Flop (didn't bet)
Seat 3: Juagonzalez folded before Flop (didn't bet)
Seat 4: dboulay1979 folded on the Flop
Seat 6: KevinOgs collected ($0.18)
Seat 7: cberto09 (button) folded before Flop (didn't bet)
Seat 8: Dorex2007 (small blind) folded before Flop



PokerStars Hand #237386562743:  Hold'em No Limit ($0.01/$0.02 USD) - 2022/07/15 21:23:27 PT [2022/07/16 0:23:27 ET]
Table 'Cuffey III' 9-max Seat #8 is the button
Seat 1: AtlanticTide ($3.86 in chips) 
Seat 2: meelis9 ($1.80 in chips) 
Seat 3: Juagonzalez ($2 in chips) 
Seat 4: dboulay1979 ($3.61 in chips) 
Seat 6: KevinOgs ($1.97 in chips) 
Seat 7: cberto09 ($2 in chips) 
Seat 8: Dorex2007 ($2 in chips) 
AtlanticTide: posts small blind $0.01
meelis9: posts big blind $0.02
*** HOLE CARDS ***
Dealt to Dorex2007 [5c 6h]
Juagonzalez: folds 
dboulay1979: folds 
KevinOgs has timed out
KevinOgs: folds 
cberto09: folds 
Dorex2007: folds 
AtlanticTide: raises $0.02 to $0.04
meelis9: raises $0.08 to $0.12
AtlanticTide: folds 
Uncalled bet ($0.08) returned to meelis9
meelis9 collected $0.08 from pot
*** SUMMARY ***
Total pot $0.08 | Rake $0 
Seat 1: AtlanticTide (small blind) folded before Flop
Seat 2: meelis9 (big blind) collected ($0.08)
Seat 3: Juagonzalez folded before Flop (didn't bet)
Seat 4: dboulay1979 folded before Flop (didn't bet)
Seat 6: KevinOgs folded before Flop (didn't bet)
Seat 7: cberto09 folded before Flop (didn't bet)
Seat 8: Dorex2007 (button) folded before Flop (didn't bet)



PokerStars Hand #237386568183:  Hold'em No Limit ($0.01/$0.02 USD) - 2022/07/15 21:24:05 PT [2022/07/16 0:24:05 ET]
Table 'Cuffey III' 9-max Seat #1 is the button
Seat 1: AtlanticTide ($3.82 in chips) 
Seat 2: meelis9 ($1.84 in chips) 
Seat 3: Juagonzalez ($2 in chips) 
Seat 4: dboulay1979 ($3.61 in chips) 
Seat 6: KevinOgs ($1.97 in chips) 
Seat 7: cberto09 ($2 in chips) 
Seat 8: Dorex2007 ($2 in chips) 
meelis9: posts small blind $0.01
Juagonzalez: posts big blind $0.02
yur4ik777: sits out 
*** HOLE CARDS ***
Dealt to Dorex2007 [3d Ts]
dboulay1979: folds 
KevinOgs: folds 
cberto09: folds 
Dorex2007: folds 
AtlanticTide: raises $0.02 to $0.04
meelis9: calls $0.03
Juagonzalez: folds 
*** FLOP *** [2s 7c Ad]
meelis9: checks 
AtlanticTide: bets $0.05
meelis9: calls $0.05
*** TURN *** [2s 7c Ad] [Td]
meelis9: checks 
AtlanticTide: bets $0.10
meelis9: raises $0.10 to $0.20
AtlanticTide: calls $0.10
*** RIVER *** [2s 7c Ad Td] [Qc]
meelis9: bets $0.58
AtlanticTide: folds 
Uncalled bet ($0.58) returned to meelis9
meelis9 collected $0.58 from pot
*** SUMMARY ***
Total pot $0.60 | Rake $0.02 
Board [2s 7c Ad Td Qc]
Seat 1: AtlanticTide (button) folded on the River
Seat 2: meelis9 (small blind) collected ($0.58)
Seat 3: Juagonzalez (big blind) folded before Flop
Seat 4: dboulay1979 folded before Flop (didn't bet)
Seat 6: KevinOgs folded before Flop (didn't bet)
Seat 7: cberto09 folded before Flop (didn't bet)
Seat 8: Dorex2007 folded before Flop (didn't bet)



PokerStars Hand #237386579125:  Hold'em No Limit ($0.01/$0.02 USD) - 2022/07/15 21:25:22 PT [2022/07/16 0:25:22 ET]
Table 'Cuffey III' 9-max Seat #2 is the button
Seat 1: AtlanticTide ($3.53 in chips) 
Seat 2: meelis9 ($2.13 in chips) 
Seat 3: Juagonzalez ($2 in chips) 
Seat 4: dboulay1979 ($3.61 in chips) 
Seat 6: KevinOgs ($1.97 in chips) 
Seat 7: cberto09 ($2 in chips) 
Seat 8: Dorex2007 ($2 in chips) 
Juagonzalez: posts small blind $0.01
dboulay1979: posts big blind $0.02
yur4ik777: sits out 
*** HOLE CARDS ***
Dealt to Dorex2007 [Qs As]
KevinOgs: calls $0.02
cberto09: raises $0.04 to $0.06
Dorex2007: calls $0.06
AtlanticTide: folds 
meelis9: folds 
Juagonzalez: calls $0.05
dboulay1979: calls $0.04
KevinOgs: calls $0.04
*** FLOP *** [6s 4d Jh]
Juagonzalez: checks 
dboulay1979: checks 
KevinOgs: bets $0.29
cberto09: folds 
Dorex2007: folds 
Juagonzalez: folds 
dboulay1979: folds 
Uncalled bet ($0.29) returned to KevinOgs
KevinOgs collected $0.29 from pot
*** SUMMARY ***
Total pot $0.30 | Rake $0.01 
Board [6s 4d Jh]
Seat 1: AtlanticTide folded before Flop (didn't bet)
Seat 2: meelis9 (button) folded before Flop (didn't bet)
Seat 3: Juagonzalez (small blind) folded on the Flop
Seat 4: dboulay1979 (big blind) folded on the Flop
Seat 6: KevinOgs collected ($0.29)
Seat 7: cberto09 folded on the Flop
Seat 8: Dorex2007 folded on the Flop



PokerStars Hand #237386585934:  Hold'em No Limit ($0.01/$0.02 USD) - 2022/07/15 21:26:11 PT [2022/07/16 0:26:11 ET]
Table 'Cuffey III' 9-max Seat #3 is the button
Seat 1: AtlanticTide ($3.53 in chips) 
Seat 2: meelis9 ($2.13 in chips) 
Seat 3: Juagonzalez ($2 in chips) 
Seat 4: dboulay1979 ($3.55 in chips) 
Seat 6: KevinOgs ($2.20 in chips) 
Seat 7: cberto09 ($2 in chips) 
Seat 8: Dorex2007 ($2 in chips) 
dboulay1979: posts small blind $0.01
KevinOgs: posts big blind $0.02
yur4ik777: sits out 
*** HOLE CARDS ***
Dealt to Dorex2007 [Kh Qs]
cberto09: folds 
Dorex2007: calls $0.02
cberto09 leaves the table
AtlanticTide: folds 
meelis9: folds 
Juagonzalez: folds 
dboulay1979: folds 
KevinOgs: checks 
*** FLOP *** [4d 3s 4s]
KevinOgs: checks 
Dorex2007: checks 
*** TURN *** [4d 3s 4s] [Ks]
KevinOgs: checks 
Dorex2007: bets $0.05
KevinOgs: calls $0.05
*** RIVER *** [4d 3s 4s Ks] [6s]
KevinOgs: bets $0.07
Dorex2007: raises $0.12 to $0.19
KevinOgs: folds 
Uncalled bet ($0.12) returned to Dorex2007
Melo Q5 joins the table at seat #7 
Dorex2007 collected $0.28 from pot
*** SUMMARY ***
Total pot $0.29 | Rake $0.01 
Board [4d 3s 4s Ks 6s]
Seat 1: AtlanticTide folded before Flop (didn't bet)
Seat 2: meelis9 folded before Flop (didn't bet)
Seat 3: Juagonzalez (button) folded before Flop (didn't bet)
Seat 4: dboulay1979 (small blind) folded before Flop
Seat 6: KevinOgs (big blind) folded on the River
Seat 7: cberto09 folded before Flop (didn't bet)
Seat 8: Dorex2007 collected ($0.28)



PokerStars Hand #237386593422:  Hold'em No Limit ($0.01/$0.02 USD) - 2022/07/15 21:27:03 PT [2022/07/16 0:27:03 ET]
Table 'Cuffey III' 9-max Seat #4 is the button
Seat 1: AtlanticTide ($3.53 in chips) 
Seat 2: meelis9 ($2.13 in chips) 
Seat 3: Juagonzalez ($2 in chips) 
Seat 4: dboulay1979 ($3.54 in chips) 
Seat 6: KevinOgs ($2.06 in chips) 
Seat 7: Melo Q5 ($2 in chips) 
Seat 8: Dorex2007 ($2.14 in chips) 
KevinOgs: posts small blind $0.01
Melo Q5: posts big blind $0.02
yur4ik777: sits out 
*** HOLE CARDS ***
Dealt to Dorex2007 [8c 6s]
Dorex2007: folds 
AtlanticTide: raises $0.04 to $0.06
meelis9: folds 
Juagonzalez: folds 
dboulay1979: folds 
KevinOgs: folds 
Melo Q5 is disconnected 
Melo Q5 has timed out while disconnected
Melo Q5: folds 
Uncalled bet ($0.04) returned to AtlanticTide
AtlanticTide collected $0.05 from pot
*** SUMMARY ***
Total pot $0.05 | Rake $0 
Seat 1: AtlanticTide collected ($0.05)
Seat 2: meelis9 folded before Flop (didn't bet)
Seat 3: Juagonzalez folded before Flop (didn't bet)
Seat 4: dboulay1979 (button) folded before Flop (didn't bet)
Seat 6: KevinOgs (small blind) folded before Flop
Seat 7: Melo Q5 (big blind) folded before Flop
Seat 8: Dorex2007 folded before Flop (didn't bet)



PokerStars Hand #237386600073:  Hold'em No Limit ($0.01/$0.02 USD) - 2022/07/15 21:27:40 PT [2022/07/16 0:27:40 ET]
Table 'Cuffey III' 9-max Seat #6 is the button
Seat 1: AtlanticTide ($3.56 in chips) 
Seat 2: meelis9 ($2.13 in chips) 
Seat 3: Juagonzalez ($2 in chips) 
Seat 4: dboulay1979 ($3.54 in chips) 
Seat 6: KevinOgs ($2.05 in chips) 
Seat 8: Dorex2007 ($2.14 in chips) 
Seat 9: yur4ik777 ($2.26 in chips) 
Dorex2007: posts small blind $0.01
yur4ik777: posts big blind $0.02
*** HOLE CARDS ***
Dealt to Dorex2007 [Jh Tc]
AtlanticTide: folds 
meelis9: folds 
Juagonzalez: folds 
dboulay1979: folds 
KevinOgs: raises $0.04 to $0.06
Dorex2007: folds 
yur4ik777: raises $0.13 to $0.19
KevinOgs: calls $0.13
*** FLOP *** [9h 6d Kh]
yur4ik777: bets $0.24
KevinOgs: folds 
Uncalled bet ($0.24) returned to yur4ik777
yur4ik777 collected $0.38 from pot
*** SUMMARY ***
Total pot $0.39 | Rake $0.01 
Board [9h 6d Kh]
Seat 1: AtlanticTide folded before Flop (didn't bet)
Seat 2: meelis9 folded before Flop (didn't bet)
Seat 3: Juagonzalez folded before Flop (didn't bet)
Seat 4: dboulay1979 folded before Flop (didn't bet)
Seat 6: KevinOgs (button) folded on the Flop
Seat 8: Dorex2007 (small blind) folded before Flop
Seat 9: yur4ik777 (big blind) collected ($0.38)



PokerStars Hand #237386604204:  Hold'em No Limit ($0.01/$0.02 USD) - 2022/07/15 21:28:09 PT [2022/07/16 0:28:09 ET]
Table 'Cuffey III' 9-max Seat #8 is the button
Seat 1: AtlanticTide ($3.56 in chips) 
Seat 2: meelis9 ($2.13 in chips) 
Seat 3: Juagonzalez ($2 in chips) 
Seat 4: dboulay1979 ($3.54 in chips) 
Seat 6: KevinOgs ($1.86 in chips) 
Seat 8: Dorex2007 ($2.13 in chips) 
Seat 9: yur4ik777 ($2.45 in chips) 
yur4ik777: posts small blind $0.01
AtlanticTide: posts big blind $0.02
Melo Q5: sits out 
*** HOLE CARDS ***
Dealt to Dorex2007 [2c 4d]
meelis9: folds 
Juagonzalez: folds 
dboulay1979: folds 
KevinOgs: folds 
Dorex2007: folds 
yur4ik777: folds 
Uncalled bet ($0.01) returned to AtlanticTide
AtlanticTide collected $0.02 from pot
*** SUMMARY ***
Total pot $0.02 | Rake $0 
Seat 1: AtlanticTide (big blind) collected ($0.02)
Seat 2: meelis9 folded before Flop (didn't bet)
Seat 3: Juagonzalez folded before Flop (didn't bet)
Seat 4: dboulay1979 folded before Flop (didn't bet)
Seat 6: KevinOgs folded before Flop (didn't bet)
Seat 8: Dorex2007 (button) folded before Flop (didn't bet)
Seat 9: yur4ik777 (small blind) folded before Flop



PokerStars Hand #237386611923:  Hold'em No Limit ($0.01/$0.02 USD) - 2022/07/15 21:28:25 PT [2022/07/16 0:28:25 ET]
Table 'Cuffey III' 9-max Seat #9 is the button
Seat 1: AtlanticTide ($3.57 in chips) 
Seat 2: meelis9 ($2.13 in chips) 
Seat 3: Juagonzalez ($2 in chips) 
Seat 4: dboulay1979 ($3.54 in chips) 
Seat 6: KevinOgs ($1.86 in chips) 
Seat 8: Dorex2007 ($2.13 in chips) 
Seat 9: yur4ik777 ($2.44 in chips) 
AtlanticTide: posts small blind $0.01
meelis9: posts big blind $0.02
Melo Q5: sits out 
*** HOLE CARDS ***
Dealt to Dorex2007 [2d Jd]
Juagonzalez: raises $0.03 to $0.05
dboulay1979: folds 
KevinOgs: calls $0.05
Dorex2007: folds 
yur4ik777: folds 
AtlanticTide: folds 
meelis9: calls $0.03
*** FLOP *** [Qc 8h 2h]
meelis9: checks 
Juagonzalez: checks 
KevinOgs: checks 
*** TURN *** [Qc 8h 2h] [Ad]
meelis9: checks 
Juagonzalez: bets $0.07
KevinOgs: folds 
meelis9: calls $0.07
*** RIVER *** [Qc 8h 2h Ad] [Jc]
meelis9: checks 
Juagonzalez: bets $0.12
meelis9: folds 
Uncalled bet ($0.12) returned to Juagonzalez
Juagonzalez collected $0.29 from pot
*** SUMMARY ***
Total pot $0.30 | Rake $0.01 
Board [Qc 8h 2h Ad Jc]
Seat 1: AtlanticTide (small blind) folded before Flop
Seat 2: meelis9 (big blind) folded on the River
Seat 3: Juagonzalez collected ($0.29)
Seat 4: dboulay1979 folded before Flop (didn't bet)
Seat 6: KevinOgs folded on the Turn
Seat 8: Dorex2007 folded before Flop (didn't bet)
Seat 9: yur4ik777 (button) folded before Flop (didn't bet)



PokerStars Hand #237386624199:  Hold'em No Limit ($0.01/$0.02 USD) - 2022/07/15 21:29:53 PT [2022/07/16 0:29:53 ET]
Table 'Cuffey III' 9-max Seat #1 is the button
Seat 1: AtlanticTide ($3.56 in chips) 
Seat 2: meelis9 ($2.01 in chips) 
Seat 3: Juagonzalez ($2.17 in chips) 
Seat 4: dboulay1979 ($3.54 in chips) 
Seat 6: KevinOgs ($1.81 in chips) 
Seat 7: Melo Q5 ($1.98 in chips) 
Seat 8: Dorex2007 ($2.13 in chips) 
Seat 9: yur4ik777 ($2.44 in chips) 
meelis9: posts small blind $0.01
Juagonzalez: posts big blind $0.02
Melo Q5: posts small blind $0.01
*** HOLE CARDS ***
Dealt to Dorex2007 [Qh Js]
dboulay1979: folds 
KevinOgs: calls $0.02
Melo Q5: folds 
Dorex2007: calls $0.02
yur4ik777: folds 
AtlanticTide: folds 
meelis9: folds 
Juagonzalez: raises $0.12 to $0.14
KevinOgs: folds 
Dorex2007: folds 
Uncalled bet ($0.12) returned to Juagonzalez
Juagonzalez collected $0.08 from pot
*** SUMMARY ***
Total pot $0.08 | Rake $0 
Seat 1: AtlanticTide (button) folded before Flop (didn't bet)
Seat 2: meelis9 (small blind) folded before Flop
Seat 3: Juagonzalez (big blind) collected ($0.08)
Seat 4: dboulay1979 folded before Flop (didn't bet)
Seat 6: KevinOgs folded before Flop
Seat 7: Melo Q5 folded before Flop (didn't bet)
Seat 8: Dorex2007 folded before Flop
Seat 9: yur4ik777 folded before Flop (didn't bet)



PokerStars Hand #237386629373:  Hold'em No Limit ($0.01/$0.02 USD) - 2022/07/15 21:30:30 PT [2022/07/16 0:30:30 ET]
Table 'Cuffey III' 9-max Seat #2 is the button
Seat 1: AtlanticTide ($3.56 in chips) 
Seat 2: meelis9 ($2 in chips) 
Seat 3: Juagonzalez ($2.23 in chips) 
Seat 4: dboulay1979 ($3.54 in chips) 
Seat 6: KevinOgs ($1.79 in chips) 
Seat 7: Melo Q5 ($1.97 in chips) 
Seat 8: Dorex2007 ($2.11 in chips) 
Seat 9: yur4ik777 ($2.44 in chips) 
Juagonzalez: posts small blind $0.01
dboulay1979: posts big blind $0.02
*** HOLE CARDS ***
Dealt to Dorex2007 [9s 9d]
KevinOgs: folds 
Melo Q5: calls $0.02
Dorex2007: calls $0.02
yur4ik777: folds 
AtlanticTide: folds 
meelis9: raises $0.04 to $0.06
Juagonzalez: calls $0.05
dboulay1979: folds 
Melo Q5: calls $0.04
Dorex2007: calls $0.04
*** FLOP *** [5h As 4d]
Juagonzalez: checks 
Melo Q5: checks 
Dorex2007: checks 
meelis9: bets $0.12
Juagonzalez: folds 
Melo Q5: folds 
Dorex2007: folds 
Uncalled bet ($0.12) returned to meelis9
meelis9 collected $0.25 from pot
*** SUMMARY ***
Total pot $0.26 | Rake $0.01 
Board [5h As 4d]
Seat 1: AtlanticTide folded before Flop (didn't bet)
Seat 2: meelis9 (button) collected ($0.25)
Seat 3: Juagonzalez (small blind) folded on the Flop
Seat 4: dboulay1979 (big blind) folded before Flop
Seat 6: KevinOgs folded before Flop (didn't bet)
Seat 7: Melo Q5 folded on the Flop
Seat 8: Dorex2007 folded on the Flop
Seat 9: yur4ik777 folded before Flop (didn't bet)



PokerStars Hand #237386636281:  Hold'em No Limit ($0.01/$0.02 USD) - 2022/07/15 21:31:20 PT [2022/07/16 0:31:20 ET]
Table 'Cuffey III' 9-max Seat #3 is the button
Seat 1: AtlanticTide ($3.56 in chips) 
Seat 2: meelis9 ($2.19 in chips) 
Seat 3: Juagonzalez ($2.17 in chips) 
Seat 4: dboulay1979 ($3.52 in chips) 
Seat 6: KevinOgs ($1.79 in chips) 
Seat 7: Melo Q5 ($1.91 in chips) 
Seat 8: Dorex2007 ($2.05 in chips) 
Seat 9: yur4ik777 ($2.44 in chips) 
dboulay1979: posts small blind $0.01
KevinOgs: posts big blind $0.02
*** HOLE CARDS ***
Dealt to Dorex2007 [Kh Qc]
Melo Q5: calls $0.02
Dorex2007: folds 
yur4ik777: folds 
AtlanticTide: folds 
meelis9: folds 
Juagonzalez: raises $0.03 to $0.05
dboulay1979: folds 
KevinOgs: raises $0.13 to $0.18
Melo Q5: folds 
Juagonzalez: folds 
Uncalled bet ($0.13) returned to KevinOgs
KevinOgs collected $0.13 from pot
Samir1384 leaves the table
*** SUMMARY ***
Total pot $0.13 | Rake $0 
Seat 1: AtlanticTide folded before Flop (didn't bet)
Seat 2: meelis9 folded before Flop (didn't bet)
Seat 3: Juagonzalez (button) folded before Flop
Seat 4: dboulay1979 (small blind) folded before Flop
Seat 6: KevinOgs (big blind) collected ($0.13)
Seat 7: Melo Q5 folded before Flop
Seat 8: Dorex2007 folded before Flop (didn't bet)
Seat 9: yur4ik777 folded before Flop (didn't bet)



PokerStars Hand #237386641024:  Hold'em No Limit ($0.01/$0.02 USD) - 2022/07/15 21:31:55 PT [2022/07/16 0:31:55 ET]
Table 'Cuffey III' 9-max Seat #4 is the button
Seat 1: AtlanticTide ($3.56 in chips) 
Seat 2: meelis9 ($2.19 in chips) 
Seat 3: Juagonzalez ($2.12 in chips) 
Seat 4: dboulay1979 ($3.51 in chips) 
Seat 6: KevinOgs ($1.87 in chips) 
Seat 7: Melo Q5 ($1.89 in chips) 
Seat 8: Dorex2007 ($2.05 in chips) 
Seat 9: yur4ik777 ($2.44 in chips) 
KevinOgs: posts small blind $0.01
Melo Q5: posts big blind $0.02
*** HOLE CARDS ***
Dealt to Dorex2007 [2d 2h]
Dorex2007: calls $0.02
yur4ik777: folds 
AtlanticTide: folds 
meelis9: folds 
Juagonzalez: folds 
dboulay1979: raises $0.06 to $0.08
KevinOgs: folds 
Melo Q5: calls $0.06
Dorex2007: folds 
*** FLOP *** [Kc 9h Tc]
Melo Q5: bets $0.02
dboulay1979: calls $0.02
*** TURN *** [Kc 9h Tc] [Jh]
Melo Q5: bets $0.02
dboulay1979: calls $0.02
*** RIVER *** [Kc 9h Tc Jh] [2s]
Melo Q5: bets $0.04
Wild775 joins the table at seat #5 
dboulay1979: raises $0.17 to $0.21
Melo Q5: calls $0.17
*** SHOW DOWN ***
dboulay1979: shows [7c 8s] (a straight, Seven to Jack)
Melo Q5: shows [9d Qh] (a straight, Nine to King)
Melo Q5 collected $0.67 from pot
*** SUMMARY ***
Total pot $0.69 | Rake $0.02 
Board [Kc 9h Tc Jh 2s]
Seat 1: AtlanticTide folded before Flop (didn't bet)
Seat 2: meelis9 folded before Flop (didn't bet)
Seat 3: Juagonzalez folded before Flop (didn't bet)
Seat 4: dboulay1979 (button) showed [7c 8s] and lost with a straight, Seven to Jack
Seat 6: KevinOgs (small blind) folded before Flop
Seat 7: Melo Q5 (big blind) showed [9d Qh] and won ($0.67) with a straight, Nine to King
Seat 8: Dorex2007 folded before Flop
Seat 9: yur4ik777 folded before Flop (didn't bet)



PokerStars Hand #237386648971:  Hold'em No Limit ($0.01/$0.02 USD) - 2022/07/15 21:32:53 PT [2022/07/16 0:32:53 ET]
Table 'Cuffey III' 9-max Seat #6 is the button
Seat 1: AtlanticTide ($3.56 in chips) 
Seat 2: meelis9 ($2.19 in chips) 
Seat 3: Juagonzalez ($2.12 in chips) 
Seat 4: dboulay1979 ($3.18 in chips) 
Seat 6: KevinOgs ($1.86 in chips) 
Seat 7: Melo Q5 ($2.23 in chips) 
Seat 8: Dorex2007 ($2.03 in chips) 
Seat 9: yur4ik777 ($2.44 in chips) 
Melo Q5: posts small blind $0.01
Dorex2007: posts big blind $0.02
Wild775: sits out 
*** HOLE CARDS ***
Dealt to Dorex2007 [5c 8d]
yur4ik777: folds 
AtlanticTide: folds 
meelis9: folds 
Juagonzalez: folds 
dboulay1979: folds 
KevinOgs: calls $0.02
Melo Q5: calls $0.01
Dorex2007: checks 
*** FLOP *** [7h 3h 8s]
Melo Q5: checks 
Dorex2007: checks 
KevinOgs: bets $0.03
Melo Q5: folds 
Dorex2007: folds 
Uncalled bet ($0.03) returned to KevinOgs
KevinOgs collected $0.06 from pot
*** SUMMARY ***
Total pot $0.06 | Rake $0 
Board [7h 3h 8s]
Seat 1: AtlanticTide folded before Flop (didn't bet)
Seat 2: meelis9 folded before Flop (didn't bet)
Seat 3: Juagonzalez folded before Flop (didn't bet)
Seat 4: dboulay1979 folded before Flop (didn't bet)
Seat 6: KevinOgs (button) collected ($0.06)
Seat 7: Melo Q5 (small blind) folded on the Flop
Seat 8: Dorex2007 (big blind) folded on the Flop
Seat 9: yur4ik777 folded before Flop (didn't bet)



PokerStars Hand #237386653781:  Hold'em No Limit ($0.01/$0.02 USD) - 2022/07/15 21:33:28 PT [2022/07/16 0:33:28 ET]
Table 'Cuffey III' 9-max Seat #7 is the button
Seat 1: AtlanticTide ($3.56 in chips) 
Seat 2: meelis9 ($2.19 in chips) 
Seat 3: Juagonzalez ($2.12 in chips) 
Seat 4: dboulay1979 ($3.18 in chips) 
Seat 6: KevinOgs ($1.90 in chips) 
Seat 7: Melo Q5 ($2.21 in chips) 
Seat 8: Dorex2007 ($2.01 in chips) 
Seat 9: yur4ik777 ($2.44 in chips) 
Dorex2007: posts small blind $0.01
yur4ik777: posts big blind $0.02
Wild775: sits out 
*** HOLE CARDS ***
Dealt to Dorex2007 [8s Ts]
AtlanticTide: raises $0.02 to $0.04
meelis9: folds 
Juagonzalez: folds 
dboulay1979: folds 
KevinOgs: raises $0.04 to $0.08
Melo Q5: folds 
Dorex2007: folds 
yur4ik777: folds 
AtlanticTide: calls $0.04
*** FLOP *** [Qc Jh 9h]
AtlanticTide: checks 
KevinOgs: bets $0.18
AtlanticTide: folds 
Uncalled bet ($0.18) returned to KevinOgs
KevinOgs collected $0.18 from pot
*** SUMMARY ***
Total pot $0.19 | Rake $0.01 
Board [Qc Jh 9h]
Seat 1: AtlanticTide folded on the Flop
Seat 2: meelis9 folded before Flop (didn't bet)
Seat 3: Juagonzalez folded before Flop (didn't bet)
Seat 4: dboulay1979 folded before Flop (didn't bet)
Seat 6: KevinOgs collected ($0.18)
Seat 7: Melo Q5 (button) folded before Flop (didn't bet)
Seat 8: Dorex2007 (small blind) folded before Flop
Seat 9: yur4ik777 (big blind) folded before Flop



PokerStars Hand #237386659082:  Hold'em No Limit ($0.01/$0.02 USD) - 2022/07/15 21:34:07 PT [2022/07/16 0:34:07 ET]
Table 'Cuffey III' 9-max Seat #8 is the button
Seat 1: AtlanticTide ($3.48 in chips) 
Seat 2: meelis9 ($2.19 in chips) 
Seat 3: Juagonzalez ($2.12 in chips) 
Seat 4: dboulay1979 ($3.18 in chips) 
Seat 6: KevinOgs ($2 in chips) 
Seat 7: Melo Q5 ($2.21 in chips) 
Seat 8: Dorex2007 ($2 in chips) 
Seat 9: yur4ik777 ($2.42 in chips) 
yur4ik777: posts small blind $0.01
AtlanticTide: posts big blind $0.02
Wild775: sits out 
*** HOLE CARDS ***
Dealt to Dorex2007 [5h Kd]
meelis9: folds 
Juagonzalez: folds 
dboulay1979: raises $0.06 to $0.08
KevinOgs: folds 
Melo Q5: calls $0.08
Dorex2007: folds 
yur4ik777: folds 
AtlanticTide: folds 
*** FLOP *** [Kc 6d 6s]
dboulay1979: bets $0.18
Melo Q5: folds 
Uncalled bet ($0.18) returned to dboulay1979
dboulay1979 collected $0.18 from pot
*** SUMMARY ***
Total pot $0.19 | Rake $0.01 
Board [Kc 6d 6s]
Seat 1: AtlanticTide (big blind) folded before Flop
Seat 2: meelis9 folded before Flop (didn't bet)
Seat 3: Juagonzalez folded before Flop (didn't bet)
Seat 4: dboulay1979 collected ($0.18)
Seat 6: KevinOgs folded before Flop (didn't bet)
Seat 7: Melo Q5 folded on the Flop
Seat 8: Dorex2007 (button) folded before Flop (didn't bet)
Seat 9: yur4ik777 (small blind) folded before Flop



PokerStars Hand #237386663365:  Hold'em No Limit ($0.01/$0.02 USD) - 2022/07/15 21:34:38 PT [2022/07/16 0:34:38 ET]
Table 'Cuffey III' 9-max Seat #9 is the button
Seat 1: AtlanticTide ($3.46 in chips) 
Seat 2: meelis9 ($2.19 in chips) 
Seat 3: Juagonzalez ($2.12 in chips) 
Seat 4: dboulay1979 ($3.28 in chips) 
Seat 6: KevinOgs ($2 in chips) 
Seat 7: Melo Q5 ($2.13 in chips) 
Seat 8: Dorex2007 ($2 in chips) 
Seat 9: yur4ik777 ($2.41 in chips) 
AtlanticTide: posts small blind $0.01
meelis9: posts big blind $0.02
Wild775: sits out 
*** HOLE CARDS ***
Dealt to Dorex2007 [7h 9s]
Juagonzalez: folds 
dboulay1979: raises $0.06 to $0.08
KevinOgs: folds 
Melo Q5: calls $0.08
Dorex2007: folds 
yur4ik777: folds 
AtlanticTide: folds 
meelis9: folds 
*** FLOP *** [As Th Jc]
dboulay1979: checks 
Melo Q5: bets $0.09
dboulay1979: folds 
Uncalled bet ($0.09) returned to Melo Q5
Melo Q5 collected $0.18 from pot
*** SUMMARY ***
Total pot $0.19 | Rake $0.01 
Board [As Th Jc]
Seat 1: AtlanticTide (small blind) folded before Flop
Seat 2: meelis9 (big blind) folded before Flop
Seat 3: Juagonzalez folded before Flop (didn't bet)
Seat 4: dboulay1979 folded on the Flop
Seat 6: KevinOgs folded before Flop (didn't bet)
Seat 7: Melo Q5 collected ($0.18)
Seat 8: Dorex2007 folded before Flop (didn't bet)
Seat 9: yur4ik777 (button) folded before Flop (didn't bet)



PokerStars Hand #237386667761:  Hold'em No Limit ($0.01/$0.02 USD) - 2022/07/15 21:35:10 PT [2022/07/16 0:35:10 ET]
Table 'Cuffey III' 9-max Seat #1 is the button
Seat 1: AtlanticTide ($3.45 in chips) 
Seat 2: meelis9 ($2.17 in chips) 
Seat 3: Juagonzalez ($2.12 in chips) 
Seat 4: dboulay1979 ($3.20 in chips) 
Seat 6: KevinOgs ($2 in chips) 
Seat 7: Melo Q5 ($2.23 in chips) 
Seat 8: Dorex2007 ($2 in chips) 
Seat 9: yur4ik777 ($2.41 in chips) 
meelis9: posts small blind $0.01
Juagonzalez: posts big blind $0.02
Wild775: sits out 
*** HOLE CARDS ***
Dealt to Dorex2007 [Kc Qh]
dboulay1979: folds 
KevinOgs: calls $0.02
Melo Q5: raises $0.04 to $0.06
Dorex2007: calls $0.06
yur4ik777: folds 
AtlanticTide: folds 
meelis9: folds 
Juagonzalez: folds 
KevinOgs: calls $0.04
*** FLOP *** [8c 8h 7h]
KevinOgs: bets $0.10
Melo Q5: folds 
Dorex2007: folds 
Uncalled bet ($0.10) returned to KevinOgs
KevinOgs collected $0.20 from pot
*** SUMMARY ***
Total pot $0.21 | Rake $0.01 
Board [8c 8h 7h]
Seat 1: AtlanticTide (button) folded before Flop (didn't bet)
Seat 2: meelis9 (small blind) folded before Flop
Seat 3: Juagonzalez (big blind) folded before Flop
Seat 4: dboulay1979 folded before Flop (didn't bet)
Seat 6: KevinOgs collected ($0.20)
Seat 7: Melo Q5 folded on the Flop
Seat 8: Dorex2007 folded on the Flop
Seat 9: yur4ik777 folded before Flop (didn't bet)



PokerStars Hand #237386672931:  Hold'em No Limit ($0.01/$0.02 USD) - 2022/07/15 21:35:48 PT [2022/07/16 0:35:48 ET]
Table 'Cuffey III' 9-max Seat #2 is the button
Seat 1: AtlanticTide ($3.45 in chips) 
Seat 2: meelis9 ($2.16 in chips) 
Seat 3: Juagonzalez ($2.10 in chips) 
Seat 4: dboulay1979 ($3.20 in chips) 
Seat 6: KevinOgs ($2.14 in chips) 
Seat 7: Melo Q5 ($2.17 in chips) 
Seat 8: Dorex2007 ($2 in chips) 
Seat 9: yur4ik777 ($2.41 in chips) 
Juagonzalez: posts small blind $0.01
dboulay1979: posts big blind $0.02
Wild775: sits out 
*** HOLE CARDS ***
Dealt to Dorex2007 [5c Td]
KevinOgs: folds 
Melo Q5: calls $0.02
Dorex2007: folds 
yur4ik777: folds 
AtlanticTide: calls $0.02
meelis9: folds 
Juagonzalez: folds 
dboulay1979: checks 
*** FLOP *** [2s 9h 3d]
dboulay1979: checks 
Melo Q5: bets $0.07
AtlanticTide: calls $0.07
dboulay1979: folds 
*** TURN *** [2s 9h 3d] [Jc]
Melo Q5: bets $0.10
AtlanticTide: calls $0.10
*** RIVER *** [2s 9h 3d Jc] [Ad]
Melo Q5: checks 
AtlanticTide: checks 
*** SHOW DOWN ***
Melo Q5: shows [9d Kd] (a pair of Nines)
AtlanticTide: mucks hand 
Melo Q5 collected $0.40 from pot
*** SUMMARY ***
Total pot $0.41 | Rake $0.01 
Board [2s 9h 3d Jc Ad]
Seat 1: AtlanticTide mucked [7s 7c]
Seat 2: meelis9 (button) folded before Flop (didn't bet)
Seat 3: Juagonzalez (small blind) folded before Flop
Seat 4: dboulay1979 (big blind) folded on the Flop
Seat 6: KevinOgs folded before Flop (didn't bet)
Seat 7: Melo Q5 showed [9d Kd] and won ($0.40) with a pair of Nines
Seat 8: Dorex2007 folded before Flop (didn't bet)
Seat 9: yur4ik777 folded before Flop (didn't bet)



PokerStars Hand #237386678366:  Hold'em No Limit ($0.01/$0.02 USD) - 2022/07/15 21:36:27 PT [2022/07/16 0:36:27 ET]
Table 'Cuffey III' 9-max Seat #3 is the button
Seat 1: AtlanticTide ($3.26 in chips) 
Seat 2: meelis9 ($2.16 in chips) 
Seat 3: Juagonzalez ($2.09 in chips) 
Seat 4: dboulay1979 ($3.18 in chips) 
Seat 5: Wild775 ($1.04 in chips) 
Seat 6: KevinOgs ($2.14 in chips) 
Seat 7: Melo Q5 ($2.38 in chips) 
Seat 8: Dorex2007 ($2 in chips) 
Seat 9: yur4ik777 ($2.41 in chips) 
dboulay1979: posts small blind $0.01
Wild775: posts big blind $0.02
*** HOLE CARDS ***
Dealt to Dorex2007 [Qc Ts]
KevinOgs has timed out
KevinOgs: folds 
Melo Q5: folds 
Dorex2007: calls $0.02
yur4ik777: folds 
AtlanticTide: calls $0.02
meelis9: raises $0.08 to $0.10
Juagonzalez: folds 
dboulay1979: folds 
Wild775: folds 
Dorex2007: folds 
AtlanticTide: folds 
Uncalled bet ($0.08) returned to meelis9
meelis9 collected $0.09 from pot
*** SUMMARY ***
Total pot $0.09 | Rake $0 
Seat 1: AtlanticTide folded before Flop
Seat 2: meelis9 collected ($0.09)
Seat 3: Juagonzalez (button) folded before Flop (didn't bet)
Seat 4: dboulay1979 (small blind) folded before Flop
Seat 5: Wild775 (big blind) folded before Flop
Seat 6: KevinOgs folded before Flop (didn't bet)
Seat 7: Melo Q5 folded before Flop (didn't bet)
Seat 8: Dorex2007 folded before Flop
Seat 9: yur4ik777 folded before Flop (didn't bet)



PokerStars Hand #237386685174:  Hold'em No Limit ($0.01/$0.02 USD) - 2022/07/15 21:37:17 PT [2022/07/16 0:37:17 ET]
Table 'Cuffey III' 9-max Seat #4 is the button
Seat 1: AtlanticTide ($3.24 in chips) 
Seat 2: meelis9 ($2.23 in chips) 
Seat 3: Juagonzalez ($2.09 in chips) 
Seat 4: dboulay1979 ($3.17 in chips) 
Seat 5: Wild775 ($1.02 in chips) 
Seat 6: KevinOgs ($2.14 in chips) 
Seat 7: Melo Q5 ($2.38 in chips) 
Seat 8: Dorex2007 ($2 in chips) 
Seat 9: yur4ik777 ($2.41 in chips) 
Wild775: posts small blind $0.01
KevinOgs: posts big blind $0.02
*** HOLE CARDS ***
Dealt to Dorex2007 [Qh 3s]
Melo Q5: calls $0.02
Dorex2007: folds 
yur4ik777: folds 
AtlanticTide: folds 
meelis9: folds 
Juagonzalez: folds 
dboulay1979: raises $0.06 to $0.08
Wild775: folds 
KevinOgs: folds 
Melo Q5: calls $0.06
*** FLOP *** [4s 6d 8c]
Melo Q5: bets $0.02
dboulay1979: raises $0.15 to $0.17
Melo Q5: calls $0.15
*** TURN *** [4s 6d 8c] [Jc]
Melo Q5: checks 
dboulay1979: bets $0.51
Melo Q5: folds 
Uncalled bet ($0.51) returned to dboulay1979
dboulay1979 collected $0.51 from pot
*** SUMMARY ***
Total pot $0.53 | Rake $0.02 
Board [4s 6d 8c Jc]
Seat 1: AtlanticTide folded before Flop (didn't bet)
Seat 2: meelis9 folded before Flop (didn't bet)
Seat 3: Juagonzalez folded before Flop (didn't bet)
Seat 4: dboulay1979 (button) collected ($0.51)
Seat 5: Wild775 (small blind) folded before Flop
Seat 6: KevinOgs (big blind) folded before Flop
Seat 7: Melo Q5 folded on the Turn
Seat 8: Dorex2007 folded before Flop (didn't bet)
Seat 9: yur4ik777 folded before Flop (didn't bet)



PokerStars Hand #237386697205:  Hold'em No Limit ($0.01/$0.02 USD) - 2022/07/15 21:38:11 PT [2022/07/16 0:38:11 ET]
Table 'Cuffey III' 9-max Seat #5 is the button
Seat 1: AtlanticTide ($3.24 in chips) 
Seat 2: meelis9 ($2.23 in chips) 
Seat 3: Juagonzalez ($2.09 in chips) 
Seat 4: dboulay1979 ($3.43 in chips) 
Seat 5: Wild775 ($1.01 in chips) 
Seat 6: KevinOgs ($2.12 in chips) 
Seat 7: Melo Q5 ($2.13 in chips) 
Seat 8: Dorex2007 ($2 in chips) 
Seat 9: yur4ik777 ($2.41 in chips) 
KevinOgs: posts small blind $0.01
Melo Q5: posts big blind $0.02
*** HOLE CARDS ***
Dealt to Dorex2007 [9h 9c]
Dorex2007: calls $0.02
yur4ik777: folds 
AtlanticTide: calls $0.02
meelis9: folds 
Juagonzalez: raises $0.03 to $0.05
dboulay1979: folds 
Wild775: calls $0.05
KevinOgs: raises $0.03 to $0.08
Melo Q5: folds 
Dorex2007: folds 
AtlanticTide: calls $0.06
Juagonzalez: calls $0.03
Wild775: calls $0.03
*** FLOP *** [8s 4s 6s]
KevinOgs: checks 
AtlanticTide: checks 
Juagonzalez: checks 
Wild775: checks 
*** TURN *** [8s 4s 6s] [5s]
KevinOgs: checks 
AtlanticTide: bets $0.06
Juagonzalez: folds 
Wild775: folds 
KevinOgs: calls $0.06
*** RIVER *** [8s 4s 6s 5s] [6h]
KevinOgs: bets $0.23
AtlanticTide: folds 
Uncalled bet ($0.23) returned to KevinOgs
KevinOgs collected $0.46 from pot
*** SUMMARY ***
Total pot $0.48 | Rake $0.02 
Board [8s 4s 6s 5s 6h]
Seat 1: AtlanticTide folded on the River
Seat 2: meelis9 folded before Flop (didn't bet)
Seat 3: Juagonzalez folded on the Turn
Seat 4: dboulay1979 folded before Flop (didn't bet)
Seat 5: Wild775 (button) folded on the Turn
Seat 6: KevinOgs (small blind) collected ($0.46)
Seat 7: Melo Q5 (big blind) folded before Flop
Seat 8: Dorex2007 folded before Flop
Seat 9: yur4ik777 folded before Flop (didn't bet)



PokerStars Hand #237386709372:  Hold'em No Limit ($0.01/$0.02 USD) - 2022/07/15 21:39:43 PT [2022/07/16 0:39:43 ET]
Table 'Cuffey III' 9-max Seat #6 is the button
Seat 1: AtlanticTide ($3.10 in chips) 
Seat 2: meelis9 ($2.23 in chips) 
Seat 3: Juagonzalez ($2.01 in chips) 
Seat 4: dboulay1979 ($3.43 in chips) 
Seat 5: Wild775 ($0.93 in chips) 
Seat 6: KevinOgs ($2.44 in chips) 
Seat 7: Melo Q5 ($2.11 in chips) 
Seat 8: Dorex2007 ($2 in chips) 
Seat 9: yur4ik777 ($2.41 in chips) 
Melo Q5: posts small blind $0.01
Dorex2007: posts big blind $0.02
*** HOLE CARDS ***
Dealt to Dorex2007 [6d Qh]
yur4ik777: folds 
AtlanticTide: folds 
meelis9: folds 
Juagonzalez: folds 
dboulay1979 has timed out
dboulay1979: folds 
Wild775: folds 
KevinOgs: calls $0.02
Melo Q5: raises $0.04 to $0.06
Dorex2007: folds 
KevinOgs: calls $0.04
*** FLOP *** [Kh Ac 6h]
Melo Q5: bets $0.06
KevinOgs: folds 
Uncalled bet ($0.06) returned to Melo Q5
Melo Q5 collected $0.14 from pot
*** SUMMARY ***
Total pot $0.14 | Rake $0 
Board [Kh Ac 6h]
Seat 1: AtlanticTide folded before Flop (didn't bet)
Seat 2: meelis9 folded before Flop (didn't bet)
Seat 3: Juagonzalez folded before Flop (didn't bet)
Seat 4: dboulay1979 folded before Flop (didn't bet)
Seat 5: Wild775 folded before Flop (didn't bet)
Seat 6: KevinOgs (button) folded on the Flop
Seat 7: Melo Q5 (small blind) collected ($0.14)
Seat 8: Dorex2007 (big blind) folded before Flop
Seat 9: yur4ik777 folded before Flop (didn't bet)



PokerStars Hand #237386714893:  Hold'em No Limit ($0.01/$0.02 USD) - 2022/07/15 21:40:24 PT [2022/07/16 0:40:24 ET]
Table 'Cuffey III' 9-max Seat #7 is the button
Seat 1: AtlanticTide ($3.10 in chips) 
Seat 2: meelis9 ($2.23 in chips) 
Seat 3: Juagonzalez ($2.01 in chips) 
Seat 5: Wild775 ($0.93 in chips) 
Seat 6: KevinOgs ($2.38 in chips) 
Seat 7: Melo Q5 ($2.19 in chips) 
Seat 8: Dorex2007 ($2 in chips) 
Seat 9: yur4ik777 ($2.41 in chips) 
Dorex2007: posts small blind $0.01
yur4ik777: posts big blind $0.02
*** HOLE CARDS ***
Dealt to Dorex2007 [6d 4h]
AtlanticTide: folds 
meelis9: folds 
Juagonzalez: raises $0.04 to $0.06
Wild775: calls $0.06
KevinOgs: folds 
Melo Q5: folds 
Dorex2007: folds 
yur4ik777: folds 
*** FLOP *** [7h 8c 2d]
Juagonzalez: checks 
Wild775: checks 
*** TURN *** [7h 8c 2d] [2c]
Juagonzalez: bets $0.07
Wild775: calls $0.07
*** RIVER *** [7h 8c 2d 2c] [5d]
Juagonzalez: checks 
Wild775: bets $0.14
Juagonzalez: folds 
Uncalled bet ($0.14) returned to Wild775
Wild775 collected $0.28 from pot
*** SUMMARY ***
Total pot $0.29 | Rake $0.01 
Board [7h 8c 2d 2c 5d]
Seat 1: AtlanticTide folded before Flop (didn't bet)
Seat 2: meelis9 folded before Flop (didn't bet)
Seat 3: Juagonzalez folded on the River
Seat 5: Wild775 collected ($0.28)
Seat 6: KevinOgs folded before Flop (didn't bet)
Seat 7: Melo Q5 (button) folded before Flop (didn't bet)
Seat 8: Dorex2007 (small blind) folded before Flop
Seat 9: yur4ik777 (big blind) folded before Flop



PokerStars Hand #237386725083:  Hold'em No Limit ($0.01/$0.02 USD) - 2022/07/15 21:41:40 PT [2022/07/16 0:41:40 ET]
Table 'Cuffey III' 9-max Seat #8 is the button
Seat 1: AtlanticTide ($3.10 in chips) 
Seat 2: meelis9 ($2.23 in chips) 
Seat 3: Juagonzalez ($2 in chips) 
Seat 4: dboulay1979 ($3.43 in chips) 
Seat 5: Wild775 ($1.08 in chips) 
Seat 6: KevinOgs ($2.38 in chips) 
Seat 7: Melo Q5 ($2.19 in chips) 
Seat 8: Dorex2007 ($2 in chips) 
Seat 9: yur4ik777 ($2.39 in chips) 
yur4ik777: posts small blind $0.01
AtlanticTide: posts big blind $0.02
*** HOLE CARDS ***
Dealt to Dorex2007 [6d Js]
meelis9 has timed out
meelis9: folds 
Juagonzalez: folds 
dboulay1979: folds 
Wild775: raises $0.02 to $0.04
KevinOgs: folds 
Melo Q5: folds 
Dorex2007: folds 
yur4ik777: folds 
AtlanticTide: folds 
Uncalled bet ($0.02) returned to Wild775
Wild775 collected $0.05 from pot
*** SUMMARY ***
Total pot $0.05 | Rake $0 
Seat 1: AtlanticTide (big blind) folded before Flop
Seat 2: meelis9 folded before Flop (didn't bet)
Seat 3: Juagonzalez folded before Flop (didn't bet)
Seat 4: dboulay1979 folded before Flop (didn't bet)
Seat 5: Wild775 collected ($0.05)
Seat 6: KevinOgs folded before Flop (didn't bet)
Seat 7: Melo Q5 folded before Flop (didn't bet)
Seat 8: Dorex2007 (button) folded before Flop (didn't bet)
Seat 9: yur4ik777 (small blind) folded before Flop



PokerStars Hand #237386728842:  Hold'em No Limit ($0.01/$0.02 USD) - 2022/07/15 21:42:08 PT [2022/07/16 0:42:08 ET]
Table 'Cuffey III' 9-max Seat #9 is the button
Seat 1: AtlanticTide ($3.08 in chips) 
Seat 2: meelis9 ($2.23 in chips) 
Seat 3: Juagonzalez ($2 in chips) 
Seat 4: dboulay1979 ($3.43 in chips) 
Seat 5: Wild775 ($1.11 in chips) 
Seat 6: KevinOgs ($2.38 in chips) 
Seat 7: Melo Q5 ($2.19 in chips) 
Seat 8: Dorex2007 ($2 in chips) 
Seat 9: yur4ik777 ($2.38 in chips) 
AtlanticTide: posts small blind $0.01
meelis9: posts big blind $0.02
*** HOLE CARDS ***
Dealt to Dorex2007 [3h Qd]
Juagonzalez: raises $0.03 to $0.05
dboulay1979: folds 
Wild775: folds 
KevinOgs: calls $0.05
Melo Q5: folds 
Dorex2007: folds 
yur4ik777: folds 
AtlanticTide: calls $0.04
meelis9: raises $0.11 to $0.16
Juagonzalez: calls $0.11
KevinOgs: folds 
AtlanticTide: calls $0.11
*** FLOP *** [3c 3s 6h]
AtlanticTide: checks 
meelis9: bets $0.25
Juagonzalez: calls $0.25
AtlanticTide: folds 
*** TURN *** [3c 3s 6h] [9c]
meelis9: bets $0.30
Juagonzalez: raises $0.50 to $0.80
meelis9: folds 
Uncalled bet ($0.50) returned to Juagonzalez
Juagonzalez collected $1.57 from pot
*** SUMMARY ***
Total pot $1.63 | Rake $0.06 
Board [3c 3s 6h 9c]
Seat 1: AtlanticTide (small blind) folded on the Flop
Seat 2: meelis9 (big blind) folded on the Turn
Seat 3: Juagonzalez collected ($1.57)
Seat 4: dboulay1979 folded before Flop (didn't bet)
Seat 5: Wild775 folded before Flop (didn't bet)
Seat 6: KevinOgs folded before Flop
Seat 7: Melo Q5 folded before Flop (didn't bet)
Seat 8: Dorex2007 folded before Flop (didn't bet)
Seat 9: yur4ik777 (button) folded before Flop (didn't bet)



PokerStars Hand #237386744100:  Hold'em No Limit ($0.01/$0.02 USD) - 2022/07/15 21:44:00 PT [2022/07/16 0:44:00 ET]
Table 'Cuffey III' 9-max Seat #1 is the button
Seat 1: AtlanticTide ($2.92 in chips) 
Seat 2: meelis9 ($1.52 in chips) 
Seat 3: Juagonzalez ($2.86 in chips) 
Seat 4: dboulay1979 ($3.43 in chips) 
Seat 5: Wild775 ($1.11 in chips) 
Seat 6: KevinOgs ($2.33 in chips) 
Seat 7: Melo Q5 ($2.19 in chips) 
Seat 8: Dorex2007 ($2 in chips) 
Seat 9: yur4ik777 ($2.38 in chips) 
meelis9: posts small blind $0.01
Juagonzalez: posts big blind $0.02
*** HOLE CARDS ***
Dealt to Dorex2007 [7c 8c]
dboulay1979: folds 
Wild775: folds 
KevinOgs: folds 
Melo Q5: folds 
Dorex2007: calls $0.02
yur4ik777: folds 
AtlanticTide: calls $0.02
meelis9: folds 
Juagonzalez: checks 
*** FLOP *** [7s Jd 3d]
Juagonzalez: checks 
Dorex2007: checks 
AtlanticTide: checks 
*** TURN *** [7s Jd 3d] [As]
Juagonzalez: checks 
Dorex2007: checks 
AtlanticTide: checks 
*** RIVER *** [7s Jd 3d As] [5h]
Juagonzalez: checks 
Dorex2007: checks 
AtlanticTide: checks 
*** SHOW DOWN ***
Juagonzalez: shows [Tc 7h] (a pair of Sevens)
Dorex2007: mucks hand 
AtlanticTide: mucks hand 
Juagonzalez collected $0.07 from pot
*** SUMMARY ***
Total pot $0.07 | Rake $0 
Board [7s Jd 3d As 5h]
Seat 1: AtlanticTide (button) mucked [6d 5c]
Seat 2: meelis9 (small blind) folded before Flop
Seat 3: Juagonzalez (big blind) showed [Tc 7h] and won ($0.07) with a pair of Sevens
Seat 4: dboulay1979 folded before Flop (didn't bet)
Seat 5: Wild775 folded before Flop (didn't bet)
Seat 6: KevinOgs folded before Flop (didn't bet)
Seat 7: Melo Q5 folded before Flop (didn't bet)
Seat 8: Dorex2007 mucked [7c 8c]
Seat 9: yur4ik777 folded before Flop (didn't bet)



PokerStars Hand #237386751467:  Hold'em No Limit ($0.01/$0.02 USD) - 2022/07/15 21:44:45 PT [2022/07/16 0:44:45 ET]
Table 'Cuffey III' 9-max Seat #2 is the button
Seat 1: AtlanticTide ($2.90 in chips) 
Seat 2: meelis9 ($2 in chips) 
Seat 3: Juagonzalez ($2.91 in chips) 
Seat 4: dboulay1979 ($3.43 in chips) 
Seat 5: Wild775 ($1.11 in chips) 
Seat 6: KevinOgs ($2.33 in chips) 
Seat 7: Melo Q5 ($2.19 in chips) 
Seat 8: Dorex2007 ($2 in chips) 
Seat 9: yur4ik777 ($2.38 in chips) 
Juagonzalez: posts small blind $0.01
dboulay1979: posts big blind $0.02
*** HOLE CARDS ***
Dealt to Dorex2007 [3c 2s]
Wild775: folds 
KevinOgs: folds 
Melo Q5: raises $0.07 to $0.09
Dorex2007: folds 
yur4ik777: folds 
AtlanticTide: folds 
meelis9: calls $0.09
Juagonzalez: raises $0.31 to $0.40
dboulay1979: folds 
Melo Q5: raises $1.79 to $2.19 and is all-in
meelis9: folds 
Juagonzalez: folds 
Uncalled bet ($1.79) returned to Melo Q5
Melo Q5 collected $0.91 from pot
*** SUMMARY ***
Total pot $0.91 | Rake $0 
Seat 1: AtlanticTide folded before Flop (didn't bet)
Seat 2: meelis9 (button) folded before Flop
Seat 3: Juagonzalez (small blind) folded before Flop
Seat 4: dboulay1979 (big blind) folded before Flop
Seat 5: Wild775 folded before Flop (didn't bet)
Seat 6: KevinOgs folded before Flop (didn't bet)
Seat 7: Melo Q5 collected ($0.91)
Seat 8: Dorex2007 folded before Flop (didn't bet)
Seat 9: yur4ik777 folded before Flop (didn't bet)



PokerStars Hand #237386759444:  Hold'em No Limit ($0.01/$0.02 USD) - 2022/07/15 21:45:43 PT [2022/07/16 0:45:43 ET]
Table 'Cuffey III' 9-max Seat #3 is the button
Seat 2: meelis9 ($1.91 in chips) 
Seat 3: Juagonzalez ($2.51 in chips) 
Seat 4: dboulay1979 ($3.41 in chips) 
Seat 5: Wild775 ($1.11 in chips) 
Seat 6: KevinOgs ($2.33 in chips) 
Seat 7: Melo Q5 ($2.70 in chips) 
Seat 8: Dorex2007 ($2 in chips) 
Seat 9: yur4ik777 ($2.38 in chips) 
dboulay1979: posts small blind $0.01
Wild775: posts big blind $0.02
*** HOLE CARDS ***
Dealt to Dorex2007 [6c 3s]
KevinOgs: folds 
Melo Q5: folds 
Dorex2007: folds 
yur4ik777: folds 
meelis9: folds 
Juagonzalez: raises $0.04 to $0.06
dboulay1979: folds 
Wild775: folds 
Uncalled bet ($0.04) returned to Juagonzalez
Juagonzalez collected $0.05 from pot
*** SUMMARY ***
Total pot $0.05 | Rake $0 
Seat 2: meelis9 folded before Flop (didn't bet)
Seat 3: Juagonzalez (button) collected ($0.05)
Seat 4: dboulay1979 (small blind) folded before Flop
Seat 5: Wild775 (big blind) folded before Flop
Seat 6: KevinOgs folded before Flop (didn't bet)
Seat 7: Melo Q5 folded before Flop (didn't bet)
Seat 8: Dorex2007 folded before Flop (didn't bet)
Seat 9: yur4ik777 folded before Flop (didn't bet)



PokerStars Hand #237386762646:  Hold'em No Limit ($0.01/$0.02 USD) - 2022/07/15 21:46:06 PT [2022/07/16 0:46:06 ET]
Table 'Cuffey III' 9-max Seat #4 is the button
Seat 2: meelis9 ($1.91 in chips) 
Seat 3: Juagonzalez ($2.54 in chips) 
Seat 4: dboulay1979 ($3.40 in chips) 
Seat 5: Wild775 ($1.09 in chips) 
Seat 6: KevinOgs ($2.33 in chips) 
Seat 7: Melo Q5 ($2.70 in chips) 
Seat 8: Dorex2007 ($2 in chips) 
Seat 9: yur4ik777 ($2.38 in chips) 
Wild775: posts small blind $0.01
KevinOgs: posts big blind $0.02
*** HOLE CARDS ***
Dealt to Dorex2007 [4d 2c]
Melo Q5: raises $0.07 to $0.09
Dorex2007: folds 
yur4ik777: folds 
meelis9: folds 
Juagonzalez: folds 
dboulay1979: calls $0.09
Wild775: calls $0.08
KevinOgs: folds 
*** FLOP *** [4c Td Kc]
Wild775: checks 
Melo Q5: checks 
dboulay1979: bets $0.14
Wild775: folds 
Melo Q5: calls $0.14
*** TURN *** [4c Td Kc] [Ac]
Melo Q5: bets $0.27
dboulay1979: folds 
Uncalled bet ($0.27) returned to Melo Q5
Melo Q5 collected $0.55 from pot
*** SUMMARY ***
Total pot $0.57 | Rake $0.02 
Board [4c Td Kc Ac]
Seat 2: meelis9 folded before Flop (didn't bet)
Seat 3: Juagonzalez folded before Flop (didn't bet)
Seat 4: dboulay1979 (button) folded on the Turn
Seat 5: Wild775 (small blind) folded on the Flop
Seat 6: KevinOgs (big blind) folded before Flop
Seat 7: Melo Q5 collected ($0.55)
Seat 8: Dorex2007 folded before Flop (didn't bet)
Seat 9: yur4ik777 folded before Flop (didn't bet)



PokerStars Hand #237386770875:  Hold'em No Limit ($0.01/$0.02 USD) - 2022/07/15 21:47:08 PT [2022/07/16 0:47:08 ET]
Table 'Cuffey III' 9-max Seat #5 is the button
Seat 2: meelis9 ($1.91 in chips) 
Seat 3: Juagonzalez ($2.54 in chips) 
Seat 4: dboulay1979 ($3.17 in chips) 
Seat 5: Wild775 ($1 in chips) 
Seat 6: KevinOgs ($2.31 in chips) 
Seat 7: Melo Q5 ($3.02 in chips) 
Seat 8: Dorex2007 ($2 in chips) 
Seat 9: yur4ik777 ($2.38 in chips) 
KevinOgs: posts small blind $0.01
Melo Q5: posts big blind $0.02
*** HOLE CARDS ***
Dealt to Dorex2007 [2h Jd]
Dorex2007: folds 
yur4ik777: folds 
meelis9: raises $0.06 to $0.08
Juagonzalez: folds 
dboulay1979: folds 
Wild775: folds 
KevinOgs: folds 
Melo Q5: calls $0.06
*** FLOP *** [3c 6c 5c]
Melo Q5: checks 
meelis9: bets $0.08
Melo Q5: folds 
Uncalled bet ($0.08) returned to meelis9
meelis9 collected $0.16 from pot
*** SUMMARY ***
Total pot $0.17 | Rake $0.01 
Board [3c 6c 5c]
Seat 2: meelis9 collected ($0.16)
Seat 3: Juagonzalez folded before Flop (didn't bet)
Seat 4: dboulay1979 folded before Flop (didn't bet)
Seat 5: Wild775 (button) folded before Flop (didn't bet)
Seat 6: KevinOgs (small blind) folded before Flop
Seat 7: Melo Q5 (big blind) folded on the Flop
Seat 8: Dorex2007 folded before Flop (didn't bet)
Seat 9: yur4ik777 folded before Flop (didn't bet)



PokerStars Hand #237386783289:  Hold'em No Limit ($0.01/$0.02 USD) - 2022/07/15 21:47:33 PT [2022/07/16 0:47:33 ET]
Table 'Cuffey III' 9-max Seat #6 is the button
Seat 2: meelis9 ($1.99 in chips) 
Seat 3: Juagonzalez ($2.54 in chips) 
Seat 4: dboulay1979 ($3.17 in chips) 
Seat 5: Wild775 ($1 in chips) 
Seat 6: KevinOgs ($2.30 in chips) 
Seat 7: Melo Q5 ($2.94 in chips) 
Seat 8: Dorex2007 ($2 in chips) 
Seat 9: yur4ik777 ($2.38 in chips) 
Melo Q5: posts small blind $0.01
Dorex2007: posts big blind $0.02
*** HOLE CARDS ***
Dealt to Dorex2007 [Td 4s]
yur4ik777: raises $0.04 to $0.06
meelis9: folds 
Juagonzalez: folds 
Juagonzalez leaves the table
dboulay1979: folds 
Wild775: calls $0.06
KevinOgs: folds 
Melo Q5: calls $0.05
Dorex2007: folds 
*** FLOP *** [8s 2s 6s]
Melo Q5: bets $0.02
yur4ik777: folds 
Wild775: raises $0.12 to $0.14
Math Ikarus joins the table at seat #3 
Melo Q5: calls $0.12
*** TURN *** [8s 2s 6s] [6d]
Melo Q5: bets $0.02
Wild775: raises $0.25 to $0.27
Melo Q5: calls $0.25
*** RIVER *** [8s 2s 6s 6d] [5s]
Melo Q5: checks 
Wild775: bets $0.53 and is all-in
Melo Q5: folds 
Uncalled bet ($0.53) returned to Wild775
Wild775 collected $0.98 from pot
*** SUMMARY ***
Total pot $1.02 | Rake $0.04 
Board [8s 2s 6s 6d 5s]
Seat 2: meelis9 folded before Flop (didn't bet)
Seat 3: Juagonzalez folded before Flop (didn't bet)
Seat 4: dboulay1979 folded before Flop (didn't bet)
Seat 5: Wild775 collected ($0.98)
Seat 6: KevinOgs (button) folded before Flop (didn't bet)
Seat 7: Melo Q5 (small blind) folded on the River
Seat 8: Dorex2007 (big blind) folded before Flop
Seat 9: yur4ik777 folded on the Flop



PokerStars Hand #237386790844:  Hold'em No Limit ($0.01/$0.02 USD) - 2022/07/15 21:48:29 PT [2022/07/16 0:48:29 ET]
Table 'Cuffey III' 9-max Seat #7 is the button
Seat 2: meelis9 ($1.99 in chips) 
Seat 3: Math Ikarus ($2 in chips) 
Seat 4: dboulay1979 ($3.17 in chips) 
Seat 5: Wild775 ($1.51 in chips) 
Seat 6: KevinOgs ($2.30 in chips) 
Seat 7: Melo Q5 ($2.47 in chips) 
Seat 8: Dorex2007 ($2 in chips) 
Seat 9: yur4ik777 ($2.32 in chips) 
Dorex2007: posts small blind $0.01
yur4ik777: posts big blind $0.02
Math Ikarus: posts big blind $0.02
*** HOLE CARDS ***
Dealt to Dorex2007 [Js As]
meelis9 has timed out
meelis9: folds 
Math Ikarus: raises $0.04 to $0.06
dboulay1979: folds 
Wild775: folds 
KevinOgs: calls $0.06
Melo Q5: folds 
Dorex2007: calls $0.05
yur4ik777: folds 
*** FLOP *** [5d 9s Jc]
Dorex2007: bets $0.09
Math Ikarus: folds 
KevinOgs: calls $0.09
*** TURN *** [5d 9s Jc] [6h]
Dorex2007: bets $0.37
KevinOgs: folds 
Uncalled bet ($0.37) returned to Dorex2007
Dorex2007 collected $0.37 from pot
*** SUMMARY ***
Total pot $0.38 | Rake $0.01 
Board [5d 9s Jc 6h]
Seat 2: meelis9 folded before Flop (didn't bet)
Seat 3: Math Ikarus folded on the Flop
Seat 4: dboulay1979 folded before Flop (didn't bet)
Seat 5: Wild775 folded before Flop (didn't bet)
Seat 6: KevinOgs folded on the Turn
Seat 7: Melo Q5 (button) folded before Flop (didn't bet)
Seat 8: Dorex2007 (small blind) collected ($0.37)
Seat 9: yur4ik777 (big blind) folded before Flop



PokerStars Hand #237386798384:  Hold'em No Limit ($0.01/$0.02 USD) - 2022/07/15 21:49:26 PT [2022/07/16 0:49:26 ET]
Table 'Cuffey III' 9-max Seat #8 is the button
Seat 3: Math Ikarus ($1.94 in chips) 
Seat 4: dboulay1979 ($3.17 in chips) 
Seat 5: Wild775 ($1.51 in chips) 
Seat 6: KevinOgs ($2.15 in chips) 
Seat 7: Melo Q5 ($2.47 in chips) 
Seat 8: Dorex2007 ($2.22 in chips) 
Seat 9: yur4ik777 ($2.30 in chips) 
yur4ik777: posts small blind $0.01
Math Ikarus: posts big blind $0.02
*** HOLE CARDS ***
Dealt to Dorex2007 [3c 6s]
dboulay1979: folds 
Wild775: folds 
KevinOgs: folds 
Melo Q5: raises $0.04 to $0.06
Dorex2007: folds 
yur4ik777: folds 
Math Ikarus: folds 
Uncalled bet ($0.04) returned to Melo Q5
Melo Q5 collected $0.05 from pot
*** SUMMARY ***
Total pot $0.05 | Rake $0 
Seat 3: Math Ikarus (big blind) folded before Flop
Seat 4: dboulay1979 folded before Flop (didn't bet)
Seat 5: Wild775 folded before Flop (didn't bet)
Seat 6: KevinOgs folded before Flop (didn't bet)
Seat 7: Melo Q5 collected ($0.05)
Seat 8: Dorex2007 (button) folded before Flop (didn't bet)
Seat 9: yur4ik777 (small blind) folded before Flop



PokerStars Hand #237386800942:  Hold'em No Limit ($0.01/$0.02 USD) - 2022/07/15 21:49:46 PT [2022/07/16 0:49:46 ET]
Table 'Cuffey III' 9-max Seat #9 is the button
Seat 3: Math Ikarus ($1.92 in chips) 
Seat 4: dboulay1979 ($3.17 in chips) 
Seat 5: Wild775 ($1.51 in chips) 
Seat 6: KevinOgs ($2.15 in chips) 
Seat 7: Melo Q5 ($2.50 in chips) 
Seat 8: Dorex2007 ($2.22 in chips) 
Seat 9: yur4ik777 ($2.29 in chips) 
Math Ikarus: posts small blind $0.01
dboulay1979: posts big blind $0.02
*** HOLE CARDS ***
Dealt to Dorex2007 [Kh 6h]
Wild775: folds 
KevinOgs: folds 
Melo Q5: calls $0.02
Dorex2007: calls $0.02
yur4ik777: raises $0.09 to $0.11
Math Ikarus: folds 
dboulay1979: folds 
Melo Q5: calls $0.09
Dorex2007: folds 
*** FLOP *** [5s 3h Kd]
Melo Q5: bets $0.26
yur4ik777: folds 
Uncalled bet ($0.26) returned to Melo Q5
Melo Q5 collected $0.26 from pot
*** SUMMARY ***
Total pot $0.27 | Rake $0.01 
Board [5s 3h Kd]
Seat 3: Math Ikarus (small blind) folded before Flop
Seat 4: dboulay1979 (big blind) folded before Flop
Seat 5: Wild775 folded before Flop (didn't bet)
Seat 6: KevinOgs folded before Flop (didn't bet)
Seat 7: Melo Q5 collected ($0.26)
Seat 8: Dorex2007 folded before Flop
Seat 9: yur4ik777 (button) folded on the Flop



PokerStars Hand #237386805643:  Hold'em No Limit ($0.01/$0.02 USD) - 2022/07/15 21:50:20 PT [2022/07/16 0:50:20 ET]
Table 'Cuffey III' 9-max Seat #3 is the button
Seat 2: meelis9 ($1.99 in chips) 
Seat 3: Math Ikarus ($1.91 in chips) 
Seat 4: dboulay1979 ($3.15 in chips) 
Seat 5: Wild775 ($1.51 in chips) 
Seat 6: KevinOgs ($2.15 in chips) 
Seat 7: Melo Q5 ($2.65 in chips) 
Seat 8: Dorex2007 ($2.20 in chips) 
Seat 9: yur4ik777 ($2.18 in chips) 
dboulay1979: posts small blind $0.01
Wild775: posts big blind $0.02
meelis9: posts small & big blinds $0.03
*** HOLE CARDS ***
Dealt to Dorex2007 [Ac 6c]
KevinOgs: folds 
Melo Q5: folds 
Dorex2007: calls $0.02
yur4ik777: folds 
meelis9: checks 
Math Ikarus: folds 
dboulay1979: folds 
Wild775: checks 
*** FLOP *** [7d As 8h]
Wild775: checks 
Dorex2007: bets $0.08
meelis9: folds 
Wild775: raises $0.08 to $0.16
Dorex2007: calls $0.08
*** TURN *** [7d As 8h] [Kh]
Wild775: bets $0.39
Dorex2007: folds 
Uncalled bet ($0.39) returned to Wild775
Wild775 collected $0.39 from pot
*** SUMMARY ***
Total pot $0.40 | Rake $0.01 
Board [7d As 8h Kh]
Seat 2: meelis9 folded on the Flop (didn't bet)
Seat 3: Math Ikarus (button) folded before Flop (didn't bet)
Seat 4: dboulay1979 (small blind) folded before Flop
Seat 5: Wild775 (big blind) collected ($0.39)
Seat 6: KevinOgs folded before Flop (didn't bet)
Seat 7: Melo Q5 folded before Flop (didn't bet)
Seat 8: Dorex2007 folded on the Turn
Seat 9: yur4ik777 folded before Flop (didn't bet)



PokerStars Hand #237386812950:  Hold'em No Limit ($0.01/$0.02 USD) - 2022/07/15 21:51:14 PT [2022/07/16 0:51:14 ET]
Table 'Cuffey III' 9-max Seat #4 is the button
Seat 2: meelis9 ($1.96 in chips) 
Seat 3: Math Ikarus ($1.91 in chips) 
Seat 4: dboulay1979 ($3.14 in chips) 
Seat 5: Wild775 ($1.72 in chips) 
Seat 6: KevinOgs ($2.15 in chips) 
Seat 7: Melo Q5 ($2.65 in chips) 
Seat 8: Dorex2007 ($2.02 in chips) 
Seat 9: yur4ik777 ($2.18 in chips) 
Wild775: posts small blind $0.01
KevinOgs: posts big blind $0.02
*** HOLE CARDS ***
Dealt to Dorex2007 [2h Kc]
Melo Q5: folds 
Dorex2007: folds 
yur4ik777: folds 
meelis9: folds 
Math Ikarus: folds 
dboulay1979: raises $0.06 to $0.08
Wild775: folds 
KevinOgs: calls $0.06
*** FLOP *** [3h 3c As]
KevinOgs: bets $0.16
dboulay1979: folds 
Uncalled bet ($0.16) returned to KevinOgs
KevinOgs collected $0.16 from pot
*** SUMMARY ***
Total pot $0.17 | Rake $0.01 
Board [3h 3c As]
Seat 2: meelis9 folded before Flop (didn't bet)
Seat 3: Math Ikarus folded before Flop (didn't bet)
Seat 4: dboulay1979 (button) folded on the Flop
Seat 5: Wild775 (small blind) folded before Flop
Seat 6: KevinOgs (big blind) collected ($0.16)
Seat 7: Melo Q5 folded before Flop (didn't bet)
Seat 8: Dorex2007 folded before Flop (didn't bet)
Seat 9: yur4ik777 folded before Flop (didn't bet)



PokerStars Hand #237386817348:  Hold'em No Limit ($0.01/$0.02 USD) - 2022/07/15 21:51:47 PT [2022/07/16 0:51:47 ET]
Table 'Cuffey III' 9-max Seat #5 is the button
Seat 2: meelis9 ($1.96 in chips) 
Seat 3: Math Ikarus ($1.91 in chips) 
Seat 4: dboulay1979 ($3.06 in chips) 
Seat 5: Wild775 ($1.71 in chips) 
Seat 6: KevinOgs ($2.23 in chips) 
Seat 7: Melo Q5 ($2.65 in chips) 
Seat 8: Dorex2007 ($2.02 in chips) 
Seat 9: yur4ik777 ($2.18 in chips) 
KevinOgs: posts small blind $0.01
Melo Q5: posts big blind $0.02
*** HOLE CARDS ***
Dealt to Dorex2007 [4d Jc]
Dorex2007: folds 
yur4ik777: folds 
meelis9: folds 
Math Ikarus: folds 
dboulay1979: folds 
Wild775: raises $0.04 to $0.06
KevinOgs: folds 
Melo Q5: calls $0.04
*** FLOP *** [3d 3h Kh]
Melo Q5: checks 
Wild775: bets $0.13
Melo Q5: folds 
Uncalled bet ($0.13) returned to Wild775
Wild775 collected $0.13 from pot
*** SUMMARY ***
Total pot $0.13 | Rake $0 
Board [3d 3h Kh]
Seat 2: meelis9 folded before Flop (didn't bet)
Seat 3: Math Ikarus folded before Flop (didn't bet)
Seat 4: dboulay1979 folded before Flop (didn't bet)
Seat 5: Wild775 (button) collected ($0.13)
Seat 6: KevinOgs (small blind) folded before Flop
Seat 7: Melo Q5 (big blind) folded on the Flop
Seat 8: Dorex2007 folded before Flop (didn't bet)
Seat 9: yur4ik777 folded before Flop (didn't bet)



PokerStars Hand #237386821425:  Hold'em No Limit ($0.01/$0.02 USD) - 2022/07/15 21:52:18 PT [2022/07/16 0:52:18 ET]
Table 'Cuffey III' 9-max Seat #6 is the button
Seat 2: meelis9 ($1.96 in chips) 
Seat 3: Math Ikarus ($1.91 in chips) 
Seat 4: dboulay1979 ($3.06 in chips) 
Seat 5: Wild775 ($1.78 in chips) 
Seat 6: KevinOgs ($2.22 in chips) 
Seat 7: Melo Q5 ($2.59 in chips) 
Seat 8: Dorex2007 ($2.02 in chips) 
Seat 9: yur4ik777 ($2.18 in chips) 
Melo Q5: posts small blind $0.01
Dorex2007: posts big blind $0.02
*** HOLE CARDS ***
Dealt to Dorex2007 [7d 6d]
yur4ik777: folds 
meelis9: folds 
Math Ikarus: folds 
dboulay1979: folds 
Wild775: raises $0.04 to $0.06
KevinOgs: raises $0.06 to $0.12
Melo Q5: folds 
Dorex2007: folds 
Wild775: calls $0.06
*** FLOP *** [3c 4h Ts]
Wild775: checks 
KevinOgs: bets $0.13
Wild775: folds 
Uncalled bet ($0.13) returned to KevinOgs
KevinOgs collected $0.26 from pot
*** SUMMARY ***
Total pot $0.27 | Rake $0.01 
Board [3c 4h Ts]
Seat 2: meelis9 folded before Flop (didn't bet)
Seat 3: Math Ikarus folded before Flop (didn't bet)
Seat 4: dboulay1979 folded before Flop (didn't bet)
Seat 5: Wild775 folded on the Flop
Seat 6: KevinOgs (button) collected ($0.26)
Seat 7: Melo Q5 (small blind) folded before Flop
Seat 8: Dorex2007 (big blind) folded before Flop
Seat 9: yur4ik777 folded before Flop (didn't bet)



PokerStars Hand #237386826487:  Hold'em No Limit ($0.01/$0.02 USD) - 2022/07/15 21:52:56 PT [2022/07/16 0:52:56 ET]
Table 'Cuffey III' 9-max Seat #7 is the button
Seat 2: meelis9 ($1.96 in chips) 
Seat 3: Math Ikarus ($1.91 in chips) 
Seat 4: dboulay1979 ($3.06 in chips) 
Seat 5: Wild775 ($1.66 in chips) 
Seat 6: KevinOgs ($2.36 in chips) 
Seat 7: Melo Q5 ($2.58 in chips) 
Seat 8: Dorex2007 ($2 in chips) 
Seat 9: yur4ik777 ($2.18 in chips) 
Dorex2007: posts small blind $0.01
yur4ik777: posts big blind $0.02
*** HOLE CARDS ***
Dealt to Dorex2007 [5d As]
meelis9: folds 
Math Ikarus: folds 
dboulay1979: folds 
Wild775: raises $0.04 to $0.06
KevinOgs: raises $0.06 to $0.12
Melo Q5: folds 
Dorex2007: folds 
yur4ik777: folds 
Wild775: calls $0.06
*** FLOP *** [2d 6s Jc]
Wild775: checks 
KevinOgs: checks 
*** TURN *** [2d 6s Jc] [7c]
Wild775: checks 
KevinOgs: checks 
*** RIVER *** [2d 6s Jc 7c] [Kd]
Wild775: checks 
KevinOgs: bets $0.26
Wild775: calls $0.26
*** SHOW DOWN ***
KevinOgs: shows [Kc Ad] (a pair of Kings)
Wild775: mucks hand 
KevinOgs collected $0.76 from pot
*** SUMMARY ***
Total pot $0.79 | Rake $0.03 
Board [2d 6s Jc 7c Kd]
Seat 2: meelis9 folded before Flop (didn't bet)
Seat 3: Math Ikarus folded before Flop (didn't bet)
Seat 4: dboulay1979 folded before Flop (didn't bet)
Seat 5: Wild775 mucked [Ts Jd]
Seat 6: KevinOgs showed [Kc Ad] and won ($0.76) with a pair of Kings
Seat 7: Melo Q5 (button) folded before Flop (didn't bet)
Seat 8: Dorex2007 (small blind) folded before Flop
Seat 9: yur4ik777 (big blind) folded before Flop



PokerStars Hand #237386831687:  Hold'em No Limit ($0.01/$0.02 USD) - 2022/07/15 21:53:35 PT [2022/07/16 0:53:35 ET]
Table 'Cuffey III' 9-max Seat #8 is the button
Seat 2: meelis9 ($1.96 in chips) 
Seat 3: Math Ikarus ($1.91 in chips) 
Seat 4: dboulay1979 ($3.06 in chips) 
Seat 5: Wild775 ($1.28 in chips) 
Seat 6: KevinOgs ($2.74 in chips) 
Seat 7: Melo Q5 ($2.58 in chips) 
Seat 8: Dorex2007 ($2 in chips) 
Seat 9: yur4ik777 ($2.16 in chips) 
yur4ik777: posts small blind $0.01
meelis9: posts big blind $0.02
*** HOLE CARDS ***
Dealt to Dorex2007 [Ad Kh]
Math Ikarus: folds 
dboulay1979: folds 
Wild775: folds 
KevinOgs: raises $0.04 to $0.06
Melo Q5: folds 
Dorex2007: calls $0.06
yur4ik777: folds 
meelis9: calls $0.04
*** FLOP *** [3s 8s 7c]
meelis9: checks 
KevinOgs: bets $0.09
AtlanticTide leaves the table
Dorex2007: folds 
meelis9: calls $0.09
*** TURN *** [3s 8s 7c] [Jh]
meelis9: checks 
KevinOgs: bets $0.18
meelis9: folds 
Uncalled bet ($0.18) returned to KevinOgs
KevinOgs collected $0.36 from pot
*** SUMMARY ***
Total pot $0.37 | Rake $0.01 
Board [3s 8s 7c Jh]
Seat 2: meelis9 (big blind) folded on the Turn
Seat 3: Math Ikarus folded before Flop (didn't bet)
Seat 4: dboulay1979 folded before Flop (didn't bet)
Seat 5: Wild775 folded before Flop (didn't bet)
Seat 6: KevinOgs collected ($0.36)
Seat 7: Melo Q5 folded before Flop (didn't bet)
Seat 8: Dorex2007 (button) folded on the Flop
Seat 9: yur4ik777 (small blind) folded before Flop



PokerStars Hand #237386837724:  Hold'em No Limit ($0.01/$0.02 USD) - 2022/07/15 21:54:21 PT [2022/07/16 0:54:21 ET]
Table 'Cuffey III' 9-max Seat #9 is the button
Seat 2: meelis9 ($1.81 in chips) 
Seat 3: Math Ikarus ($1.91 in chips) 
Seat 4: dboulay1979 ($3.06 in chips) 
Seat 5: Wild775 ($1.28 in chips) 
Seat 6: KevinOgs ($2.95 in chips) 
Seat 7: Melo Q5 ($2.58 in chips) 
Seat 8: Dorex2007 ($2 in chips) 
Seat 9: yur4ik777 ($2.15 in chips) 
meelis9: posts small blind $0.01
Math Ikarus: posts big blind $0.02
*** HOLE CARDS ***
Dealt to Dorex2007 [Js 9h]
dboulay1979: raises $0.06 to $0.08
Wild775: folds 
KevinOgs: folds 
Melo Q5: raises $0.19 to $0.27
Dorex2007: folds 
yur4ik777: folds 
meelis9: folds 
Math Ikarus: folds 
dboulay1979: raises $0.39 to $0.66
Melo Q5: calls $0.39
*** FLOP *** [9s 3c 7d]
dboulay1979: bets $1.30
Melo Q5: calls $1.30
*** TURN *** [9s 3c 7d] [6d]
dboulay1979: bets $1.10 and is all-in
Melo Q5: calls $0.62 and is all-in
Uncalled bet ($0.48) returned to dboulay1979
*** RIVER *** [9s 3c 7d 6d] [5c]
*** SHOW DOWN ***
dboulay1979: shows [Kc Ks] (a pair of Kings)
Melo Q5: shows [Ah Qh] (high card Ace)
dboulay1979 cashed out the hand for $4.62 | Cash Out Fee $0.05
*** SUMMARY ***
Total pot $5.19 | Rake $0.18 
Board [9s 3c 7d 6d 5c]
Seat 2: meelis9 (small blind) folded before Flop
Seat 3: Math Ikarus (big blind) folded before Flop
Seat 4: dboulay1979 showed [Kc Ks] and won ($5.01) with a pair of Kings (pot not awarded as player cashed out)
Seat 5: Wild775 folded before Flop (didn't bet)
Seat 6: KevinOgs folded before Flop (didn't bet)
Seat 7: Melo Q5 showed [Ah Qh] and lost with high card Ace
Seat 8: Dorex2007 folded before Flop (didn't bet)
Seat 9: yur4ik777 (button) folded before Flop (didn't bet)



PokerStars Hand #237386842568:  Hold'em No Limit ($0.01/$0.02 USD) - 2022/07/15 21:54:56 PT [2022/07/16 0:54:56 ET]
Table 'Cuffey III' 9-max Seat #2 is the button
Seat 2: meelis9 ($1.80 in chips) 
Seat 3: Math Ikarus ($1.89 in chips) 
Seat 4: dboulay1979 ($5.10 in chips) 
Seat 5: Wild775 ($1.28 in chips) 
Seat 6: KevinOgs ($2.95 in chips) 
Seat 8: Dorex2007 ($2 in chips) 
Seat 9: yur4ik777 ($2.15 in chips) 
Math Ikarus: posts small blind $0.01
dboulay1979: posts big blind $0.02
*** HOLE CARDS ***
Dealt to Dorex2007 [8d Jd]
Wild775: folds 
KevinOgs: folds 
Dorex2007: folds 
yur4ik777: folds 
meelis9: folds 
Math Ikarus: raises $0.04 to $0.06
Melo Q5 leaves the table
dboulay1979: calls $0.04
*** FLOP *** [Ad 2d 2c]
Math Ikarus: bets $0.06
dboulay1979: calls $0.06
*** TURN *** [Ad 2d 2c] [2s]
Math Ikarus: bets $0.10
dboulay1979: calls $0.10
*** RIVER *** [Ad 2d 2c 2s] [6c]
Math Ikarus: bets $0.17
dboulay1979: calls $0.17
*** SHOW DOWN ***
Math Ikarus: shows [Jc 7s] (three of a kind, Deuces)
dboulay1979: shows [Ah 6h] (a full house, Deuces full of Aces)
dboulay1979 collected $0.75 from pot
*** SUMMARY ***
Total pot $0.78 | Rake $0.03 
Board [Ad 2d 2c 2s 6c]
Seat 2: meelis9 (button) folded before Flop (didn't bet)
Seat 3: Math Ikarus (small blind) showed [Jc 7s] and lost with three of a kind, Deuces
Seat 4: dboulay1979 (big blind) showed [Ah 6h] and won ($0.75) with a full house, Deuces full of Aces
Seat 5: Wild775 folded before Flop (didn't bet)
Seat 6: KevinOgs folded before Flop (didn't bet)
Seat 8: Dorex2007 folded before Flop (didn't bet)
Seat 9: yur4ik777 folded before Flop (didn't bet)



PokerStars Hand #237386849232:  Hold'em No Limit ($0.01/$0.02 USD) - 2022/07/15 21:55:52 PT [2022/07/16 0:55:52 ET]
Table 'Cuffey III' 9-max Seat #3 is the button
Seat 2: meelis9 ($1.80 in chips) 
Seat 3: Math Ikarus ($1.50 in chips) 
Seat 4: dboulay1979 ($5.46 in chips) 
Seat 6: KevinOgs ($2.95 in chips) 
Seat 8: Dorex2007 ($2 in chips) 
dboulay1979: posts small blind $0.01
Wild775: is sitting out 
KevinOgs: posts big blind $0.02
*** HOLE CARDS ***
Dealt to Dorex2007 [Qh Jc]
Dorex2007: calls $0.02
meelis9: folds 
Math Ikarus: folds 
dboulay1979: calls $0.01
KevinOgs: checks 
*** FLOP *** [5c 5d Ac]
yur4ik777 leaves the table
dboulay1979: checks 
KevinOgs: bets $0.03
Dorex2007: folds 
dboulay1979: folds 
Uncalled bet ($0.03) returned to KevinOgs
KevinOgs collected $0.06 from pot
*** SUMMARY ***
Total pot $0.06 | Rake $0 
Board [5c 5d Ac]
Seat 2: meelis9 folded before Flop (didn't bet)
Seat 3: Math Ikarus (button) folded before Flop (didn't bet)
Seat 4: dboulay1979 (small blind) folded on the Flop
Seat 6: KevinOgs (big blind) collected ($0.06)
Seat 8: Dorex2007 folded on the Flop



PokerStars Hand #237386852844:  Hold'em No Limit ($0.01/$0.02 USD) - 2022/07/15 21:56:24 PT [2022/07/16 0:56:24 ET]
Table 'Cuffey III' 9-max Seat #4 is the button
Seat 2: meelis9 ($1.80 in chips) 
Seat 3: Math Ikarus ($1.50 in chips) 
Seat 4: dboulay1979 ($5.44 in chips) 
Seat 6: KevinOgs ($2.99 in chips) 
Seat 8: Dorex2007 ($2 in chips) 
KevinOgs: posts small blind $0.01
Dorex2007: posts big blind $0.02
*** HOLE CARDS ***
Dealt to Dorex2007 [7h 9s]
meelis9: raises $0.04 to $0.06
Math Ikarus: folds 
dboulay1979: folds 
KevinOgs: folds 
Dorex2007: folds 
Uncalled bet ($0.04) returned to meelis9
meelis9 collected $0.05 from pot
*** SUMMARY ***
Total pot $0.05 | Rake $0 
Seat 2: meelis9 collected ($0.05)
Seat 3: Math Ikarus folded before Flop (didn't bet)
Seat 4: dboulay1979 (button) folded before Flop (didn't bet)
Seat 6: KevinOgs (small blind) folded before Flop
Seat 8: Dorex2007 (big blind) folded before Flop



PokerStars Hand #237386854826:  Hold'em No Limit ($0.01/$0.02 USD) - 2022/07/15 21:56:41 PT [2022/07/16 0:56:41 ET]
Table 'Cuffey III' 9-max Seat #6 is the button
Seat 2: meelis9 ($1.83 in chips) 
Seat 3: Math Ikarus ($1.50 in chips) 
Seat 4: dboulay1979 ($5.44 in chips) 
Seat 6: KevinOgs ($2.98 in chips) 
Seat 8: Dorex2007 ($2 in chips) 
Dorex2007: posts small blind $0.01
meelis9: posts big blind $0.02
*** HOLE CARDS ***
Dealt to Dorex2007 [3d As]
Math Ikarus: folds 
badahgame joins the table at seat #1 
dboulay1979: folds 
KevinOgs: raises $0.04 to $0.06
Dorex2007: folds 
meelis9: folds 
Uncalled bet ($0.04) returned to KevinOgs
KevinOgs collected $0.05 from pot
*** SUMMARY ***
Total pot $0.05 | Rake $0 
Seat 2: meelis9 (big blind) folded before Flop
Seat 3: Math Ikarus folded before Flop (didn't bet)
Seat 4: dboulay1979 folded before Flop (didn't bet)
Seat 6: KevinOgs (button) collected ($0.05)
Seat 8: Dorex2007 (small blind) folded before Flop



PokerStars Hand #237386857282:  Hold'em No Limit ($0.01/$0.02 USD) - 2022/07/15 21:57:02 PT [2022/07/16 0:57:02 ET]
Table 'Cuffey III' 9-max Seat #8 is the button
Seat 2: meelis9 ($1.81 in chips) 
Seat 3: Math Ikarus ($1.50 in chips) 
Seat 4: dboulay1979 ($5.44 in chips) 
Seat 6: KevinOgs ($3.01 in chips) 
Seat 8: Dorex2007 ($2 in chips) 
meelis9: posts small blind $0.01
Math Ikarus: posts big blind $0.02
*** HOLE CARDS ***
Dealt to Dorex2007 [3h 7c]
dboulay1979: raises $0.06 to $0.08
KevinOgs: calls $0.08
Dorex2007: folds 
meelis9: folds 
Math Ikarus: calls $0.06
*** FLOP *** [Kc 7s Tc]
Math Ikarus: checks 
dboulay1979: bets $0.24
KevinOgs: folds 
Math Ikarus: folds 
Uncalled bet ($0.24) returned to dboulay1979
dboulay1979 collected $0.24 from pot
*** SUMMARY ***
Total pot $0.25 | Rake $0.01 
Board [Kc 7s Tc]
Seat 2: meelis9 (small blind) folded before Flop
Seat 3: Math Ikarus (big blind) folded on the Flop
Seat 4: dboulay1979 collected ($0.24)
Seat 6: KevinOgs folded on the Flop
Seat 8: Dorex2007 (button) folded before Flop (didn't bet)



PokerStars Hand #237386863915:  Hold'em No Limit ($0.01/$0.02 USD) - 2022/07/15 21:58:00 PT [2022/07/16 0:58:00 ET]
Table 'Cuffey III' 9-max Seat #2 is the button
Seat 1: badahgame ($0.80 in chips) 
Seat 2: meelis9 ($1.80 in chips) 
Seat 3: Math Ikarus ($1.42 in chips) 
Seat 4: dboulay1979 ($5.60 in chips) 
Seat 6: KevinOgs ($2.93 in chips) 
Seat 8: Dorex2007 ($2 in chips) 
Math Ikarus: posts small blind $0.01
dboulay1979: posts big blind $0.02
badahgame: posts big blind $0.02
*** HOLE CARDS ***
Dealt to Dorex2007 [Jh 2c]
KevinOgs: folds 
Dorex2007: folds 
badahgame: checks 
meelis9: folds 
Math Ikarus: raises $0.06 to $0.08
dboulay1979: folds 
badahgame: calls $0.06
*** FLOP *** [5h Ah 8c]
krakow20 joins the table at seat #9 
Math Ikarus: bets $0.08
badahgame: calls $0.08
*** TURN *** [5h Ah 8c] [7h]
bentota2 joins the table at seat #7 
Math Ikarus: checks 
badahgame: checks 
*** RIVER *** [5h Ah 8c 7h] [4d]
Math Ikarus: checks 
badahgame: bets $0.14
Math Ikarus: calls $0.14
*** SHOW DOWN ***
badahgame: shows [7d 6c] (a straight, Four to Eight)
Math Ikarus: mucks hand 
badahgame collected $0.60 from pot
*** SUMMARY ***
Total pot $0.62 | Rake $0.02 
Board [5h Ah 8c 7h 4d]
Seat 1: badahgame showed [7d 6c] and won ($0.60) with a straight, Four to Eight
Seat 2: meelis9 (button) folded before Flop (didn't bet)
Seat 3: Math Ikarus (small blind) mucked [Ts Tc]
Seat 4: dboulay1979 (big blind) folded before Flop
Seat 6: KevinOgs folded before Flop (didn't bet)
Seat 8: Dorex2007 folded before Flop (didn't bet)



PokerStars Hand #237386869925:  Hold'em No Limit ($0.01/$0.02 USD) - 2022/07/15 21:58:52 PT [2022/07/16 0:58:52 ET]
Table 'Cuffey III' 9-max Seat #3 is the button
Seat 1: badahgame ($1.10 in chips) 
Seat 2: meelis9 ($1.80 in chips) 
Seat 3: Math Ikarus ($1.12 in chips) 
Seat 4: dboulay1979 ($5.58 in chips) 
Seat 6: KevinOgs ($2.93 in chips) 
Seat 8: Dorex2007 ($2 in chips) 
dboulay1979: posts small blind $0.01
KevinOgs: posts big blind $0.02
bentota2: sits out 
krakow20: sits out 
*** HOLE CARDS ***
Dealt to Dorex2007 [8d Kc]
Dorex2007: folds 
badahgame: folds 
meelis9: raises $0.04 to $0.06
Math Ikarus: folds 
dboulay1979: folds 
KevinOgs: folds 
Uncalled bet ($0.04) returned to meelis9
meelis9 collected $0.05 from pot
*** SUMMARY ***
Total pot $0.05 | Rake $0 
Seat 1: badahgame folded before Flop (didn't bet)
Seat 2: meelis9 collected ($0.05)
Seat 3: Math Ikarus (button) folded before Flop (didn't bet)
Seat 4: dboulay1979 (small blind) folded before Flop
Seat 6: KevinOgs (big blind) folded before Flop
Seat 8: Dorex2007 folded before Flop (didn't bet)



PokerStars Hand #237386871575:  Hold'em No Limit ($0.01/$0.02 USD) - 2022/07/15 21:59:07 PT [2022/07/16 0:59:07 ET]
Table 'Cuffey III' 9-max Seat #4 is the button
Seat 1: badahgame ($1.10 in chips) 
Seat 2: meelis9 ($1.83 in chips) 
Seat 3: Math Ikarus ($1.12 in chips) 
Seat 4: dboulay1979 ($5.57 in chips) 
Seat 6: KevinOgs ($2.91 in chips) 
Seat 7: bentota2 ($0.80 in chips) 
Seat 8: Dorex2007 ($2 in chips) 
KevinOgs: posts small blind $0.01
bentota2: posts big blind $0.02
krakow20: sits out 
*** HOLE CARDS ***
Dealt to Dorex2007 [Jc 5s]
Dorex2007: folds 
badahgame: folds 
meelis9: folds 
Math Ikarus: folds 
badahgame leaves the table
dboulay1979: raises $0.06 to $0.08
INTIMIDATOR69 joins the table at seat #1 
KevinOgs: calls $0.07
bentota2: folds 
*** FLOP *** [9h 8d Qs]
KevinOgs: bets $0.17
dboulay1979: folds 
Uncalled bet ($0.17) returned to KevinOgs
KevinOgs collected $0.17 from pot
*** SUMMARY ***
Total pot $0.18 | Rake $0.01 
Board [9h 8d Qs]
Seat 1: badahgame folded before Flop (didn't bet)
Seat 2: meelis9 folded before Flop (didn't bet)
Seat 3: Math Ikarus folded before Flop (didn't bet)
Seat 4: dboulay1979 (button) folded on the Flop
Seat 6: KevinOgs (small blind) collected ($0.17)
Seat 7: bentota2 (big blind) folded before Flop
Seat 8: Dorex2007 folded before Flop (didn't bet)



PokerStars Hand #237386876472:  Hold'em No Limit ($0.01/$0.02 USD) - 2022/07/15 21:59:49 PT [2022/07/16 0:59:49 ET]
Table 'Cuffey III' 9-max Seat #6 is the button
Seat 2: meelis9 ($1.83 in chips) 
Seat 3: Math Ikarus ($1.12 in chips) 
Seat 4: dboulay1979 ($5.49 in chips) 
Seat 6: KevinOgs ($3 in chips) 
Seat 7: bentota2 ($0.78 in chips) 
Seat 8: Dorex2007 ($2 in chips) 
bentota2: posts small blind $0.01
Dorex2007: posts big blind $0.02
krakow20: sits out 
INTIMIDATOR69: sits out 
*** HOLE CARDS ***
Dealt to Dorex2007 [Js 3d]
meelis9: folds 
Math Ikarus: folds 
dboulay1979: folds 
KevinOgs: folds 
bentota2: calls $0.01
Dorex2007: checks 
*** FLOP *** [Qc 2h 6d]
bentota2: checks 
Dorex2007: checks 
*** TURN *** [Qc 2h 6d] [Qd]
bentota2: bets $0.02
Dorex2007: folds 
Uncalled bet ($0.02) returned to bentota2
bentota2 collected $0.04 from pot
*** SUMMARY ***
Total pot $0.04 | Rake $0 
Board [Qc 2h 6d Qd]
Seat 2: meelis9 folded before Flop (didn't bet)
Seat 3: Math Ikarus folded before Flop (didn't bet)
Seat 4: dboulay1979 folded before Flop (didn't bet)
Seat 6: KevinOgs (button) folded before Flop (didn't bet)
Seat 7: bentota2 (small blind) collected ($0.04)
Seat 8: Dorex2007 (big blind) folded on the Turn



PokerStars Hand #237386881578:  Hold'em No Limit ($0.01/$0.02 USD) - 2022/07/15 22:00:33 PT [2022/07/16 1:00:33 ET]
Table 'Cuffey III' 9-max Seat #7 is the button
Seat 1: INTIMIDATOR69 ($1 in chips) 
Seat 2: meelis9 ($1.83 in chips) 
Seat 3: Math Ikarus ($1.12 in chips) 
Seat 4: dboulay1979 ($5.49 in chips) 
Seat 5: Wild775 ($1.28 in chips) 
Seat 6: KevinOgs ($3 in chips) 
Seat 7: bentota2 ($0.80 in chips) 
Seat 8: Dorex2007 ($2 in chips) 
Seat 9: krakow20 ($2 in chips) 
Dorex2007: posts small blind $0.01
krakow20: posts big blind $0.02
INTIMIDATOR69: posts big blind $0.02
Wild775: posts small & big blinds $0.03
*** HOLE CARDS ***
Dealt to Dorex2007 [6d 6c]
INTIMIDATOR69: checks 
meelis9: folds 
Math Ikarus: folds 
dboulay1979: folds 
Wild775: checks 
KevinOgs: raises $0.08 to $0.10
bentota2: folds 
Dorex2007: folds 
krakow20: folds 
INTIMIDATOR69: folds 
Wild775: calls $0.08
*** FLOP *** [2h Qh 3h]
Wild775: checks 
KevinOgs: bets $0.12
Wild775: raises $1.05 to $1.17 and is all-in
KevinOgs: folds 
Uncalled bet ($1.05) returned to Wild775
Wild775 collected $0.48 from pot
*** SUMMARY ***
Total pot $0.50 | Rake $0.02 
Board [2h Qh 3h]
Seat 1: INTIMIDATOR69 folded before Flop (didn't bet)
Seat 2: meelis9 folded before Flop (didn't bet)
Seat 3: Math Ikarus folded before Flop (didn't bet)
Seat 4: dboulay1979 folded before Flop (didn't bet)
Seat 5: Wild775 collected ($0.48)
Seat 6: KevinOgs folded on the Flop
Seat 7: bentota2 (button) folded before Flop (didn't bet)
Seat 8: Dorex2007 (small blind) folded before Flop
Seat 9: krakow20 (big blind) folded before Flop



PokerStars Hand #237386890267:  Hold'em No Limit ($0.01/$0.02 USD) - 2022/07/15 22:01:41 PT [2022/07/16 1:01:41 ET]
Table 'Cuffey III' 9-max Seat #8 is the button
Seat 1: INTIMIDATOR69 ($1 in chips) 
Seat 2: meelis9 ($1.83 in chips) 
Seat 3: Math Ikarus ($1.12 in chips) 
Seat 4: dboulay1979 ($5.49 in chips) 
Seat 5: Wild775 ($1.53 in chips) 
Seat 6: KevinOgs ($2.78 in chips) 
Seat 7: bentota2 ($0.80 in chips) 
Seat 8: Dorex2007 ($2 in chips) 
Seat 9: krakow20 ($1.98 in chips) 
krakow20: posts small blind $0.01
INTIMIDATOR69: posts big blind $0.02
*** HOLE CARDS ***
Dealt to Dorex2007 [2d 8s]
meelis9: folds 
Math Ikarus: folds 
dboulay1979: folds 
Wild775: folds 
KevinOgs: calls $0.02
bentota2: folds 
Dorex2007: folds 
krakow20: folds 
INTIMIDATOR69: checks 
*** FLOP *** [5h 5s Js]
INTIMIDATOR69: checks 
KevinOgs: checks 
*** TURN *** [5h 5s Js] [2c]
INTIMIDATOR69: checks 
KevinOgs: bets $0.05
INTIMIDATOR69: folds 
Uncalled bet ($0.05) returned to KevinOgs
KevinOgs collected $0.05 from pot
*** SUMMARY ***
Total pot $0.05 | Rake $0 
Board [5h 5s Js 2c]
Seat 1: INTIMIDATOR69 (big blind) folded on the Turn
Seat 2: meelis9 folded before Flop (didn't bet)
Seat 3: Math Ikarus folded before Flop (didn't bet)
Seat 4: dboulay1979 folded before Flop (didn't bet)
Seat 5: Wild775 folded before Flop (didn't bet)
Seat 6: KevinOgs collected ($0.05)
Seat 7: bentota2 folded before Flop (didn't bet)
Seat 8: Dorex2007 (button) folded before Flop (didn't bet)
Seat 9: krakow20 (small blind) folded before Flop



PokerStars Hand #237386894560:  Hold'em No Limit ($0.01/$0.02 USD) - 2022/07/15 22:02:14 PT [2022/07/16 1:02:14 ET]
Table 'Cuffey III' 9-max Seat #9 is the button
Seat 1: INTIMIDATOR69 ($1 in chips) 
Seat 2: meelis9 ($1.83 in chips) 
Seat 3: Math Ikarus ($1.12 in chips) 
Seat 4: dboulay1979 ($5.49 in chips) 
Seat 5: Wild775 ($1.53 in chips) 
Seat 6: KevinOgs ($2.81 in chips) 
Seat 7: bentota2 ($0.80 in chips) 
Seat 8: Dorex2007 ($2 in chips) 
Seat 9: krakow20 ($1.97 in chips) 
INTIMIDATOR69: posts small blind $0.01
meelis9: posts big blind $0.02
*** HOLE CARDS ***
Dealt to Dorex2007 [Tc Jc]
Math Ikarus: folds 
dboulay1979: raises $0.06 to $0.08
Wild775: folds 
KevinOgs: calls $0.08
bentota2: folds 
Dorex2007: folds 
krakow20: folds 
INTIMIDATOR69: calls $0.07
meelis9: folds 
*** FLOP *** [Ad 7h As]
INTIMIDATOR69: checks 
dboulay1979: bets $0.12
KevinOgs: folds 
INTIMIDATOR69: calls $0.12
*** TURN *** [Ad 7h As] [9d]
INTIMIDATOR69: checks 
dboulay1979: bets $0.48
INTIMIDATOR69: folds 
Uncalled bet ($0.48) returned to dboulay1979
dboulay1979 collected $0.48 from pot
*** SUMMARY ***
Total pot $0.50 | Rake $0.02 
Board [Ad 7h As 9d]
Seat 1: INTIMIDATOR69 (small blind) folded on the Turn
Seat 2: meelis9 (big blind) folded before Flop
Seat 3: Math Ikarus folded before Flop (didn't bet)
Seat 4: dboulay1979 collected ($0.48)
Seat 5: Wild775 folded before Flop (didn't bet)
Seat 6: KevinOgs folded on the Flop
Seat 7: bentota2 folded before Flop (didn't bet)
Seat 8: Dorex2007 folded before Flop (didn't bet)
Seat 9: krakow20 (button) folded before Flop (didn't bet)



PokerStars Hand #237386900667:  Hold'em No Limit ($0.01/$0.02 USD) - 2022/07/15 22:03:00 PT [2022/07/16 1:03:00 ET]
Table 'Cuffey III' 9-max Seat #1 is the button
Seat 1: INTIMIDATOR69 ($1 in chips) 
Seat 2: meelis9 ($1.81 in chips) 
Seat 3: Math Ikarus ($1.12 in chips) 
Seat 4: dboulay1979 ($5.77 in chips) 
Seat 5: Wild775 ($1.53 in chips) 
Seat 6: KevinOgs ($2.73 in chips) 
Seat 7: bentota2 ($0.80 in chips) 
Seat 8: Dorex2007 ($2 in chips) 
Seat 9: krakow20 ($1.97 in chips) 
meelis9: posts small blind $0.01
Math Ikarus: posts big blind $0.02
*** HOLE CARDS ***
Dealt to Dorex2007 [7d 4c]
dboulay1979: folds 
Wild775 has timed out
Wild775: folds 
KevinOgs: calls $0.02
bentota2: folds 
Dorex2007: folds 
krakow20: calls $0.02
INTIMIDATOR69: calls $0.02
meelis9: folds 
Math Ikarus: raises $0.10 to $0.12
KevinOgs: folds 
krakow20: folds 
INTIMIDATOR69: folds 
Uncalled bet ($0.10) returned to Math Ikarus
Math Ikarus collected $0.09 from pot
*** SUMMARY ***
Total pot $0.09 | Rake $0 
Seat 1: INTIMIDATOR69 (button) folded before Flop
Seat 2: meelis9 (small blind) folded before Flop
Seat 3: Math Ikarus (big blind) collected ($0.09)
Seat 4: dboulay1979 folded before Flop (didn't bet)
Seat 5: Wild775 folded before Flop (didn't bet)
Seat 6: KevinOgs folded before Flop
Seat 7: bentota2 folded before Flop (didn't bet)
Seat 8: Dorex2007 folded before Flop (didn't bet)
Seat 9: krakow20 folded before Flop



PokerStars Hand #237386905037:  Hold'em No Limit ($0.01/$0.02 USD) - 2022/07/15 22:03:33 PT [2022/07/16 1:03:33 ET]
Table 'Cuffey III' 9-max Seat #2 is the button
Seat 1: INTIMIDATOR69 ($1 in chips) 
Seat 2: meelis9 ($1.80 in chips) 
Seat 3: Math Ikarus ($1.19 in chips) 
Seat 4: dboulay1979 ($5.77 in chips) 
Seat 6: KevinOgs ($2.71 in chips) 
Seat 7: bentota2 ($0.80 in chips) 
Seat 8: Dorex2007 ($2 in chips) 
Seat 9: krakow20 ($1.95 in chips) 
Math Ikarus: posts small blind $0.01
dboulay1979: posts big blind $0.02
*** HOLE CARDS ***
Dealt to Dorex2007 [3d Jd]
KevinOgs: folds 
bentota2: calls $0.02
Dorex2007: folds 
krakow20: folds 
INTIMIDATOR69: calls $0.02
meelis9: folds 
Math Ikarus: calls $0.01
dboulay1979: raises $0.10 to $0.12
bentota2: folds 
INTIMIDATOR69: calls $0.10
Math Ikarus: folds 
*** FLOP *** [4c 9h 8d]
dboulay1979: bets $0.27
INTIMIDATOR69: raises $0.61 to $0.88 and is all-in
dboulay1979: calls $0.61
*** TURN *** [4c 9h 8d] [8c]
*** RIVER *** [4c 9h 8d 8c] [Ts]
*** SHOW DOWN ***
dboulay1979: shows [As Ac] (two pair, Aces and Eights)
INTIMIDATOR69: shows [Ah Js] (a pair of Eights)
dboulay1979 cashed out the hand for $1.89 | Cash Out Fee $0.02
*** SUMMARY ***
Total pot $2.04 | Rake $0.07 
Board [4c 9h 8d 8c Ts]
Seat 1: INTIMIDATOR69 showed [Ah Js] and lost with a pair of Eights
Seat 2: meelis9 (button) folded before Flop (didn't bet)
Seat 3: Math Ikarus (small blind) folded before Flop
Seat 4: dboulay1979 (big blind) showed [As Ac] and won ($1.97) with two pair, Aces and Eights (pot not awarded as player cashed out)
Seat 6: KevinOgs folded before Flop (didn't bet)
Seat 7: bentota2 folded before Flop
Seat 8: Dorex2007 folded before Flop (didn't bet)
Seat 9: krakow20 folded before Flop (didn't bet)



PokerStars Hand #237386920879:  Hold'em No Limit ($0.01/$0.02 USD) - 2022/07/15 22:04:25 PT [2022/07/16 1:04:25 ET]
Table 'Cuffey III' 9-max Seat #3 is the button
Seat 1: INTIMIDATOR69 ($1 in chips) 
Seat 2: meelis9 ($1.80 in chips) 
Seat 3: Math Ikarus ($1.17 in chips) 
Seat 4: dboulay1979 ($6.66 in chips) 
Seat 5: Wild775 ($1.53 in chips) 
Seat 6: KevinOgs ($2.71 in chips) 
Seat 7: bentota2 ($0.78 in chips) 
Seat 8: Dorex2007 ($2 in chips) 
Seat 9: krakow20 ($1.95 in chips) 
dboulay1979: posts small blind $0.01
Wild775: posts big blind $0.02
*** HOLE CARDS ***
Dealt to Dorex2007 [Jh As]
KevinOgs: raises $0.04 to $0.06
bentota2: folds 
Dorex2007: folds 
krakow20: folds 
INTIMIDATOR69: calls $0.06
meelis9: folds 
Math Ikarus: folds 
dboulay1979: calls $0.05
Wild775: folds 
*** FLOP *** [3c 8d Kc]
dboulay1979: checks 
KevinOgs: bets $0.09
INTIMIDATOR69: folds 
dboulay1979: folds 
Uncalled bet ($0.09) returned to KevinOgs
KevinOgs collected $0.19 from pot
*** SUMMARY ***
Total pot $0.20 | Rake $0.01 
Board [3c 8d Kc]
Seat 1: INTIMIDATOR69 folded on the Flop
Seat 2: meelis9 folded before Flop (didn't bet)
Seat 3: Math Ikarus (button) folded before Flop (didn't bet)
Seat 4: dboulay1979 (small blind) folded on the Flop
Seat 5: Wild775 (big blind) folded before Flop
Seat 6: KevinOgs collected ($0.19)
Seat 7: bentota2 folded before Flop (didn't bet)
Seat 8: Dorex2007 folded before Flop (didn't bet)
Seat 9: krakow20 folded before Flop (didn't bet)



PokerStars Hand #237386925773:  Hold'em No Limit ($0.01/$0.02 USD) - 2022/07/15 22:05:02 PT [2022/07/16 1:05:02 ET]
Table 'Cuffey III' 9-max Seat #4 is the button
Seat 1: INTIMIDATOR69 ($1 in chips) 
Seat 2: meelis9 ($1.80 in chips) 
Seat 3: Math Ikarus ($1.17 in chips) 
Seat 4: dboulay1979 ($6.60 in chips) 
Seat 5: Wild775 ($1.51 in chips) 
Seat 6: KevinOgs ($2.84 in chips) 
Seat 7: bentota2 ($0.78 in chips) 
Seat 8: Dorex2007 ($2 in chips) 
Seat 9: krakow20 ($2 in chips) 
Wild775: posts small blind $0.01
KevinOgs: posts big blind $0.02
*** HOLE CARDS ***
Dealt to Dorex2007 [3h Ad]
bentota2: folds 
Dorex2007: folds 
krakow20: folds 
INTIMIDATOR69: calls $0.02
meelis9: folds 
Math Ikarus: folds 
dboulay1979: calls $0.02
Wild775: calls $0.01
KevinOgs: checks 
*** FLOP *** [5d 9d Th]
Wild775: checks 
KevinOgs: checks 
INTIMIDATOR69: bets $0.08
dboulay1979: folds 
Wild775: calls $0.08
KevinOgs: calls $0.08
*** TURN *** [5d 9d Th] [4d]
Wild775: checks 
KevinOgs: bets $0.15
INTIMIDATOR69: calls $0.15
Wild775: raises $0.15 to $0.30
KevinOgs: folds 
INTIMIDATOR69: calls $0.15
*** RIVER *** [5d 9d Th 4d] [4c]
Wild775: bets $1.11 and is all-in
INTIMIDATOR69: folds 
Uncalled bet ($1.11) returned to Wild775
Wild775 collected $1.03 from pot
*** SUMMARY ***
Total pot $1.07 | Rake $0.04 
Board [5d 9d Th 4d 4c]
Seat 1: INTIMIDATOR69 folded on the River
Seat 2: meelis9 folded before Flop (didn't bet)
Seat 3: Math Ikarus folded before Flop (didn't bet)
Seat 4: dboulay1979 (button) folded on the Flop
Seat 5: Wild775 (small blind) collected ($1.03)
Seat 6: KevinOgs (big blind) folded on the Turn
Seat 7: bentota2 folded before Flop (didn't bet)
Seat 8: Dorex2007 folded before Flop (didn't bet)
Seat 9: krakow20 folded before Flop (didn't bet)



PokerStars Hand #237386936595:  Hold'em No Limit ($0.01/$0.02 USD) - 2022/07/15 22:06:26 PT [2022/07/16 1:06:26 ET]
Table 'Cuffey III' 9-max Seat #5 is the button
Seat 1: INTIMIDATOR69 ($1 in chips) 
Seat 2: meelis9 ($1.80 in chips) 
Seat 3: Math Ikarus ($1.17 in chips) 
Seat 4: dboulay1979 ($6.58 in chips) 
Seat 5: Wild775 ($2.14 in chips) 
Seat 6: KevinOgs ($2.59 in chips) 
Seat 7: bentota2 ($0.78 in chips) 
Seat 8: Dorex2007 ($2 in chips) 
Seat 9: krakow20 ($2 in chips) 
KevinOgs: posts small blind $0.01
bentota2: posts big blind $0.02
*** HOLE CARDS ***
Dealt to Dorex2007 [7s 2h]
Dorex2007: folds 
krakow20: folds 
INTIMIDATOR69 has timed out
INTIMIDATOR69: folds 
meelis9: folds 
Math Ikarus: raises $0.04 to $0.06
dboulay1979: folds 
Wild775: folds 
KevinOgs: folds 
bentota2: folds 
Uncalled bet ($0.04) returned to Math Ikarus
Math Ikarus collected $0.05 from pot
*** SUMMARY ***
Total pot $0.05 | Rake $0 
Seat 1: INTIMIDATOR69 folded before Flop (didn't bet)
Seat 2: meelis9 folded before Flop (didn't bet)
Seat 3: Math Ikarus collected ($0.05)
Seat 4: dboulay1979 folded before Flop (didn't bet)
Seat 5: Wild775 (button) folded before Flop (didn't bet)
Seat 6: KevinOgs (small blind) folded before Flop
Seat 7: bentota2 (big blind) folded before Flop
Seat 8: Dorex2007 folded before Flop (didn't bet)
Seat 9: krakow20 folded before Flop (didn't bet)



PokerStars Hand #237386940722:  Hold'em No Limit ($0.01/$0.02 USD) - 2022/07/15 22:06:57 PT [2022/07/16 1:06:57 ET]
Table 'Cuffey III' 9-max Seat #6 is the button
Seat 2: meelis9 ($1.80 in chips) 
Seat 3: Math Ikarus ($1.20 in chips) 
Seat 4: dboulay1979 ($6.58 in chips) 
Seat 5: Wild775 ($2.14 in chips) 
Seat 6: KevinOgs ($2.58 in chips) 
Seat 7: bentota2 ($0.76 in chips) 
Seat 8: Dorex2007 ($2 in chips) 
Seat 9: krakow20 ($2 in chips) 
bentota2: posts small blind $0.01
Dorex2007: posts big blind $0.02
*** HOLE CARDS ***
Dealt to Dorex2007 [Ts 6h]
krakow20: folds 
meelis9: folds 
Math Ikarus: folds 
dboulay1979: raises $0.06 to $0.08
Wild775: folds 
KevinOgs: calls $0.08
bentota2: folds 
Dorex2007: folds 
*** FLOP *** [9c Jc Ah]
dboulay1979: checks 
KevinOgs: bets $0.18
dboulay1979: folds 
Uncalled bet ($0.18) returned to KevinOgs
KevinOgs collected $0.18 from pot
*** SUMMARY ***
Total pot $0.19 | Rake $0.01 
Board [9c Jc Ah]
Seat 2: meelis9 folded before Flop (didn't bet)
Seat 3: Math Ikarus folded before Flop (didn't bet)
Seat 4: dboulay1979 folded on the Flop
Seat 5: Wild775 folded before Flop (didn't bet)
Seat 6: KevinOgs (button) collected ($0.18)
Seat 7: bentota2 (small blind) folded before Flop
Seat 8: Dorex2007 (big blind) folded before Flop
Seat 9: krakow20 folded before Flop (didn't bet)



PokerStars Hand #237386944346:  Hold'em No Limit ($0.01/$0.02 USD) - 2022/07/15 22:07:25 PT [2022/07/16 1:07:25 ET]
Table 'Cuffey III' 9-max Seat #7 is the button
Seat 1: INTIMIDATOR69 ($1 in chips) 
Seat 2: meelis9 ($1.80 in chips) 
Seat 3: Math Ikarus ($1.20 in chips) 
Seat 4: dboulay1979 ($6.50 in chips) 
Seat 5: Wild775 ($2.14 in chips) 
Seat 6: KevinOgs ($2.68 in chips) 
Seat 7: bentota2 ($0.75 in chips) 
Seat 8: Dorex2007 ($2 in chips) 
Seat 9: krakow20 ($2 in chips) 
Dorex2007: posts small blind $0.01
krakow20: posts big blind $0.02
*** HOLE CARDS ***
Dealt to Dorex2007 [5c 8d]
INTIMIDATOR69: calls $0.02
meelis9: folds 
Math Ikarus: folds 
dboulay1979: calls $0.02
Wild775: folds 
KevinOgs: calls $0.02
bentota2: folds 
Dorex2007: folds 
krakow20: checks 
*** FLOP *** [8h Ks Js]
krakow20: checks 
INTIMIDATOR69: checks 
dboulay1979: checks 
KevinOgs: checks 
*** TURN *** [8h Ks Js] [6d]
krakow20: checks 
INTIMIDATOR69: checks 
dboulay1979: checks 
KevinOgs: bets $0.04
krakow20: folds 
INTIMIDATOR69: folds 
dboulay1979: folds 
Uncalled bet ($0.04) returned to KevinOgs
KevinOgs collected $0.09 from pot
*** SUMMARY ***
Total pot $0.09 | Rake $0 
Board [8h Ks Js 6d]
Seat 1: INTIMIDATOR69 folded on the Turn
Seat 2: meelis9 folded before Flop (didn't bet)
Seat 3: Math Ikarus folded before Flop (didn't bet)
Seat 4: dboulay1979 folded on the Turn
Seat 5: Wild775 folded before Flop (didn't bet)
Seat 6: KevinOgs collected ($0.09)
Seat 7: bentota2 (button) folded before Flop (didn't bet)
Seat 8: Dorex2007 (small blind) folded before Flop
Seat 9: krakow20 (big blind) folded on the Turn



PokerStars Hand #237386954941:  Hold'em No Limit ($0.01/$0.02 USD) - 2022/07/15 22:08:42 PT [2022/07/16 1:08:42 ET]
Table 'Cuffey III' 9-max Seat #8 is the button
Seat 1: INTIMIDATOR69 ($1 in chips) 
Seat 2: meelis9 ($1.80 in chips) 
Seat 3: Math Ikarus ($1.20 in chips) 
Seat 4: dboulay1979 ($6.48 in chips) 
Seat 5: Wild775 ($2.14 in chips) 
Seat 6: KevinOgs ($2.75 in chips) 
Seat 7: bentota2 ($0.75 in chips) 
Seat 8: Dorex2007 ($2 in chips) 
Seat 9: krakow20 ($1.98 in chips) 
krakow20: posts small blind $0.01
INTIMIDATOR69: posts big blind $0.02
*** HOLE CARDS ***
Dealt to Dorex2007 [7s 8d]
meelis9: folds 
Math Ikarus: raises $0.04 to $0.06
dboulay1979: folds 
Wild775: calls $0.06
KevinOgs: folds 
bentota2: folds 
Dorex2007: folds 
meelis9 leaves the table
FINITSXX joins the table at seat #2 
krakow20: folds 
INTIMIDATOR69: raises $0.94 to $1 and is all-in
Math Ikarus: folds 
Wild775: folds 
Uncalled bet ($0.94) returned to INTIMIDATOR69
INTIMIDATOR69 collected $0.19 from pot
*** SUMMARY ***
Total pot $0.19 | Rake $0 
Seat 1: INTIMIDATOR69 (big blind) collected ($0.19)
Seat 2: meelis9 folded before Flop (didn't bet)
Seat 3: Math Ikarus folded before Flop
Seat 4: dboulay1979 folded before Flop (didn't bet)
Seat 5: Wild775 folded before Flop
Seat 6: KevinOgs folded before Flop (didn't bet)
Seat 7: bentota2 folded before Flop (didn't bet)
Seat 8: Dorex2007 (button) folded before Flop (didn't bet)
Seat 9: krakow20 (small blind) folded before Flop



PokerStars Hand #237386960429:  Hold'em No Limit ($0.01/$0.02 USD) - 2022/07/15 22:09:26 PT [2022/07/16 1:09:26 ET]
Table 'Cuffey III' 9-max Seat #9 is the button
Seat 1: INTIMIDATOR69 ($1.13 in chips) 
Seat 2: FINITSXX ($1 in chips) 
Seat 3: Math Ikarus ($1.14 in chips) 
Seat 4: dboulay1979 ($6.48 in chips) 
Seat 5: Wild775 ($2.08 in chips) 
Seat 6: KevinOgs ($2.75 in chips) 
Seat 7: bentota2 ($0.75 in chips) 
Seat 8: Dorex2007 ($2 in chips) 
Seat 9: krakow20 ($1.97 in chips) 
INTIMIDATOR69: posts small blind $0.01
FINITSXX: posts big blind $0.02
*** HOLE CARDS ***
Dealt to Dorex2007 [6h Ks]
Math Ikarus: folds 
dboulay1979: raises $0.06 to $0.08
Wild775: folds 
KevinOgs: folds 
bentota2: folds 
Dorex2007: folds 
krakow20: folds 
INTIMIDATOR69: folds 
FINITSXX: raises $0.08 to $0.16
dboulay1979: calls $0.08
*** FLOP *** [6c Qh Kh]
FINITSXX: checks 
dboulay1979: checks 
*** TURN *** [6c Qh Kh] [4c]
FINITSXX: bets $0.12
dboulay1979: folds 
Uncalled bet ($0.12) returned to FINITSXX
FINITSXX collected $0.32 from pot
*** SUMMARY ***
Total pot $0.33 | Rake $0.01 
Board [6c Qh Kh 4c]
Seat 1: INTIMIDATOR69 (small blind) folded before Flop
Seat 2: FINITSXX (big blind) collected ($0.32)
Seat 3: Math Ikarus folded before Flop (didn't bet)
Seat 4: dboulay1979 folded on the Turn
Seat 5: Wild775 folded before Flop (didn't bet)
Seat 6: KevinOgs folded before Flop (didn't bet)
Seat 7: bentota2 folded before Flop (didn't bet)
Seat 8: Dorex2007 folded before Flop (didn't bet)
Seat 9: krakow20 (button) folded before Flop (didn't bet)



PokerStars Hand #237386965869:  Hold'em No Limit ($0.01/$0.02 USD) - 2022/07/15 22:10:08 PT [2022/07/16 1:10:08 ET]
Table 'Cuffey III' 9-max Seat #1 is the button
Seat 1: INTIMIDATOR69 ($1.12 in chips) 
Seat 2: FINITSXX ($1.16 in chips) 
Seat 3: Math Ikarus ($1.14 in chips) 
Seat 4: dboulay1979 ($6.32 in chips) 
Seat 5: Wild775 ($2.08 in chips) 
Seat 6: KevinOgs ($2.75 in chips) 
Seat 7: bentota2 ($0.75 in chips) 
Seat 8: Dorex2007 ($2 in chips) 
Seat 9: krakow20 ($1.97 in chips) 
FINITSXX: posts small blind $0.01
Math Ikarus: posts big blind $0.02
*** HOLE CARDS ***
Dealt to Dorex2007 [Jc 5h]
dboulay1979: folds 
Wild775: folds 
KevinOgs: calls $0.02
bentota2: folds 
Dorex2007: folds 
krakow20: folds 
INTIMIDATOR69: calls $0.02
FINITSXX: raises $0.04 to $0.06
Math Ikarus: folds 
KevinOgs: calls $0.04
INTIMIDATOR69: calls $0.04
*** FLOP *** [8s Kh 2h]
FINITSXX: bets $0.06
KevinOgs: raises $0.12 to $0.18
INTIMIDATOR69: folds 
FINITSXX: raises $0.28 to $0.46
KevinOgs: raises $1.11 to $1.57
FINITSXX: calls $0.64 and is all-in
Uncalled bet ($0.47) returned to KevinOgs
*** TURN *** [8s Kh 2h] [3d]
*** RIVER *** [8s Kh 2h 3d] [7d]
*** SHOW DOWN ***
FINITSXX: shows [Js Kd] (a pair of Kings)
KevinOgs: shows [8h 3h] (two pair, Eights and Threes)
KevinOgs collected $2.32 from pot
*** SUMMARY ***
Total pot $2.40 | Rake $0.08 
Board [8s Kh 2h 3d 7d]
Seat 1: INTIMIDATOR69 (button) folded on the Flop
Seat 2: FINITSXX (small blind) showed [Js Kd] and lost with a pair of Kings
Seat 3: Math Ikarus (big blind) folded before Flop
Seat 4: dboulay1979 folded before Flop (didn't bet)
Seat 5: Wild775 folded before Flop (didn't bet)
Seat 6: KevinOgs showed [8h 3h] and won ($2.32) with two pair, Eights and Threes
Seat 7: bentota2 folded before Flop (didn't bet)
Seat 8: Dorex2007 folded before Flop (didn't bet)
Seat 9: krakow20 folded before Flop (didn't bet)



PokerStars Hand #237386972689:  Hold'em No Limit ($0.01/$0.02 USD) - 2022/07/15 22:11:02 PT [2022/07/16 1:11:02 ET]
Table 'Cuffey III' 9-max Seat #3 is the button
Seat 1: INTIMIDATOR69 ($1.06 in chips) 
Seat 3: Math Ikarus ($1.12 in chips) 
Seat 4: dboulay1979 ($6.32 in chips) 
Seat 6: KevinOgs ($3.91 in chips) 
Seat 7: bentota2 ($0.75 in chips) 
Seat 8: Dorex2007 ($2 in chips) 
Seat 9: krakow20 ($1.97 in chips) 
dboulay1979: posts small blind $0.01
Wild775: is sitting out 
KevinOgs: posts big blind $0.02
*** HOLE CARDS ***
Dealt to Dorex2007 [Js 4h]
bentota2: folds 
Dorex2007: folds 
Wild775 leaves the table
krakow20: calls $0.02
INTIMIDATOR69: raises $0.08 to $0.10
Math Ikarus: folds 
dboulay1979: folds 
KevinOgs: calls $0.08
krakow20: folds 
*** FLOP *** [3d Jd As]
KevinOgs: bets $0.11
INTIMIDATOR69: raises $0.44 to $0.55
KevinOgs: folds 
Uncalled bet ($0.44) returned to INTIMIDATOR69
INTIMIDATOR69 collected $0.43 from pot
*** SUMMARY ***
Total pot $0.45 | Rake $0.02 
Board [3d Jd As]
Seat 1: INTIMIDATOR69 collected ($0.43)
Seat 3: Math Ikarus (button) folded before Flop (didn't bet)
Seat 4: dboulay1979 (small blind) folded before Flop
Seat 6: KevinOgs (big blind) folded on the Flop
Seat 7: bentota2 folded before Flop (didn't bet)
Seat 8: Dorex2007 folded before Flop (didn't bet)
Seat 9: krakow20 folded before Flop



PokerStars Hand #237386977385:  Hold'em No Limit ($0.01/$0.02 USD) - 2022/07/15 22:11:39 PT [2022/07/16 1:11:39 ET]
Table 'Cuffey III' 9-max Seat #4 is the button
Seat 1: INTIMIDATOR69 ($1.28 in chips) 
Seat 2: FINITSXX ($1 in chips) 
Seat 3: Math Ikarus ($1.12 in chips) 
Seat 4: dboulay1979 ($6.31 in chips) 
Seat 6: KevinOgs ($3.70 in chips) 
Seat 7: bentota2 ($0.75 in chips) 
Seat 8: Dorex2007 ($2 in chips) 
Seat 9: krakow20 ($1.98 in chips) 
KevinOgs: posts small blind $0.01
bentota2: posts big blind $0.02
*** HOLE CARDS ***
Dealt to Dorex2007 [Jd 5d]
Dorex2007: folds 
krakow20: calls $0.02
INTIMIDATOR69: calls $0.02
FINITSXX: folds 
Math Ikarus: folds 
dboulay1979: folds 
KevinOgs: calls $0.01
bentota2: checks 
*** FLOP *** [5c 8d As]
KevinOgs: checks 
bentota2: checks 
krakow20: checks 
INTIMIDATOR69: bets $0.08
KevinOgs: folds 
bentota2: folds 
krakow20: folds 
Uncalled bet ($0.08) returned to INTIMIDATOR69
INTIMIDATOR69 collected $0.08 from pot
*** SUMMARY ***
Total pot $0.08 | Rake $0 
Board [5c 8d As]
Seat 1: INTIMIDATOR69 collected ($0.08)
Seat 2: FINITSXX folded before Flop (didn't bet)
Seat 3: Math Ikarus folded before Flop (didn't bet)
Seat 4: dboulay1979 (button) folded before Flop (didn't bet)
Seat 6: KevinOgs (small blind) folded on the Flop
Seat 7: bentota2 (big blind) folded on the Flop
Seat 8: Dorex2007 folded before Flop (didn't bet)
Seat 9: krakow20 folded on the Flop



PokerStars Hand #237386981536:  Hold'em No Limit ($0.01/$0.02 USD) - 2022/07/15 22:12:12 PT [2022/07/16 1:12:12 ET]
Table 'Cuffey III' 9-max Seat #6 is the button
Seat 1: INTIMIDATOR69 ($1.34 in chips) 
Seat 2: FINITSXX ($1 in chips) 
Seat 3: Math Ikarus ($1.12 in chips) 
Seat 4: dboulay1979 ($6.31 in chips) 
Seat 6: KevinOgs ($3.68 in chips) 
Seat 7: bentota2 ($0.73 in chips) 
Seat 8: Dorex2007 ($2 in chips) 
Seat 9: krakow20 ($1.96 in chips) 
bentota2: posts small blind $0.01
Dorex2007: posts big blind $0.02
*** HOLE CARDS ***
Dealt to Dorex2007 [Ac Qd]
krakow20: folds 
INTIMIDATOR69: folds 
FINITSXX: folds 
Math Ikarus: raises $0.04 to $0.06
dboulay1979: folds 
KevinOgs: calls $0.06
bentota2: folds 
Dorex2007: calls $0.04
*** FLOP *** [Jh 7h Kd]
Dorex2007: checks 
Math Ikarus: bets $0.09
KevinOgs: calls $0.09
Dorex2007: folds 
*** TURN *** [Jh 7h Kd] [4s]
Math Ikarus: bets $0.18
KevinOgs: raises $0.86 to $1.04
Math Ikarus: calls $0.79 and is all-in
Uncalled bet ($0.07) returned to KevinOgs
*** RIVER *** [Jh 7h Kd 4s] [4d]
*** SHOW DOWN ***
Math Ikarus: shows [9d Kc] (two pair, Kings and Fours)
KevinOgs: shows [Jc 4c] (a full house, Fours full of Jacks)
KevinOgs collected $2.23 from pot
*** SUMMARY ***
Total pot $2.31 | Rake $0.08 
Board [Jh 7h Kd 4s 4d]
Seat 1: INTIMIDATOR69 folded before Flop (didn't bet)
Seat 2: FINITSXX folded before Flop (didn't bet)
Seat 3: Math Ikarus showed [9d Kc] and lost with two pair, Kings and Fours
Seat 4: dboulay1979 folded before Flop (didn't bet)
Seat 6: KevinOgs (button) showed [Jc 4c] and won ($2.23) with a full house, Fours full of Jacks
Seat 7: bentota2 (small blind) folded before Flop
Seat 8: Dorex2007 (big blind) folded on the Flop
Seat 9: krakow20 folded before Flop (didn't bet)



PokerStars Hand #237386995448:  Hold'em No Limit ($0.01/$0.02 USD) - 2022/07/15 22:13:13 PT [2022/07/16 1:13:13 ET]
Table 'Cuffey III' 9-max Seat #7 is the button
Seat 1: INTIMIDATOR69 ($1.34 in chips) 
Seat 2: FINITSXX ($1 in chips) 
Seat 4: dboulay1979 ($6.31 in chips) 
Seat 6: KevinOgs ($4.79 in chips) 
Seat 7: bentota2 ($0.72 in chips) 
Seat 8: Dorex2007 ($2 in chips) 
Seat 9: krakow20 ($1.96 in chips) 
Dorex2007: posts small blind $0.01
krakow20: posts big blind $0.02
*** HOLE CARDS ***
Dealt to Dorex2007 [2h 4h]
INTIMIDATOR69: folds 
FINITSXX: calls $0.02
dboulay1979: folds 
KevinOgs: calls $0.02
Math Ikarus leaves the table
bentota2: folds 
Dorex2007: folds 
krakow20: checks 
*** FLOP *** [4s 7h Ad]
krakow20: checks 
FINITSXX: checks 
KevinOgs: bets $0.03
krakow20: folds 
FINITSXX: folds 
Uncalled bet ($0.03) returned to KevinOgs
KevinOgs collected $0.07 from pot
*** SUMMARY ***
Total pot $0.07 | Rake $0 
Board [4s 7h Ad]
Seat 1: INTIMIDATOR69 folded before Flop (didn't bet)
Seat 2: FINITSXX folded on the Flop
Seat 4: dboulay1979 folded before Flop (didn't bet)
Seat 6: KevinOgs collected ($0.07)
Seat 7: bentota2 (button) folded before Flop (didn't bet)
Seat 8: Dorex2007 (small blind) folded before Flop
Seat 9: krakow20 (big blind) folded on the Flop



PokerStars Hand #237387000797:  Hold'em No Limit ($0.01/$0.02 USD) - 2022/07/15 22:13:55 PT [2022/07/16 1:13:55 ET]
Table 'Cuffey III' 9-max Seat #8 is the button
Seat 1: INTIMIDATOR69 ($1.34 in chips) 
Seat 2: FINITSXX ($0.98 in chips) 
Seat 4: dboulay1979 ($6.31 in chips) 
Seat 6: KevinOgs ($4.84 in chips) 
Seat 7: bentota2 ($0.72 in chips) 
Seat 8: Dorex2007 ($2 in chips) 
Seat 9: krakow20 ($1.94 in chips) 
krakow20: posts small blind $0.01
INTIMIDATOR69: posts big blind $0.02
*** HOLE CARDS ***
Dealt to Dorex2007 [6s 7s]
FINITSXX: raises $0.04 to $0.06
dboulay1979: folds 
KevinOgs: raises $0.06 to $0.12
bentota2: folds 
Dorex2007: folds 
krakow20: folds 
INTIMIDATOR69: folds 
FINITSXX: raises $0.20 to $0.32
KevinOgs: calls $0.20
*** FLOP *** [3c 8d 2d]
FINITSXX: bets $0.66 and is all-in
zanozaN1 joins the table at seat #5 
KevinOgs: folds 
Uncalled bet ($0.66) returned to FINITSXX
FINITSXX collected $0.65 from pot
*** SUMMARY ***
Total pot $0.67 | Rake $0.02 
Board [3c 8d 2d]
Seat 1: INTIMIDATOR69 (big blind) folded before Flop
Seat 2: FINITSXX collected ($0.65)
Seat 4: dboulay1979 folded before Flop (didn't bet)
Seat 6: KevinOgs folded on the Flop
Seat 7: bentota2 folded before Flop (didn't bet)
Seat 8: Dorex2007 (button) folded before Flop (didn't bet)
Seat 9: krakow20 (small blind) folded before Flop



PokerStars Hand #237387008104:  Hold'em No Limit ($0.01/$0.02 USD) - 2022/07/15 22:14:52 PT [2022/07/16 1:14:52 ET]
Table 'Cuffey III' 9-max Seat #9 is the button
Seat 1: INTIMIDATOR69 ($1.32 in chips) 
Seat 2: FINITSXX ($1.31 in chips) 
Seat 4: dboulay1979 ($6.31 in chips) 
Seat 6: KevinOgs ($4.52 in chips) 
Seat 7: bentota2 ($0.72 in chips) 
Seat 8: Dorex2007 ($2 in chips) 
Seat 9: krakow20 ($1.93 in chips) 
INTIMIDATOR69: posts small blind $0.01
FINITSXX: posts big blind $0.02
zanozaN1: sits out 
*** HOLE CARDS ***
Dealt to Dorex2007 [6s 9d]
dboulay1979: folds 
KevinOgs: folds 
prizrak_162 joins the table at seat #3 
bentota2: calls $0.02
Dorex2007: folds 
krakow20: folds 
INTIMIDATOR69: calls $0.01
FINITSXX: checks 
*** FLOP *** [4h 4d As]
INTIMIDATOR69: checks 
FINITSXX: checks 
bentota2: bets $0.06
INTIMIDATOR69: folds 
FINITSXX: folds 
Uncalled bet ($0.06) returned to bentota2
bentota2 collected $0.06 from pot
*** SUMMARY ***
Total pot $0.06 | Rake $0 
Board [4h 4d As]
Seat 1: INTIMIDATOR69 (small blind) folded on the Flop
Seat 2: FINITSXX (big blind) folded on the Flop
Seat 4: dboulay1979 folded before Flop (didn't bet)
Seat 6: KevinOgs folded before Flop (didn't bet)
Seat 7: bentota2 collected ($0.06)
Seat 8: Dorex2007 folded before Flop (didn't bet)
Seat 9: krakow20 (button) folded before Flop (didn't bet)



PokerStars Hand #237387011933:  Hold'em No Limit ($0.01/$0.02 USD) - 2022/07/15 22:15:22 PT [2022/07/16 1:15:22 ET]
Table 'Cuffey III' 9-max Seat #1 is the button
Seat 1: INTIMIDATOR69 ($1.30 in chips) 
Seat 2: FINITSXX ($1.29 in chips) 
Seat 3: prizrak_162 ($0.80 in chips) 
Seat 4: dboulay1979 ($6.31 in chips) 
Seat 6: KevinOgs ($4.52 in chips) 
Seat 7: bentota2 ($0.76 in chips) 
Seat 8: Dorex2007 ($2 in chips) 
Seat 9: krakow20 ($1.93 in chips) 
FINITSXX: posts small blind $0.01
prizrak_162: posts big blind $0.02
zanozaN1: sits out 
*** HOLE CARDS ***
Dealt to Dorex2007 [9h 2d]
dboulay1979: folds 
KevinOgs: folds 
bentota2: calls $0.02
Dorex2007: folds 
krakow20: folds 
INTIMIDATOR69: folds 
FINITSXX: calls $0.01
prizrak_162: checks 
*** FLOP *** [Js Ts 5d]
FINITSXX: checks 
prizrak_162: checks 
bentota2: bets $0.03
FINITSXX: folds 
prizrak_162: folds 
Uncalled bet ($0.03) returned to bentota2
bentota2 collected $0.06 from pot
*** SUMMARY ***
Total pot $0.06 | Rake $0 
Board [Js Ts 5d]
Seat 1: INTIMIDATOR69 (button) folded before Flop (didn't bet)
Seat 2: FINITSXX (small blind) folded on the Flop
Seat 3: prizrak_162 (big blind) folded on the Flop
Seat 4: dboulay1979 folded before Flop (didn't bet)
Seat 6: KevinOgs folded before Flop (didn't bet)
Seat 7: bentota2 collected ($0.06)
Seat 8: Dorex2007 folded before Flop (didn't bet)
Seat 9: krakow20 folded before Flop (didn't bet)



PokerStars Hand #237387015182:  Hold'em No Limit ($0.01/$0.02 USD) - 2022/07/15 22:15:47 PT [2022/07/16 1:15:47 ET]
Table 'Cuffey III' 9-max Seat #2 is the button
Seat 1: INTIMIDATOR69 ($1.30 in chips) 
Seat 2: FINITSXX ($1.27 in chips) 
Seat 3: prizrak_162 ($0.78 in chips) 
Seat 4: dboulay1979 ($6.31 in chips) 
Seat 6: KevinOgs ($4.52 in chips) 
Seat 7: bentota2 ($0.80 in chips) 
Seat 8: Dorex2007 ($2 in chips) 
Seat 9: krakow20 ($2 in chips) 
prizrak_162: posts small blind $0.01
dboulay1979: posts big blind $0.02
zanozaN1: sits out 
*** HOLE CARDS ***
Dealt to Dorex2007 [7h 3h]
KevinOgs: calls $0.02
bentota2: folds 
Dorex2007: folds 
krakow20: folds 
INTIMIDATOR69: folds 
FINITSXX: raises $0.04 to $0.06
prizrak_162: folds 
dboulay1979: folds 
KevinOgs: folds 
Uncalled bet ($0.04) returned to FINITSXX
FINITSXX collected $0.07 from pot
*** SUMMARY ***
Total pot $0.07 | Rake $0 
Seat 1: INTIMIDATOR69 folded before Flop (didn't bet)
Seat 2: FINITSXX (button) collected ($0.07)
Seat 3: prizrak_162 (small blind) folded before Flop
Seat 4: dboulay1979 (big blind) folded before Flop
Seat 6: KevinOgs folded before Flop
Seat 7: bentota2 folded before Flop (didn't bet)
Seat 8: Dorex2007 folded before Flop (didn't bet)
Seat 9: krakow20 folded before Flop (didn't bet)



PokerStars Hand #237387017486:  Hold'em No Limit ($0.01/$0.02 USD) - 2022/07/15 22:16:06 PT [2022/07/16 1:16:06 ET]
Table 'Cuffey III' 9-max Seat #3 is the button
Seat 1: INTIMIDATOR69 ($1.30 in chips) 
Seat 2: FINITSXX ($1.32 in chips) 
Seat 3: prizrak_162 ($0.77 in chips) 
Seat 4: dboulay1979 ($6.29 in chips) 
Seat 5: zanozaN1 ($2 in chips) 
Seat 6: KevinOgs ($4.50 in chips) 
Seat 7: bentota2 ($0.80 in chips) 
Seat 8: Dorex2007 ($2 in chips) 
Seat 9: krakow20 ($2 in chips) 
dboulay1979: posts small blind $0.01
zanozaN1: posts big blind $0.02
*** HOLE CARDS ***
Dealt to Dorex2007 [As 6s]
KevinOgs: calls $0.02
bentota2: folds 
Dorex2007: calls $0.02
krakow20: folds 
INTIMIDATOR69: calls $0.02
FINITSXX: folds 
prizrak_162: folds 
dboulay1979: calls $0.01
zanozaN1: checks 
*** FLOP *** [4h Qs 8s]
dboulay1979: checks 
zanozaN1: checks 
KevinOgs: checks 
Dorex2007: checks 
INTIMIDATOR69: checks 
*** TURN *** [4h Qs 8s] [Qd]
dboulay1979: bets $0.05
zanozaN1: folds 
KevinOgs: folds 
Dorex2007: calls $0.05
INTIMIDATOR69: calls $0.05
*** RIVER *** [4h Qs 8s Qd] [9h]
dboulay1979: checks 
Dorex2007: checks 
INTIMIDATOR69: checks 
*** SHOW DOWN ***
dboulay1979: shows [8c 9d] (two pair, Queens and Nines)
Dorex2007: mucks hand 
INTIMIDATOR69: mucks hand 
dboulay1979 collected $0.24 from pot
*** SUMMARY ***
Total pot $0.25 | Rake $0.01 
Board [4h Qs 8s Qd 9h]
Seat 1: INTIMIDATOR69 mucked [6d 5d]
Seat 2: FINITSXX folded before Flop (didn't bet)
Seat 3: prizrak_162 (button) folded before Flop (didn't bet)
Seat 4: dboulay1979 (small blind) showed [8c 9d] and won ($0.24) with two pair, Queens and Nines
Seat 5: zanozaN1 (big blind) folded on the Turn
Seat 6: KevinOgs folded on the Turn
Seat 7: bentota2 folded before Flop (didn't bet)
Seat 8: Dorex2007 mucked [As 6s]
Seat 9: krakow20 folded before Flop (didn't bet)



PokerStars Hand #237387023795:  Hold'em No Limit ($0.01/$0.02 USD) - 2022/07/15 22:16:56 PT [2022/07/16 1:16:56 ET]
Table 'Cuffey III' 9-max Seat #4 is the button
Seat 1: INTIMIDATOR69 ($1.23 in chips) 
Seat 2: FINITSXX ($1.32 in chips) 
Seat 3: prizrak_162 ($0.77 in chips) 
Seat 4: dboulay1979 ($6.46 in chips) 
Seat 5: zanozaN1 ($2 in chips) 
Seat 6: KevinOgs ($4.48 in chips) 
Seat 7: bentota2 ($0.80 in chips) 
Seat 8: Dorex2007 ($2 in chips) 
Seat 9: krakow20 ($2 in chips) 
zanozaN1: posts small blind $0.01
KevinOgs: posts big blind $0.02
*** HOLE CARDS ***
Dealt to Dorex2007 [6s 3s]
bentota2: folds 
Dorex2007: folds 
krakow20: folds 
INTIMIDATOR69: calls $0.02
FINITSXX: calls $0.02
prizrak_162: folds 
dboulay1979: folds 
zanozaN1: raises $0.10 to $0.12
KevinOgs: folds 
INTIMIDATOR69: calls $0.10
FINITSXX: folds 
*** FLOP *** [7h 2s 8c]
zanozaN1: checks 
INTIMIDATOR69: checks 
*** TURN *** [7h 2s 8c] [9s]
zanozaN1: bets $0.08
INTIMIDATOR69: calls $0.08
*** RIVER *** [7h 2s 8c 9s] [4d]
zanozaN1: checks 
INTIMIDATOR69: checks 
*** SHOW DOWN ***
zanozaN1: shows [Qd Ah] (high card Ace)
INTIMIDATOR69: mucks hand 
zanozaN1 collected $0.42 from pot
*** SUMMARY ***
Total pot $0.44 | Rake $0.02 
Board [7h 2s 8c 9s 4d]
Seat 1: INTIMIDATOR69 mucked [Kd Qh]
Seat 2: FINITSXX folded before Flop
Seat 3: prizrak_162 folded before Flop (didn't bet)
Seat 4: dboulay1979 (button) folded before Flop (didn't bet)
Seat 5: zanozaN1 (small blind) showed [Qd Ah] and won ($0.42) with high card Ace
Seat 6: KevinOgs (big blind) folded before Flop
Seat 7: bentota2 folded before Flop (didn't bet)
Seat 8: Dorex2007 folded before Flop (didn't bet)
Seat 9: krakow20 folded before Flop (didn't bet)



PokerStars Hand #237387032871:  Hold'em No Limit ($0.01/$0.02 USD) - 2022/07/15 22:18:07 PT [2022/07/16 1:18:07 ET]
Table 'Cuffey III' 9-max Seat #5 is the button
Seat 1: INTIMIDATOR69 ($1.03 in chips) 
Seat 2: FINITSXX ($1.30 in chips) 
Seat 3: prizrak_162 ($0.77 in chips) 
Seat 4: dboulay1979 ($6.46 in chips) 
Seat 5: zanozaN1 ($2.22 in chips) 
Seat 6: KevinOgs ($4.46 in chips) 
Seat 7: bentota2 ($0.80 in chips) 
Seat 8: Dorex2007 ($2 in chips) 
Seat 9: krakow20 ($2 in chips) 
KevinOgs: posts small blind $0.01
bentota2: posts big blind $0.02
*** HOLE CARDS ***
Dealt to Dorex2007 [8s 6d]
Dorex2007: folds 
krakow20: folds 
INTIMIDATOR69: folds 
FINITSXX: raises $0.03 to $0.05
prizrak_162: folds 
dboulay1979: folds 
zanozaN1: folds 
KevinOgs: folds 
bentota2: folds 
Uncalled bet ($0.03) returned to FINITSXX
FINITSXX collected $0.05 from pot
*** SUMMARY ***
Total pot $0.05 | Rake $0 
Seat 1: INTIMIDATOR69 folded before Flop (didn't bet)
Seat 2: FINITSXX collected ($0.05)
Seat 3: prizrak_162 folded before Flop (didn't bet)
Seat 4: dboulay1979 folded before Flop (didn't bet)
Seat 5: zanozaN1 (button) folded before Flop (didn't bet)
Seat 6: KevinOgs (small blind) folded before Flop
Seat 7: bentota2 (big blind) folded before Flop
Seat 8: Dorex2007 folded before Flop (didn't bet)
Seat 9: krakow20 folded before Flop (didn't bet)



PokerStars Hand #237387034854:  Hold'em No Limit ($0.01/$0.02 USD) - 2022/07/15 22:18:23 PT [2022/07/16 1:18:23 ET]
Table 'Cuffey III' 9-max Seat #6 is the button
Seat 1: INTIMIDATOR69 ($1.03 in chips) 
Seat 2: FINITSXX ($1.33 in chips) 
Seat 3: prizrak_162 ($0.77 in chips) 
Seat 4: dboulay1979 ($6.46 in chips) 
Seat 5: zanozaN1 ($2.22 in chips) 
Seat 6: KevinOgs ($4.45 in chips) 
Seat 7: bentota2 ($0.78 in chips) 
Seat 8: Dorex2007 ($2 in chips) 
Seat 9: krakow20 ($2 in chips) 
bentota2: posts small blind $0.01
Dorex2007: posts big blind $0.02
*** HOLE CARDS ***
Dealt to Dorex2007 [7h 3c]
krakow20: folds 
INTIMIDATOR69: raises $0.04 to $0.06
FINITSXX: folds 
prizrak_162: folds 
dboulay1979: folds 
zanozaN1: folds 
KevinOgs: folds 
bentota2: folds 
Dorex2007: folds 
Uncalled bet ($0.04) returned to INTIMIDATOR69
INTIMIDATOR69 collected $0.05 from pot
*** SUMMARY ***
Total pot $0.05 | Rake $0 
Seat 1: INTIMIDATOR69 collected ($0.05)
Seat 2: FINITSXX folded before Flop (didn't bet)
Seat 3: prizrak_162 folded before Flop (didn't bet)
Seat 4: dboulay1979 folded before Flop (didn't bet)
Seat 5: zanozaN1 folded before Flop (didn't bet)
Seat 6: KevinOgs (button) folded before Flop (didn't bet)
Seat 7: bentota2 (small blind) folded before Flop
Seat 8: Dorex2007 (big blind) folded before Flop
Seat 9: krakow20 folded before Flop (didn't bet)



PokerStars Hand #237387037150:  Hold'em No Limit ($0.01/$0.02 USD) - 2022/07/15 22:18:41 PT [2022/07/16 1:18:41 ET]
Table 'Cuffey III' 9-max Seat #7 is the button
Seat 1: INTIMIDATOR69 ($1.06 in chips) 
Seat 2: FINITSXX ($1.33 in chips) 
Seat 3: prizrak_162 ($0.77 in chips) 
Seat 4: dboulay1979 ($6.46 in chips) 
Seat 5: zanozaN1 ($2.22 in chips) 
Seat 6: KevinOgs ($4.45 in chips) 
Seat 7: bentota2 ($0.77 in chips) 
Seat 8: Dorex2007 ($2 in chips) 
Seat 9: krakow20 ($2 in chips) 
Dorex2007: posts small blind $0.01
krakow20: posts big blind $0.02
*** HOLE CARDS ***
Dealt to Dorex2007 [Kd 5s]
INTIMIDATOR69: folds 
FINITSXX: folds 
prizrak_162: folds 
dboulay1979: folds 
zanozaN1: folds 
KevinOgs: calls $0.02
bentota2: folds 
Dorex2007: folds 
krakow20: checks 
*** FLOP *** [2s Qh 6s]
krakow20: checks 
KevinOgs: bets $0.02
krakow20: folds 
Uncalled bet ($0.02) returned to KevinOgs
KevinOgs collected $0.05 from pot
*** SUMMARY ***
Total pot $0.05 | Rake $0 
Board [2s Qh 6s]
Seat 1: INTIMIDATOR69 folded before Flop (didn't bet)
Seat 2: FINITSXX folded before Flop (didn't bet)
Seat 3: prizrak_162 folded before Flop (didn't bet)
Seat 4: dboulay1979 folded before Flop (didn't bet)
Seat 5: zanozaN1 folded before Flop (didn't bet)
Seat 6: KevinOgs collected ($0.05)
Seat 7: bentota2 (button) folded before Flop (didn't bet)
Seat 8: Dorex2007 (small blind) folded before Flop
Seat 9: krakow20 (big blind) folded on the Flop



PokerStars Hand #237387041539:  Hold'em No Limit ($0.01/$0.02 USD) - 2022/07/15 22:19:16 PT [2022/07/16 1:19:16 ET]
Table 'Cuffey III' 9-max Seat #8 is the button
Seat 1: INTIMIDATOR69 ($1.06 in chips) 
Seat 2: FINITSXX ($1.33 in chips) 
Seat 3: prizrak_162 ($0.77 in chips) 
Seat 4: dboulay1979 ($6.46 in chips) 
Seat 5: zanozaN1 ($2.22 in chips) 
Seat 6: KevinOgs ($4.48 in chips) 
Seat 7: bentota2 ($0.77 in chips) 
Seat 8: Dorex2007 ($2 in chips) 
Seat 9: krakow20 ($1.98 in chips) 
krakow20: posts small blind $0.01
INTIMIDATOR69: posts big blind $0.02
*** HOLE CARDS ***
Dealt to Dorex2007 [9d Jd]
FINITSXX: folds 
prizrak_162: folds 
dboulay1979: folds 
zanozaN1: folds 
KevinOgs: calls $0.02
bentota2: folds 
Dorex2007: calls $0.02
krakow20: calls $0.01
INTIMIDATOR69: checks 
*** FLOP *** [9c Js 6h]
krakow20: checks 
INTIMIDATOR69: bets $0.08
KevinOgs: folds 
Dorex2007: raises $0.24 to $0.32
krakow20: folds 
INTIMIDATOR69: folds [Jh]
Uncalled bet ($0.24) returned to Dorex2007
Dorex2007 collected $0.23 from pot
*** SUMMARY ***
Total pot $0.24 | Rake $0.01 
Board [9c Js 6h]
Seat 1: INTIMIDATOR69 (big blind) folded on the Flop
Seat 2: FINITSXX folded before Flop (didn't bet)
Seat 3: prizrak_162 folded before Flop (didn't bet)
Seat 4: dboulay1979 folded before Flop (didn't bet)
Seat 5: zanozaN1 folded before Flop (didn't bet)
Seat 6: KevinOgs folded on the Flop
Seat 7: bentota2 folded before Flop (didn't bet)
Seat 8: Dorex2007 (button) collected ($0.23)
Seat 9: krakow20 (small blind) folded on the Flop



PokerStars Hand #237387048735:  Hold'em No Limit ($0.01/$0.02 USD) - 2022/07/15 22:20:14 PT [2022/07/16 1:20:14 ET]
Table 'Cuffey III' 9-max Seat #9 is the button
Seat 1: INTIMIDATOR69 ($1 in chips) 
Seat 2: FINITSXX ($1.33 in chips) 
Seat 3: prizrak_162 ($0.77 in chips) 
Seat 4: dboulay1979 ($6.46 in chips) 
Seat 5: zanozaN1 ($2.22 in chips) 
Seat 6: KevinOgs ($4.46 in chips) 
Seat 7: bentota2 ($0.77 in chips) 
Seat 8: Dorex2007 ($2.13 in chips) 
Seat 9: krakow20 ($1.96 in chips) 
INTIMIDATOR69: posts small blind $0.01
FINITSXX: posts big blind $0.02
*** HOLE CARDS ***
Dealt to Dorex2007 [2d 2h]
prizrak_162: folds 
dboulay1979: folds 
zanozaN1: folds 
KevinOgs: folds 
bentota2: folds 
Dorex2007: calls $0.02
krakow20: calls $0.02
INTIMIDATOR69: calls $0.01
FINITSXX: checks 
*** FLOP *** [9c 9s Jd]
INTIMIDATOR69: checks 
FINITSXX: checks 
Dorex2007: checks 
krakow20: checks 
*** TURN *** [9c 9s Jd] [4s]
INTIMIDATOR69: checks 
FINITSXX: checks 
Dorex2007: checks 
krakow20: checks 
*** RIVER *** [9c 9s Jd 4s] [4d]
INTIMIDATOR69: bets $0.18
FINITSXX: folds 
Dorex2007: folds 
krakow20: folds 
Uncalled bet ($0.18) returned to INTIMIDATOR69
INTIMIDATOR69 collected $0.08 from pot
*** SUMMARY ***
Total pot $0.08 | Rake $0 
Board [9c 9s Jd 4s 4d]
Seat 1: INTIMIDATOR69 (small blind) collected ($0.08)
Seat 2: FINITSXX (big blind) folded on the River
Seat 3: prizrak_162 folded before Flop (didn't bet)
Seat 4: dboulay1979 folded before Flop (didn't bet)
Seat 5: zanozaN1 folded before Flop (didn't bet)
Seat 6: KevinOgs folded before Flop (didn't bet)
Seat 7: bentota2 folded before Flop (didn't bet)
Seat 8: Dorex2007 folded on the River
Seat 9: krakow20 (button) folded on the River



PokerStars Hand #237387061365:  Hold'em No Limit ($0.01/$0.02 USD) - 2022/07/15 22:21:53 PT [2022/07/16 1:21:53 ET]
Table 'Cuffey III' 9-max Seat #1 is the button
Seat 1: INTIMIDATOR69 ($1.06 in chips) 
Seat 2: FINITSXX ($1.31 in chips) 
Seat 3: prizrak_162 ($0.80 in chips) 
Seat 4: dboulay1979 ($6.46 in chips) 
Seat 5: zanozaN1 ($2.22 in chips) 
Seat 6: KevinOgs ($4.46 in chips) 
Seat 7: bentota2 ($0.77 in chips) 
Seat 8: Dorex2007 ($2.11 in chips) 
FINITSXX: posts small blind $0.01
prizrak_162: posts big blind $0.02
*** HOLE CARDS ***
Dealt to Dorex2007 [4c 4h]
dboulay1979: folds 
zanozaN1: folds 
KevinOgs: calls $0.02
bentota2: calls $0.02
Dorex2007: calls $0.02
INTIMIDATOR69: calls $0.02
FINITSXX: folds 
prizrak_162: checks 
*** FLOP *** [2s Kd Jh]
prizrak_162: checks 
KevinOgs: checks 
bentota2: checks 
krakow20 leaves the table
Dorex2007: checks 
INTIMIDATOR69: checks 
*** TURN *** [2s Kd Jh] [Ah]
prizrak_162: checks 
KevinOgs: bets $0.05
bentota2: folds 
Dorex2007: folds 
INTIMIDATOR69: calls $0.05
AcesMcCoy joins the table at seat #9 
prizrak_162: folds 
*** RIVER *** [2s Kd Jh Ah] [Qc]
KevinOgs: checks 
INTIMIDATOR69: checks 
*** SHOW DOWN ***
KevinOgs: shows [8d Ks] (a pair of Kings)
INTIMIDATOR69: shows [7h As] (a pair of Aces)
INTIMIDATOR69 collected $0.20 from pot
*** SUMMARY ***
Total pot $0.21 | Rake $0.01 
Board [2s Kd Jh Ah Qc]
Seat 1: INTIMIDATOR69 (button) showed [7h As] and won ($0.20) with a pair of Aces
Seat 2: FINITSXX (small blind) folded before Flop
Seat 3: prizrak_162 (big blind) folded on the Turn
Seat 4: dboulay1979 folded before Flop (didn't bet)
Seat 5: zanozaN1 folded before Flop (didn't bet)
Seat 6: KevinOgs showed [8d Ks] and lost with a pair of Kings
Seat 7: bentota2 folded on the Turn
Seat 8: Dorex2007 folded on the Turn



PokerStars Hand #237387067259:  Hold'em No Limit ($0.01/$0.02 USD) - 2022/07/15 22:22:39 PT [2022/07/16 1:22:39 ET]
Table 'Cuffey III' 9-max Seat #2 is the button
Seat 1: INTIMIDATOR69 ($1.19 in chips) 
Seat 2: FINITSXX ($1.30 in chips) 
Seat 3: prizrak_162 ($0.80 in chips) 
Seat 4: dboulay1979 ($6.46 in chips) 
Seat 5: zanozaN1 ($2.22 in chips) 
Seat 6: KevinOgs ($4.39 in chips) 
Seat 7: bentota2 ($0.75 in chips) 
Seat 8: Dorex2007 ($2.09 in chips) 
prizrak_162: posts small blind $0.01
dboulay1979: posts big blind $0.02
AcesMcCoy: sits out 
*** HOLE CARDS ***
Dealt to Dorex2007 [Ts 2h]
zanozaN1: folds 
KevinOgs: folds 
bentota2: folds 
Dorex2007: folds 
INTIMIDATOR69: calls $0.02
FINITSXX: folds 
prizrak_162: calls $0.01
dboulay1979: raises $0.08 to $0.10
INTIMIDATOR69: calls $0.08
prizrak_162: folds 
*** FLOP *** [9d Qh 3d]
dboulay1979: bets $0.21
INTIMIDATOR69: calls $0.21
*** TURN *** [9d Qh 3d] [4d]
dboulay1979: checks 
INTIMIDATOR69: checks 
*** RIVER *** [9d Qh 3d 4d] [Ac]
dboulay1979: bets $0.31
INTIMIDATOR69: raises $0.57 to $0.88 and is all-in
dboulay1979: calls $0.57
*** SHOW DOWN ***
INTIMIDATOR69: shows [5d 8d] (a flush, Nine high)
dboulay1979: shows [9h Ah] (two pair, Aces and Nines)
INTIMIDATOR69 collected $2.32 from pot
*** SUMMARY ***
Total pot $2.40 | Rake $0.08 
Board [9d Qh 3d 4d Ac]
Seat 1: INTIMIDATOR69 showed [5d 8d] and won ($2.32) with a flush, Nine high
Seat 2: FINITSXX (button) folded before Flop (didn't bet)
Seat 3: prizrak_162 (small blind) folded before Flop
Seat 4: dboulay1979 (big blind) showed [9h Ah] and lost with two pair, Aces and Nines
Seat 5: zanozaN1 folded before Flop (didn't bet)
Seat 6: KevinOgs folded before Flop (didn't bet)
Seat 7: bentota2 folded before Flop (didn't bet)
Seat 8: Dorex2007 folded before Flop (didn't bet)



PokerStars Hand #237387072689:  Hold'em No Limit ($0.01/$0.02 USD) - 2022/07/15 22:23:22 PT [2022/07/16 1:23:22 ET]
Table 'Cuffey III' 9-max Seat #3 is the button
Seat 1: INTIMIDATOR69 ($2.32 in chips) 
Seat 2: FINITSXX ($1.30 in chips) 
Seat 3: prizrak_162 ($0.78 in chips) 
Seat 4: dboulay1979 ($5.27 in chips) 
Seat 5: zanozaN1 ($2.22 in chips) 
Seat 6: KevinOgs ($4.39 in chips) 
Seat 7: bentota2 ($0.75 in chips) 
Seat 8: Dorex2007 ($2.09 in chips) 
dboulay1979: posts small blind $0.01
zanozaN1: posts big blind $0.02
AcesMcCoy: sits out 
*** HOLE CARDS ***
Dealt to Dorex2007 [3d Ts]
KevinOgs: folds 
bentota2: folds 
Dorex2007: folds 
INTIMIDATOR69: folds 
FINITSXX: raises $0.03 to $0.05
prizrak_162: folds 
dboulay1979: folds 
zanozaN1: calls $0.03
*** FLOP *** [Ad Js Kc]
zanozaN1: checks 
FINITSXX: bets $0.05
zanozaN1: folds 
Uncalled bet ($0.05) returned to FINITSXX
FINITSXX collected $0.11 from pot
*** SUMMARY ***
Total pot $0.11 | Rake $0 
Board [Ad Js Kc]
Seat 1: INTIMIDATOR69 folded before Flop (didn't bet)
Seat 2: FINITSXX collected ($0.11)
Seat 3: prizrak_162 (button) folded before Flop (didn't bet)
Seat 4: dboulay1979 (small blind) folded before Flop
Seat 5: zanozaN1 (big blind) folded on the Flop
Seat 6: KevinOgs folded before Flop (didn't bet)
Seat 7: bentota2 folded before Flop (didn't bet)
Seat 8: Dorex2007 folded before Flop (didn't bet)



PokerStars Hand #237387078028:  Hold'em No Limit ($0.01/$0.02 USD) - 2022/07/15 22:24:03 PT [2022/07/16 1:24:03 ET]
Table 'Cuffey III' 9-max Seat #4 is the button
Seat 1: INTIMIDATOR69 ($2.32 in chips) 
Seat 2: FINITSXX ($1.36 in chips) 
Seat 3: prizrak_162 ($0.78 in chips) 
Seat 4: dboulay1979 ($5.26 in chips) 
Seat 5: zanozaN1 ($2.17 in chips) 
Seat 6: KevinOgs ($4.39 in chips) 
Seat 7: bentota2 ($0.75 in chips) 
Seat 8: Dorex2007 ($2.09 in chips) 
zanozaN1: posts small blind $0.01
KevinOgs: posts big blind $0.02
AcesMcCoy: sits out 
*** HOLE CARDS ***
Dealt to Dorex2007 [Td Ac]
bentota2: folds 
Dorex2007: calls $0.02
INTIMIDATOR69: folds 
FINITSXX: folds 
prizrak_162: folds 
dboulay1979: folds 
zanozaN1: calls $0.01
KevinOgs: raises $0.04 to $0.06
Dorex2007: calls $0.04
zanozaN1: folds 
*** FLOP *** [9h 4d Ks]
KevinOgs: bets $0.07
Dorex2007: folds 
Uncalled bet ($0.07) returned to KevinOgs
KevinOgs collected $0.14 from pot
*** SUMMARY ***
Total pot $0.14 | Rake $0 
Board [9h 4d Ks]
Seat 1: INTIMIDATOR69 folded before Flop (didn't bet)
Seat 2: FINITSXX folded before Flop (didn't bet)
Seat 3: prizrak_162 folded before Flop (didn't bet)
Seat 4: dboulay1979 (button) folded before Flop (didn't bet)
Seat 5: zanozaN1 (small blind) folded before Flop
Seat 6: KevinOgs (big blind) collected ($0.14)
Seat 7: bentota2 folded before Flop (didn't bet)
Seat 8: Dorex2007 folded on the Flop



PokerStars Hand #237387082676:  Hold'em No Limit ($0.01/$0.02 USD) - 2022/07/15 22:24:40 PT [2022/07/16 1:24:40 ET]
Table 'Cuffey III' 9-max Seat #5 is the button
Seat 1: INTIMIDATOR69 ($2.32 in chips) 
Seat 2: FINITSXX ($1.36 in chips) 
Seat 3: prizrak_162 ($0.78 in chips) 
Seat 4: dboulay1979 ($5.26 in chips) 
Seat 5: zanozaN1 ($2.15 in chips) 
Seat 6: KevinOgs ($4.47 in chips) 
Seat 7: bentota2 ($0.75 in chips) 
Seat 8: Dorex2007 ($2.03 in chips) 
KevinOgs: posts small blind $0.01
bentota2: posts big blind $0.02
AcesMcCoy: sits out 
*** HOLE CARDS ***
Dealt to Dorex2007 [5c 2s]
Dorex2007: folds 
INTIMIDATOR69: folds 
FINITSXX: raises $0.03 to $0.05
prizrak_162: folds 
dboulay1979: folds 
zanozaN1: folds 
KevinOgs: calls $0.04
bentota2: folds 
*** FLOP *** [4d 4s 6c]
KevinOgs: checks 
FINITSXX: bets $0.05
KevinOgs: calls $0.05
*** TURN *** [4d 4s 6c] [8c]
KevinOgs: checks 
FINITSXX: bets $0.14
KevinOgs: raises $0.14 to $0.28
FINITSXX: raises $0.98 to $1.26 and is all-in
KevinOgs: folds 
Uncalled bet ($0.98) returned to FINITSXX
FINITSXX collected $0.75 from pot
*** SUMMARY ***
Total pot $0.78 | Rake $0.03 
Board [4d 4s 6c 8c]
Seat 1: INTIMIDATOR69 folded before Flop (didn't bet)
Seat 2: FINITSXX collected ($0.75)
Seat 3: prizrak_162 folded before Flop (didn't bet)
Seat 4: dboulay1979 folded before Flop (didn't bet)
Seat 5: zanozaN1 (button) folded before Flop (didn't bet)
Seat 6: KevinOgs (small blind) folded on the Turn
Seat 7: bentota2 (big blind) folded before Flop
Seat 8: Dorex2007 folded before Flop (didn't bet)



PokerStars Hand #237387090619:  Hold'em No Limit ($0.01/$0.02 USD) - 2022/07/15 22:25:38 PT [2022/07/16 1:25:38 ET]
Table 'Cuffey III' 9-max Seat #6 is the button
Seat 1: INTIMIDATOR69 ($2.32 in chips) 
Seat 2: FINITSXX ($1.73 in chips) 
Seat 3: prizrak_162 ($0.78 in chips) 
Seat 4: dboulay1979 ($5.26 in chips) 
Seat 5: zanozaN1 ($2.15 in chips) 
Seat 6: KevinOgs ($4.09 in chips) 
Seat 7: bentota2 ($0.73 in chips) 
Seat 8: Dorex2007 ($2.03 in chips) 
bentota2: posts small blind $0.01
Dorex2007: posts big blind $0.02
AcesMcCoy: sits out 
*** HOLE CARDS ***
Dealt to Dorex2007 [Kh 8h]
INTIMIDATOR69: folds 
FINITSXX: folds 
prizrak_162: folds 
dboulay1979: folds 
zanozaN1: folds 
KevinOgs: calls $0.02
bentota2: folds 
Dorex2007: checks 
*** FLOP *** [3c Ad Jc]
Dorex2007: checks 
KevinOgs: checks 
*** TURN *** [3c Ad Jc] [2d]
Dorex2007: checks 
KevinOgs: checks 
*** RIVER *** [3c Ad Jc 2d] [8s]
Dorex2007: checks 
KevinOgs: bets $0.02
Dorex2007: calls $0.02
*** SHOW DOWN ***
KevinOgs: shows [Kc 6s] (high card Ace)
Dorex2007: shows [Kh 8h] (a pair of Eights)
Dorex2007 collected $0.09 from pot
*** SUMMARY ***
Total pot $0.09 | Rake $0 
Board [3c Ad Jc 2d 8s]
Seat 1: INTIMIDATOR69 folded before Flop (didn't bet)
Seat 2: FINITSXX folded before Flop (didn't bet)
Seat 3: prizrak_162 folded before Flop (didn't bet)
Seat 4: dboulay1979 folded before Flop (didn't bet)
Seat 5: zanozaN1 folded before Flop (didn't bet)
Seat 6: KevinOgs (button) showed [Kc 6s] and lost with high card Ace
Seat 7: bentota2 (small blind) folded before Flop
Seat 8: Dorex2007 (big blind) showed [Kh 8h] and won ($0.09) with a pair of Eights



PokerStars Hand #237387094958:  Hold'em No Limit ($0.01/$0.02 USD) - 2022/07/15 22:26:11 PT [2022/07/16 1:26:11 ET]
Table 'Cuffey III' 9-max Seat #7 is the button
Seat 1: INTIMIDATOR69 ($2.32 in chips) 
Seat 2: FINITSXX ($1.73 in chips) 
Seat 3: prizrak_162 ($0.78 in chips) 
Seat 4: dboulay1979 ($5.26 in chips) 
Seat 5: zanozaN1 ($2.15 in chips) 
Seat 6: KevinOgs ($4.05 in chips) 
Seat 7: bentota2 ($0.72 in chips) 
Seat 8: Dorex2007 ($2.08 in chips) 
Seat 9: AcesMcCoy ($2 in chips) 
Dorex2007: posts small blind $0.01
AcesMcCoy: posts big blind $0.02
*** HOLE CARDS ***
Dealt to Dorex2007 [7d 7s]
INTIMIDATOR69: calls $0.02
FINITSXX: folds 
prizrak_162: folds 
dboulay1979: folds 
zanozaN1: folds 
KevinOgs: calls $0.02
bentota2: calls $0.02
Dorex2007: calls $0.01
AcesMcCoy: checks 
*** FLOP *** [Td 2h As]
Dorex2007: checks 
AcesMcCoy: checks 
INTIMIDATOR69: bets $0.10
KevinOgs: folds 
bentota2: folds 
Dorex2007: folds 
AcesMcCoy: folds 
Uncalled bet ($0.10) returned to INTIMIDATOR69
INTIMIDATOR69 collected $0.10 from pot
*** SUMMARY ***
Total pot $0.10 | Rake $0 
Board [Td 2h As]
Seat 1: INTIMIDATOR69 collected ($0.10)
Seat 2: FINITSXX folded before Flop (didn't bet)
Seat 3: prizrak_162 folded before Flop (didn't bet)
Seat 4: dboulay1979 folded before Flop (didn't bet)
Seat 5: zanozaN1 folded before Flop (didn't bet)
Seat 6: KevinOgs folded on the Flop
Seat 7: bentota2 (button) folded on the Flop
Seat 8: Dorex2007 (small blind) folded on the Flop
Seat 9: AcesMcCoy (big blind) folded on the Flop



PokerStars Hand #237387098939:  Hold'em No Limit ($0.01/$0.02 USD) - 2022/07/15 22:26:43 PT [2022/07/16 1:26:43 ET]
Table 'Cuffey III' 9-max Seat #8 is the button
Seat 1: INTIMIDATOR69 ($2.40 in chips) 
Seat 2: FINITSXX ($1.73 in chips) 
Seat 3: prizrak_162 ($0.78 in chips) 
Seat 4: dboulay1979 ($5.26 in chips) 
Seat 5: zanozaN1 ($2.15 in chips) 
Seat 6: KevinOgs ($4.03 in chips) 
Seat 7: bentota2 ($0.70 in chips) 
Seat 8: Dorex2007 ($2.06 in chips) 
Seat 9: AcesMcCoy ($2 in chips) 
AcesMcCoy: posts small blind $0.01
INTIMIDATOR69: posts big blind $0.02
*** HOLE CARDS ***
Dealt to Dorex2007 [Kd 6c]
FINITSXX: folds 
prizrak_162: folds 
dboulay1979: folds 
zanozaN1: folds 
KevinOgs: raises $0.04 to $0.06
bentota2: folds 
Dorex2007: folds 
AcesMcCoy: folds 
INTIMIDATOR69: calls $0.04
*** FLOP *** [Jc As 9h]
INTIMIDATOR69: checks 
KevinOgs: checks 
*** TURN *** [Jc As 9h] [4c]
INTIMIDATOR69: checks 
KevinOgs: bets $0.06
INTIMIDATOR69: folds 
Uncalled bet ($0.06) returned to KevinOgs
KevinOgs collected $0.13 from pot
*** SUMMARY ***
Total pot $0.13 | Rake $0 
Board [Jc As 9h 4c]
Seat 1: INTIMIDATOR69 (big blind) folded on the Turn
Seat 2: FINITSXX folded before Flop (didn't bet)
Seat 3: prizrak_162 folded before Flop (didn't bet)
Seat 4: dboulay1979 folded before Flop (didn't bet)
Seat 5: zanozaN1 folded before Flop (didn't bet)
Seat 6: KevinOgs collected ($0.13)
Seat 7: bentota2 folded before Flop (didn't bet)
Seat 8: Dorex2007 (button) folded before Flop (didn't bet)
Seat 9: AcesMcCoy (small blind) folded before Flop



PokerStars Hand #237387102611:  Hold'em No Limit ($0.01/$0.02 USD) - 2022/07/15 22:27:11 PT [2022/07/16 1:27:11 ET]
Table 'Cuffey III' 9-max Seat #9 is the button
Seat 1: INTIMIDATOR69 ($2.34 in chips) 
Seat 2: FINITSXX ($1.73 in chips) 
Seat 3: prizrak_162 ($0.78 in chips) 
Seat 4: dboulay1979 ($5.26 in chips) 
Seat 5: zanozaN1 ($2.15 in chips) 
Seat 6: KevinOgs ($4.10 in chips) 
Seat 7: bentota2 ($0.70 in chips) 
Seat 8: Dorex2007 ($2.06 in chips) 
Seat 9: AcesMcCoy ($2 in chips) 
INTIMIDATOR69: posts small blind $0.01
FINITSXX: posts big blind $0.02
*** HOLE CARDS ***
Dealt to Dorex2007 [6c 6h]
prizrak_162: folds 
dboulay1979: folds 
zanozaN1: folds 
KevinOgs: calls $0.02
bentota2: calls $0.02
Dorex2007: calls $0.02
AcesMcCoy: calls $0.02
INTIMIDATOR69: calls $0.01
FINITSXX: checks 
*** FLOP *** [2d 9c Ks]
INTIMIDATOR69: bets $0.12
FINITSXX: folds 
KevinOgs: folds 
bentota2: folds 
Dorex2007: folds 
AcesMcCoy: folds 
Uncalled bet ($0.12) returned to INTIMIDATOR69
INTIMIDATOR69 collected $0.12 from pot
*** SUMMARY ***
Total pot $0.12 | Rake $0 
Board [2d 9c Ks]
Seat 1: INTIMIDATOR69 (small blind) collected ($0.12)
Seat 2: FINITSXX (big blind) folded on the Flop
Seat 3: prizrak_162 folded before Flop (didn't bet)
Seat 4: dboulay1979 folded before Flop (didn't bet)
Seat 5: zanozaN1 folded before Flop (didn't bet)
Seat 6: KevinOgs folded on the Flop
Seat 7: bentota2 folded on the Flop
Seat 8: Dorex2007 folded on the Flop
Seat 9: AcesMcCoy (button) folded on the Flop



PokerStars Hand #237387106161:  Hold'em No Limit ($0.01/$0.02 USD) - 2022/07/15 22:27:39 PT [2022/07/16 1:27:39 ET]
Table 'Cuffey III' 9-max Seat #1 is the button
Seat 1: INTIMIDATOR69 ($2.44 in chips) 
Seat 2: FINITSXX ($1.71 in chips) 
Seat 3: prizrak_162 ($0.78 in chips) 
Seat 4: dboulay1979 ($5.26 in chips) 
Seat 5: zanozaN1 ($2.15 in chips) 
Seat 6: KevinOgs ($4.08 in chips) 
Seat 7: bentota2 ($0.68 in chips) 
Seat 8: Dorex2007 ($2.04 in chips) 
Seat 9: AcesMcCoy ($2 in chips) 
FINITSXX: posts small blind $0.01
prizrak_162: posts big blind $0.02
*** HOLE CARDS ***
Dealt to Dorex2007 [4h 8h]
dboulay1979: folds 
zanozaN1: folds 
KevinOgs: folds 
bentota2: calls $0.02
Dorex2007: folds 
AcesMcCoy: folds 
INTIMIDATOR69: folds 
FINITSXX: calls $0.01
prizrak_162: checks 
*** FLOP *** [7c 6s 9h]
FINITSXX: bets $0.03
prizrak_162: folds 
bentota2: calls $0.03
*** TURN *** [7c 6s 9h] [3d]
FINITSXX: checks 
bentota2: bets $0.06
FINITSXX: raises $0.08 to $0.14
bentota2: calls $0.08
*** RIVER *** [7c 6s 9h 3d] [3s]
FINITSXX: checks 
bentota2: checks 
*** SHOW DOWN ***
FINITSXX: shows [4s Ad] (a pair of Threes)
bentota2: shows [Qd 9d] (two pair, Nines and Threes)
bentota2 collected $0.39 from pot
*** SUMMARY ***
Total pot $0.40 | Rake $0.01 
Board [7c 6s 9h 3d 3s]
Seat 1: INTIMIDATOR69 (button) folded before Flop (didn't bet)
Seat 2: FINITSXX (small blind) showed [4s Ad] and lost with a pair of Threes
Seat 3: prizrak_162 (big blind) folded on the Flop
Seat 4: dboulay1979 folded before Flop (didn't bet)
Seat 5: zanozaN1 folded before Flop (didn't bet)
Seat 6: KevinOgs folded before Flop (didn't bet)
Seat 7: bentota2 showed [Qd 9d] and won ($0.39) with two pair, Nines and Threes
Seat 8: Dorex2007 folded before Flop (didn't bet)
Seat 9: AcesMcCoy folded before Flop (didn't bet)



PokerStars Hand #237387113246:  Hold'em No Limit ($0.01/$0.02 USD) - 2022/07/15 22:28:27 PT [2022/07/16 1:28:27 ET]
Table 'Cuffey III' 9-max Seat #2 is the button
Seat 1: INTIMIDATOR69 ($2.44 in chips) 
Seat 2: FINITSXX ($1.52 in chips) 
Seat 3: prizrak_162 ($0.80 in chips) 
Seat 4: dboulay1979 ($5.26 in chips) 
Seat 5: zanozaN1 ($2.15 in chips) 
Seat 6: KevinOgs ($4.08 in chips) 
Seat 7: bentota2 ($0.88 in chips) 
Seat 8: Dorex2007 ($2.04 in chips) 
Seat 9: AcesMcCoy ($2 in chips) 
prizrak_162: posts small blind $0.01
dboulay1979: posts big blind $0.02
*** HOLE CARDS ***
Dealt to Dorex2007 [8c 5h]
zanozaN1: folds 
KevinOgs: folds 
bentota2: calls $0.02
Dorex2007: folds 
AcesMcCoy: folds 
INTIMIDATOR69: folds 
FINITSXX: raises $0.03 to $0.05
prizrak_162: calls $0.04
dboulay1979: folds 
bentota2: folds 
*** FLOP *** [7c Js 8h]
prizrak_162: bets $0.07
FINITSXX: calls $0.07
*** TURN *** [7c Js 8h] [2d]
prizrak_162: bets $0.15
FINITSXX: folds 
Uncalled bet ($0.15) returned to prizrak_162
prizrak_162 collected $0.27 from pot
*** SUMMARY ***
Total pot $0.28 | Rake $0.01 
Board [7c Js 8h 2d]
Seat 1: INTIMIDATOR69 folded before Flop (didn't bet)
Seat 2: FINITSXX (button) folded on the Turn
Seat 3: prizrak_162 (small blind) collected ($0.27)
Seat 4: dboulay1979 (big blind) folded before Flop
Seat 5: zanozaN1 folded before Flop (didn't bet)
Seat 6: KevinOgs folded before Flop (didn't bet)
Seat 7: bentota2 folded before Flop
Seat 8: Dorex2007 folded before Flop (didn't bet)
Seat 9: AcesMcCoy folded before Flop (didn't bet)



PokerStars Hand #237387121577:  Hold'em No Limit ($0.01/$0.02 USD) - 2022/07/15 22:29:31 PT [2022/07/16 1:29:31 ET]
Table 'Cuffey III' 9-max Seat #3 is the button
Seat 1: INTIMIDATOR69 ($2.44 in chips) 
Seat 2: FINITSXX ($1.40 in chips) 
Seat 3: prizrak_162 ($0.95 in chips) 
Seat 4: dboulay1979 ($5.24 in chips) 
Seat 5: zanozaN1 ($2.15 in chips) 
Seat 6: KevinOgs ($4.08 in chips) 
Seat 7: bentota2 ($0.86 in chips) 
Seat 8: Dorex2007 ($2.04 in chips) 
Seat 9: AcesMcCoy ($2 in chips) 
dboulay1979: posts small blind $0.01
zanozaN1: posts big blind $0.02
*** HOLE CARDS ***
Dealt to Dorex2007 [3h Kh]
KevinOgs: folds 
bentota2: folds 
Dorex2007: calls $0.02
AcesMcCoy: folds 
INTIMIDATOR69: folds 
FINITSXX: folds 
prizrak_162: folds 
dboulay1979: folds 
zanozaN1: checks 
*** FLOP *** [As 7c 5c]
zanozaN1: checks 
Dorex2007: checks 
*** TURN *** [As 7c 5c] [2d]
zanozaN1: bets $0.02
Dorex2007: folds 
Uncalled bet ($0.02) returned to zanozaN1
zanozaN1 collected $0.05 from pot
*** SUMMARY ***
Total pot $0.05 | Rake $0 
Board [As 7c 5c 2d]
Seat 1: INTIMIDATOR69 folded before Flop (didn't bet)
Seat 2: FINITSXX folded before Flop (didn't bet)
Seat 3: prizrak_162 (button) folded before Flop (didn't bet)
Seat 4: dboulay1979 (small blind) folded before Flop
Seat 5: zanozaN1 (big blind) collected ($0.05)
Seat 6: KevinOgs folded before Flop (didn't bet)
Seat 7: bentota2 folded before Flop (didn't bet)
Seat 8: Dorex2007 folded on the Turn
Seat 9: AcesMcCoy folded before Flop (didn't bet)



PokerStars Hand #237387126925:  Hold'em No Limit ($0.01/$0.02 USD) - 2022/07/15 22:30:14 PT [2022/07/16 1:30:14 ET]
Table 'Cuffey III' 9-max Seat #4 is the button
Seat 1: INTIMIDATOR69 ($2.44 in chips) 
Seat 2: FINITSXX ($1.40 in chips) 
Seat 3: prizrak_162 ($0.95 in chips) 
Seat 4: dboulay1979 ($5.23 in chips) 
Seat 5: zanozaN1 ($2.18 in chips) 
Seat 6: KevinOgs ($4.08 in chips) 
Seat 7: bentota2 ($0.86 in chips) 
Seat 8: Dorex2007 ($2.02 in chips) 
Seat 9: AcesMcCoy ($2 in chips) 
zanozaN1: posts small blind $0.01
KevinOgs: posts big blind $0.02
*** HOLE CARDS ***
Dealt to Dorex2007 [7s 4d]
bentota2: calls $0.02
Dorex2007: folds 
AcesMcCoy: raises $0.04 to $0.06
INTIMIDATOR69: folds 
FINITSXX: folds 
prizrak_162: calls $0.06
dboulay1979: folds 
zanozaN1: folds 
KevinOgs: folds 
bentota2: calls $0.04
*** FLOP *** [7h Td Jc]
bentota2: checks 
AcesMcCoy: bets $0.10
prizrak_162: calls $0.10
bentota2: folds 
*** TURN *** [7h Td Jc] [9c]
AcesMcCoy: bets $0.20
prizrak_162: calls $0.20
*** RIVER *** [7h Td Jc 9c] [2s]
AcesMcCoy: bets $0.78
prizrak_162: calls $0.59 and is all-in
Uncalled bet ($0.19) returned to AcesMcCoy
*** SHOW DOWN ***
AcesMcCoy: shows [Qc Kh] (a straight, Nine to King)
prizrak_162: shows [Jd Js] (three of a kind, Jacks)
AcesMcCoy collected $1.92 from pot
*** SUMMARY ***
Total pot $1.99 | Rake $0.07 
Board [7h Td Jc 9c 2s]
Seat 1: INTIMIDATOR69 folded before Flop (didn't bet)
Seat 2: FINITSXX folded before Flop (didn't bet)
Seat 3: prizrak_162 showed [Jd Js] and lost with three of a kind, Jacks
Seat 4: dboulay1979 (button) folded before Flop (didn't bet)
Seat 5: zanozaN1 (small blind) folded before Flop
Seat 6: KevinOgs (big blind) folded before Flop
Seat 7: bentota2 folded on the Flop
Seat 8: Dorex2007 folded before Flop (didn't bet)
Seat 9: AcesMcCoy showed [Qc Kh] and won ($1.92) with a straight, Nine to King



PokerStars Hand #237387134381:  Hold'em No Limit ($0.01/$0.02 USD) - 2022/07/15 22:31:12 PT [2022/07/16 1:31:12 ET]
Table 'Cuffey III' 9-max Seat #5 is the button
Seat 1: INTIMIDATOR69 ($2.44 in chips) 
Seat 2: FINITSXX ($1.40 in chips) 
Seat 4: dboulay1979 ($5.23 in chips) 
Seat 5: zanozaN1 ($2.17 in chips) 
Seat 6: KevinOgs ($4.06 in chips) 
Seat 7: bentota2 ($0.80 in chips) 
Seat 8: Dorex2007 ($2.02 in chips) 
Seat 9: AcesMcCoy ($2.97 in chips) 
KevinOgs: posts small blind $0.01
bentota2: posts big blind $0.02
*** HOLE CARDS ***
Dealt to Dorex2007 [Ts 2h]
Dorex2007: folds 
AcesMcCoy: folds 
INTIMIDATOR69: raises $0.16 to $0.18
FINITSXX: raises $0.22 to $0.40
dboulay1979: folds 
zanozaN1: folds 
KevinOgs: folds 
bentota2: folds 
INTIMIDATOR69: raises $2.04 to $2.44 and is all-in
FINITSXX: calls $1 and is all-in
Uncalled bet ($1.04) returned to INTIMIDATOR69
*** FLOP *** [3s Qh 6h]
*** TURN *** [3s Qh 6h] [2d]
*** RIVER *** [3s Qh 6h 2d] [7s]
*** SHOW DOWN ***
INTIMIDATOR69: shows [Kd Ac] (high card Ace)
FINITSXX: shows [Ks Kc] (a pair of Kings)
FINITSXX collected $2.73 from pot
*** SUMMARY ***
Total pot $2.83 | Rake $0.10 
Board [3s Qh 6h 2d 7s]
Seat 1: INTIMIDATOR69 showed [Kd Ac] and lost with high card Ace
Seat 2: FINITSXX showed [Ks Kc] and won ($2.73) with a pair of Kings
Seat 4: dboulay1979 folded before Flop (didn't bet)
Seat 5: zanozaN1 (button) folded before Flop (didn't bet)
Seat 6: KevinOgs (small blind) folded before Flop
Seat 7: bentota2 (big blind) folded before Flop
Seat 8: Dorex2007 folded before Flop (didn't bet)
Seat 9: AcesMcCoy folded before Flop (didn't bet)



PokerStars Hand #237387139964:  Hold'em No Limit ($0.01/$0.02 USD) - 2022/07/15 22:31:57 PT [2022/07/16 1:31:57 ET]
Table 'Cuffey III' 9-max Seat #6 is the button
Seat 1: INTIMIDATOR69 ($1.04 in chips) 
Seat 2: FINITSXX ($2.73 in chips) 
Seat 3: prizrak_162 ($0.80 in chips) 
Seat 4: dboulay1979 ($5.23 in chips) 
Seat 5: zanozaN1 ($2.17 in chips) 
Seat 6: KevinOgs ($4.05 in chips) 
Seat 7: bentota2 ($0.78 in chips) 
Seat 8: Dorex2007 ($2.02 in chips) 
Seat 9: AcesMcCoy ($2.97 in chips) 
bentota2: posts small blind $0.01
Dorex2007: posts big blind $0.02
*** HOLE CARDS ***
Dealt to Dorex2007 [8h 9h]
AcesMcCoy: folds 
INTIMIDATOR69: raises $0.16 to $0.18
FINITSXX: folds 
prizrak_162: folds 
dboulay1979: folds 
zanozaN1: folds 
KevinOgs: folds 
KevinOgs leaves the table
bentota2: folds 
Dorex2007: folds 
Uncalled bet ($0.16) returned to INTIMIDATOR69
INTIMIDATOR69 collected $0.05 from pot
*** SUMMARY ***
Total pot $0.05 | Rake $0 
Seat 1: INTIMIDATOR69 collected ($0.05)
Seat 2: FINITSXX folded before Flop (didn't bet)
Seat 3: prizrak_162 folded before Flop (didn't bet)
Seat 4: dboulay1979 folded before Flop (didn't bet)
Seat 5: zanozaN1 folded before Flop (didn't bet)
Seat 6: KevinOgs (button) folded before Flop (didn't bet)
Seat 7: bentota2 (small blind) folded before Flop
Seat 8: Dorex2007 (big blind) folded before Flop
Seat 9: AcesMcCoy folded before Flop (didn't bet)



PokerStars Hand #237387141760:  Hold'em No Limit ($0.01/$0.02 USD) - 2022/07/15 22:32:11 PT [2022/07/16 1:32:11 ET]
Table 'Cuffey III' 9-max Seat #7 is the button
Seat 1: INTIMIDATOR69 ($1.07 in chips) 
Seat 2: FINITSXX ($2.73 in chips) 
Seat 3: prizrak_162 ($0.80 in chips) 
Seat 4: dboulay1979 ($5.23 in chips) 
Seat 5: zanozaN1 ($2.17 in chips) 
Seat 7: bentota2 ($0.77 in chips) 
Seat 8: Dorex2007 ($2 in chips) 
Seat 9: AcesMcCoy ($2.97 in chips) 
Dorex2007: posts small blind $0.01
AcesMcCoy: posts big blind $0.02
*** HOLE CARDS ***
Dealt to Dorex2007 [2s 8s]
INTIMIDATOR69: raises $0.06 to $0.08
FINITSXX: folds 
prizrak_162: folds 
dboulay1979: folds 
zanozaN1: folds 
bentota2: folds 
Dorex2007: folds 
AcesMcCoy: folds 
Uncalled bet ($0.06) returned to INTIMIDATOR69
INTIMIDATOR69 collected $0.05 from pot
*** SUMMARY ***
Total pot $0.05 | Rake $0 
Seat 1: INTIMIDATOR69 collected ($0.05)
Seat 2: FINITSXX folded before Flop (didn't bet)
Seat 3: prizrak_162 folded before Flop (didn't bet)
Seat 4: dboulay1979 folded before Flop (didn't bet)
Seat 5: zanozaN1 folded before Flop (didn't bet)
Seat 7: bentota2 (button) folded before Flop (didn't bet)
Seat 8: Dorex2007 (small blind) folded before Flop
Seat 9: AcesMcCoy (big blind) folded before Flop



PokerStars Hand #237387143811:  Hold'em No Limit ($0.01/$0.02 USD) - 2022/07/15 22:32:27 PT [2022/07/16 1:32:27 ET]
Table 'Cuffey III' 9-max Seat #8 is the button
Seat 1: INTIMIDATOR69 ($1.10 in chips) 
Seat 2: FINITSXX ($2.73 in chips) 
Seat 3: prizrak_162 ($0.80 in chips) 
Seat 4: dboulay1979 ($5.23 in chips) 
Seat 5: zanozaN1 ($2.17 in chips) 
Seat 7: bentota2 ($0.77 in chips) 
Seat 8: Dorex2007 ($2 in chips) 
Seat 9: AcesMcCoy ($2.95 in chips) 
AcesMcCoy: posts small blind $0.01
INTIMIDATOR69: posts big blind $0.02
*** HOLE CARDS ***
Dealt to Dorex2007 [4h Ah]
FINITSXX: raises $0.03 to $0.05
prizrak_162: folds 
dboulay1979: folds 
zanozaN1: folds 
Cavalheiroreal joins the table at seat #6 
bentota2: folds 
Dorex2007: folds 
AcesMcCoy: folds 
INTIMIDATOR69: folds 
Uncalled bet ($0.03) returned to FINITSXX
FINITSXX collected $0.05 from pot
*** SUMMARY ***
Total pot $0.05 | Rake $0 
Seat 1: INTIMIDATOR69 (big blind) folded before Flop
Seat 2: FINITSXX collected ($0.05)
Seat 3: prizrak_162 folded before Flop (didn't bet)
Seat 4: dboulay1979 folded before Flop (didn't bet)
Seat 5: zanozaN1 folded before Flop (didn't bet)
Seat 7: bentota2 folded before Flop (didn't bet)
Seat 8: Dorex2007 (button) folded before Flop (didn't bet)
Seat 9: AcesMcCoy (small blind) folded before Flop



PokerStars Hand #237387152138:  Hold'em No Limit ($0.01/$0.02 USD) - 2022/07/15 22:32:54 PT [2022/07/16 1:32:54 ET]
Table 'Cuffey III' 9-max Seat #9 is the button
Seat 1: INTIMIDATOR69 ($1.08 in chips) 
Seat 2: FINITSXX ($2.76 in chips) 
Seat 3: prizrak_162 ($0.80 in chips) 
Seat 4: dboulay1979 ($5.23 in chips) 
Seat 5: zanozaN1 ($2.17 in chips) 
Seat 6: Cavalheiroreal ($1.60 in chips) 
Seat 7: bentota2 ($0.77 in chips) 
Seat 8: Dorex2007 ($2 in chips) 
Seat 9: AcesMcCoy ($2.94 in chips) 
INTIMIDATOR69: posts small blind $0.01
FINITSXX: posts big blind $0.02
Cavalheiroreal: posts big blind $0.02
*** HOLE CARDS ***
Dealt to Dorex2007 [2d Qs]
prizrak_162: folds 
dboulay1979: folds 
zanozaN1: calls $0.02
Cavalheiroreal: raises $0.04 to $0.06
bentota2: folds 
Dorex2007: folds 
AcesMcCoy: calls $0.06
INTIMIDATOR69: folds 
FINITSXX: folds 
zanozaN1: calls $0.04
*** FLOP *** [As 2s 6c]
zanozaN1: checks 
Cavalheiroreal: bets $0.10
AcesMcCoy: calls $0.10
zanozaN1: folds 
*** TURN *** [As 2s 6c] [Tc]
Cavalheiroreal: bets $0.40
AcesMcCoy: folds 
Uncalled bet ($0.40) returned to Cavalheiroreal
Cavalheiroreal collected $0.40 from pot
*** SUMMARY ***
Total pot $0.41 | Rake $0.01 
Board [As 2s 6c Tc]
Seat 1: INTIMIDATOR69 (small blind) folded before Flop
Seat 2: FINITSXX (big blind) folded before Flop
Seat 3: prizrak_162 folded before Flop (didn't bet)
Seat 4: dboulay1979 folded before Flop (didn't bet)
Seat 5: zanozaN1 folded on the Flop
Seat 6: Cavalheiroreal collected ($0.40)
Seat 7: bentota2 folded before Flop (didn't bet)
Seat 8: Dorex2007 folded before Flop (didn't bet)
Seat 9: AcesMcCoy (button) folded on the Turn



PokerStars Hand #237387158023:  Hold'em No Limit ($0.01/$0.02 USD) - 2022/07/15 22:33:42 PT [2022/07/16 1:33:42 ET]
Table 'Cuffey III' 9-max Seat #1 is the button
Seat 1: INTIMIDATOR69 ($1.07 in chips) 
Seat 2: FINITSXX ($2.74 in chips) 
Seat 3: prizrak_162 ($0.80 in chips) 
Seat 4: dboulay1979 ($5.23 in chips) 
Seat 5: zanozaN1 ($2.11 in chips) 
Seat 6: Cavalheiroreal ($1.84 in chips) 
Seat 7: bentota2 ($0.77 in chips) 
Seat 8: Dorex2007 ($2 in chips) 
Seat 9: AcesMcCoy ($2.78 in chips) 
FINITSXX: posts small blind $0.01
prizrak_162: posts big blind $0.02
*** HOLE CARDS ***
Dealt to Dorex2007 [4s 5c]
dboulay1979: folds 
zanozaN1: folds 
Cavalheiroreal: calls $0.02
bentota2: calls $0.02
Dorex2007 has timed out
Dorex2007: folds 
AcesMcCoy: folds 
INTIMIDATOR69: calls $0.02
FINITSXX: folds 
prizrak_162: checks 
*** FLOP *** [4c Ad 6h]
prizrak_162: checks 
Cavalheiroreal: checks 
bentota2: checks 
INTIMIDATOR69: checks 
*** TURN *** [4c Ad 6h] [Ac]
prizrak_162: checks 
Cavalheiroreal: checks 
bentota2: bets $0.02
INTIMIDATOR69: folds 
prizrak_162: folds 
Cavalheiroreal: calls $0.02
*** RIVER *** [4c Ad 6h Ac] [6s]
Cavalheiroreal: checks 
bentota2: checks 
*** SHOW DOWN ***
Cavalheiroreal: shows [Qs 3h] (two pair, Aces and Sixes)
bentota2: shows [8d 8h] (two pair, Aces and Eights)
bentota2 collected $0.13 from pot
*** SUMMARY ***
Total pot $0.13 | Rake $0 
Board [4c Ad 6h Ac 6s]
Seat 1: INTIMIDATOR69 (button) folded on the Turn
Seat 2: FINITSXX (small blind) folded before Flop
Seat 3: prizrak_162 (big blind) folded on the Turn
Seat 4: dboulay1979 folded before Flop (didn't bet)
Seat 5: zanozaN1 folded before Flop (didn't bet)
Seat 6: Cavalheiroreal showed [Qs 3h] and lost with two pair, Aces and Sixes
Seat 7: bentota2 showed [8d 8h] and won ($0.13) with two pair, Aces and Eights
Seat 8: Dorex2007 folded before Flop (didn't bet)
Seat 9: AcesMcCoy folded before Flop (didn't bet)



PokerStars Hand #237387167701:  Hold'em No Limit ($0.01/$0.02 USD) - 2022/07/15 22:34:59 PT [2022/07/16 1:34:59 ET]
Table 'Cuffey III' 9-max Seat #2 is the button
Seat 1: INTIMIDATOR69 ($1.05 in chips) 
Seat 2: FINITSXX ($2.73 in chips) 
Seat 3: prizrak_162 ($0.78 in chips) 
Seat 4: dboulay1979 ($5.23 in chips) 
Seat 5: zanozaN1 ($2.11 in chips) 
Seat 6: Cavalheiroreal ($1.80 in chips) 
Seat 7: bentota2 ($0.86 in chips) 
Seat 8: Dorex2007 ($2 in chips) 
Seat 9: AcesMcCoy ($2.78 in chips) 
prizrak_162: posts small blind $0.01
dboulay1979: posts big blind $0.02
*** HOLE CARDS ***
Dealt to Dorex2007 [Ah Tc]
zanozaN1: folds 
Cavalheiroreal: folds 
bentota2: folds 
Dorex2007: raises $0.04 to $0.06
AcesMcCoy: folds 
INTIMIDATOR69: calls $0.06
FINITSXX: folds 
prizrak_162: folds 
dboulay1979: folds 
*** FLOP *** [7s 8h 6c]
Dorex2007: checks 
INTIMIDATOR69: checks 
*** TURN *** [7s 8h 6c] [7h]
Dorex2007: bets $0.07
INTIMIDATOR69: calls $0.07
*** RIVER *** [7s 8h 6c 7h] [Th]
Dorex2007: bets $0.14
INTIMIDATOR69: calls $0.14
*** SHOW DOWN ***
Dorex2007: shows [Ah Tc] (two pair, Tens and Sevens)
INTIMIDATOR69: shows [9s Ks] (a straight, Six to Ten)
INTIMIDATOR69 collected $0.55 from pot
*** SUMMARY ***
Total pot $0.57 | Rake $0.02 
Board [7s 8h 6c 7h Th]
Seat 1: INTIMIDATOR69 showed [9s Ks] and won ($0.55) with a straight, Six to Ten
Seat 2: FINITSXX (button) folded before Flop (didn't bet)
Seat 3: prizrak_162 (small blind) folded before Flop
Seat 4: dboulay1979 (big blind) folded before Flop
Seat 5: zanozaN1 folded before Flop (didn't bet)
Seat 6: Cavalheiroreal folded before Flop (didn't bet)
Seat 7: bentota2 folded before Flop (didn't bet)
Seat 8: Dorex2007 showed [Ah Tc] and lost with two pair, Tens and Sevens
Seat 9: AcesMcCoy folded before Flop (didn't bet)



PokerStars Hand #237387172460:  Hold'em No Limit ($0.01/$0.02 USD) - 2022/07/15 22:35:36 PT [2022/07/16 1:35:36 ET]
Table 'Cuffey III' 9-max Seat #3 is the button
Seat 1: INTIMIDATOR69 ($1.33 in chips) 
Seat 2: FINITSXX ($2.73 in chips) 
Seat 3: prizrak_162 ($0.77 in chips) 
Seat 4: dboulay1979 ($5.21 in chips) 
Seat 5: zanozaN1 ($2.11 in chips) 
Seat 6: Cavalheiroreal ($1.80 in chips) 
Seat 7: bentota2 ($0.86 in chips) 
Seat 8: Dorex2007 ($2 in chips) 
Seat 9: AcesMcCoy ($2.78 in chips) 
dboulay1979: posts small blind $0.01
zanozaN1: posts big blind $0.02
*** HOLE CARDS ***
Dealt to Dorex2007 [Th 9c]
Cavalheiroreal: calls $0.02
bentota2: folds 
Dorex2007: folds 
AcesMcCoy: folds 
INTIMIDATOR69: folds 
FINITSXX: raises $0.04 to $0.06
prizrak_162: calls $0.06
dboulay1979: calls $0.05
zanozaN1: calls $0.04
Cavalheiroreal: calls $0.04
*** FLOP *** [3s 2s 3h]
dboulay1979: checks 
zanozaN1: checks 
Cavalheiroreal: checks 
FINITSXX: bets $0.10
prizrak_162: folds 
dboulay1979: folds 
zanozaN1: folds 
Cavalheiroreal: folds 
Uncalled bet ($0.10) returned to FINITSXX
FINITSXX collected $0.29 from pot
*** SUMMARY ***
Total pot $0.30 | Rake $0.01 
Board [3s 2s 3h]
Seat 1: INTIMIDATOR69 folded before Flop (didn't bet)
Seat 2: FINITSXX collected ($0.29)
Seat 3: prizrak_162 (button) folded on the Flop
Seat 4: dboulay1979 (small blind) folded on the Flop
Seat 5: zanozaN1 (big blind) folded on the Flop
Seat 6: Cavalheiroreal folded on the Flop
Seat 7: bentota2 folded before Flop (didn't bet)
Seat 8: Dorex2007 folded before Flop (didn't bet)
Seat 9: AcesMcCoy folded before Flop (didn't bet)



PokerStars Hand #237387180943:  Hold'em No Limit ($0.01/$0.02 USD) - 2022/07/15 22:36:44 PT [2022/07/16 1:36:44 ET]
Table 'Cuffey III' 9-max Seat #4 is the button
Seat 1: INTIMIDATOR69 ($1.33 in chips) 
Seat 2: FINITSXX ($2.96 in chips) 
Seat 3: prizrak_162 ($0.80 in chips) 
Seat 4: dboulay1979 ($5.15 in chips) 
Seat 5: zanozaN1 ($2.05 in chips) 
Seat 6: Cavalheiroreal ($1.74 in chips) 
Seat 7: bentota2 ($0.86 in chips) 
Seat 8: Dorex2007 ($2 in chips) 
Seat 9: AcesMcCoy ($2.78 in chips) 
zanozaN1: posts small blind $0.01
Cavalheiroreal: posts big blind $0.02
*** HOLE CARDS ***
Dealt to Dorex2007 [2c 2h]
bentota2: calls $0.02
Dorex2007: calls $0.02
AcesMcCoy: folds 
INTIMIDATOR69: raises $0.18 to $0.20
FINITSXX: folds 
prizrak_162: folds 
dboulay1979: folds 
zanozaN1: folds 
Cavalheiroreal: folds 
bentota2: raises $0.66 to $0.86 and is all-in
Dorex2007: folds 
INTIMIDATOR69: calls $0.66
*** FLOP *** [5h Jd 2s]
*** TURN *** [5h Jd 2s] [8h]
*** RIVER *** [5h Jd 2s 8h] [Jc]
*** SHOW DOWN ***
bentota2: shows [Kc Ac] (a pair of Jacks)
INTIMIDATOR69: shows [Tc Td] (two pair, Jacks and Tens)
INTIMIDATOR69 collected $1.71 from pot
*** SUMMARY ***
Total pot $1.77 | Rake $0.06 
Board [5h Jd 2s 8h Jc]
Seat 1: INTIMIDATOR69 showed [Tc Td] and won ($1.71) with two pair, Jacks and Tens
Seat 2: FINITSXX folded before Flop (didn't bet)
Seat 3: prizrak_162 folded before Flop (didn't bet)
Seat 4: dboulay1979 (button) folded before Flop (didn't bet)
Seat 5: zanozaN1 (small blind) folded before Flop
Seat 6: Cavalheiroreal (big blind) folded before Flop
Seat 7: bentota2 showed [Kc Ac] and lost with a pair of Jacks
Seat 8: Dorex2007 folded before Flop
Seat 9: AcesMcCoy folded before Flop (didn't bet)



