PokerStars Hand #232732516065:  Hold'em No Limit ($0.01/$0.02 USD) - 2022/01/01 19:28:17 PT [2022/01/01 22:28:17 ET]
Table 'Mauritia IV' 9-max Seat #1 is the button
Seat 1: greencurry0827 ($0.83 in chips) 
Seat 4: dylanmiller ($1.95 in chips) 
Seat 5: HeidyFrancoP ($0.51 in chips) 
Seat 6: Aemstro ($2.54 in chips) 
Seat 7: Dorex2007 ($2 in chips) 
Seat 8: dvskid84 ($0.47 in chips) 
dylanmiller: posts small blind $0.01
HeidyFrancoP: posts big blind $0.02
Dorex2007: posts big blind $0.02
*** HOLE CARDS ***
Dealt to Dorex2007 [2h 8d]
Aemstro said, "fish piece of sht"
Aemstro said, "omg"
Aemstro: folds 
Dorex2007: checks 
tadao577 joins the table at seat #9 
dvskid84: raises $0.04 to $0.06
greencurry0827: folds 
dylanmiller: calls $0.05
HeidyFrancoP: folds 
Dorex2007: folds 
*** FLOP *** [Jc 2c 5s]
dylanmiller: bets $0.08
dvskid84: raises $0.12 to $0.20
dylanmiller: calls $0.12
*** TURN *** [Jc 2c 5s] [Ts]
Aemstro said, "such a noob gambler omfg"
dylanmiller: checks 
dvskid84: bets $0.21 and is all-in
dylanmiller: calls $0.21
*** RIVER *** [Jc 2c 5s Ts] [Jh]
*** SHOW DOWN ***
dylanmiller: shows [9s 9c] (two pair, Jacks and Nines)
dvskid84: shows [Ad Jd] (three of a kind, Jacks)
dvskid84 collected $0.95 from pot
*** SUMMARY ***
Total pot $0.98 | Rake $0.03 
Board [Jc 2c 5s Ts Jh]
Seat 1: greencurry0827 (button) folded before Flop (didn't bet)
Seat 4: dylanmiller (small blind) showed [9s 9c] and lost with two pair, Jacks and Nines
Seat 5: HeidyFrancoP (big blind) folded before Flop
Seat 6: Aemstro folded before Flop (didn't bet)
Seat 7: Dorex2007 folded before Flop (didn't bet)
Seat 8: dvskid84 showed [Ad Jd] and won ($0.95) with three of a kind, Jacks



PokerStars Hand #232732529320:  Hold'em No Limit ($0.01/$0.02 USD) - 2022/01/01 19:29:13 PT [2022/01/01 22:29:13 ET]
Table 'Mauritia IV' 9-max Seat #4 is the button
Seat 1: greencurry0827 ($0.83 in chips) 
Seat 4: dylanmiller ($1.48 in chips) 
Seat 5: HeidyFrancoP ($0.49 in chips) 
Seat 6: Aemstro ($2.54 in chips) 
Seat 7: Dorex2007 ($2 in chips) 
Seat 8: dvskid84 ($0.95 in chips) 
Seat 9: tadao577 ($1.34 in chips) 
HeidyFrancoP: posts small blind $0.01
Aemstro: posts big blind $0.02
tadao577: posts big blind $0.02
krylen4ik: sits out 
ArfurDaley: sits out 
*** HOLE CARDS ***
Dealt to Dorex2007 [9h 5s]
Dorex2007: folds 
dvskid84: folds 
tadao577: checks 
greencurry0827: folds 
dylanmiller: folds 
HeidyFrancoP: folds 
Aemstro: checks 
*** FLOP *** [3s 4h 2h]
Aemstro: checks 
tadao577: checks 
*** TURN *** [3s 4h 2h] [2d]
Aemstro: checks 
tadao577: checks 
*** RIVER *** [3s 4h 2h 2d] [As]
Aemstro: checks 
tadao577: checks 
*** SHOW DOWN ***
Aemstro: shows [3h 7c] (two pair, Threes and Deuces)
tadao577: mucks hand 
Aemstro collected $0.05 from pot
*** SUMMARY ***
Total pot $0.05 | Rake $0 
Board [3s 4h 2h 2d As]
Seat 1: greencurry0827 folded before Flop (didn't bet)
Seat 4: dylanmiller (button) folded before Flop (didn't bet)
Seat 5: HeidyFrancoP (small blind) folded before Flop
Seat 6: Aemstro (big blind) showed [3h 7c] and won ($0.05) with two pair, Threes and Deuces
Seat 7: Dorex2007 folded before Flop (didn't bet)
Seat 8: dvskid84 folded before Flop (didn't bet)
Seat 9: tadao577 mucked [Td Qs]



PokerStars Hand #232732549922:  Hold'em No Limit ($0.01/$0.02 USD) - 2022/01/01 19:30:01 PT [2022/01/01 22:30:01 ET]
Table 'Mauritia IV' 9-max Seat #5 is the button
Seat 1: greencurry0827 ($0.83 in chips) 
Seat 4: dylanmiller ($1.48 in chips) 
Seat 5: HeidyFrancoP ($0.48 in chips) 
Seat 6: Aemstro ($2.57 in chips) 
Seat 7: Dorex2007 ($2 in chips) 
Seat 8: dvskid84 ($0.95 in chips) 
Seat 9: tadao577 ($1.32 in chips) 
Aemstro: posts small blind $0.01
Dorex2007: posts big blind $0.02
krylen4ik: sits out 
ArfurDaley: sits out 
*** HOLE CARDS ***
Dealt to Dorex2007 [8c Jh]
dvskid84: folds 
tadao577: calls $0.02
greencurry0827: folds 
dylanmiller: calls $0.02
HeidyFrancoP has timed out
HeidyFrancoP: folds 
Aemstro: folds 
Dorex2007: checks 
*** FLOP *** [9d Kc 5h]
Dorex2007: checks 
tadao577: checks 
dylanmiller: bets $0.02
dvskid84 leaves the table
Dorex2007: folds 
tadao577: folds 
Uncalled bet ($0.02) returned to dylanmiller
dylanmiller collected $0.07 from pot
dylanmiller: doesn't show hand 
*** SUMMARY ***
Total pot $0.07 | Rake $0 
Board [9d Kc 5h]
Seat 1: greencurry0827 folded before Flop (didn't bet)
Seat 4: dylanmiller collected ($0.07)
Seat 5: HeidyFrancoP (button) folded before Flop (didn't bet)
Seat 6: Aemstro (small blind) folded before Flop
Seat 7: Dorex2007 (big blind) folded on the Flop
Seat 8: dvskid84 folded before Flop (didn't bet)
Seat 9: tadao577 folded on the Flop



PokerStars Hand #232732559914:  Hold'em No Limit ($0.01/$0.02 USD) - 2022/01/01 19:30:44 PT [2022/01/01 22:30:44 ET]
Table 'Mauritia IV' 9-max Seat #6 is the button
Seat 1: greencurry0827 ($0.83 in chips) 
Seat 4: dylanmiller ($1.53 in chips) 
Seat 5: HeidyFrancoP ($0.48 in chips) 
Seat 6: Aemstro ($2.56 in chips) 
Seat 7: Dorex2007 ($2 in chips) 
Seat 9: tadao577 ($1.30 in chips) 
Dorex2007: posts small blind $0.01
tadao577: posts big blind $0.02
krylen4ik: sits out 
ArfurDaley: sits out 
*** HOLE CARDS ***
Dealt to Dorex2007 [9d Td]
greencurry0827: folds 
dylanmiller: raises $0.02 to $0.04
HeidyFrancoP: folds 
Aemstro: folds 
Dorex2007: calls $0.03
tadao577: calls $0.02
*** FLOP *** [4c 2h 7c]
Dorex2007: checks 
tadao577: checks 
dylanmiller: checks 
*** TURN *** [4c 2h 7c] [Jc]
Dorex2007: checks 
tadao577: checks 
dylanmiller: checks 
*** RIVER *** [4c 2h 7c Jc] [3h]
Dorex2007: bets $0.06
tadao577: folds 
dylanmiller: folds 
Uncalled bet ($0.06) returned to Dorex2007
Dorex2007 collected $0.12 from pot
Dorex2007: doesn't show hand 
*** SUMMARY ***
Total pot $0.12 | Rake $0 
Board [4c 2h 7c Jc 3h]
Seat 1: greencurry0827 folded before Flop (didn't bet)
Seat 4: dylanmiller folded on the River
Seat 5: HeidyFrancoP folded before Flop (didn't bet)
Seat 6: Aemstro (button) folded before Flop (didn't bet)
Seat 7: Dorex2007 (small blind) collected ($0.12)
Seat 9: tadao577 (big blind) folded on the River



PokerStars Hand #232732572495:  Hold'em No Limit ($0.01/$0.02 USD) - 2022/01/01 19:31:38 PT [2022/01/01 22:31:38 ET]
Table 'Mauritia IV' 9-max Seat #7 is the button
Seat 1: greencurry0827 ($0.83 in chips) 
Seat 4: dylanmiller ($1.49 in chips) 
Seat 5: HeidyFrancoP ($0.48 in chips) 
Seat 6: Aemstro ($2.56 in chips) 
Seat 7: Dorex2007 ($2.08 in chips) 
Seat 9: tadao577 ($1.26 in chips) 
tadao577: posts small blind $0.01
greencurry0827: posts big blind $0.02
krylen4ik: sits out 
ArfurDaley: sits out 
*** HOLE CARDS ***
Dealt to Dorex2007 [Th 6h]
dylanmiller: folds 
HeidyFrancoP: folds 
Aemstro: folds 
Dorex2007: folds 
tadao577: calls $0.01
greencurry0827: raises $0.06 to $0.08
tadao577: folds 
Uncalled bet ($0.06) returned to greencurry0827
greencurry0827 collected $0.04 from pot
greencurry0827: doesn't show hand 
*** SUMMARY ***
Total pot $0.04 | Rake $0 
Seat 1: greencurry0827 (big blind) collected ($0.04)
Seat 4: dylanmiller folded before Flop (didn't bet)
Seat 5: HeidyFrancoP folded before Flop (didn't bet)
Seat 6: Aemstro folded before Flop (didn't bet)
Seat 7: Dorex2007 (button) folded before Flop (didn't bet)
Seat 9: tadao577 (small blind) folded before Flop



PokerStars Hand #232732577021:  Hold'em No Limit ($0.01/$0.02 USD) - 2022/01/01 19:31:57 PT [2022/01/01 22:31:57 ET]
Table 'Mauritia IV' 9-max Seat #9 is the button
Seat 1: greencurry0827 ($0.85 in chips) 
Seat 2: krylen4ik ($0.80 in chips) 
Seat 4: dylanmiller ($1.49 in chips) 
Seat 5: HeidyFrancoP ($0.48 in chips) 
Seat 6: Aemstro ($2.56 in chips) 
Seat 7: Dorex2007 ($2.08 in chips) 
Seat 9: tadao577 ($1.24 in chips) 
greencurry0827: posts small blind $0.01
krylen4ik: posts big blind $0.02
ArfurDaley: sits out 
*** HOLE CARDS ***
Dealt to Dorex2007 [7d 6d]
Jack_Wolk joins the table at seat #8 
dylanmiller: calls $0.02
HeidyFrancoP: folds 
Aemstro: folds 
Dorex2007: folds 
tadao577: calls $0.02
greencurry0827: calls $0.01
krylen4ik: checks 
*** FLOP *** [3d Jd 6c]
greencurry0827: checks 
krylen4ik: bets $0.04
dylanmiller: folds 
tadao577: folds 
greencurry0827: folds 
Uncalled bet ($0.04) returned to krylen4ik
krylen4ik collected $0.08 from pot
krylen4ik: doesn't show hand 
*** SUMMARY ***
Total pot $0.08 | Rake $0 
Board [3d Jd 6c]
Seat 1: greencurry0827 (small blind) folded on the Flop
Seat 2: krylen4ik (big blind) collected ($0.08)
Seat 4: dylanmiller folded on the Flop
Seat 5: HeidyFrancoP folded before Flop (didn't bet)
Seat 6: Aemstro folded before Flop (didn't bet)
Seat 7: Dorex2007 folded before Flop (didn't bet)
Seat 9: tadao577 (button) folded on the Flop



PokerStars Hand #232732586505:  Hold'em No Limit ($0.01/$0.02 USD) - 2022/01/01 19:32:38 PT [2022/01/01 22:32:38 ET]
Table 'Mauritia IV' 9-max Seat #1 is the button
Seat 1: greencurry0827 ($0.83 in chips) 
Seat 2: krylen4ik ($0.86 in chips) 
Seat 3: ArfurDaley ($2 in chips) 
Seat 4: dylanmiller ($1.47 in chips) 
Seat 5: HeidyFrancoP ($0.48 in chips) 
Seat 6: Aemstro ($2.56 in chips) 
Seat 7: Dorex2007 ($2.08 in chips) 
Seat 9: tadao577 ($1.22 in chips) 
krylen4ik: posts small blind $0.01
ArfurDaley: posts big blind $0.02
Jack_Wolk: sits out 
*** HOLE CARDS ***
Dealt to Dorex2007 [6c Qc]
dylanmiller: calls $0.02
HeidyFrancoP: folds 
Aemstro: folds 
Dorex2007: folds 
tadao577: calls $0.02
Jack_Wolk leaves the table
greencurry0827: folds 
krylen4ik: folds 
GENJD joins the table at seat #8 
ArfurDaley: checks 
*** FLOP *** [Qh 2h 8h]
ArfurDaley: checks 
dylanmiller: checks 
tadao577: checks 
*** TURN *** [Qh 2h 8h] [2s]
ArfurDaley: bets $0.05
dylanmiller: raises $0.05 to $0.10
tadao577: folds 
ArfurDaley: calls $0.05
*** RIVER *** [Qh 2h 8h 2s] [Th]
ArfurDaley: bets $0.13
dylanmiller: folds 
Uncalled bet ($0.13) returned to ArfurDaley
ArfurDaley collected $0.26 from pot
*** SUMMARY ***
Total pot $0.27 | Rake $0.01 
Board [Qh 2h 8h 2s Th]
Seat 1: greencurry0827 (button) folded before Flop (didn't bet)
Seat 2: krylen4ik (small blind) folded before Flop
Seat 3: ArfurDaley (big blind) collected ($0.26)
Seat 4: dylanmiller folded on the River
Seat 5: HeidyFrancoP folded before Flop (didn't bet)
Seat 6: Aemstro folded before Flop (didn't bet)
Seat 7: Dorex2007 folded before Flop (didn't bet)
Seat 9: tadao577 folded on the Turn



PokerStars Hand #232732607702:  Hold'em No Limit ($0.01/$0.02 USD) - 2022/01/01 19:33:52 PT [2022/01/01 22:33:52 ET]
Table 'Mauritia IV' 9-max Seat #2 is the button
Seat 1: greencurry0827 ($0.83 in chips) 
Seat 2: krylen4ik ($0.85 in chips) 
Seat 3: ArfurDaley ($2.14 in chips) 
Seat 4: dylanmiller ($1.35 in chips) 
Seat 5: HeidyFrancoP ($0.48 in chips) 
Seat 6: Aemstro ($2.56 in chips) 
Seat 7: Dorex2007 ($2.08 in chips) 
Seat 8: GENJD ($2 in chips) 
Seat 9: tadao577 ($1.20 in chips) 
ArfurDaley: posts small blind $0.01
dylanmiller: posts big blind $0.02
GENJD: posts big blind $0.02
*** HOLE CARDS ***
Dealt to Dorex2007 [Ks 9c]
HeidyFrancoP has timed out
HeidyFrancoP: folds 
Aemstro: folds 
Dorex2007: folds 
GENJD: checks 
tadao577: calls $0.02
greencurry0827: raises $0.10 to $0.12
krylen4ik: folds 
ArfurDaley: folds 
dylanmiller: folds 
GENJD: folds 
tadao577: folds 
Uncalled bet ($0.10) returned to greencurry0827
greencurry0827 collected $0.09 from pot
greencurry0827: doesn't show hand 
*** SUMMARY ***
Total pot $0.09 | Rake $0 
Seat 1: greencurry0827 collected ($0.09)
Seat 2: krylen4ik (button) folded before Flop (didn't bet)
Seat 3: ArfurDaley (small blind) folded before Flop
Seat 4: dylanmiller (big blind) folded before Flop
Seat 5: HeidyFrancoP folded before Flop (didn't bet)
Seat 6: Aemstro folded before Flop (didn't bet)
Seat 7: Dorex2007 folded before Flop (didn't bet)
Seat 8: GENJD folded before Flop (didn't bet)
Seat 9: tadao577 folded before Flop



PokerStars Hand #232732617529:  Hold'em No Limit ($0.01/$0.02 USD) - 2022/01/01 19:34:34 PT [2022/01/01 22:34:34 ET]
Table 'Mauritia IV' 9-max Seat #3 is the button
Seat 1: greencurry0827 ($0.90 in chips) 
Seat 2: krylen4ik ($0.85 in chips) 
Seat 3: ArfurDaley ($2.13 in chips) 
Seat 4: dylanmiller ($1.33 in chips) 
Seat 5: HeidyFrancoP ($0.48 in chips) 
Seat 6: Aemstro ($2.56 in chips) 
Seat 7: Dorex2007 ($2.08 in chips) 
Seat 8: GENJD ($2 in chips) 
Seat 9: tadao577 ($1.18 in chips) 
dylanmiller: posts small blind $0.01
HeidyFrancoP: posts big blind $0.02
*** HOLE CARDS ***
Dealt to Dorex2007 [9h 5h]
Aemstro: folds 
Dorex2007: folds 
GENJD: raises $0.04 to $0.06
tadao577: folds 
greencurry0827: folds 
krylen4ik: folds 
ArfurDaley: folds 
dylanmiller: calls $0.05
HeidyFrancoP: folds 
*** FLOP *** [7h 2h Ad]
dylanmiller: bets $0.02
GENJD: raises $0.20 to $0.22
dylanmiller: folds 
Uncalled bet ($0.20) returned to GENJD
GENJD collected $0.17 from pot
GENJD: doesn't show hand 
*** SUMMARY ***
Total pot $0.18 | Rake $0.01 
Board [7h 2h Ad]
Seat 1: greencurry0827 folded before Flop (didn't bet)
Seat 2: krylen4ik folded before Flop (didn't bet)
Seat 3: ArfurDaley (button) folded before Flop (didn't bet)
Seat 4: dylanmiller (small blind) folded on the Flop
Seat 5: HeidyFrancoP (big blind) folded before Flop
Seat 6: Aemstro folded before Flop (didn't bet)
Seat 7: Dorex2007 folded before Flop (didn't bet)
Seat 8: GENJD collected ($0.17)
Seat 9: tadao577 folded before Flop (didn't bet)



PokerStars Hand #232732627186:  Hold'em No Limit ($0.01/$0.02 USD) - 2022/01/01 19:35:15 PT [2022/01/01 22:35:15 ET]
Table 'Mauritia IV' 9-max Seat #4 is the button
Seat 1: greencurry0827 ($0.90 in chips) 
Seat 2: krylen4ik ($0.85 in chips) 
Seat 3: ArfurDaley ($2.13 in chips) 
Seat 4: dylanmiller ($1.25 in chips) 
Seat 5: HeidyFrancoP ($0.46 in chips) 
Seat 6: Aemstro ($2.56 in chips) 
Seat 7: Dorex2007 ($2.08 in chips) 
Seat 8: GENJD ($2.09 in chips) 
Seat 9: tadao577 ($1.18 in chips) 
HeidyFrancoP: posts small blind $0.01
Aemstro: posts big blind $0.02
*** HOLE CARDS ***
Dealt to Dorex2007 [7c 3s]
Dorex2007: folds 
GENJD: folds 
tadao577: folds 
greencurry0827: folds 
krylen4ik: folds 
ArfurDaley: folds 
dylanmiller: folds 
HeidyFrancoP: calls $0.01
Aemstro: raises $0.08 to $0.10
HeidyFrancoP: raises $0.36 to $0.46 and is all-in
Aemstro: folds 
Uncalled bet ($0.36) returned to HeidyFrancoP
HeidyFrancoP collected $0.20 from pot
HeidyFrancoP: doesn't show hand 
*** SUMMARY ***
Total pot $0.20 | Rake $0 
Seat 1: greencurry0827 folded before Flop (didn't bet)
Seat 2: krylen4ik folded before Flop (didn't bet)
Seat 3: ArfurDaley folded before Flop (didn't bet)
Seat 4: dylanmiller (button) folded before Flop (didn't bet)
Seat 5: HeidyFrancoP (small blind) collected ($0.20)
Seat 6: Aemstro (big blind) folded before Flop
Seat 7: Dorex2007 folded before Flop (didn't bet)
Seat 8: GENJD folded before Flop (didn't bet)
Seat 9: tadao577 folded before Flop (didn't bet)



PokerStars Hand #232732633981:  Hold'em No Limit ($0.01/$0.02 USD) - 2022/01/01 19:35:44 PT [2022/01/01 22:35:44 ET]
Table 'Mauritia IV' 9-max Seat #5 is the button
Seat 1: greencurry0827 ($0.90 in chips) 
Seat 2: krylen4ik ($0.85 in chips) 
Seat 3: ArfurDaley ($2.13 in chips) 
Seat 4: dylanmiller ($1.25 in chips) 
Seat 5: HeidyFrancoP ($0.56 in chips) 
Seat 6: Aemstro ($2.46 in chips) 
Seat 7: Dorex2007 ($2.08 in chips) 
Seat 8: GENJD ($2.09 in chips) 
Seat 9: tadao577 ($1.18 in chips) 
Aemstro: posts small blind $0.01
Dorex2007: posts big blind $0.02
*** HOLE CARDS ***
Dealt to Dorex2007 [Qd 8d]
GENJD: folds 
tadao577: calls $0.02
greencurry0827: folds 
krylen4ik: folds 
ArfurDaley: folds 
dylanmiller: calls $0.02
HeidyFrancoP: raises $0.54 to $0.56 and is all-in
Aemstro: folds 
Dorex2007: folds 
tadao577: folds 
dylanmiller: folds 
Uncalled bet ($0.54) returned to HeidyFrancoP
HeidyFrancoP collected $0.09 from pot
HeidyFrancoP: doesn't show hand 
*** SUMMARY ***
Total pot $0.09 | Rake $0 
Seat 1: greencurry0827 folded before Flop (didn't bet)
Seat 2: krylen4ik folded before Flop (didn't bet)
Seat 3: ArfurDaley folded before Flop (didn't bet)
Seat 4: dylanmiller folded before Flop
Seat 5: HeidyFrancoP (button) collected ($0.09)
Seat 6: Aemstro (small blind) folded before Flop
Seat 7: Dorex2007 (big blind) folded before Flop
Seat 8: GENJD folded before Flop (didn't bet)
Seat 9: tadao577 folded before Flop



PokerStars Hand #232732642971:  Hold'em No Limit ($0.01/$0.02 USD) - 2022/01/01 19:36:23 PT [2022/01/01 22:36:23 ET]
Table 'Mauritia IV' 9-max Seat #6 is the button
Seat 1: greencurry0827 ($0.90 in chips) 
Seat 2: krylen4ik ($0.85 in chips) 
Seat 3: ArfurDaley ($2.13 in chips) 
Seat 4: dylanmiller ($1.23 in chips) 
Seat 5: HeidyFrancoP ($0.63 in chips) 
Seat 6: Aemstro ($2.45 in chips) 
Seat 7: Dorex2007 ($2.06 in chips) 
Seat 8: GENJD ($2.09 in chips) 
Seat 9: tadao577 ($1.16 in chips) 
Dorex2007: posts small blind $0.01
GENJD: posts big blind $0.02
*** HOLE CARDS ***
Dealt to Dorex2007 [Td 6d]
tadao577: folds 
greencurry0827: folds 
krylen4ik: folds 
ArfurDaley: folds 
dylanmiller has timed out
dylanmiller: folds 
HeidyFrancoP: calls $0.02
Aemstro: folds 
Dorex2007: folds 
GENJD: checks 
*** FLOP *** [Kd 6s 4d]
GENJD: checks 
HeidyFrancoP: checks 
*** TURN *** [Kd 6s 4d] [2c]
GENJD: checks 
HeidyFrancoP: bets $0.02
GENJD: folds 
Uncalled bet ($0.02) returned to HeidyFrancoP
HeidyFrancoP collected $0.05 from pot
HeidyFrancoP: doesn't show hand 
*** SUMMARY ***
Total pot $0.05 | Rake $0 
Board [Kd 6s 4d 2c]
Seat 1: greencurry0827 folded before Flop (didn't bet)
Seat 2: krylen4ik folded before Flop (didn't bet)
Seat 3: ArfurDaley folded before Flop (didn't bet)
Seat 4: dylanmiller folded before Flop (didn't bet)
Seat 5: HeidyFrancoP collected ($0.05)
Seat 6: Aemstro (button) folded before Flop (didn't bet)
Seat 7: Dorex2007 (small blind) folded before Flop
Seat 8: GENJD (big blind) folded on the Turn
Seat 9: tadao577 folded before Flop (didn't bet)



PokerStars Hand #232732652662:  Hold'em No Limit ($0.01/$0.02 USD) - 2022/01/01 19:37:05 PT [2022/01/01 22:37:05 ET]
Table 'Mauritia IV' 9-max Seat #7 is the button
Seat 1: greencurry0827 ($0.90 in chips) 
Seat 2: krylen4ik ($0.85 in chips) 
Seat 3: ArfurDaley ($2.13 in chips) 
Seat 4: dylanmiller ($1.23 in chips) 
Seat 5: HeidyFrancoP ($0.66 in chips) 
Seat 6: Aemstro ($2.45 in chips) 
Seat 7: Dorex2007 ($2.05 in chips) 
Seat 8: GENJD ($2.07 in chips) 
Seat 9: tadao577 ($1.16 in chips) 
GENJD: posts small blind $0.01
tadao577: posts big blind $0.02
*** HOLE CARDS ***
Dealt to Dorex2007 [Kh 9s]
greencurry0827: folds 
krylen4ik: folds 
ArfurDaley: folds 
dylanmiller: folds 
HeidyFrancoP: folds 
Aemstro: folds 
Dorex2007: folds 
GENJD: raises $0.04 to $0.06
tadao577: folds 
Uncalled bet ($0.04) returned to GENJD
GENJD collected $0.04 from pot
GENJD: doesn't show hand 
*** SUMMARY ***
Total pot $0.04 | Rake $0 
Seat 1: greencurry0827 folded before Flop (didn't bet)
Seat 2: krylen4ik folded before Flop (didn't bet)
Seat 3: ArfurDaley folded before Flop (didn't bet)
Seat 4: dylanmiller folded before Flop (didn't bet)
Seat 5: HeidyFrancoP folded before Flop (didn't bet)
Seat 6: Aemstro folded before Flop (didn't bet)
Seat 7: Dorex2007 (button) folded before Flop (didn't bet)
Seat 8: GENJD (small blind) collected ($0.04)
Seat 9: tadao577 (big blind) folded before Flop



PokerStars Hand #232732659196:  Hold'em No Limit ($0.01/$0.02 USD) - 2022/01/01 19:37:33 PT [2022/01/01 22:37:33 ET]
Table 'Mauritia IV' 9-max Seat #8 is the button
Seat 1: greencurry0827 ($0.90 in chips) 
Seat 2: krylen4ik ($0.85 in chips) 
Seat 3: ArfurDaley ($2.13 in chips) 
Seat 4: dylanmiller ($1.23 in chips) 
Seat 5: HeidyFrancoP ($0.66 in chips) 
Seat 6: Aemstro ($2.45 in chips) 
Seat 7: Dorex2007 ($2.05 in chips) 
Seat 8: GENJD ($2.09 in chips) 
Seat 9: tadao577 ($1.14 in chips) 
tadao577: posts small blind $0.01
greencurry0827: posts big blind $0.02
*** HOLE CARDS ***
Dealt to Dorex2007 [Jh Td]
krylen4ik: folds 
krylen4ik leaves the table
ArfurDaley: folds 
dylanmiller: calls $0.02
HeidyFrancoP: folds 
Aemstro: folds 
Dorex2007: raises $0.04 to $0.06
GENJD: calls $0.06
tadao577: folds 
greencurry0827: folds 
dylanmiller: calls $0.04
*** FLOP *** [5c Qc 8c]
Newbas joins the table at seat #2 
dylanmiller: checks 
Dorex2007: checks 
GENJD: bets $0.20
dylanmiller: folds 
Dorex2007: folds 
Uncalled bet ($0.20) returned to GENJD
GENJD collected $0.20 from pot
GENJD: doesn't show hand 
*** SUMMARY ***
Total pot $0.21 | Rake $0.01 
Board [5c Qc 8c]
Seat 1: greencurry0827 (big blind) folded before Flop
Seat 2: krylen4ik folded before Flop (didn't bet)
Seat 3: ArfurDaley folded before Flop (didn't bet)
Seat 4: dylanmiller folded on the Flop
Seat 5: HeidyFrancoP folded before Flop (didn't bet)
Seat 6: Aemstro folded before Flop (didn't bet)
Seat 7: Dorex2007 folded on the Flop
Seat 8: GENJD (button) collected ($0.20)
Seat 9: tadao577 (small blind) folded before Flop



PokerStars Hand #232732668355:  Hold'em No Limit ($0.01/$0.02 USD) - 2022/01/01 19:38:13 PT [2022/01/01 22:38:13 ET]
Table 'Mauritia IV' 9-max Seat #9 is the button
Seat 1: greencurry0827 ($0.88 in chips) 
Seat 2: Newbas ($1.60 in chips) 
Seat 3: ArfurDaley ($2.13 in chips) 
Seat 4: dylanmiller ($1.17 in chips) 
Seat 5: HeidyFrancoP ($0.66 in chips) 
Seat 6: Aemstro ($2.45 in chips) 
Seat 7: Dorex2007 ($2 in chips) 
Seat 8: GENJD ($2.23 in chips) 
Seat 9: tadao577 ($1.13 in chips) 
greencurry0827: posts small blind $0.01
Newbas: posts big blind $0.02
*** HOLE CARDS ***
Dealt to Dorex2007 [8h 5d]
ArfurDaley: folds 
dylanmiller: folds 
HeidyFrancoP: folds 
Aemstro: folds 
Dorex2007: folds 
GENJD: raises $0.02 to $0.04
tadao577: calls $0.04
greencurry0827: folds 
Newbas: calls $0.02
*** FLOP *** [Tc 5s Qc]
Newbas: checks 
GENJD: checks 
tadao577: checks 
*** TURN *** [Tc 5s Qc] [Ks]
Newbas: bets $0.10
GENJD: folds 
tadao577: folds 
Uncalled bet ($0.10) returned to Newbas
Newbas collected $0.13 from pot
Newbas: doesn't show hand 
*** SUMMARY ***
Total pot $0.13 | Rake $0 
Board [Tc 5s Qc Ks]
Seat 1: greencurry0827 (small blind) folded before Flop
Seat 2: Newbas (big blind) collected ($0.13)
Seat 3: ArfurDaley folded before Flop (didn't bet)
Seat 4: dylanmiller folded before Flop (didn't bet)
Seat 5: HeidyFrancoP folded before Flop (didn't bet)
Seat 6: Aemstro folded before Flop (didn't bet)
Seat 7: Dorex2007 folded before Flop (didn't bet)
Seat 8: GENJD folded on the Turn
Seat 9: tadao577 (button) folded on the Turn



PokerStars Hand #232732678796:  Hold'em No Limit ($0.01/$0.02 USD) - 2022/01/01 19:38:58 PT [2022/01/01 22:38:58 ET]
Table 'Mauritia IV' 9-max Seat #1 is the button
Seat 1: greencurry0827 ($0.87 in chips) 
Seat 2: Newbas ($1.69 in chips) 
Seat 3: ArfurDaley ($2.13 in chips) 
Seat 4: dylanmiller ($1.17 in chips) 
Seat 5: HeidyFrancoP ($0.66 in chips) 
Seat 6: Aemstro ($2.45 in chips) 
Seat 7: Dorex2007 ($2 in chips) 
Seat 8: GENJD ($2.19 in chips) 
Seat 9: tadao577 ($1.09 in chips) 
Newbas: posts small blind $0.01
ArfurDaley: posts big blind $0.02
*** HOLE CARDS ***
Dealt to Dorex2007 [Ad Kc]
dylanmiller: raises $0.02 to $0.04
HeidyFrancoP: folds 
Aemstro: folds 
Dorex2007: calls $0.04
GENJD: calls $0.04
tadao577: calls $0.04
greencurry0827: folds 
Newbas: folds 
ArfurDaley: folds 
*** FLOP *** [Kh 8d 9h]
dylanmiller: bets $0.02
Dorex2007: raises $0.15 to $0.17
GENJD: folds 
tadao577: calls $0.17
dylanmiller: raises $0.15 to $0.32
Dorex2007: raises $1.64 to $1.96 and is all-in
tadao577: calls $0.88 and is all-in
dylanmiller: calls $0.81 and is all-in
Uncalled bet ($0.83) returned to Dorex2007
Dorex2007 has timed out
*** TURN *** [Kh 8d 9h] [5h]
*** RIVER *** [Kh 8d 9h 5h] [Td]
*** SHOW DOWN ***
dylanmiller: shows [Jd Kd] (a pair of Kings)
Dorex2007: shows [Ad Kc] (a pair of Kings - Ace kicker)
Dorex2007 collected $0.16 from side pot
tadao577: shows [Qh 8h] (a flush, King high)
tadao577 collected $3.22 from main pot
*** SUMMARY ***
Total pot $3.50 Main pot $3.22. Side pot $0.16. | Rake $0.12 
Board [Kh 8d 9h 5h Td]
Seat 1: greencurry0827 (button) folded before Flop (didn't bet)
Seat 2: Newbas (small blind) folded before Flop
Seat 3: ArfurDaley (big blind) folded before Flop
Seat 4: dylanmiller showed [Jd Kd] and lost with a pair of Kings
Seat 5: HeidyFrancoP folded before Flop (didn't bet)
Seat 6: Aemstro folded before Flop (didn't bet)
Seat 7: Dorex2007 showed [Ad Kc] and won ($0.16) with a pair of Kings
Seat 8: GENJD folded on the Flop
Seat 9: tadao577 showed [Qh 8h] and won ($3.22) with a flush, King high



PokerStars Hand #232732699890:  Hold'em No Limit ($0.01/$0.02 USD) - 2022/01/01 19:40:13 PT [2022/01/01 22:40:13 ET]
Table 'Mauritia IV' 9-max Seat #2 is the button
Seat 1: greencurry0827 ($0.87 in chips) 
Seat 2: Newbas ($1.68 in chips) 
Seat 3: ArfurDaley ($2.11 in chips) 
Seat 5: HeidyFrancoP ($0.66 in chips) 
Seat 6: Aemstro ($2.45 in chips) 
Seat 7: Dorex2007 ($2 in chips) 
Seat 8: GENJD ($2.15 in chips) 
Seat 9: tadao577 ($3.22 in chips) 
ArfurDaley: posts small blind $0.01
HeidyFrancoP: posts big blind $0.02
*** HOLE CARDS ***
Dealt to Dorex2007 [Kh 7s]
Aemstro: folds 
Dorex2007: folds 
GENJD: folds 
tadao577: calls $0.02
greencurry0827: folds 
Newbas: calls $0.02
ArfurDaley: folds 
HeidyFrancoP: checks 
*** FLOP *** [7c 2h 6h]
HeidyFrancoP: checks 
tadao577: checks 
Newbas: checks 
*** TURN *** [7c 2h 6h] [6s]
HeidyFrancoP: bets $0.02
tadao577: raises $0.04 to $0.06
Newbas: folds 
HeidyFrancoP: calls $0.04
*** RIVER *** [7c 2h 6h 6s] [3c]
HeidyFrancoP: checks 
tadao577: checks 
*** SHOW DOWN ***
HeidyFrancoP: shows [6d Qs] (three of a kind, Sixes)
tadao577: mucks hand 
HeidyFrancoP collected $0.18 from pot
*** SUMMARY ***
Total pot $0.19 | Rake $0.01 
Board [7c 2h 6h 6s 3c]
Seat 1: greencurry0827 folded before Flop (didn't bet)
Seat 2: Newbas (button) folded on the Turn
Seat 3: ArfurDaley (small blind) folded before Flop
Seat 5: HeidyFrancoP (big blind) showed [6d Qs] and won ($0.18) with three of a kind, Sixes
Seat 6: Aemstro folded before Flop (didn't bet)
Seat 7: Dorex2007 folded before Flop (didn't bet)
Seat 8: GENJD folded before Flop (didn't bet)
Seat 9: tadao577 mucked [5h 7h]



PokerStars Hand #232732712367:  Hold'em No Limit ($0.01/$0.02 USD) - 2022/01/01 19:41:08 PT [2022/01/01 22:41:08 ET]
Table 'Mauritia IV' 9-max Seat #3 is the button
Seat 1: greencurry0827 ($0.87 in chips) 
Seat 2: Newbas ($1.66 in chips) 
Seat 3: ArfurDaley ($2.10 in chips) 
Seat 5: HeidyFrancoP ($0.76 in chips) 
Seat 6: Aemstro ($2.45 in chips) 
Seat 7: Dorex2007 ($2 in chips) 
Seat 8: GENJD ($2.15 in chips) 
Seat 9: tadao577 ($3.14 in chips) 
HeidyFrancoP: posts small blind $0.01
Aemstro: posts big blind $0.02
*** HOLE CARDS ***
Dealt to Dorex2007 [Jc 7c]
Dorex2007: folds 
GENJD: folds 
tadao577: calls $0.02
greencurry0827: folds 
Newbas: calls $0.02
ArfurDaley: folds 
HeidyFrancoP: calls $0.01
Aemstro: checks 
*** FLOP *** [8c As Qd]
HeidyFrancoP: checks 
Aemstro: checks 
tadao577: bets $0.04
Newbas: calls $0.04
HeidyFrancoP: folds 
Aemstro: folds 
*** TURN *** [8c As Qd] [8h]
tadao577: checks 
Newbas: checks 
*** RIVER *** [8c As Qd 8h] [8d]
tadao577: bets $0.06
Newbas: calls $0.06
*** SHOW DOWN ***
tadao577: shows [Qs 4s] (a full house, Eights full of Queens)
Newbas: mucks hand 
tadao577 collected $0.27 from pot
*** SUMMARY ***
Total pot $0.28 | Rake $0.01 
Board [8c As Qd 8h 8d]
Seat 1: greencurry0827 folded before Flop (didn't bet)
Seat 2: Newbas mucked [Jd Kc]
Seat 3: ArfurDaley (button) folded before Flop (didn't bet)
Seat 5: HeidyFrancoP (small blind) folded on the Flop
Seat 6: Aemstro (big blind) folded on the Flop
Seat 7: Dorex2007 folded before Flop (didn't bet)
Seat 8: GENJD folded before Flop (didn't bet)
Seat 9: tadao577 showed [Qs 4s] and won ($0.27) with a full house, Eights full of Queens



PokerStars Hand #232732726336:  Hold'em No Limit ($0.01/$0.02 USD) - 2022/01/01 19:42:09 PT [2022/01/01 22:42:09 ET]
Table 'Mauritia IV' 9-max Seat #5 is the button
Seat 1: greencurry0827 ($0.87 in chips) 
Seat 2: Newbas ($1.54 in chips) 
Seat 3: ArfurDaley ($2.10 in chips) 
Seat 4: dylanmiller ($2 in chips) 
Seat 5: HeidyFrancoP ($0.74 in chips) 
Seat 6: Aemstro ($2.43 in chips) 
Seat 7: Dorex2007 ($2 in chips) 
Seat 8: GENJD ($2.15 in chips) 
Seat 9: tadao577 ($3.29 in chips) 
Aemstro: posts small blind $0.01
Dorex2007: posts big blind $0.02
dylanmiller: posts small & big blinds $0.03
*** HOLE CARDS ***
Dealt to Dorex2007 [5h 9s]
GENJD: folds 
tadao577: calls $0.02
greencurry0827: raises $0.04 to $0.06
Newbas: folds 
ArfurDaley: folds 
dylanmiller: folds 
HeidyFrancoP: folds 
Aemstro: folds 
Dorex2007: folds 
tadao577: folds 
Uncalled bet ($0.04) returned to greencurry0827
greencurry0827 collected $0.10 from pot
greencurry0827: doesn't show hand 
*** SUMMARY ***
Total pot $0.10 | Rake $0 
Seat 1: greencurry0827 collected ($0.10)
Seat 2: Newbas folded before Flop (didn't bet)
Seat 3: ArfurDaley folded before Flop (didn't bet)
Seat 4: dylanmiller folded before Flop (didn't bet)
Seat 5: HeidyFrancoP (button) folded before Flop (didn't bet)
Seat 6: Aemstro (small blind) folded before Flop
Seat 7: Dorex2007 (big blind) folded before Flop
Seat 8: GENJD folded before Flop (didn't bet)
Seat 9: tadao577 folded before Flop



PokerStars Hand #232732734570:  Hold'em No Limit ($0.01/$0.02 USD) - 2022/01/01 19:42:45 PT [2022/01/01 22:42:45 ET]
Table 'Mauritia IV' 9-max Seat #6 is the button
Seat 1: greencurry0827 ($0.95 in chips) 
Seat 2: Newbas ($1.54 in chips) 
Seat 3: ArfurDaley ($2.10 in chips) 
Seat 4: dylanmiller ($1.97 in chips) 
Seat 5: HeidyFrancoP ($0.74 in chips) 
Seat 6: Aemstro ($2.42 in chips) 
Seat 7: Dorex2007 ($2 in chips) 
Seat 8: GENJD ($2.15 in chips) 
Seat 9: tadao577 ($3.27 in chips) 
Dorex2007: posts small blind $0.01
GENJD: posts big blind $0.02
*** HOLE CARDS ***
Dealt to Dorex2007 [2s 9h]
tadao577: calls $0.02
greencurry0827: raises $0.04 to $0.06
Newbas: calls $0.06
ArfurDaley: folds 
dylanmiller: folds 
HeidyFrancoP: calls $0.06
Aemstro: folds 
Dorex2007: folds 
GENJD: folds 
tadao577: folds 
*** FLOP *** [7c 8s Ts]
greencurry0827: bets $0.15
Newbas: calls $0.15
HeidyFrancoP: calls $0.15
*** TURN *** [7c 8s Ts] [5d]
greencurry0827: bets $0.33
Newbas: calls $0.33
HeidyFrancoP: folds 
*** RIVER *** [7c 8s Ts 5d] [Td]
greencurry0827: bets $0.30
Newbas: raises $0.70 to $1 and is all-in
greencurry0827: calls $0.11 and is all-in
Uncalled bet ($0.59) returned to Newbas
*** SHOW DOWN ***
Newbas: shows [Kh Th] (three of a kind, Tens)
greencurry0827: shows [Tc As] (three of a kind, Tens - Ace kicker)
greencurry0827 collected $2.08 from pot
*** SUMMARY ***
Total pot $2.16 | Rake $0.08 
Board [7c 8s Ts 5d Td]
Seat 1: greencurry0827 showed [Tc As] and won ($2.08) with three of a kind, Tens
Seat 2: Newbas showed [Kh Th] and lost with three of a kind, Tens
Seat 3: ArfurDaley folded before Flop (didn't bet)
Seat 4: dylanmiller folded before Flop (didn't bet)
Seat 5: HeidyFrancoP folded on the Turn
Seat 6: Aemstro (button) folded before Flop (didn't bet)
Seat 7: Dorex2007 (small blind) folded before Flop
Seat 8: GENJD (big blind) folded before Flop
Seat 9: tadao577 folded before Flop



PokerStars Hand #232732759566:  Hold'em No Limit ($0.01/$0.02 USD) - 2022/01/01 19:44:36 PT [2022/01/01 22:44:36 ET]
Table 'Mauritia IV' 9-max Seat #7 is the button
Seat 1: greencurry0827 ($2.08 in chips) 
Seat 3: ArfurDaley ($2.10 in chips) 
Seat 4: dylanmiller ($1.97 in chips) 
Seat 5: HeidyFrancoP ($0.53 in chips) 
Seat 6: Aemstro ($2.42 in chips) 
Seat 7: Dorex2007 ($2 in chips) 
Seat 8: GENJD ($2.13 in chips) 
Seat 9: tadao577 ($3.25 in chips) 
GENJD: posts small blind $0.01
tadao577: posts big blind $0.02
*** HOLE CARDS ***
Dealt to Dorex2007 [6d 5s]
greencurry0827: folds 
ArfurDaley: folds 
dylanmiller has timed out
dylanmiller: folds 
HeidyFrancoP: folds 
Aemstro: folds 
Dorex2007: folds 
GENJD: folds 
Uncalled bet ($0.01) returned to tadao577
tadao577 collected $0.02 from pot
tadao577: doesn't show hand 
*** SUMMARY ***
Total pot $0.02 | Rake $0 
Seat 1: greencurry0827 folded before Flop (didn't bet)
Seat 3: ArfurDaley folded before Flop (didn't bet)
Seat 4: dylanmiller folded before Flop (didn't bet)
Seat 5: HeidyFrancoP folded before Flop (didn't bet)
Seat 6: Aemstro folded before Flop (didn't bet)
Seat 7: Dorex2007 (button) folded before Flop (didn't bet)
Seat 8: GENJD (small blind) folded before Flop
Seat 9: tadao577 (big blind) collected ($0.02)



PokerStars Hand #232732765335:  Hold'em No Limit ($0.01/$0.02 USD) - 2022/01/01 19:45:02 PT [2022/01/01 22:45:02 ET]
Table 'Mauritia IV' 9-max Seat #8 is the button
Seat 1: greencurry0827 ($2.08 in chips) 
Seat 2: Newbas ($0.59 in chips) 
Seat 3: ArfurDaley ($2.10 in chips) 
Seat 4: dylanmiller ($1.97 in chips) 
Seat 5: HeidyFrancoP ($0.53 in chips) 
Seat 6: Aemstro ($2.42 in chips) 
Seat 7: Dorex2007 ($2 in chips) 
Seat 8: GENJD ($2.12 in chips) 
Seat 9: tadao577 ($3.26 in chips) 
tadao577: posts small blind $0.01
greencurry0827: posts big blind $0.02
*** HOLE CARDS ***
Dealt to Dorex2007 [As 6d]
Newbas: calls $0.02
ArfurDaley: folds 
dylanmiller: calls $0.02
HeidyFrancoP: calls $0.02
Aemstro: folds 
Dorex2007: folds 
GENJD: calls $0.02
tadao577: calls $0.01
greencurry0827: raises $0.16 to $0.18
Newbas: folds 
dylanmiller: calls $0.16
HeidyFrancoP: folds 
GENJD: folds 
tadao577: folds 
*** FLOP *** [4h 5d Ts]
ArfurDaley leaves the table
greencurry0827: bets $0.21
dylanmiller: folds 
Uncalled bet ($0.21) returned to greencurry0827
greencurry0827 collected $0.42 from pot
greencurry0827: doesn't show hand 
*** SUMMARY ***
Total pot $0.44 | Rake $0.02 
Board [4h 5d Ts]
Seat 1: greencurry0827 (big blind) collected ($0.42)
Seat 2: Newbas folded before Flop
Seat 3: ArfurDaley folded before Flop (didn't bet)
Seat 4: dylanmiller folded on the Flop
Seat 5: HeidyFrancoP folded before Flop
Seat 6: Aemstro folded before Flop (didn't bet)
Seat 7: Dorex2007 folded before Flop (didn't bet)
Seat 8: GENJD (button) folded before Flop
Seat 9: tadao577 (small blind) folded before Flop



PokerStars Hand #232732774374:  Hold'em No Limit ($0.01/$0.02 USD) - 2022/01/01 19:45:42 PT [2022/01/01 22:45:42 ET]
Table 'Mauritia IV' 9-max Seat #9 is the button
Seat 1: greencurry0827 ($2.32 in chips) 
Seat 2: Newbas ($0.57 in chips) 
Seat 4: dylanmiller ($1.79 in chips) 
Seat 5: HeidyFrancoP ($0.51 in chips) 
Seat 6: Aemstro ($2.42 in chips) 
Seat 7: Dorex2007 ($2 in chips) 
Seat 9: tadao577 ($3.24 in chips) 
greencurry0827: posts small blind $0.01
Newbas: posts big blind $0.02
*** HOLE CARDS ***
Dealt to Dorex2007 [As 7s]
dylanmiller: calls $0.02
HeidyFrancoP: calls $0.02
Aemstro: folds 
Dorex2007: calls $0.02
tadao577: calls $0.02
greencurry0827: calls $0.01
Newbas: raises $0.55 to $0.57 and is all-in
dylanmiller: calls $0.55
HeidyFrancoP: folds 
Dorex2007: folds 
tadao577: folds 
GENJD leaves the table
greencurry0827: folds 
*** FLOP *** [4s 2d 8c]
*** TURN *** [4s 2d 8c] [6c]
*** RIVER *** [4s 2d 8c 6c] [5h]
*** SHOW DOWN ***
Newbas: shows [7d 9h] (a straight, Five to Nine)
dylanmiller: shows [Kh 8h] (a pair of Eights)
Newbas collected $1.18 from pot
*** SUMMARY ***
Total pot $1.22 | Rake $0.04 
Board [4s 2d 8c 6c 5h]
Seat 1: greencurry0827 (small blind) folded before Flop
Seat 2: Newbas (big blind) showed [7d 9h] and won ($1.18) with a straight, Five to Nine
Seat 4: dylanmiller showed [Kh 8h] and lost with a pair of Eights
Seat 5: HeidyFrancoP folded before Flop
Seat 6: Aemstro folded before Flop (didn't bet)
Seat 7: Dorex2007 folded before Flop
Seat 9: tadao577 (button) folded before Flop



PokerStars Hand #232732794088:  Hold'em No Limit ($0.01/$0.02 USD) - 2022/01/01 19:46:26 PT [2022/01/01 22:46:26 ET]
Table 'Mauritia IV' 9-max Seat #1 is the button
Seat 1: greencurry0827 ($2.30 in chips) 
Seat 2: Newbas ($1.18 in chips) 
Seat 4: dylanmiller ($1.22 in chips) 
Seat 5: HeidyFrancoP ($0.49 in chips) 
Seat 6: Aemstro ($2.42 in chips) 
Seat 7: Dorex2007 ($2 in chips) 
Seat 9: tadao577 ($3.22 in chips) 
Newbas: posts small blind $0.01
dylanmiller: posts big blind $0.02
*** HOLE CARDS ***
Dealt to Dorex2007 [Ks 4h]
HeidyFrancoP: calls $0.02
Aemstro: raises $0.04 to $0.06
Dorex2007: folds 
tadao577: folds 
greencurry0827: folds 
Newbas: calls $0.05
dylanmiller: folds 
HeidyFrancoP: calls $0.04
*** FLOP *** [3s Jh 5h]
Newbas: checks 
HeidyFrancoP: checks 
Aemstro: checks 
*** TURN *** [3s Jh 5h] [6h]
Newbas: checks 
HeidyFrancoP: bets $0.02
Aemstro: calls $0.02
Newbas: calls $0.02
*** RIVER *** [3s Jh 5h 6h] [9c]
Newbas: checks 
HeidyFrancoP: checks 
Aemstro: checks 
*** SHOW DOWN ***
Newbas: shows [Kh 2s] (high card King)
HeidyFrancoP: shows [6s Qs] (a pair of Sixes)
Aemstro: shows [7c 7s] (a pair of Sevens)
Aemstro collected $0.25 from pot
*** SUMMARY ***
Total pot $0.26 | Rake $0.01 
Board [3s Jh 5h 6h 9c]
Seat 1: greencurry0827 (button) folded before Flop (didn't bet)
Seat 2: Newbas (small blind) showed [Kh 2s] and lost with high card King
Seat 4: dylanmiller (big blind) folded before Flop
Seat 5: HeidyFrancoP showed [6s Qs] and lost with a pair of Sixes
Seat 6: Aemstro showed [7c 7s] and won ($0.25) with a pair of Sevens
Seat 7: Dorex2007 folded before Flop (didn't bet)
Seat 9: tadao577 folded before Flop (didn't bet)



PokerStars Hand #232732803238:  Hold'em No Limit ($0.01/$0.02 USD) - 2022/01/01 19:47:07 PT [2022/01/01 22:47:07 ET]
Table 'Mauritia IV' 9-max Seat #2 is the button
Seat 1: greencurry0827 ($2.30 in chips) 
Seat 2: Newbas ($1.10 in chips) 
Seat 4: dylanmiller ($1.20 in chips) 
Seat 5: HeidyFrancoP ($0.41 in chips) 
Seat 6: Aemstro ($2.59 in chips) 
Seat 7: Dorex2007 ($2 in chips) 
Seat 9: tadao577 ($3.22 in chips) 
dylanmiller: posts small blind $0.01
HeidyFrancoP: posts big blind $0.02
*** HOLE CARDS ***
Dealt to Dorex2007 [6c Ad]
Aemstro: folds 
Dorex2007: folds 
tadao577: folds 
mvscdrqcdl joins the table at seat #3 
greencurry0827: raises $0.04 to $0.06
Newbas: folds 
dylanmiller: calls $0.05
HeidyFrancoP: calls $0.04
*** FLOP *** [Jd 6d Qc]
dylanmiller: bets $0.09
HeidyFrancoP: folds 
greencurry0827: folds 
Uncalled bet ($0.09) returned to dylanmiller
dylanmiller collected $0.17 from pot
dylanmiller: doesn't show hand 
*** SUMMARY ***
Total pot $0.18 | Rake $0.01 
Board [Jd 6d Qc]
Seat 1: greencurry0827 folded on the Flop
Seat 2: Newbas (button) folded before Flop (didn't bet)
Seat 4: dylanmiller (small blind) collected ($0.17)
Seat 5: HeidyFrancoP (big blind) folded on the Flop
Seat 6: Aemstro folded before Flop (didn't bet)
Seat 7: Dorex2007 folded before Flop (didn't bet)
Seat 9: tadao577 folded before Flop (didn't bet)



PokerStars Hand #232732810975:  Hold'em No Limit ($0.01/$0.02 USD) - 2022/01/01 19:47:41 PT [2022/01/01 22:47:41 ET]
Table 'Mauritia IV' 9-max Seat #4 is the button
Seat 1: greencurry0827 ($2.24 in chips) 
Seat 2: Newbas ($1.10 in chips) 
Seat 3: mvscdrqcdl ($2 in chips) 
Seat 4: dylanmiller ($1.31 in chips) 
Seat 5: HeidyFrancoP ($0.35 in chips) 
Seat 6: Aemstro ($2.59 in chips) 
Seat 7: Dorex2007 ($2 in chips) 
Seat 9: tadao577 ($3.22 in chips) 
HeidyFrancoP: posts small blind $0.01
Aemstro: posts big blind $0.02
mvscdrqcdl: posts big blind $0.02
*** HOLE CARDS ***
Dealt to Dorex2007 [7h 3s]
Dorex2007: folds 
norpo130 joins the table at seat #8 
tadao577 has timed out
tadao577: folds 
greencurry0827: folds 
Newbas: calls $0.02
mvscdrqcdl: checks 
dylanmiller: calls $0.02
HeidyFrancoP: raises $0.04 to $0.06
Aemstro: calls $0.04
Newbas: calls $0.04
mvscdrqcdl: calls $0.04
dylanmiller: calls $0.04
*** FLOP *** [Tc 2c 3d]
HeidyFrancoP: checks 
Aemstro: bets $0.15
Newbas: calls $0.15
mvscdrqcdl: folds 
dylanmiller: folds 
HeidyFrancoP: calls $0.15
*** TURN *** [Tc 2c 3d] [6s]
HeidyFrancoP: checks 
Aemstro: bets $0.18
Newbas: raises $0.22 to $0.40
HeidyFrancoP: calls $0.14 and is all-in
Aemstro: calls $0.22
*** RIVER *** [Tc 2c 3d 6s] [5d]
Aemstro: checks 
Newbas: checks 
*** SHOW DOWN ***
Aemstro: shows [Kc Ts] (a pair of Tens)
Newbas: shows [Qd Qc] (a pair of Queens)
Newbas collected $0.50 from side pot
HeidyFrancoP: shows [Ac 4c] (a straight, Deuce to Six)
HeidyFrancoP collected $1.13 from main pot
*** SUMMARY ***
Total pot $1.69 Main pot $1.13. Side pot $0.50. | Rake $0.06 
Board [Tc 2c 3d 6s 5d]
Seat 1: greencurry0827 folded before Flop (didn't bet)
Seat 2: Newbas showed [Qd Qc] and won ($0.50) with a pair of Queens
Seat 3: mvscdrqcdl folded on the Flop
Seat 4: dylanmiller (button) folded on the Flop
Seat 5: HeidyFrancoP (small blind) showed [Ac 4c] and won ($1.13) with a straight, Deuce to Six
Seat 6: Aemstro (big blind) showed [Kc Ts] and lost with a pair of Tens
Seat 7: Dorex2007 folded before Flop (didn't bet)
Seat 9: tadao577 folded before Flop (didn't bet)



PokerStars Hand #232732833629:  Hold'em No Limit ($0.01/$0.02 USD) - 2022/01/01 19:49:24 PT [2022/01/01 22:49:24 ET]
Table 'Mauritia IV' 9-max Seat #5 is the button
Seat 1: greencurry0827 ($2.24 in chips) 
Seat 2: Newbas ($0.99 in chips) 
Seat 3: mvscdrqcdl ($1.94 in chips) 
Seat 4: dylanmiller ($1.25 in chips) 
Seat 5: HeidyFrancoP ($1.13 in chips) 
Seat 6: Aemstro ($1.98 in chips) 
Seat 7: Dorex2007 ($2 in chips) 
Seat 9: tadao577 ($3.22 in chips) 
Aemstro: posts small blind $0.01
Dorex2007: posts big blind $0.02
norpo130: sits out 
*** HOLE CARDS ***
Dealt to Dorex2007 [Qh Td]
tadao577: calls $0.02
greencurry0827: raises $0.04 to $0.06
Newbas: calls $0.06
mvscdrqcdl: folds 
dylanmiller: folds 
HeidyFrancoP: calls $0.06
Aemstro: folds 
Dorex2007: folds 
tadao577: calls $0.04
*** FLOP *** [Ah 4h 6c]
tadao577: checks 
greencurry0827: bets $0.10
Newbas: folds 
HeidyFrancoP: folds 
tadao577: calls $0.10
*** TURN *** [Ah 4h 6c] [6s]
tadao577: checks 
greencurry0827: bets $0.22
tadao577: folds 
Uncalled bet ($0.22) returned to greencurry0827
greencurry0827 collected $0.45 from pot
greencurry0827: doesn't show hand 
*** SUMMARY ***
Total pot $0.47 | Rake $0.02 
Board [Ah 4h 6c 6s]
Seat 1: greencurry0827 collected ($0.45)
Seat 2: Newbas folded on the Flop
Seat 3: mvscdrqcdl folded before Flop (didn't bet)
Seat 4: dylanmiller folded before Flop (didn't bet)
Seat 5: HeidyFrancoP (button) folded on the Flop
Seat 6: Aemstro (small blind) folded before Flop
Seat 7: Dorex2007 (big blind) folded before Flop
Seat 9: tadao577 folded on the Turn



PokerStars Hand #232732855101:  Hold'em No Limit ($0.01/$0.02 USD) - 2022/01/01 19:50:24 PT [2022/01/01 22:50:24 ET]
Table 'Mauritia IV' 9-max Seat #6 is the button
Seat 1: greencurry0827 ($2.53 in chips) 
Seat 2: Newbas ($0.93 in chips) 
Seat 3: mvscdrqcdl ($1.94 in chips) 
Seat 4: dylanmiller ($1.25 in chips) 
Seat 5: HeidyFrancoP ($1.07 in chips) 
Seat 6: Aemstro ($1.97 in chips) 
Seat 7: Dorex2007 ($2 in chips) 
Seat 8: norpo130 ($2 in chips) 
Seat 9: tadao577 ($3.06 in chips) 
Dorex2007: posts small blind $0.01
norpo130: posts big blind $0.02
*** HOLE CARDS ***
Dealt to Dorex2007 [Qd Js]
tadao577: folds 
greencurry0827: folds 
Newbas: calls $0.02
mvscdrqcdl has timed out
mvscdrqcdl: folds 
dylanmiller: folds 
HeidyFrancoP: folds 
Aemstro: folds 
Dorex2007: calls $0.01
norpo130: checks 
*** FLOP *** [Ac 9d Qc]
Dorex2007: bets $0.06
norpo130: folds 
Newbas: folds 
Uncalled bet ($0.06) returned to Dorex2007
Dorex2007 collected $0.06 from pot
Dorex2007: doesn't show hand 
*** SUMMARY ***
Total pot $0.06 | Rake $0 
Board [Ac 9d Qc]
Seat 1: greencurry0827 folded before Flop (didn't bet)
Seat 2: Newbas folded on the Flop
Seat 3: mvscdrqcdl folded before Flop (didn't bet)
Seat 4: dylanmiller folded before Flop (didn't bet)
Seat 5: HeidyFrancoP folded before Flop (didn't bet)
Seat 6: Aemstro (button) folded before Flop (didn't bet)
Seat 7: Dorex2007 (small blind) collected ($0.06)
Seat 8: norpo130 (big blind) folded on the Flop
Seat 9: tadao577 folded before Flop (didn't bet)



PokerStars Hand #232732863861:  Hold'em No Limit ($0.01/$0.02 USD) - 2022/01/01 19:51:04 PT [2022/01/01 22:51:04 ET]
Table 'Mauritia IV' 9-max Seat #7 is the button
Seat 1: greencurry0827 ($2.53 in chips) 
Seat 2: Newbas ($0.91 in chips) 
Seat 4: dylanmiller ($1.25 in chips) 
Seat 5: HeidyFrancoP ($1.07 in chips) 
Seat 6: Aemstro ($1.97 in chips) 
Seat 7: Dorex2007 ($2.04 in chips) 
Seat 8: norpo130 ($1.98 in chips) 
Seat 9: tadao577 ($3.06 in chips) 
norpo130: posts small blind $0.01
tadao577: posts big blind $0.02
*** HOLE CARDS ***
Dealt to Dorex2007 [3d 6d]
greencurry0827: folds 
Newbas: calls $0.02
dylanmiller: calls $0.02
HeidyFrancoP: folds 
Aemstro: folds 
Dorex2007: folds 
norpo130: folds 
tadao577: checks 
*** FLOP *** [9s Th Js]
tadao577: checks 
Newbas: bets $0.20
dylanmiller: folds 
tadao577: calls $0.20
*** TURN *** [9s Th Js] [5s]
tadao577: checks 
Newbas: bets $0.69 and is all-in
tadao577: folds 
Uncalled bet ($0.69) returned to Newbas
Newbas collected $0.45 from pot
Newbas: doesn't show hand 
*** SUMMARY ***
Total pot $0.47 | Rake $0.02 
Board [9s Th Js 5s]
Seat 1: greencurry0827 folded before Flop (didn't bet)
Seat 2: Newbas collected ($0.45)
Seat 4: dylanmiller folded on the Flop
Seat 5: HeidyFrancoP folded before Flop (didn't bet)
Seat 6: Aemstro folded before Flop (didn't bet)
Seat 7: Dorex2007 (button) folded before Flop (didn't bet)
Seat 8: norpo130 (small blind) folded before Flop
Seat 9: tadao577 (big blind) folded on the Turn



PokerStars Hand #232732876921:  Hold'em No Limit ($0.01/$0.02 USD) - 2022/01/01 19:52:03 PT [2022/01/01 22:52:03 ET]
Table 'Mauritia IV' 9-max Seat #8 is the button
Seat 1: greencurry0827 ($2.53 in chips) 
Seat 2: Newbas ($1.14 in chips) 
Seat 3: mvscdrqcdl ($1.94 in chips) 
Seat 4: dylanmiller ($1.23 in chips) 
Seat 5: HeidyFrancoP ($1.07 in chips) 
Seat 6: Aemstro ($1.97 in chips) 
Seat 7: Dorex2007 ($2.04 in chips) 
Seat 8: norpo130 ($1.97 in chips) 
Seat 9: tadao577 ($2.84 in chips) 
tadao577: posts small blind $0.01
greencurry0827: posts big blind $0.02
*** HOLE CARDS ***
Dealt to Dorex2007 [Jd Js]
Newbas: calls $0.02
mvscdrqcdl has timed out
mvscdrqcdl: folds 
dylanmiller: folds 
HeidyFrancoP: folds 
Aemstro: folds 
Dorex2007: calls $0.02
norpo130: calls $0.02
tadao577: calls $0.01
greencurry0827: checks 
*** FLOP *** [Ts Ac 5d]
tadao577: checks 
greencurry0827: checks 
Newbas: bets $0.10
Dorex2007: folds 
norpo130: calls $0.10
tadao577: folds 
greencurry0827: folds 
*** TURN *** [Ts Ac 5d] [Kd]
Newbas: bets $0.10
norpo130: calls $0.10
*** RIVER *** [Ts Ac 5d Kd] [6h]
Newbas: bets $0.10
norpo130: raises $0.22 to $0.32
Newbas: calls $0.22
*** SHOW DOWN ***
norpo130: shows [Kc Th] (two pair, Kings and Tens)
Newbas: mucks hand 
norpo130 collected $1.10 from pot
*** SUMMARY ***
Total pot $1.14 | Rake $0.04 
Board [Ts Ac 5d Kd 6h]
Seat 1: greencurry0827 (big blind) folded on the Flop
Seat 2: Newbas mucked [2s Ah]
Seat 3: mvscdrqcdl folded before Flop (didn't bet)
Seat 4: dylanmiller folded before Flop (didn't bet)
Seat 5: HeidyFrancoP folded before Flop (didn't bet)
Seat 6: Aemstro folded before Flop (didn't bet)
Seat 7: Dorex2007 folded on the Flop
Seat 8: norpo130 (button) showed [Kc Th] and won ($1.10) with two pair, Kings and Tens
Seat 9: tadao577 (small blind) folded on the Flop



PokerStars Hand #232732895360:  Hold'em No Limit ($0.01/$0.02 USD) - 2022/01/01 19:53:28 PT [2022/01/01 22:53:28 ET]
Table 'Mauritia IV' 9-max Seat #9 is the button
Seat 1: greencurry0827 ($2.51 in chips) 
Seat 2: Newbas ($0.60 in chips) 
Seat 4: dylanmiller ($1.23 in chips) 
Seat 5: HeidyFrancoP ($1.07 in chips) 
Seat 6: Aemstro ($1.97 in chips) 
Seat 7: Dorex2007 ($2.02 in chips) 
Seat 8: norpo130 ($2.53 in chips) 
Seat 9: tadao577 ($2.82 in chips) 
greencurry0827: posts small blind $0.01
Newbas: posts big blind $0.02
*** HOLE CARDS ***
Dealt to Dorex2007 [Ac 5c]
dylanmiller: folds 
HeidyFrancoP: raises $0.05 to $0.07
Aemstro: raises $0.15 to $0.22
Dorex2007: folds 
norpo130: folds 
tadao577: folds 
greencurry0827: folds 
Newbas: folds 
HeidyFrancoP: calls $0.15
*** FLOP *** [6h Kh 6s]
HeidyFrancoP: checks 
Aemstro: checks 
*** TURN *** [6h Kh 6s] [2c]
HeidyFrancoP: bets $0.23
Aemstro: calls $0.23
*** RIVER *** [6h Kh 6s 2c] [5s]
HeidyFrancoP: checks 
Aemstro: bets $1.52 and is all-in
HeidyFrancoP: folds 
Uncalled bet ($1.52) returned to Aemstro
Aemstro collected $0.90 from pot
Aemstro: doesn't show hand 
*** SUMMARY ***
Total pot $0.93 | Rake $0.03 
Board [6h Kh 6s 2c 5s]
Seat 1: greencurry0827 (small blind) folded before Flop
Seat 2: Newbas (big blind) folded before Flop
Seat 4: dylanmiller folded before Flop (didn't bet)
Seat 5: HeidyFrancoP folded on the River
Seat 6: Aemstro collected ($0.90)
Seat 7: Dorex2007 folded before Flop (didn't bet)
Seat 8: norpo130 folded before Flop (didn't bet)
Seat 9: tadao577 (button) folded before Flop (didn't bet)



PokerStars Hand #232732904879:  Hold'em No Limit ($0.01/$0.02 USD) - 2022/01/01 19:54:13 PT [2022/01/01 22:54:13 ET]
Table 'Mauritia IV' 9-max Seat #1 is the button
Seat 1: greencurry0827 ($2.50 in chips) 
Seat 2: Newbas ($0.58 in chips) 
Seat 3: mvscdrqcdl ($1.94 in chips) 
Seat 5: HeidyFrancoP ($0.62 in chips) 
Seat 6: Aemstro ($2.42 in chips) 
Seat 7: Dorex2007 ($2.02 in chips) 
Seat 8: norpo130 ($2.53 in chips) 
Seat 9: tadao577 ($2.82 in chips) 
Newbas: posts small blind $0.01
mvscdrqcdl: posts big blind $0.02
*** HOLE CARDS ***
Dealt to Dorex2007 [Jh 6h]
HeidyFrancoP: folds 
Aemstro: folds 
Dorex2007: folds 
norpo130: folds 
tadao577: calls $0.02
greencurry0827: folds 
Newbas: calls $0.01
mvscdrqcdl: checks 
*** FLOP *** [7h Ad Ks]
Newbas: bets $0.10
mvscdrqcdl: folds 
tadao577: folds 
Uncalled bet ($0.10) returned to Newbas
Newbas collected $0.06 from pot
Newbas: doesn't show hand 
*** SUMMARY ***
Total pot $0.06 | Rake $0 
Board [7h Ad Ks]
Seat 1: greencurry0827 (button) folded before Flop (didn't bet)
Seat 2: Newbas (small blind) collected ($0.06)
Seat 3: mvscdrqcdl (big blind) folded on the Flop
Seat 5: HeidyFrancoP folded before Flop (didn't bet)
Seat 6: Aemstro folded before Flop (didn't bet)
Seat 7: Dorex2007 folded before Flop (didn't bet)
Seat 8: norpo130 folded before Flop (didn't bet)
Seat 9: tadao577 folded on the Flop



PokerStars Hand #232732913361:  Hold'em No Limit ($0.01/$0.02 USD) - 2022/01/01 19:54:52 PT [2022/01/01 22:54:52 ET]
Table 'Mauritia IV' 9-max Seat #2 is the button
Seat 1: greencurry0827 ($2.50 in chips) 
Seat 2: Newbas ($0.62 in chips) 
Seat 3: mvscdrqcdl ($1.92 in chips) 
Seat 5: HeidyFrancoP ($0.62 in chips) 
Seat 6: Aemstro ($2.42 in chips) 
Seat 7: Dorex2007 ($2.02 in chips) 
Seat 8: norpo130 ($2.53 in chips) 
Seat 9: tadao577 ($2.80 in chips) 
mvscdrqcdl: posts small blind $0.01
HeidyFrancoP: posts big blind $0.02
*** HOLE CARDS ***
Dealt to Dorex2007 [Th Td]
Aemstro: raises $0.03 to $0.05
Dorex2007: calls $0.05
norpo130: folds 
tadao577: folds 
greencurry0827: folds 
Newbas: folds 
mvscdrqcdl: folds 
HeidyFrancoP: raises $0.03 to $0.08
Aemstro: calls $0.03
Dorex2007: calls $0.03
*** FLOP *** [5s Qh Ac]
HeidyFrancoP: checks 
Aemstro: checks 
Dorex2007: checks 
*** TURN *** [5s Qh Ac] [9c]
HeidyFrancoP: bets $0.12
Aemstro: calls $0.12
Dorex2007: folds 
*** RIVER *** [5s Qh Ac 9c] [Kh]
HeidyFrancoP: bets $0.24
Aemstro: calls $0.24
*** SHOW DOWN ***
HeidyFrancoP: shows [Ts Js] (a straight, Ten to Ace)
Aemstro: mucks hand 
HeidyFrancoP collected $0.94 from pot
*** SUMMARY ***
Total pot $0.97 | Rake $0.03 
Board [5s Qh Ac 9c Kh]
Seat 1: greencurry0827 folded before Flop (didn't bet)
Seat 2: Newbas (button) folded before Flop (didn't bet)
Seat 3: mvscdrqcdl (small blind) folded before Flop
Seat 5: HeidyFrancoP (big blind) showed [Ts Js] and won ($0.94) with a straight, Ten to Ace
Seat 6: Aemstro mucked [Qd 8d]
Seat 7: Dorex2007 folded on the Turn
Seat 8: norpo130 folded before Flop (didn't bet)
Seat 9: tadao577 folded before Flop (didn't bet)



PokerStars Hand #232732923159:  Hold'em No Limit ($0.01/$0.02 USD) - 2022/01/01 19:55:44 PT [2022/01/01 22:55:44 ET]
Table 'Mauritia IV' 9-max Seat #3 is the button
Seat 1: greencurry0827 ($2.50 in chips) 
Seat 2: Newbas ($0.62 in chips) 
Seat 3: mvscdrqcdl ($1.91 in chips) 
Seat 5: HeidyFrancoP ($1.12 in chips) 
Seat 6: Aemstro ($1.98 in chips) 
Seat 7: Dorex2007 ($2 in chips) 
Seat 8: norpo130 ($2.53 in chips) 
Seat 9: tadao577 ($2.80 in chips) 
HeidyFrancoP: posts small blind $0.01
Aemstro: posts big blind $0.02
*** HOLE CARDS ***
Dealt to Dorex2007 [6c Qd]
Dorex2007: folds 
norpo130: raises $0.02 to $0.04
tadao577: calls $0.04
greencurry0827: folds 
Newbas: calls $0.04
mvscdrqcdl: folds 
HeidyFrancoP: calls $0.03
Aemstro: folds 
*** FLOP *** [Ad Qs 4c]
HeidyFrancoP: checks 
norpo130: bets $0.06
tadao577: folds 
Newbas: calls $0.06
HeidyFrancoP: folds 
*** TURN *** [Ad Qs 4c] [Ks]
norpo130: bets $0.20
Newbas: calls $0.20
*** RIVER *** [Ad Qs 4c Ks] [8d]
norpo130: bets $0.40
Newbas: folds 
Uncalled bet ($0.40) returned to norpo130
norpo130 collected $0.68 from pot
norpo130: doesn't show hand 
*** SUMMARY ***
Total pot $0.70 | Rake $0.02 
Board [Ad Qs 4c Ks 8d]
Seat 1: greencurry0827 folded before Flop (didn't bet)
Seat 2: Newbas folded on the River
Seat 3: mvscdrqcdl (button) folded before Flop (didn't bet)
Seat 5: HeidyFrancoP (small blind) folded on the Flop
Seat 6: Aemstro (big blind) folded before Flop
Seat 7: Dorex2007 folded before Flop (didn't bet)
Seat 8: norpo130 collected ($0.68)
Seat 9: tadao577 folded on the Flop



PokerStars Hand #232732934467:  Hold'em No Limit ($0.01/$0.02 USD) - 2022/01/01 19:56:48 PT [2022/01/01 22:56:48 ET]
Table 'Mauritia IV' 9-max Seat #5 is the button
Seat 1: greencurry0827 ($2.50 in chips) 
Seat 2: Newbas ($0.32 in chips) 
Seat 3: mvscdrqcdl ($1.91 in chips) 
Seat 4: dylanmiller ($1.23 in chips) 
Seat 5: HeidyFrancoP ($1.08 in chips) 
Seat 6: Aemstro ($1.96 in chips) 
Seat 7: Dorex2007 ($2 in chips) 
Seat 8: norpo130 ($2.91 in chips) 
Seat 9: tadao577 ($2.76 in chips) 
Aemstro: posts small blind $0.01
Dorex2007: posts big blind $0.02
dylanmiller: posts small & big blinds $0.03
*** HOLE CARDS ***
Dealt to Dorex2007 [8h Jd]
norpo130: folds 
tadao577: folds 
greencurry0827: raises $0.04 to $0.06
Newbas: folds 
mvscdrqcdl: folds 
dylanmiller: raises $0.04 to $0.10
HeidyFrancoP: calls $0.10
Aemstro: calls $0.09
Dorex2007: folds 
greencurry0827: calls $0.04
*** FLOP *** [6s 9d 2d]
Aemstro: checks 
greencurry0827: checks 
dylanmiller: checks 
HeidyFrancoP: checks 
*** TURN *** [6s 9d 2d] [6d]
Aemstro: checks 
greencurry0827: bets $0.10
dylanmiller: folds 
HeidyFrancoP: calls $0.10
Aemstro: calls $0.10
*** RIVER *** [6s 9d 2d 6d] [Qd]
Aemstro: checks 
greencurry0827: checks 
HeidyFrancoP: checks 
*** SHOW DOWN ***
Aemstro: shows [Qc As] (two pair, Queens and Sixes)
greencurry0827: shows [3d 3c] (a flush, Queen high)
HeidyFrancoP: mucks hand 
greencurry0827 collected $0.70 from pot
*** SUMMARY ***
Total pot $0.73 | Rake $0.03 
Board [6s 9d 2d 6d Qd]
Seat 1: greencurry0827 showed [3d 3c] and won ($0.70) with a flush, Queen high
Seat 2: Newbas folded before Flop (didn't bet)
Seat 3: mvscdrqcdl folded before Flop (didn't bet)
Seat 4: dylanmiller folded on the Turn
Seat 5: HeidyFrancoP (button) mucked [8s 8c]
Seat 6: Aemstro (small blind) showed [Qc As] and lost with two pair, Queens and Sixes
Seat 7: Dorex2007 (big blind) folded before Flop
Seat 8: norpo130 folded before Flop (didn't bet)
Seat 9: tadao577 folded before Flop (didn't bet)



PokerStars Hand #232732946739:  Hold'em No Limit ($0.01/$0.02 USD) - 2022/01/01 19:57:58 PT [2022/01/01 22:57:58 ET]
Table 'Mauritia IV' 9-max Seat #6 is the button
Seat 1: greencurry0827 ($3 in chips) 
Seat 2: Newbas ($0.32 in chips) 
Seat 3: mvscdrqcdl ($1.91 in chips) 
Seat 4: dylanmiller ($1.12 in chips) 
Seat 5: HeidyFrancoP ($0.88 in chips) 
Seat 6: Aemstro ($1.76 in chips) 
Seat 7: Dorex2007 ($2 in chips) 
Seat 8: norpo130 ($2.91 in chips) 
Seat 9: tadao577 ($2.76 in chips) 
Dorex2007: posts small blind $0.01
norpo130: posts big blind $0.02
*** HOLE CARDS ***
Dealt to Dorex2007 [6d Ac]
Aemstro said, "XDDDD"
tadao577: calls $0.02
greencurry0827: folds 
Newbas: calls $0.02
mvscdrqcdl: folds 
dylanmiller: folds 
HeidyFrancoP: calls $0.02
Aemstro: folds 
Dorex2007: calls $0.01
norpo130: checks 
*** FLOP *** [7s 4s Ts]
Dorex2007: checks 
norpo130: checks 
tadao577: checks 
Newbas: bets $0.30 and is all-in
HeidyFrancoP: folds 
Dorex2007: folds 
norpo130: folds 
tadao577: folds 
Uncalled bet ($0.30) returned to Newbas
Newbas collected $0.10 from pot
Newbas: doesn't show hand 
*** SUMMARY ***
Total pot $0.10 | Rake $0 
Board [7s 4s Ts]
Seat 1: greencurry0827 folded before Flop (didn't bet)
Seat 2: Newbas collected ($0.10)
Seat 3: mvscdrqcdl folded before Flop (didn't bet)
Seat 4: dylanmiller folded before Flop (didn't bet)
Seat 5: HeidyFrancoP folded on the Flop
Seat 6: Aemstro (button) folded before Flop (didn't bet)
Seat 7: Dorex2007 (small blind) folded on the Flop
Seat 8: norpo130 (big blind) folded on the Flop
Seat 9: tadao577 folded on the Flop



PokerStars Hand #232732957348:  Hold'em No Limit ($0.01/$0.02 USD) - 2022/01/01 19:58:59 PT [2022/01/01 22:58:59 ET]
Table 'Mauritia IV' 9-max Seat #7 is the button
Seat 1: greencurry0827 ($3 in chips) 
Seat 2: Newbas ($0.40 in chips) 
Seat 3: mvscdrqcdl ($1.91 in chips) 
Seat 4: dylanmiller ($1.12 in chips) 
Seat 5: HeidyFrancoP ($0.86 in chips) 
Seat 6: Aemstro ($2 in chips) 
Seat 7: Dorex2007 ($2 in chips) 
Seat 8: norpo130 ($2.89 in chips) 
Seat 9: tadao577 ($2.74 in chips) 
norpo130: posts small blind $0.01
tadao577: posts big blind $0.02
*** HOLE CARDS ***
Dealt to Dorex2007 [5h Ah]
greencurry0827: folds 
Newbas: calls $0.02
greencurry0827 leaves the table
mvscdrqcdl: folds 
dylanmiller: calls $0.02
HeidyFrancoP: folds 
Aemstro: folds 
Dorex2007: calls $0.02
norpo130: folds 
tadao577: checks 
*** FLOP *** [Jh Qh Tc]
tadao577: checks 
Newbas: checks 
dylanmiller: bets $0.02
Dorex2007: calls $0.02
tadao577: folds 
Newbas: folds 
*** TURN *** [Jh Qh Tc] [9d]
dylanmiller: bets $1.08 and is all-in
Newbas leaves the table
Dorex2007: folds 
Uncalled bet ($1.08) returned to dylanmiller
dylanmiller collected $0.13 from pot
dylanmiller: doesn't show hand 
*** SUMMARY ***
Total pot $0.13 | Rake $0 
Board [Jh Qh Tc 9d]
Seat 1: greencurry0827 folded before Flop (didn't bet)
Seat 2: Newbas folded on the Flop
Seat 3: mvscdrqcdl folded before Flop (didn't bet)
Seat 4: dylanmiller collected ($0.13)
Seat 5: HeidyFrancoP folded before Flop (didn't bet)
Seat 6: Aemstro folded before Flop (didn't bet)
Seat 7: Dorex2007 (button) folded on the Turn
Seat 8: norpo130 (small blind) folded before Flop
Seat 9: tadao577 (big blind) folded on the Flop



PokerStars Hand #232732967565:  Hold'em No Limit ($0.01/$0.02 USD) - 2022/01/01 19:59:57 PT [2022/01/01 22:59:57 ET]
Table 'Mauritia IV' 9-max Seat #8 is the button
Seat 3: mvscdrqcdl ($1.91 in chips) 
Seat 4: dylanmiller ($1.21 in chips) 
Seat 5: HeidyFrancoP ($0.86 in chips) 
Seat 6: Aemstro ($2 in chips) 
Seat 7: Dorex2007 ($2 in chips) 
Seat 8: norpo130 ($2.88 in chips) 
Seat 9: tadao577 ($2.72 in chips) 
tadao577: posts small blind $0.01
mvscdrqcdl: posts big blind $0.02
*** HOLE CARDS ***
Dealt to Dorex2007 [Kc Td]
dylanmiller: calls $0.02
HeidyFrancoP: folds 
Aemstro: raises $0.16 to $0.18
Dorex2007: folds 
norpo130: calls $0.18
tadao577: folds 
mvscdrqcdl: folds 
dylanmiller: calls $0.16
*** FLOP *** [7s 7d 9h]
dylanmiller: bets $0.55
Aemstro: folds 
norpo130: raises $2.15 to $2.70 and is all-in
dylanmiller: calls $0.48 and is all-in
Uncalled bet ($1.67) returned to norpo130
*** TURN *** [7s 7d 9h] [4h]
*** RIVER *** [7s 7d 9h 4h] [Qd]
*** SHOW DOWN ***
dylanmiller: shows [5s 8s] (a pair of Sevens)
norpo130: shows [Ah Qs] (two pair, Queens and Sevens)
norpo130 collected $2.54 from pot
*** SUMMARY ***
Total pot $2.63 | Rake $0.09 
Board [7s 7d 9h 4h Qd]
Seat 3: mvscdrqcdl (big blind) folded before Flop
Seat 4: dylanmiller showed [5s 8s] and lost with a pair of Sevens
Seat 5: HeidyFrancoP folded before Flop (didn't bet)
Seat 6: Aemstro folded on the Flop
Seat 7: Dorex2007 folded before Flop (didn't bet)
Seat 8: norpo130 (button) showed [Ah Qs] and won ($2.54) with two pair, Queens and Sevens
Seat 9: tadao577 (small blind) folded before Flop



PokerStars Hand #232732977714:  Hold'em No Limit ($0.01/$0.02 USD) - 2022/01/01 20:00:46 PT [2022/01/01 23:00:46 ET]
Table 'Mauritia IV' 9-max Seat #9 is the button
Seat 3: mvscdrqcdl ($1.89 in chips) 
Seat 5: HeidyFrancoP ($0.86 in chips) 
Seat 6: Aemstro ($1.82 in chips) 
Seat 7: Dorex2007 ($2 in chips) 
Seat 8: norpo130 ($4.21 in chips) 
Seat 9: tadao577 ($2.71 in chips) 
mvscdrqcdl: posts small blind $0.01
HeidyFrancoP: posts big blind $0.02
*** HOLE CARDS ***
Dealt to Dorex2007 [3c Ac]
Aemstro: folds 
dylanmiller leaves the table
Dorex2007: folds 
norpo130: folds 
tadao577: calls $0.02
mvscdrqcdl: folds 
HeidyFrancoP: checks 
*** FLOP *** [6d 9s 7d]
HeidyFrancoP: checks 
tadao577: checks 
*** TURN *** [6d 9s 7d] [8h]
HeidyFrancoP: bets $0.03
tadao577: folds 
Uncalled bet ($0.03) returned to HeidyFrancoP
HeidyFrancoP collected $0.05 from pot
HeidyFrancoP: doesn't show hand 
*** SUMMARY ***
Total pot $0.05 | Rake $0 
Board [6d 9s 7d 8h]
Seat 3: mvscdrqcdl (small blind) folded before Flop
Seat 5: HeidyFrancoP (big blind) collected ($0.05)
Seat 6: Aemstro folded before Flop (didn't bet)
Seat 7: Dorex2007 folded before Flop (didn't bet)
Seat 8: norpo130 folded before Flop (didn't bet)
Seat 9: tadao577 (button) folded on the Turn



PokerStars Hand #232732983927:  Hold'em No Limit ($0.01/$0.02 USD) - 2022/01/01 20:01:16 PT [2022/01/01 23:01:16 ET]
Table 'Mauritia IV' 9-max Seat #3 is the button
Seat 3: mvscdrqcdl ($1.88 in chips) 
Seat 5: HeidyFrancoP ($0.89 in chips) 
Seat 6: Aemstro ($1.82 in chips) 
Seat 7: Dorex2007 ($2 in chips) 
Seat 8: norpo130 ($4.21 in chips) 
Seat 9: tadao577 ($2.69 in chips) 
HeidyFrancoP: posts small blind $0.01
Aemstro: posts big blind $0.02
*** HOLE CARDS ***
Dealt to Dorex2007 [Qd 5c]
Dorex2007: folds 
norpo130: folds 
tadao577: folds 
mvscdrqcdl: raises $0.06 to $0.08
HeidyFrancoP: folds 
Aemstro: calls $0.06
*** FLOP *** [5h Qs 8c]
Aemstro: checks 
mvscdrqcdl: checks 
*** TURN *** [5h Qs 8c] [Ts]
Aemstro: bets $0.08
mvscdrqcdl: calls $0.08
*** RIVER *** [5h Qs 8c Ts] [Kd]
Aemstro: checks 
mvscdrqcdl: checks 
*** SHOW DOWN ***
Aemstro: shows [Ah 5s] (a pair of Fives)
mvscdrqcdl: shows [Kh Ac] (a pair of Kings)
mvscdrqcdl collected $0.32 from pot
*** SUMMARY ***
Total pot $0.33 | Rake $0.01 
Board [5h Qs 8c Ts Kd]
Seat 3: mvscdrqcdl (button) showed [Kh Ac] and won ($0.32) with a pair of Kings
Seat 5: HeidyFrancoP (small blind) folded before Flop
Seat 6: Aemstro (big blind) showed [Ah 5s] and lost with a pair of Fives
Seat 7: Dorex2007 folded before Flop (didn't bet)
Seat 8: norpo130 folded before Flop (didn't bet)
Seat 9: tadao577 folded before Flop (didn't bet)



PokerStars Hand #232732989616:  Hold'em No Limit ($0.01/$0.02 USD) - 2022/01/01 20:01:44 PT [2022/01/01 23:01:44 ET]
Table 'Mauritia IV' 9-max Seat #5 is the button
Seat 3: mvscdrqcdl ($2.04 in chips) 
Seat 5: HeidyFrancoP ($0.88 in chips) 
Seat 6: Aemstro ($1.66 in chips) 
Seat 7: Dorex2007 ($2 in chips) 
Seat 8: norpo130 ($4.21 in chips) 
Seat 9: tadao577 ($2.69 in chips) 
Aemstro: posts small blind $0.01
Dorex2007: posts big blind $0.02
*** HOLE CARDS ***
Dealt to Dorex2007 [3d 7s]
norpo130: folds 
tadao577: calls $0.02
mvscdrqcdl: folds 
HeidyFrancoP: folds 
Aemstro: raises $0.12 to $0.14
Dorex2007: folds 
tadao577: calls $0.12
*** FLOP *** [Ac 7h 6d]
Aemstro: bets $0.15
tadao577: calls $0.15
*** TURN *** [Ac 7h 6d] [5s]
Aemstro: checks 
tadao577: checks 
*** RIVER *** [Ac 7h 6d 5s] [9s]
Aemstro: bets $0.29
tadao577: raises $0.29 to $0.58
Aemstro: folds 
Uncalled bet ($0.29) returned to tadao577
tadao577 collected $1.14 from pot
tadao577: doesn't show hand 
*** SUMMARY ***
Total pot $1.18 | Rake $0.04 
Board [Ac 7h 6d 5s 9s]
Seat 3: mvscdrqcdl folded before Flop (didn't bet)
Seat 5: HeidyFrancoP (button) folded before Flop (didn't bet)
Seat 6: Aemstro (small blind) folded on the River
Seat 7: Dorex2007 (big blind) folded before Flop
Seat 8: norpo130 folded before Flop (didn't bet)
Seat 9: tadao577 collected ($1.14)



PokerStars Hand #232732999837:  Hold'em No Limit ($0.01/$0.02 USD) - 2022/01/01 20:02:33 PT [2022/01/01 23:02:33 ET]
Table 'Mauritia IV' 9-max Seat #6 is the button
Seat 3: mvscdrqcdl ($2.04 in chips) 
Seat 5: HeidyFrancoP ($0.88 in chips) 
Seat 6: Aemstro ($1.08 in chips) 
Seat 7: Dorex2007 ($2 in chips) 
Seat 8: norpo130 ($4.21 in chips) 
Seat 9: tadao577 ($3.25 in chips) 
Dorex2007: posts small blind $0.01
norpo130: posts big blind $0.02
*** HOLE CARDS ***
Dealt to Dorex2007 [Kd 2s]
tadao577: calls $0.02
mvscdrqcdl: folds 
HeidyFrancoP: folds 
Aemstro: folds 
Dorex2007: folds 
norpo130: checks 
*** FLOP *** [9c Qd Js]
norpo130: checks 
tadao577: checks 
*** TURN *** [9c Qd Js] [Jh]
norpo130: checks 
tadao577: checks 
*** RIVER *** [9c Qd Js Jh] [6h]
norpo130: checks 
tadao577: checks 
*** SHOW DOWN ***
norpo130: shows [Ah 3c] (a pair of Jacks)
tadao577: mucks hand 
norpo130 collected $0.05 from pot
*** SUMMARY ***
Total pot $0.05 | Rake $0 
Board [9c Qd Js Jh 6h]
Seat 3: mvscdrqcdl folded before Flop (didn't bet)
Seat 5: HeidyFrancoP folded before Flop (didn't bet)
Seat 6: Aemstro (button) folded before Flop (didn't bet)
Seat 7: Dorex2007 (small blind) folded before Flop
Seat 8: norpo130 (big blind) showed [Ah 3c] and won ($0.05) with a pair of Jacks
Seat 9: tadao577 mucked [Tc 5c]



PokerStars Hand #232733006155:  Hold'em No Limit ($0.01/$0.02 USD) - 2022/01/01 20:03:03 PT [2022/01/01 23:03:03 ET]
Table 'Mauritia IV' 9-max Seat #7 is the button
Seat 3: mvscdrqcdl ($2.04 in chips) 
Seat 5: HeidyFrancoP ($0.88 in chips) 
Seat 6: Aemstro ($2 in chips) 
Seat 7: Dorex2007 ($2 in chips) 
Seat 8: norpo130 ($4.24 in chips) 
Seat 9: tadao577 ($3.23 in chips) 
norpo130: posts small blind $0.01
tadao577: posts big blind $0.02
*** HOLE CARDS ***
Dealt to Dorex2007 [8c 7d]
mvscdrqcdl: folds 
HeidyFrancoP: folds 
Aemstro: folds 
Dorex2007: folds 
norpo130: raises $0.04 to $0.06
tadao577: folds 
Uncalled bet ($0.04) returned to norpo130
norpo130 collected $0.04 from pot
norpo130: doesn't show hand 
*** SUMMARY ***
Total pot $0.04 | Rake $0 
Seat 3: mvscdrqcdl folded before Flop (didn't bet)
Seat 5: HeidyFrancoP folded before Flop (didn't bet)
Seat 6: Aemstro folded before Flop (didn't bet)
Seat 7: Dorex2007 (button) folded before Flop (didn't bet)
Seat 8: norpo130 (small blind) collected ($0.04)
Seat 9: tadao577 (big blind) folded before Flop



PokerStars Hand #232733009089:  Hold'em No Limit ($0.01/$0.02 USD) - 2022/01/01 20:03:17 PT [2022/01/01 23:03:17 ET]
Table 'Mauritia IV' 9-max Seat #8 is the button
Seat 3: mvscdrqcdl ($2.04 in chips) 
Seat 5: HeidyFrancoP ($0.88 in chips) 
Seat 6: Aemstro ($2 in chips) 
Seat 7: Dorex2007 ($2 in chips) 
Seat 8: norpo130 ($4.26 in chips) 
Seat 9: tadao577 ($3.21 in chips) 
tadao577: posts small blind $0.01
mvscdrqcdl: posts big blind $0.02
*** HOLE CARDS ***
Dealt to Dorex2007 [Js 3c]
HeidyFrancoP has timed out
HeidyFrancoP: folds 
Aemstro: folds 
Dorex2007: folds 
norpo130: folds 
tadao577: calls $0.01
mvscdrqcdl: checks 
*** FLOP *** [7d 9c 5s]
tadao577: checks 
mvscdrqcdl: bets $0.04
Koksmix87 joins the table at seat #1 
tadao577: folds 
Uncalled bet ($0.04) returned to mvscdrqcdl
mvscdrqcdl collected $0.04 from pot
mvscdrqcdl: doesn't show hand 
*** SUMMARY ***
Total pot $0.04 | Rake $0 
Board [7d 9c 5s]
Seat 3: mvscdrqcdl (big blind) collected ($0.04)
Seat 5: HeidyFrancoP folded before Flop (didn't bet)
Seat 6: Aemstro folded before Flop (didn't bet)
Seat 7: Dorex2007 folded before Flop (didn't bet)
Seat 8: norpo130 (button) folded before Flop (didn't bet)
Seat 9: tadao577 (small blind) folded on the Flop



PokerStars Hand #232733023190:  Hold'em No Limit ($0.01/$0.02 USD) - 2022/01/01 20:03:51 PT [2022/01/01 23:03:51 ET]
Table 'Mauritia IV' 9-max Seat #9 is the button
Seat 3: mvscdrqcdl ($2.06 in chips) 
Seat 5: HeidyFrancoP ($0.88 in chips) 
Seat 6: Aemstro ($2 in chips) 
Seat 7: Dorex2007 ($2 in chips) 
Seat 8: norpo130 ($4.26 in chips) 
Seat 9: tadao577 ($3.19 in chips) 
mvscdrqcdl: posts small blind $0.01
HeidyFrancoP: posts big blind $0.02
*** HOLE CARDS ***
Dealt to Dorex2007 [7h Tc]
Aemstro: folds 
Dorex2007: folds 
norpo130: folds 
tadao577: calls $0.02
mvscdrqcdl: raises $0.04 to $0.06
HeidyFrancoP: folds 
tadao577: folds 
Uncalled bet ($0.04) returned to mvscdrqcdl
mvscdrqcdl collected $0.06 from pot
mvscdrqcdl: doesn't show hand 
*** SUMMARY ***
Total pot $0.06 | Rake $0 
Seat 3: mvscdrqcdl (small blind) collected ($0.06)
Seat 5: HeidyFrancoP (big blind) folded before Flop
Seat 6: Aemstro folded before Flop (didn't bet)
Seat 7: Dorex2007 folded before Flop (didn't bet)
Seat 8: norpo130 folded before Flop (didn't bet)
Seat 9: tadao577 (button) folded before Flop



PokerStars Hand #232733027993:  Hold'em No Limit ($0.01/$0.02 USD) - 2022/01/01 20:04:13 PT [2022/01/01 23:04:13 ET]
Table 'Mauritia IV' 9-max Seat #3 is the button
Seat 3: mvscdrqcdl ($2.10 in chips) 
Seat 5: HeidyFrancoP ($0.86 in chips) 
Seat 6: Aemstro ($2 in chips) 
Seat 7: Dorex2007 ($2 in chips) 
Seat 8: norpo130 ($4.26 in chips) 
Seat 9: tadao577 ($3.17 in chips) 
HeidyFrancoP: posts small blind $0.01
Aemstro: posts big blind $0.02
Koksmix87: sits out 
*** HOLE CARDS ***
Dealt to Dorex2007 [Js Jd]
Dorex2007: raises $0.04 to $0.06
norpo130: folds 
tadao577: folds 
mvscdrqcdl: calls $0.06
HeidyFrancoP: calls $0.05
PhatPanda420 joins the table at seat #2 
Aemstro: calls $0.04
*** FLOP *** [Qs 2d Ad]
HeidyFrancoP: checks 
Aemstro: checks 
Dorex2007: bets $0.12
mvscdrqcdl: folds 
HeidyFrancoP: folds 
Aemstro: folds 
Uncalled bet ($0.12) returned to Dorex2007
Dorex2007 collected $0.23 from pot
Dorex2007: doesn't show hand 
*** SUMMARY ***
Total pot $0.24 | Rake $0.01 
Board [Qs 2d Ad]
Seat 3: mvscdrqcdl (button) folded on the Flop
Seat 5: HeidyFrancoP (small blind) folded on the Flop
Seat 6: Aemstro (big blind) folded on the Flop
Seat 7: Dorex2007 collected ($0.23)
Seat 8: norpo130 folded before Flop (didn't bet)
Seat 9: tadao577 folded before Flop (didn't bet)



PokerStars Hand #232733036273:  Hold'em No Limit ($0.01/$0.02 USD) - 2022/01/01 20:04:53 PT [2022/01/01 23:04:53 ET]
Table 'Mauritia IV' 9-max Seat #5 is the button
Seat 3: mvscdrqcdl ($2.04 in chips) 
Seat 5: HeidyFrancoP ($0.80 in chips) 
Seat 6: Aemstro ($1.94 in chips) 
Seat 7: Dorex2007 ($2.17 in chips) 
Seat 8: norpo130 ($4.26 in chips) 
Seat 9: tadao577 ($3.17 in chips) 
Aemstro: posts small blind $0.01
Dorex2007: posts big blind $0.02
Koksmix87: sits out 
PhatPanda420: sits out 
*** HOLE CARDS ***
Dealt to Dorex2007 [Ac 9c]
norpo130: raises $0.02 to $0.04
kiling1 joins the table at seat #4 
tadao577: calls $0.04
mvscdrqcdl: folds 
HeidyFrancoP: calls $0.04
Aemstro: raises $0.20 to $0.24
Dorex2007: folds 
norpo130: folds 
tadao577: folds 
HeidyFrancoP: folds 
Uncalled bet ($0.20) returned to Aemstro
Aemstro collected $0.18 from pot
Aemstro: doesn't show hand 
*** SUMMARY ***
Total pot $0.18 | Rake $0 
Seat 3: mvscdrqcdl folded before Flop (didn't bet)
Seat 5: HeidyFrancoP (button) folded before Flop
Seat 6: Aemstro (small blind) collected ($0.18)
Seat 7: Dorex2007 (big blind) folded before Flop
Seat 8: norpo130 folded before Flop
Seat 9: tadao577 folded before Flop



PokerStars Hand #232733043662:  Hold'em No Limit ($0.01/$0.02 USD) - 2022/01/01 20:05:28 PT [2022/01/01 23:05:28 ET]
Table 'Mauritia IV' 9-max Seat #6 is the button
Seat 3: mvscdrqcdl ($2.04 in chips) 
Seat 5: HeidyFrancoP ($0.76 in chips) 
Seat 6: Aemstro ($2.08 in chips) 
Seat 7: Dorex2007 ($2.15 in chips) 
Seat 8: norpo130 ($4.22 in chips) 
Seat 9: tadao577 ($3.13 in chips) 
Dorex2007: posts small blind $0.01
norpo130: posts big blind $0.02
Koksmix87: sits out 
PhatPanda420: sits out 
kiling1: sits out 
*** HOLE CARDS ***
Dealt to Dorex2007 [8c Kh]
tadao577: calls $0.02
mvscdrqcdl: folds 
HeidyFrancoP has timed out
HeidyFrancoP: folds 
Aemstro: folds 
Dorex2007: calls $0.01
norpo130: checks 
*** FLOP *** [2h 4d Jh]
Dorex2007: checks 
norpo130: checks 
tadao577: checks 
*** TURN *** [2h 4d Jh] [Kd]
Dorex2007: bets $0.06
norpo130: folds 
tadao577: folds 
Uncalled bet ($0.06) returned to Dorex2007
Dorex2007 collected $0.06 from pot
Dorex2007: doesn't show hand 
*** SUMMARY ***
Total pot $0.06 | Rake $0 
Board [2h 4d Jh Kd]
Seat 3: mvscdrqcdl folded before Flop (didn't bet)
Seat 5: HeidyFrancoP folded before Flop (didn't bet)
Seat 6: Aemstro (button) folded before Flop (didn't bet)
Seat 7: Dorex2007 (small blind) collected ($0.06)
Seat 8: norpo130 (big blind) folded on the Turn
Seat 9: tadao577 folded on the Turn



PokerStars Hand #232733061011:  Hold'em No Limit ($0.01/$0.02 USD) - 2022/01/01 20:06:23 PT [2022/01/01 23:06:23 ET]
Table 'Mauritia IV' 9-max Seat #7 is the button
Seat 3: mvscdrqcdl ($2.04 in chips) 
Seat 5: HeidyFrancoP ($0.76 in chips) 
Seat 6: Aemstro ($2.08 in chips) 
Seat 7: Dorex2007 ($2.19 in chips) 
Seat 8: norpo130 ($4.20 in chips) 
Seat 9: tadao577 ($3.11 in chips) 
norpo130: posts small blind $0.01
tadao577: posts big blind $0.02
Koksmix87: sits out 
PhatPanda420: sits out 
kiling1: sits out 
*** HOLE CARDS ***
Dealt to Dorex2007 [9c 2s]
mvscdrqcdl: folds 
HeidyFrancoP: calls $0.02
Aemstro: folds 
Dorex2007: folds 
norpo130: raises $0.06 to $0.08
tadao577: folds 
HeidyFrancoP: folds 
Uncalled bet ($0.06) returned to norpo130
norpo130 collected $0.06 from pot
norpo130: doesn't show hand 
*** SUMMARY ***
Total pot $0.06 | Rake $0 
Seat 3: mvscdrqcdl folded before Flop (didn't bet)
Seat 5: HeidyFrancoP folded before Flop
Seat 6: Aemstro folded before Flop (didn't bet)
Seat 7: Dorex2007 (button) folded before Flop (didn't bet)
Seat 8: norpo130 (small blind) collected ($0.06)
Seat 9: tadao577 (big blind) folded before Flop



PokerStars Hand #232733065306:  Hold'em No Limit ($0.01/$0.02 USD) - 2022/01/01 20:06:44 PT [2022/01/01 23:06:44 ET]
Table 'Mauritia IV' 9-max Seat #8 is the button
Seat 1: Koksmix87 ($2 in chips) 
Seat 3: mvscdrqcdl ($2.04 in chips) 
Seat 5: HeidyFrancoP ($0.74 in chips) 
Seat 6: Aemstro ($2.08 in chips) 
Seat 7: Dorex2007 ($2.19 in chips) 
Seat 8: norpo130 ($4.24 in chips) 
Seat 9: tadao577 ($3.09 in chips) 
tadao577: posts small blind $0.01
Koksmix87: posts big blind $0.02
PhatPanda420: sits out 
kiling1: sits out 
*** HOLE CARDS ***
Dealt to Dorex2007 [Js 8s]
mvscdrqcdl: raises $0.04 to $0.06
HeidyFrancoP: folds 
Aemstro: folds 
Dorex2007: folds 
norpo130: folds 
HeidyFrancoP leaves the table
tadao577: folds 
Jayhawks6655 joins the table at seat #5 
Koksmix87: calls $0.04
*** FLOP *** [Kh 7s 2d]
Koksmix87: checks 
mvscdrqcdl: bets $0.06
Koksmix87: calls $0.06
*** TURN *** [Kh 7s 2d] [5d]
Koksmix87: checks 
mvscdrqcdl: checks 
*** RIVER *** [Kh 7s 2d 5d] [Ac]
Koksmix87: checks 
mvscdrqcdl: checks 
*** SHOW DOWN ***
Koksmix87: shows [Tc Th] (a pair of Tens)
mvscdrqcdl: mucks hand 
Koksmix87 collected $0.24 from pot
*** SUMMARY ***
Total pot $0.25 | Rake $0.01 
Board [Kh 7s 2d 5d Ac]
Seat 1: Koksmix87 (big blind) showed [Tc Th] and won ($0.24) with a pair of Tens
Seat 3: mvscdrqcdl mucked [3d 3h]
Seat 5: HeidyFrancoP folded before Flop (didn't bet)
Seat 6: Aemstro folded before Flop (didn't bet)
Seat 7: Dorex2007 folded before Flop (didn't bet)
Seat 8: norpo130 (button) folded before Flop (didn't bet)
Seat 9: tadao577 (small blind) folded before Flop



PokerStars Hand #232733082238:  Hold'em No Limit ($0.01/$0.02 USD) - 2022/01/01 20:08:04 PT [2022/01/01 23:08:04 ET]
Table 'Mauritia IV' 9-max Seat #9 is the button
Seat 1: Koksmix87 ($2.12 in chips) 
Seat 2: PhatPanda420 ($2 in chips) 
Seat 3: mvscdrqcdl ($1.92 in chips) 
Seat 5: Jayhawks6655 ($2 in chips) 
Seat 6: Aemstro ($2.08 in chips) 
Seat 7: Dorex2007 ($2.19 in chips) 
Seat 8: norpo130 ($4.24 in chips) 
Seat 9: tadao577 ($3.08 in chips) 
Koksmix87: posts small blind $0.01
PhatPanda420: posts big blind $0.02
kiling1: sits out 
Jayhawks6655: posts big blind $0.02
*** HOLE CARDS ***
Dealt to Dorex2007 [6h 9d]
mvscdrqcdl: folds 
Jayhawks6655: checks 
Aemstro: folds 
Dorex2007: folds 
norpo130: raises $0.08 to $0.10
tadao577: folds 
Koksmix87: folds 
PhatPanda420: folds 
Jayhawks6655: folds 
Uncalled bet ($0.08) returned to norpo130
norpo130 collected $0.07 from pot
norpo130: doesn't show hand 
*** SUMMARY ***
Total pot $0.07 | Rake $0 
Seat 1: Koksmix87 (small blind) folded before Flop
Seat 2: PhatPanda420 (big blind) folded before Flop
Seat 3: mvscdrqcdl folded before Flop (didn't bet)
Seat 5: Jayhawks6655 folded before Flop (didn't bet)
Seat 6: Aemstro folded before Flop (didn't bet)
Seat 7: Dorex2007 folded before Flop (didn't bet)
Seat 8: norpo130 collected ($0.07)
Seat 9: tadao577 (button) folded before Flop (didn't bet)



PokerStars Hand #232733088041:  Hold'em No Limit ($0.01/$0.02 USD) - 2022/01/01 20:08:32 PT [2022/01/01 23:08:32 ET]
Table 'Mauritia IV' 9-max Seat #1 is the button
Seat 1: Koksmix87 ($2.11 in chips) 
Seat 2: PhatPanda420 ($2 in chips) 
Seat 4: kiling1 ($0.80 in chips) 
Seat 5: Jayhawks6655 ($1.98 in chips) 
Seat 6: Aemstro ($2.08 in chips) 
Seat 7: Dorex2007 ($2.19 in chips) 
Seat 8: norpo130 ($4.29 in chips) 
Seat 9: tadao577 ($3.08 in chips) 
PhatPanda420: posts small blind $0.01
mvscdrqcdl: is sitting out 
kiling1: posts big blind $0.02
*** HOLE CARDS ***
Dealt to Dorex2007 [5c 9d]
Jayhawks6655: folds 
Aemstro: folds 
Dorex2007: folds 
norpo130: raises $0.04 to $0.06
tadao577: calls $0.06
Koksmix87: folds 
PhatPanda420: folds 
kiling1: folds 
*** FLOP *** [2c 9c 2h]
norpo130: bets $0.06
tadao577: calls $0.06
*** TURN *** [2c 9c 2h] [Qd]
norpo130: bets $0.16
tadao577: folds 
Uncalled bet ($0.16) returned to norpo130
norpo130 collected $0.26 from pot
norpo130: doesn't show hand 
*** SUMMARY ***
Total pot $0.27 | Rake $0.01 
Board [2c 9c 2h Qd]
Seat 1: Koksmix87 (button) folded before Flop (didn't bet)
Seat 2: PhatPanda420 (small blind) folded before Flop
Seat 4: kiling1 (big blind) folded before Flop
Seat 5: Jayhawks6655 folded before Flop (didn't bet)
Seat 6: Aemstro folded before Flop (didn't bet)
Seat 7: Dorex2007 folded before Flop (didn't bet)
Seat 8: norpo130 collected ($0.26)
Seat 9: tadao577 folded on the Turn



PokerStars Hand #232733099855:  Hold'em No Limit ($0.01/$0.02 USD) - 2022/01/01 20:09:29 PT [2022/01/01 23:09:29 ET]
Table 'Mauritia IV' 9-max Seat #2 is the button
Seat 1: Koksmix87 ($2.11 in chips) 
Seat 2: PhatPanda420 ($2 in chips) 
Seat 4: kiling1 ($0.78 in chips) 
Seat 5: Jayhawks6655 ($1.98 in chips) 
Seat 6: Aemstro ($2.08 in chips) 
Seat 7: Dorex2007 ($2.19 in chips) 
Seat 8: norpo130 ($4.43 in chips) 
Seat 9: tadao577 ($2.96 in chips) 
kiling1: posts small blind $0.01
Jayhawks6655: posts big blind $0.02
*** HOLE CARDS ***
Dealt to Dorex2007 [2d Th]
Aemstro: folds 
Dorex2007: folds 
norpo130: folds 
tadao577: calls $0.02
Koksmix87: folds 
PhatPanda420: folds 
kiling1: calls $0.01
Jayhawks6655: checks 
*** FLOP *** [5s Kd 6d]
kiling1: bets $0.06
Jayhawks6655: folds 
tadao577: folds 
Uncalled bet ($0.06) returned to kiling1
kiling1 collected $0.06 from pot
kiling1: doesn't show hand 
*** SUMMARY ***
Total pot $0.06 | Rake $0 
Board [5s Kd 6d]
Seat 1: Koksmix87 folded before Flop (didn't bet)
Seat 2: PhatPanda420 (button) folded before Flop (didn't bet)
Seat 4: kiling1 (small blind) collected ($0.06)
Seat 5: Jayhawks6655 (big blind) folded on the Flop
Seat 6: Aemstro folded before Flop (didn't bet)
Seat 7: Dorex2007 folded before Flop (didn't bet)
Seat 8: norpo130 folded before Flop (didn't bet)
Seat 9: tadao577 folded on the Flop



PokerStars Hand #232733106235:  Hold'em No Limit ($0.01/$0.02 USD) - 2022/01/01 20:09:59 PT [2022/01/01 23:09:59 ET]
Table 'Mauritia IV' 9-max Seat #4 is the button
Seat 1: Koksmix87 ($2.11 in chips) 
Seat 2: PhatPanda420 ($2 in chips) 
Seat 4: kiling1 ($0.82 in chips) 
Seat 5: Jayhawks6655 ($1.96 in chips) 
Seat 6: Aemstro ($2.08 in chips) 
Seat 7: Dorex2007 ($2.19 in chips) 
Seat 8: norpo130 ($4.43 in chips) 
Seat 9: tadao577 ($2.94 in chips) 
Jayhawks6655: posts small blind $0.01
Aemstro: posts big blind $0.02
*** HOLE CARDS ***
Dealt to Dorex2007 [5d 6d]
Dorex2007: folds 
norpo130: folds 
tadao577: calls $0.02
Koksmix87: folds 
PhatPanda420: folds 
kiling1: folds 
Jayhawks6655: raises $0.04 to $0.06
Aemstro: folds 
tadao577: calls $0.04
*** FLOP *** [7c 8c 6h]
Jayhawks6655: bets $0.14
tadao577: folds 
Uncalled bet ($0.14) returned to Jayhawks6655
Jayhawks6655 collected $0.14 from pot
Jayhawks6655: doesn't show hand 
*** SUMMARY ***
Total pot $0.14 | Rake $0 
Board [7c 8c 6h]
Seat 1: Koksmix87 folded before Flop (didn't bet)
Seat 2: PhatPanda420 folded before Flop (didn't bet)
Seat 4: kiling1 (button) folded before Flop (didn't bet)
Seat 5: Jayhawks6655 (small blind) collected ($0.14)
Seat 6: Aemstro (big blind) folded before Flop
Seat 7: Dorex2007 folded before Flop (didn't bet)
Seat 8: norpo130 folded before Flop (didn't bet)
Seat 9: tadao577 folded on the Flop



PokerStars Hand #232733115154:  Hold'em No Limit ($0.01/$0.02 USD) - 2022/01/01 20:10:43 PT [2022/01/01 23:10:43 ET]
Table 'Mauritia IV' 9-max Seat #5 is the button
Seat 1: Koksmix87 ($2.11 in chips) 
Seat 2: PhatPanda420 ($2 in chips) 
Seat 4: kiling1 ($0.82 in chips) 
Seat 5: Jayhawks6655 ($2.04 in chips) 
Seat 6: Aemstro ($2.06 in chips) 
Seat 7: Dorex2007 ($2.19 in chips) 
Seat 8: norpo130 ($4.43 in chips) 
Seat 9: tadao577 ($2.88 in chips) 
Aemstro: posts small blind $0.01
Dorex2007: posts big blind $0.02
*** HOLE CARDS ***
Dealt to Dorex2007 [Qs 5h]
norpo130: folds 
tadao577: folds 
Koksmix87: folds 
PhatPanda420: folds 
kiling1: folds 
Jayhawks6655: raises $0.04 to $0.06
Aemstro: folds 
Dorex2007: folds 
Uncalled bet ($0.04) returned to Jayhawks6655
Jayhawks6655 collected $0.05 from pot
Jayhawks6655: doesn't show hand 
*** SUMMARY ***
Total pot $0.05 | Rake $0 
Seat 1: Koksmix87 folded before Flop (didn't bet)
Seat 2: PhatPanda420 folded before Flop (didn't bet)
Seat 4: kiling1 folded before Flop (didn't bet)
Seat 5: Jayhawks6655 (button) collected ($0.05)
Seat 6: Aemstro (small blind) folded before Flop
Seat 7: Dorex2007 (big blind) folded before Flop
Seat 8: norpo130 folded before Flop (didn't bet)
Seat 9: tadao577 folded before Flop (didn't bet)



PokerStars Hand #232733118644:  Hold'em No Limit ($0.01/$0.02 USD) - 2022/01/01 20:11:00 PT [2022/01/01 23:11:00 ET]
Table 'Mauritia IV' 9-max Seat #6 is the button
Seat 1: Koksmix87 ($2.11 in chips) 
Seat 2: PhatPanda420 ($2 in chips) 
Seat 4: kiling1 ($0.82 in chips) 
Seat 5: Jayhawks6655 ($2.07 in chips) 
Seat 6: Aemstro ($2.05 in chips) 
Seat 7: Dorex2007 ($2.17 in chips) 
Seat 8: norpo130 ($4.43 in chips) 
Seat 9: tadao577 ($2.88 in chips) 
Dorex2007: posts small blind $0.01
norpo130: posts big blind $0.02
*** HOLE CARDS ***
Dealt to Dorex2007 [Jc 5d]
tadao577: calls $0.02
Koksmix87: folds 
PhatPanda420: folds 
kiling1: folds 
Jayhawks6655: folds 
Aemstro: raises $0.04 to $0.06
Dorex2007: folds 
norpo130: calls $0.04
tadao577: folds 
*** FLOP *** [8d Kd 9d]
norpo130: checks 
Aemstro: bets $0.07
norpo130: calls $0.07
*** TURN *** [8d Kd 9d] [Kh]
norpo130: checks 
Aemstro: bets $0.12
norpo130: raises $0.16 to $0.28
Aemstro: calls $0.16
*** RIVER *** [8d Kd 9d Kh] [3d]
norpo130: checks 
Aemstro: bets $0.41
norpo130: calls $0.41
*** SHOW DOWN ***
Aemstro: shows [As Qd] (a flush, King high)
norpo130: mucks hand 
Aemstro collected $1.61 from pot
*** SUMMARY ***
Total pot $1.67 | Rake $0.06 
Board [8d Kd 9d Kh 3d]
Seat 1: Koksmix87 folded before Flop (didn't bet)
Seat 2: PhatPanda420 folded before Flop (didn't bet)
Seat 4: kiling1 folded before Flop (didn't bet)
Seat 5: Jayhawks6655 folded before Flop (didn't bet)
Seat 6: Aemstro (button) showed [As Qd] and won ($1.61) with a flush, King high
Seat 7: Dorex2007 (small blind) folded before Flop
Seat 8: norpo130 (big blind) mucked [Td Kc]
Seat 9: tadao577 folded before Flop



PokerStars Hand #232733141428:  Hold'em No Limit ($0.01/$0.02 USD) - 2022/01/01 20:12:52 PT [2022/01/01 23:12:52 ET]
Table 'Mauritia IV' 9-max Seat #7 is the button
Seat 1: Koksmix87 ($2.11 in chips) 
Seat 2: PhatPanda420 ($2 in chips) 
Seat 4: kiling1 ($0.82 in chips) 
Seat 5: Jayhawks6655 ($2.07 in chips) 
Seat 6: Aemstro ($2.84 in chips) 
Seat 7: Dorex2007 ($2.16 in chips) 
Seat 8: norpo130 ($3.61 in chips) 
Seat 9: tadao577 ($2.86 in chips) 
norpo130: posts small blind $0.01
tadao577: posts big blind $0.02
*** HOLE CARDS ***
Dealt to Dorex2007 [3d 7d]
Koksmix87: raises $0.04 to $0.06
PhatPanda420: folds 
kiling1: folds 
Jayhawks6655: folds 
Aemstro: folds 
Dorex2007: folds 
norpo130: calls $0.05
tadao577: folds 
*** FLOP *** [9h 6h Qc]
norpo130: checks 
Koksmix87: bets $0.08
norpo130: calls $0.08
*** TURN *** [9h 6h Qc] [Kd]
norpo130: checks 
Koksmix87: bets $0.16
norpo130: raises $0.18 to $0.34
Koksmix87: folds 
Uncalled bet ($0.18) returned to norpo130
norpo130 collected $0.60 from pot
norpo130: doesn't show hand 
*** SUMMARY ***
Total pot $0.62 | Rake $0.02 
Board [9h 6h Qc Kd]
Seat 1: Koksmix87 folded on the Turn
Seat 2: PhatPanda420 folded before Flop (didn't bet)
Seat 4: kiling1 folded before Flop (didn't bet)
Seat 5: Jayhawks6655 folded before Flop (didn't bet)
Seat 6: Aemstro folded before Flop (didn't bet)
Seat 7: Dorex2007 (button) folded before Flop (didn't bet)
Seat 8: norpo130 (small blind) collected ($0.60)
Seat 9: tadao577 (big blind) folded before Flop



PokerStars Hand #232733162156:  Hold'em No Limit ($0.01/$0.02 USD) - 2022/01/01 20:13:49 PT [2022/01/01 23:13:49 ET]
Table 'Mauritia IV' 9-max Seat #8 is the button
Seat 1: Koksmix87 ($2 in chips) 
Seat 2: PhatPanda420 ($2 in chips) 
Seat 4: kiling1 ($0.82 in chips) 
Seat 5: Jayhawks6655 ($2.07 in chips) 
Seat 6: Aemstro ($2.84 in chips) 
Seat 7: Dorex2007 ($2.16 in chips) 
Seat 8: norpo130 ($3.91 in chips) 
Seat 9: tadao577 ($2.84 in chips) 
tadao577: posts small blind $0.01
Koksmix87: posts big blind $0.02
*** HOLE CARDS ***
Dealt to Dorex2007 [Jc Ac]
PhatPanda420: folds 
kiling1: folds 
Jayhawks6655: raises $0.04 to $0.06
Aemstro: calls $0.06
Dorex2007: calls $0.06
norpo130: folds 
tadao577: folds 
Koksmix87: calls $0.04
*** FLOP *** [Qh 4c 5c]
Koksmix87: checks 
Jayhawks6655: bets $0.12
Aemstro: folds 
Dorex2007: calls $0.12
Koksmix87: folds 
*** TURN *** [Qh 4c 5c] [3h]
Jayhawks6655: checks 
Dorex2007: checks 
*** RIVER *** [Qh 4c 5c 3h] [7h]
Jayhawks6655: bets $0.47
Dorex2007: folds 
Uncalled bet ($0.47) returned to Jayhawks6655
Jayhawks6655 collected $0.47 from pot
Jayhawks6655: doesn't show hand 
*** SUMMARY ***
Total pot $0.49 | Rake $0.02 
Board [Qh 4c 5c 3h 7h]
Seat 1: Koksmix87 (big blind) folded on the Flop
Seat 2: PhatPanda420 folded before Flop (didn't bet)
Seat 4: kiling1 folded before Flop (didn't bet)
Seat 5: Jayhawks6655 collected ($0.47)
Seat 6: Aemstro folded on the Flop
Seat 7: Dorex2007 folded on the River
Seat 8: norpo130 (button) folded before Flop (didn't bet)
Seat 9: tadao577 (small blind) folded before Flop



PokerStars Hand #232733173748:  Hold'em No Limit ($0.01/$0.02 USD) - 2022/01/01 20:14:47 PT [2022/01/01 23:14:47 ET]
Table 'Mauritia IV' 9-max Seat #9 is the button
Seat 1: Koksmix87 ($2 in chips) 
Seat 2: PhatPanda420 ($2 in chips) 
Seat 3: mvscdrqcdl ($2 in chips) 
Seat 4: kiling1 ($0.82 in chips) 
Seat 5: Jayhawks6655 ($2.36 in chips) 
Seat 6: Aemstro ($2.78 in chips) 
Seat 7: Dorex2007 ($2 in chips) 
Seat 8: norpo130 ($3.91 in chips) 
Seat 9: tadao577 ($2.83 in chips) 
Koksmix87: posts small blind $0.01
PhatPanda420: posts big blind $0.02
mvscdrqcdl: posts small & big blinds $0.03
*** HOLE CARDS ***
Dealt to Dorex2007 [5h 5c]
mvscdrqcdl has timed out
mvscdrqcdl: checks 
kiling1: folds 
Jayhawks6655: folds 
Aemstro: folds 
Dorex2007: raises $0.04 to $0.06
norpo130: folds 
tadao577: folds 
Koksmix87: folds 
PhatPanda420: folds 
mvscdrqcdl has timed out
mvscdrqcdl: folds 
Uncalled bet ($0.04) returned to Dorex2007
Dorex2007 collected $0.08 from pot
Dorex2007: doesn't show hand 
*** SUMMARY ***
Total pot $0.08 | Rake $0 
Seat 1: Koksmix87 (small blind) folded before Flop
Seat 2: PhatPanda420 (big blind) folded before Flop
Seat 3: mvscdrqcdl folded before Flop (didn't bet)
Seat 4: kiling1 folded before Flop (didn't bet)
Seat 5: Jayhawks6655 folded before Flop (didn't bet)
Seat 6: Aemstro folded before Flop (didn't bet)
Seat 7: Dorex2007 collected ($0.08)
Seat 8: norpo130 folded before Flop (didn't bet)
Seat 9: tadao577 (button) folded before Flop (didn't bet)



PokerStars Hand #232733188259:  Hold'em No Limit ($0.01/$0.02 USD) - 2022/01/01 20:15:59 PT [2022/01/01 23:15:59 ET]
Table 'Mauritia IV' 9-max Seat #1 is the button
Seat 1: Koksmix87 ($2 in chips) 
Seat 2: PhatPanda420 ($2 in chips) 
Seat 4: kiling1 ($0.82 in chips) 
Seat 5: Jayhawks6655 ($2.36 in chips) 
Seat 6: Aemstro ($2.78 in chips) 
Seat 7: Dorex2007 ($2.06 in chips) 
Seat 8: norpo130 ($3.91 in chips) 
Seat 9: tadao577 ($2.83 in chips) 
PhatPanda420: posts small blind $0.01
kiling1: posts big blind $0.02
*** HOLE CARDS ***
Dealt to Dorex2007 [Kd 3h]
Jayhawks6655: raises $0.04 to $0.06
Aemstro said, "h"
Aemstro: folds 
Dorex2007: folds 
norpo130: folds 
tadao577: calls $0.06
Koksmix87: calls $0.06
PhatPanda420: folds 
kiling1: folds 
*** FLOP *** [7s Qc 5s]
Jayhawks6655: checks 
tadao577: bets $0.06
Koksmix87: calls $0.06
Jayhawks6655: folds 
*** TURN *** [7s Qc 5s] [6d]
tadao577: bets $0.10
Koksmix87: folds 
Uncalled bet ($0.10) returned to tadao577
tadao577 collected $0.32 from pot
tadao577: doesn't show hand 
*** SUMMARY ***
Total pot $0.33 | Rake $0.01 
Board [7s Qc 5s 6d]
Seat 1: Koksmix87 (button) folded on the Turn
Seat 2: PhatPanda420 (small blind) folded before Flop
Seat 4: kiling1 (big blind) folded before Flop
Seat 5: Jayhawks6655 folded on the Flop
Seat 6: Aemstro folded before Flop (didn't bet)
Seat 7: Dorex2007 folded before Flop (didn't bet)
Seat 8: norpo130 folded before Flop (didn't bet)
Seat 9: tadao577 collected ($0.32)



PokerStars Hand #232733205779:  Hold'em No Limit ($0.01/$0.02 USD) - 2022/01/01 20:17:08 PT [2022/01/01 23:17:08 ET]
Table 'Mauritia IV' 9-max Seat #2 is the button
Seat 1: Koksmix87 ($2 in chips) 
Seat 2: PhatPanda420 ($2 in chips) 
Seat 4: kiling1 ($0.80 in chips) 
Seat 5: Jayhawks6655 ($2.30 in chips) 
Seat 6: Aemstro ($2.78 in chips) 
Seat 7: Dorex2007 ($2.06 in chips) 
Seat 8: norpo130 ($3.91 in chips) 
Seat 9: tadao577 ($3.03 in chips) 
kiling1: posts small blind $0.01
Jayhawks6655: posts big blind $0.02
*** HOLE CARDS ***
Dealt to Dorex2007 [4h 5s]
Aemstro: folds 
Dorex2007: folds 
norpo130: folds 
tadao577: calls $0.02
Koksmix87: folds 
PhatPanda420: folds 
kiling1: folds 
Jayhawks6655: checks 
*** FLOP *** [4c 7s Jh]
Jayhawks6655: bets $0.05
tadao577: calls $0.05
*** TURN *** [4c 7s Jh] [Ad]
Jayhawks6655: checks 
tadao577: checks 
*** RIVER *** [4c 7s Jh Ad] [Qs]
Jayhawks6655: bets $0.14
tadao577: raises $0.14 to $0.28
Jayhawks6655: calls $0.14
*** SHOW DOWN ***
tadao577: shows [Ac 7d] (two pair, Aces and Sevens)
Jayhawks6655: mucks hand 
tadao577 collected $0.69 from pot
*** SUMMARY ***
Total pot $0.71 | Rake $0.02 
Board [4c 7s Jh Ad Qs]
Seat 1: Koksmix87 folded before Flop (didn't bet)
Seat 2: PhatPanda420 (button) folded before Flop (didn't bet)
Seat 4: kiling1 (small blind) folded before Flop
Seat 5: Jayhawks6655 (big blind) mucked [7c Qh]
Seat 6: Aemstro folded before Flop (didn't bet)
Seat 7: Dorex2007 folded before Flop (didn't bet)
Seat 8: norpo130 folded before Flop (didn't bet)
Seat 9: tadao577 showed [Ac 7d] and won ($0.69) with two pair, Aces and Sevens



PokerStars Hand #232733218300:  Hold'em No Limit ($0.01/$0.02 USD) - 2022/01/01 20:18:11 PT [2022/01/01 23:18:11 ET]
Table 'Mauritia IV' 9-max Seat #4 is the button
Seat 1: Koksmix87 ($2 in chips) 
Seat 2: PhatPanda420 ($2 in chips) 
Seat 4: kiling1 ($0.79 in chips) 
Seat 5: Jayhawks6655 ($1.95 in chips) 
Seat 6: Aemstro ($2.78 in chips) 
Seat 7: Dorex2007 ($2.06 in chips) 
Seat 8: norpo130 ($3.91 in chips) 
Seat 9: tadao577 ($3.37 in chips) 
Jayhawks6655: posts small blind $0.01
Aemstro: posts big blind $0.02
*** HOLE CARDS ***
Dealt to Dorex2007 [Ad Qc]
Dorex2007: raises $0.04 to $0.06
norpo130: folds 
tadao577: calls $0.06
Koksmix87: folds 
PhatPanda420: folds 
kiling1: folds 
Jayhawks6655: calls $0.05
Aemstro: folds 
*** FLOP *** [Ts 6c Kc]
Jayhawks6655: checks 
Dorex2007: bets $0.10
tadao577: folds 
Jayhawks6655: folds 
Uncalled bet ($0.10) returned to Dorex2007
Dorex2007 collected $0.19 from pot
Dorex2007: doesn't show hand 
*** SUMMARY ***
Total pot $0.20 | Rake $0.01 
Board [Ts 6c Kc]
Seat 1: Koksmix87 folded before Flop (didn't bet)
Seat 2: PhatPanda420 folded before Flop (didn't bet)
Seat 4: kiling1 (button) folded before Flop (didn't bet)
Seat 5: Jayhawks6655 (small blind) folded on the Flop
Seat 6: Aemstro (big blind) folded before Flop
Seat 7: Dorex2007 collected ($0.19)
Seat 8: norpo130 folded before Flop (didn't bet)
Seat 9: tadao577 folded on the Flop



PokerStars Hand #232733231153:  Hold'em No Limit ($0.01/$0.02 USD) - 2022/01/01 20:19:15 PT [2022/01/01 23:19:15 ET]
Table 'Mauritia IV' 9-max Seat #5 is the button
Seat 1: Koksmix87 ($2 in chips) 
Seat 2: PhatPanda420 ($2 in chips) 
Seat 4: kiling1 ($0.79 in chips) 
Seat 5: Jayhawks6655 ($1.89 in chips) 
Seat 6: Aemstro ($2.76 in chips) 
Seat 7: Dorex2007 ($2.19 in chips) 
Seat 8: norpo130 ($3.91 in chips) 
Seat 9: tadao577 ($3.31 in chips) 
Aemstro: posts small blind $0.01
Dorex2007: posts big blind $0.02
*** HOLE CARDS ***
Dealt to Dorex2007 [Td 4s]
norpo130: folds 
tadao577: calls $0.02
Koksmix87: raises $0.07 to $0.09
PhatPanda420: folds 
kiling1: folds 
Jayhawks6655: calls $0.09
Aemstro: folds 
Dorex2007: folds 
tadao577: folds 
*** FLOP *** [8c 2d 3c]
Koksmix87: bets $0.17
Jayhawks6655: folds 
Uncalled bet ($0.17) returned to Koksmix87
Koksmix87 collected $0.22 from pot
Koksmix87: doesn't show hand 
*** SUMMARY ***
Total pot $0.23 | Rake $0.01 
Board [8c 2d 3c]
Seat 1: Koksmix87 collected ($0.22)
Seat 2: PhatPanda420 folded before Flop (didn't bet)
Seat 4: kiling1 folded before Flop (didn't bet)
Seat 5: Jayhawks6655 (button) folded on the Flop
Seat 6: Aemstro (small blind) folded before Flop
Seat 7: Dorex2007 (big blind) folded before Flop
Seat 8: norpo130 folded before Flop (didn't bet)
Seat 9: tadao577 folded before Flop



PokerStars Hand #232733239199:  Hold'em No Limit ($0.01/$0.02 USD) - 2022/01/01 20:19:55 PT [2022/01/01 23:19:55 ET]
Table 'Mauritia IV' 9-max Seat #6 is the button
Seat 1: Koksmix87 ($2.13 in chips) 
Seat 2: PhatPanda420 ($2 in chips) 
Seat 3: mvscdrqcdl ($1.97 in chips) 
Seat 4: kiling1 ($0.79 in chips) 
Seat 5: Jayhawks6655 ($1.80 in chips) 
Seat 6: Aemstro ($2.75 in chips) 
Seat 7: Dorex2007 ($2.17 in chips) 
Seat 8: norpo130 ($3.91 in chips) 
Seat 9: tadao577 ($3.29 in chips) 
Dorex2007: posts small blind $0.01
norpo130: posts big blind $0.02
mvscdrqcdl: posts small & big blinds $0.03
*** HOLE CARDS ***
Dealt to Dorex2007 [2s Ks]
tadao577: folds 
Koksmix87: folds 
PhatPanda420: folds 
mvscdrqcdl: checks 
kiling1: folds 
Jayhawks6655: calls $0.02
Aemstro: folds 
Dorex2007: folds 
norpo130: checks 
*** FLOP *** [8h Tc 2h]
norpo130: checks 
mvscdrqcdl: checks 
Jayhawks6655: bets $0.04
norpo130: folds 
mvscdrqcdl: folds 
Uncalled bet ($0.04) returned to Jayhawks6655
Jayhawks6655 collected $0.08 from pot
Jayhawks6655: doesn't show hand 
*** SUMMARY ***
Total pot $0.08 | Rake $0 
Board [8h Tc 2h]
Seat 1: Koksmix87 folded before Flop (didn't bet)
Seat 2: PhatPanda420 folded before Flop (didn't bet)
Seat 3: mvscdrqcdl folded on the Flop (didn't bet)
Seat 4: kiling1 folded before Flop (didn't bet)
Seat 5: Jayhawks6655 collected ($0.08)
Seat 6: Aemstro (button) folded before Flop (didn't bet)
Seat 7: Dorex2007 (small blind) folded before Flop
Seat 8: norpo130 (big blind) folded on the Flop
Seat 9: tadao577 folded before Flop (didn't bet)



PokerStars Hand #232733249793:  Hold'em No Limit ($0.01/$0.02 USD) - 2022/01/01 20:20:47 PT [2022/01/01 23:20:47 ET]
Table 'Mauritia IV' 9-max Seat #7 is the button
Seat 1: Koksmix87 ($2.13 in chips) 
Seat 2: PhatPanda420 ($2 in chips) 
Seat 3: mvscdrqcdl ($1.94 in chips) 
Seat 4: kiling1 ($0.79 in chips) 
Seat 5: Jayhawks6655 ($1.86 in chips) 
Seat 6: Aemstro ($2.75 in chips) 
Seat 7: Dorex2007 ($2.16 in chips) 
Seat 8: norpo130 ($3.89 in chips) 
Seat 9: tadao577 ($3.29 in chips) 
norpo130: posts small blind $0.01
tadao577: posts big blind $0.02
*** HOLE CARDS ***
Dealt to Dorex2007 [Jd 2c]
Koksmix87: folds 
PhatPanda420: raises $0.03 to $0.05
mvscdrqcdl has timed out
mvscdrqcdl: folds 
kiling1: folds 
Jayhawks6655: folds 
Aemstro: folds 
Dorex2007: folds 
norpo130: folds 
tadao577: calls $0.03
*** FLOP *** [Ts 9d 6h]
tadao577: checks 
PhatPanda420: bets $0.06
tadao577: folds 
Uncalled bet ($0.06) returned to PhatPanda420
PhatPanda420 collected $0.11 from pot
PhatPanda420: doesn't show hand 
*** SUMMARY ***
Total pot $0.11 | Rake $0 
Board [Ts 9d 6h]
Seat 1: Koksmix87 folded before Flop (didn't bet)
Seat 2: PhatPanda420 collected ($0.11)
Seat 3: mvscdrqcdl folded before Flop (didn't bet)
Seat 4: kiling1 folded before Flop (didn't bet)
Seat 5: Jayhawks6655 folded before Flop (didn't bet)
Seat 6: Aemstro folded before Flop (didn't bet)
Seat 7: Dorex2007 (button) folded before Flop (didn't bet)
Seat 8: norpo130 (small blind) folded before Flop
Seat 9: tadao577 (big blind) folded on the Flop



PokerStars Hand #232733260483:  Hold'em No Limit ($0.01/$0.02 USD) - 2022/01/01 20:21:41 PT [2022/01/01 23:21:41 ET]
Table 'Mauritia IV' 9-max Seat #8 is the button
Seat 1: Koksmix87 ($2.13 in chips) 
Seat 2: PhatPanda420 ($2.06 in chips) 
Seat 3: mvscdrqcdl ($1.94 in chips) 
Seat 4: kiling1 ($0.79 in chips) 
Seat 5: Jayhawks6655 ($1.86 in chips) 
Seat 6: Aemstro ($2.75 in chips) 
Seat 7: Dorex2007 ($2.16 in chips) 
Seat 8: norpo130 ($3.88 in chips) 
Seat 9: tadao577 ($3.24 in chips) 
tadao577: posts small blind $0.01
Koksmix87: posts big blind $0.02
*** HOLE CARDS ***
Dealt to Dorex2007 [5c 7h]
PhatPanda420: folds 
mvscdrqcdl: raises $0.06 to $0.08
kiling1: folds 
Jayhawks6655: folds 
Aemstro: folds 
Dorex2007: folds 
norpo130: folds 
tadao577: folds 
Koksmix87: folds 
Uncalled bet ($0.06) returned to mvscdrqcdl
mvscdrqcdl collected $0.05 from pot
mvscdrqcdl: doesn't show hand 
*** SUMMARY ***
Total pot $0.05 | Rake $0 
Seat 1: Koksmix87 (big blind) folded before Flop
Seat 2: PhatPanda420 folded before Flop (didn't bet)
Seat 3: mvscdrqcdl collected ($0.05)
Seat 4: kiling1 folded before Flop (didn't bet)
Seat 5: Jayhawks6655 folded before Flop (didn't bet)
Seat 6: Aemstro folded before Flop (didn't bet)
Seat 7: Dorex2007 folded before Flop (didn't bet)
Seat 8: norpo130 (button) folded before Flop (didn't bet)
Seat 9: tadao577 (small blind) folded before Flop



PokerStars Hand #232733264045:  Hold'em No Limit ($0.01/$0.02 USD) - 2022/01/01 20:21:59 PT [2022/01/01 23:21:59 ET]
Table 'Mauritia IV' 9-max Seat #9 is the button
Seat 1: Koksmix87 ($2.11 in chips) 
Seat 2: PhatPanda420 ($2.06 in chips) 
Seat 3: mvscdrqcdl ($1.97 in chips) 
Seat 4: kiling1 ($0.79 in chips) 
Seat 5: Jayhawks6655 ($1.86 in chips) 
Seat 6: Aemstro ($2.75 in chips) 
Seat 7: Dorex2007 ($2.16 in chips) 
Seat 8: norpo130 ($3.88 in chips) 
Seat 9: tadao577 ($3.23 in chips) 
Koksmix87: posts small blind $0.01
PhatPanda420: posts big blind $0.02
*** HOLE CARDS ***
Dealt to Dorex2007 [6s Js]
mvscdrqcdl: folds 
kiling1: folds 
Jayhawks6655: calls $0.02
Aemstro: folds 
Dorex2007: folds 
norpo130: folds 
tadao577: calls $0.02
Koksmix87: folds 
PhatPanda420: checks 
*** FLOP *** [As Th 5d]
PhatPanda420: checks 
Jayhawks6655: checks 
tadao577: checks 
*** TURN *** [As Th 5d] [4h]
PhatPanda420: checks 
Jayhawks6655: checks 
tadao577: checks 
*** RIVER *** [As Th 5d 4h] [3s]
PhatPanda420: checks 
Jayhawks6655: checks 
tadao577: bets $0.06
PhatPanda420: folds 
Jayhawks6655: folds 
Uncalled bet ($0.06) returned to tadao577
tadao577 collected $0.07 from pot
tadao577: doesn't show hand 
*** SUMMARY ***
Total pot $0.07 | Rake $0 
Board [As Th 5d 4h 3s]
Seat 1: Koksmix87 (small blind) folded before Flop
Seat 2: PhatPanda420 (big blind) folded on the River
Seat 3: mvscdrqcdl folded before Flop (didn't bet)
Seat 4: kiling1 folded before Flop (didn't bet)
Seat 5: Jayhawks6655 folded on the River
Seat 6: Aemstro folded before Flop (didn't bet)
Seat 7: Dorex2007 folded before Flop (didn't bet)
Seat 8: norpo130 folded before Flop (didn't bet)
Seat 9: tadao577 (button) collected ($0.07)



PokerStars Hand #232733275889:  Hold'em No Limit ($0.01/$0.02 USD) - 2022/01/01 20:22:59 PT [2022/01/01 23:22:59 ET]
Table 'Mauritia IV' 9-max Seat #1 is the button
Seat 1: Koksmix87 ($2.10 in chips) 
Seat 2: PhatPanda420 ($2.04 in chips) 
Seat 3: mvscdrqcdl ($1.97 in chips) 
Seat 4: kiling1 ($0.79 in chips) 
Seat 5: Jayhawks6655 ($1.84 in chips) 
Seat 6: Aemstro ($2.75 in chips) 
Seat 7: Dorex2007 ($2.16 in chips) 
Seat 8: norpo130 ($3.88 in chips) 
Seat 9: tadao577 ($3.28 in chips) 
PhatPanda420: posts small blind $0.01
mvscdrqcdl: posts big blind $0.02
*** HOLE CARDS ***
Dealt to Dorex2007 [2c Ac]
kiling1: folds 
Jayhawks6655: raises $0.04 to $0.06
Aemstro: folds 
Dorex2007: folds 
norpo130: calls $0.06
tadao577: folds 
Koksmix87: calls $0.06
PhatPanda420: folds 
mvscdrqcdl has timed out
mvscdrqcdl: folds 
*** FLOP *** [Qs As 5c]
Jayhawks6655: bets $0.20
norpo130: calls $0.20
Koksmix87: folds 
*** TURN *** [Qs As 5c] [Qd]
Jayhawks6655: bets $0.59
norpo130: calls $0.59
*** RIVER *** [Qs As 5c Qd] [6c]
Jayhawks6655: checks 
norpo130: bets $1
Jayhawks6655: calls $0.99 and is all-in
Uncalled bet ($0.01) returned to norpo130
*** SHOW DOWN ***
norpo130: shows [5s 5h] (a full house, Fives full of Queens)
Jayhawks6655: shows [Qc Js] (three of a kind, Queens)
norpo130 collected $3.64 from pot
*** SUMMARY ***
Total pot $3.77 | Rake $0.13 
Board [Qs As 5c Qd 6c]
Seat 1: Koksmix87 (button) folded on the Flop
Seat 2: PhatPanda420 (small blind) folded before Flop
Seat 3: mvscdrqcdl (big blind) folded before Flop
Seat 4: kiling1 folded before Flop (didn't bet)
Seat 5: Jayhawks6655 showed [Qc Js] and lost with three of a kind, Queens
Seat 6: Aemstro folded before Flop (didn't bet)
Seat 7: Dorex2007 folded before Flop (didn't bet)
Seat 8: norpo130 showed [5s 5h] and won ($3.64) with a full house, Fives full of Queens
Seat 9: tadao577 folded before Flop (didn't bet)



PokerStars Hand #232733302419:  Hold'em No Limit ($0.01/$0.02 USD) - 2022/01/01 20:24:57 PT [2022/01/01 23:24:57 ET]
Table 'Mauritia IV' 9-max Seat #2 is the button
Seat 1: Koksmix87 ($2.04 in chips) 
Seat 2: PhatPanda420 ($2.03 in chips) 
Seat 4: kiling1 ($0.79 in chips) 
Seat 6: Aemstro ($2.75 in chips) 
Seat 7: Dorex2007 ($2.16 in chips) 
Seat 8: norpo130 ($5.68 in chips) 
kiling1: posts small blind $0.01
Aemstro: posts big blind $0.02
*** HOLE CARDS ***
Dealt to Dorex2007 [6h 8c]
Dorex2007: folds 
norpo130: raises $0.02 to $0.04
Koksmix87: folds 
PhatPanda420: folds 
Jayhawks6655 leaves the table
kiling1: raises $0.10 to $0.14
Aemstro: folds 
norpo130: folds 
Uncalled bet ($0.10) returned to kiling1
kiling1 collected $0.10 from pot
kiling1: doesn't show hand 
*** SUMMARY ***
Total pot $0.10 | Rake $0 
Seat 1: Koksmix87 folded before Flop (didn't bet)
Seat 2: PhatPanda420 (button) folded before Flop (didn't bet)
Seat 4: kiling1 (small blind) collected ($0.10)
Seat 6: Aemstro (big blind) folded before Flop
Seat 7: Dorex2007 folded before Flop (didn't bet)
Seat 8: norpo130 folded before Flop



PokerStars Hand #232733308340:  Hold'em No Limit ($0.01/$0.02 USD) - 2022/01/01 20:25:27 PT [2022/01/01 23:25:27 ET]
Table 'Mauritia IV' 9-max Seat #4 is the button
Seat 1: Koksmix87 ($2.04 in chips) 
Seat 2: PhatPanda420 ($2.03 in chips) 
Seat 4: kiling1 ($0.85 in chips) 
Seat 6: Aemstro ($2.73 in chips) 
Seat 7: Dorex2007 ($2.16 in chips) 
Seat 8: norpo130 ($5.64 in chips) 
Aemstro: posts small blind $0.01
Dorex2007: posts big blind $0.02
*** HOLE CARDS ***
Dealt to Dorex2007 [5s Th]
norpo130: folds 
norpo130 leaves the table
Koksmix87: folds 
PhatPanda420: folds 
kiling1: raises $0.03 to $0.05
Aemstro: folds 
Dorex2007: folds 
Uncalled bet ($0.03) returned to kiling1
kiling1 collected $0.05 from pot
kiling1: doesn't show hand 
*** SUMMARY ***
Total pot $0.05 | Rake $0 
Seat 1: Koksmix87 folded before Flop (didn't bet)
Seat 2: PhatPanda420 folded before Flop (didn't bet)
Seat 4: kiling1 (button) collected ($0.05)
Seat 6: Aemstro (small blind) folded before Flop
Seat 7: Dorex2007 (big blind) folded before Flop
Seat 8: norpo130 folded before Flop (didn't bet)



PokerStars Hand #232733313698:  Hold'em No Limit ($0.01/$0.02 USD) - 2022/01/01 20:25:55 PT [2022/01/01 23:25:55 ET]
Table 'Mauritia IV' 9-max Seat #6 is the button
Seat 1: Koksmix87 ($2.04 in chips) 
Seat 2: PhatPanda420 ($2.03 in chips) 
Seat 4: kiling1 ($0.88 in chips) 
Seat 6: Aemstro ($2.72 in chips) 
Seat 7: Dorex2007 ($2.14 in chips) 
Dorex2007: posts small blind $0.01
Koksmix87: posts big blind $0.02
*** HOLE CARDS ***
Dealt to Dorex2007 [2c 3d]
PhatPanda420: folds 
kiling1: folds 
Aemstro: raises $0.02 to $0.04
Dorex2007: folds 
Koksmix87: folds 
Uncalled bet ($0.02) returned to Aemstro
Aemstro collected $0.05 from pot
Aemstro: doesn't show hand 
*** SUMMARY ***
Total pot $0.05 | Rake $0 
Seat 1: Koksmix87 (big blind) folded before Flop
Seat 2: PhatPanda420 folded before Flop (didn't bet)
Seat 4: kiling1 folded before Flop (didn't bet)
Seat 6: Aemstro (button) collected ($0.05)
Seat 7: Dorex2007 (small blind) folded before Flop



PokerStars Hand #232733315874:  Hold'em No Limit ($0.01/$0.02 USD) - 2022/01/01 20:26:06 PT [2022/01/01 23:26:06 ET]
Table 'Mauritia IV' 9-max Seat #7 is the button
Seat 1: Koksmix87 ($2.02 in chips) 
Seat 2: PhatPanda420 ($2.03 in chips) 
Seat 4: kiling1 ($0.88 in chips) 
Seat 6: Aemstro ($2.75 in chips) 
Seat 7: Dorex2007 ($2.13 in chips) 
Koksmix87: posts small blind $0.01
PhatPanda420: posts big blind $0.02
*** HOLE CARDS ***
Dealt to Dorex2007 [Td 4d]
kiling1: folds 
Aemstro: folds 
Dorex2007: folds 
Koksmix87: folds 
Uncalled bet ($0.01) returned to PhatPanda420
PhatPanda420 collected $0.02 from pot
PhatPanda420: doesn't show hand 
*** SUMMARY ***
Total pot $0.02 | Rake $0 
Seat 1: Koksmix87 (small blind) folded before Flop
Seat 2: PhatPanda420 (big blind) collected ($0.02)
Seat 4: kiling1 folded before Flop (didn't bet)
Seat 6: Aemstro folded before Flop (didn't bet)
Seat 7: Dorex2007 (button) folded before Flop (didn't bet)



PokerStars Hand #232733318334:  Hold'em No Limit ($0.01/$0.02 USD) - 2022/01/01 20:26:19 PT [2022/01/01 23:26:19 ET]
Table 'Mauritia IV' 9-max Seat #1 is the button
Seat 1: Koksmix87 ($2.01 in chips) 
Seat 2: PhatPanda420 ($2.04 in chips) 
Seat 4: kiling1 ($0.88 in chips) 
Seat 6: Aemstro ($2.75 in chips) 
Seat 7: Dorex2007 ($2.13 in chips) 
PhatPanda420: posts small blind $0.01
kiling1: posts big blind $0.02
*** HOLE CARDS ***
Dealt to Dorex2007 [Ts 6s]
Aemstro: folds 
Dorex2007: folds 
Koksmix87: folds 
PhatPanda420: folds 
Uncalled bet ($0.01) returned to kiling1
kiling1 collected $0.02 from pot
*** SUMMARY ***
Total pot $0.02 | Rake $0 
Seat 1: Koksmix87 (button) folded before Flop (didn't bet)
Seat 2: PhatPanda420 (small blind) folded before Flop
Seat 4: kiling1 (big blind) collected ($0.02)
Seat 6: Aemstro folded before Flop (didn't bet)
Seat 7: Dorex2007 folded before Flop (didn't bet)



PokerStars Hand #232733319975:  Hold'em No Limit ($0.01/$0.02 USD) - 2022/01/01 20:26:27 PT [2022/01/01 23:26:27 ET]
Table 'Mauritia IV' 9-max Seat #2 is the button
Seat 1: Koksmix87 ($2.01 in chips) 
Seat 2: PhatPanda420 ($2.03 in chips) 
Seat 4: kiling1 ($0.89 in chips) 
Seat 6: Aemstro ($2.75 in chips) 
Seat 7: Dorex2007 ($2.13 in chips) 
kiling1: posts small blind $0.01
Aemstro: posts big blind $0.02
*** HOLE CARDS ***
Dealt to Dorex2007 [Qc 3c]
Dorex2007: folds 
Koksmix87: raises $0.04 to $0.06
PhatPanda420: raises $0.15 to $0.21
kiling1: folds 
Aemstro: folds 
Koksmix87: raises $1.80 to $2.01 and is all-in
PhatPanda420: folds 
Uncalled bet ($1.80) returned to Koksmix87
Koksmix87 collected $0.45 from pot
Koksmix87: doesn't show hand 
*** SUMMARY ***
Total pot $0.45 | Rake $0 
Seat 1: Koksmix87 collected ($0.45)
Seat 2: PhatPanda420 (button) folded before Flop
Seat 4: kiling1 (small blind) folded before Flop
Seat 6: Aemstro (big blind) folded before Flop
Seat 7: Dorex2007 folded before Flop (didn't bet)



PokerStars Hand #232733329701:  Hold'em No Limit ($0.01/$0.02 USD) - 2022/01/01 20:27:17 PT [2022/01/01 23:27:17 ET]
Table 'Mauritia IV' 9-max Seat #4 is the button
Seat 1: Koksmix87 ($2.25 in chips) 
Seat 2: PhatPanda420 ($2 in chips) 
Seat 4: kiling1 ($0.88 in chips) 
Seat 6: Aemstro ($2.73 in chips) 
Seat 7: Dorex2007 ($2.13 in chips) 
Seat 9: tadao577 ($3.28 in chips) 
Aemstro: posts small blind $0.01
Dorex2007: posts big blind $0.02
tadao577: posts small & big blinds $0.03
*** HOLE CARDS ***
Dealt to Dorex2007 [8d 4h]
tadao577: checks 
Koksmix87: folds 
PhatPanda420: folds 
kiling1: folds 
Aemstro: folds 
Dorex2007: checks 
*** FLOP *** [2h Kc 3d]
Dorex2007: checks 
tadao577: checks 
*** TURN *** [2h Kc 3d] [Tc]
Dorex2007: checks 
tadao577: checks 
*** RIVER *** [2h Kc 3d Tc] [2d]
Dorex2007: checks 
tadao577: checks 
*** SHOW DOWN ***
Dorex2007: shows [8d 4h] (a pair of Deuces)
tadao577: shows [5h Qc] (a pair of Deuces - King+Queen kicker)
tadao577 collected $0.06 from pot
*** SUMMARY ***
Total pot $0.06 | Rake $0 
Board [2h Kc 3d Tc 2d]
Seat 1: Koksmix87 folded before Flop (didn't bet)
Seat 2: PhatPanda420 folded before Flop (didn't bet)
Seat 4: kiling1 (button) folded before Flop (didn't bet)
Seat 6: Aemstro (small blind) folded before Flop
Seat 7: Dorex2007 (big blind) showed [8d 4h] and lost with a pair of Deuces
Seat 9: tadao577 showed [5h Qc] and won ($0.06) with a pair of Deuces



PokerStars Hand #232733337517:  Hold'em No Limit ($0.01/$0.02 USD) - 2022/01/01 20:27:57 PT [2022/01/01 23:27:57 ET]
Table 'Mauritia IV' 9-max Seat #6 is the button
Seat 1: Koksmix87 ($2.25 in chips) 
Seat 2: PhatPanda420 ($2 in chips) 
Seat 4: kiling1 ($0.88 in chips) 
Seat 6: Aemstro ($2.72 in chips) 
Seat 7: Dorex2007 ($2.11 in chips) 
Seat 9: tadao577 ($3.31 in chips) 
Dorex2007: posts small blind $0.01
tadao577: posts big blind $0.02
*** HOLE CARDS ***
Dealt to Dorex2007 [Jh Tc]
Koksmix87: folds 
luis39 joins the table at seat #5 
PhatPanda420: folds 
kiling1: folds 
Aemstro: folds 
Dorex2007: raises $0.02 to $0.04
tadao577: calls $0.02
*** FLOP *** [8h Qh 6c]
Dorex2007: checks 
tadao577: checks 
*** TURN *** [8h Qh 6c] [4d]
agonzalezelh joins the table at seat #8 
Dorex2007: bets $0.08
tadao577: folds 
Uncalled bet ($0.08) returned to Dorex2007
Dorex2007 collected $0.08 from pot
Dorex2007: doesn't show hand 
*** SUMMARY ***
Total pot $0.08 | Rake $0 
Board [8h Qh 6c 4d]
Seat 1: Koksmix87 folded before Flop (didn't bet)
Seat 2: PhatPanda420 folded before Flop (didn't bet)
Seat 4: kiling1 folded before Flop (didn't bet)
Seat 6: Aemstro (button) folded before Flop (didn't bet)
Seat 7: Dorex2007 (small blind) collected ($0.08)
Seat 9: tadao577 (big blind) folded on the Turn



PokerStars Hand #232733345256:  Hold'em No Limit ($0.01/$0.02 USD) - 2022/01/01 20:28:28 PT [2022/01/01 23:28:28 ET]
Table 'Mauritia IV' 9-max Seat #7 is the button
Seat 1: Koksmix87 ($2.25 in chips) 
Seat 2: PhatPanda420 ($2 in chips) 
Seat 4: kiling1 ($0.88 in chips) 
Seat 6: Aemstro ($2.72 in chips) 
Seat 7: Dorex2007 ($2.15 in chips) 
Seat 9: tadao577 ($3.27 in chips) 
tadao577: posts small blind $0.01
Koksmix87: posts big blind $0.02
luis39: sits out 
*** HOLE CARDS ***
Dealt to Dorex2007 [Td 5d]
PhatPanda420: folds 
kiling1: folds 
Aemstro: raises $0.02 to $0.04
Dorex2007: folds 
tadao577: calls $0.03
Koksmix87: folds 
*** FLOP *** [9d 5s Kh]
tadao577: checks 
Aemstro: bets $0.06
tadao577: folds 
Uncalled bet ($0.06) returned to Aemstro
Aemstro collected $0.10 from pot
Aemstro: doesn't show hand 
*** SUMMARY ***
Total pot $0.10 | Rake $0 
Board [9d 5s Kh]
Seat 1: Koksmix87 (big blind) folded before Flop
Seat 2: PhatPanda420 folded before Flop (didn't bet)
Seat 4: kiling1 folded before Flop (didn't bet)
Seat 6: Aemstro collected ($0.10)
Seat 7: Dorex2007 (button) folded before Flop (didn't bet)
Seat 9: tadao577 (small blind) folded on the Flop



PokerStars Hand #232733351253:  Hold'em No Limit ($0.01/$0.02 USD) - 2022/01/01 20:28:59 PT [2022/01/01 23:28:59 ET]
Table 'Mauritia IV' 9-max Seat #9 is the button
Seat 1: Koksmix87 ($2.23 in chips) 
Seat 2: PhatPanda420 ($2 in chips) 
Seat 4: kiling1 ($0.88 in chips) 
Seat 5: luis39 ($0.80 in chips) 
Seat 6: Aemstro ($2.78 in chips) 
Seat 7: Dorex2007 ($2.15 in chips) 
Seat 8: agonzalezelh ($0.80 in chips) 
Seat 9: tadao577 ($3.23 in chips) 
Koksmix87: posts small blind $0.01
PhatPanda420: posts big blind $0.02
luis39: posts big blind $0.02
agonzalezelh: posts big blind $0.02
*** HOLE CARDS ***
Dealt to Dorex2007 [5h 2c]
kiling1: folds 
luis39: checks 
Aemstro: folds 
Dorex2007: folds 
agonzalezelh: raises $0.04 to $0.06
tadao577: calls $0.06
Koksmix87: folds 
PhatPanda420: folds 
luis39: calls $0.04
*** FLOP *** [6d 9c Qs]
luis39: checks 
agonzalezelh: bets $0.10
tadao577: folds 
luis39: calls $0.10
*** TURN *** [6d 9c Qs] [7s]
luis39: checks 
agonzalezelh: checks 
*** RIVER *** [6d 9c Qs 7s] [Th]
luis39: bets $0.64 and is all-in
agonzalezelh: folds 
Uncalled bet ($0.64) returned to luis39
luis39 collected $0.40 from pot
luis39: doesn't show hand 
*** SUMMARY ***
Total pot $0.41 | Rake $0.01 
Board [6d 9c Qs 7s Th]
Seat 1: Koksmix87 (small blind) folded before Flop
Seat 2: PhatPanda420 (big blind) folded before Flop
Seat 4: kiling1 folded before Flop (didn't bet)
Seat 5: luis39 collected ($0.40)
Seat 6: Aemstro folded before Flop (didn't bet)
Seat 7: Dorex2007 folded before Flop (didn't bet)
Seat 8: agonzalezelh folded on the River
Seat 9: tadao577 (button) folded on the Flop



PokerStars Hand #232733371635:  Hold'em No Limit ($0.01/$0.02 USD) - 2022/01/01 20:30:17 PT [2022/01/01 23:30:17 ET]
Table 'Mauritia IV' 9-max Seat #1 is the button
Seat 1: Koksmix87 ($2.22 in chips) 
Seat 2: PhatPanda420 ($2 in chips) 
Seat 4: kiling1 ($0.88 in chips) 
Seat 5: luis39 ($1.04 in chips) 
Seat 6: Aemstro ($2.78 in chips) 
Seat 7: Dorex2007 ($2.15 in chips) 
Seat 8: agonzalezelh ($0.64 in chips) 
Seat 9: tadao577 ($3.17 in chips) 
PhatPanda420: posts small blind $0.01
kiling1: posts big blind $0.02
*** HOLE CARDS ***
Dealt to Dorex2007 [Tc 2s]
luis39: calls $0.02
Aemstro: folds 
Dorex2007: folds 
agonzalezelh: raises $0.04 to $0.06
tadao577: folds 
Koksmix87: folds 
PhatPanda420: folds 
kiling1: calls $0.04
luis39: calls $0.04
*** FLOP *** [Qc 5d Kc]
PhatPanda420 leaves the table
kiling1: checks 
tutjak joins the table at seat #2 
luis39: checks 
agonzalezelh: bets $0.09
kiling1: folds 
luis39: calls $0.09
*** TURN *** [Qc 5d Kc] [8s]
luis39: checks 
agonzalezelh: bets $0.12
luis39: raises $0.18 to $0.30
agonzalezelh: raises $0.19 to $0.49 and is all-in
luis39: calls $0.19
*** RIVER *** [Qc 5d Kc 8s] [Jh]
*** SHOW DOWN ***
luis39: shows [Qs Kd] (two pair, Kings and Queens)
agonzalezelh: shows [Ah Kh] (a pair of Kings)
luis39 collected $1.30 from pot
*** SUMMARY ***
Total pot $1.35 | Rake $0.05 
Board [Qc 5d Kc 8s Jh]
Seat 1: Koksmix87 (button) folded before Flop (didn't bet)
Seat 2: PhatPanda420 (small blind) folded before Flop
Seat 4: kiling1 (big blind) folded on the Flop
Seat 5: luis39 showed [Qs Kd] and won ($1.30) with two pair, Kings and Queens
Seat 6: Aemstro folded before Flop (didn't bet)
Seat 7: Dorex2007 folded before Flop (didn't bet)
Seat 8: agonzalezelh showed [Ah Kh] and lost with a pair of Kings
Seat 9: tadao577 folded before Flop (didn't bet)



PokerStars Hand #232733388142:  Hold'em No Limit ($0.01/$0.02 USD) - 2022/01/01 20:31:43 PT [2022/01/01 23:31:43 ET]
Table 'Mauritia IV' 9-max Seat #4 is the button
Seat 1: Koksmix87 ($2.22 in chips) 
Seat 4: kiling1 ($0.82 in chips) 
Seat 5: luis39 ($1.70 in chips) 
Seat 6: Aemstro ($2.78 in chips) 
Seat 7: Dorex2007 ($2.15 in chips) 
Seat 9: tadao577 ($3.17 in chips) 
luis39: posts small blind $0.01
Aemstro: posts big blind $0.02
tutjak: sits out 
*** HOLE CARDS ***
Dealt to Dorex2007 [9s Kh]
Dorex2007: folds 
agonzalezelh said, "nh"
agonzalezelh leaves the table
tadao577: calls $0.02
Thunderbird65 joins the table at seat #8 
Koksmix87: folds 
kiling1: raises $0.06 to $0.08
luis39: folds 
Aemstro is disconnected 
Aemstro is connected 
Aemstro: folds 
tadao577: folds 
Uncalled bet ($0.06) returned to kiling1
kiling1 collected $0.07 from pot
kiling1: doesn't show hand 
*** SUMMARY ***
Total pot $0.07 | Rake $0 
Seat 1: Koksmix87 folded before Flop (didn't bet)
Seat 4: kiling1 (button) collected ($0.07)
Seat 5: luis39 (small blind) folded before Flop
Seat 6: Aemstro (big blind) folded before Flop
Seat 7: Dorex2007 folded before Flop (didn't bet)
Seat 9: tadao577 folded before Flop



PokerStars Hand #232733398180:  Hold'em No Limit ($0.01/$0.02 USD) - 2022/01/01 20:32:35 PT [2022/01/01 23:32:35 ET]
Table 'Mauritia IV' 9-max Seat #5 is the button
Seat 1: Koksmix87 ($2.22 in chips) 
Seat 4: kiling1 ($0.87 in chips) 
Seat 5: luis39 ($1.69 in chips) 
Seat 6: Aemstro ($2.76 in chips) 
Seat 7: Dorex2007 ($2.15 in chips) 
Seat 9: tadao577 ($3.15 in chips) 
Aemstro: posts small blind $0.01
Dorex2007: posts big blind $0.02
Thunderbird65: is sitting out 
Thunderbird65 leaves the table
tutjak: sits out 
*** HOLE CARDS ***
Dealt to Dorex2007 [Qh 2h]
Tobinhoyo joins the table at seat #8 
tadao577: calls $0.02
Koksmix87: folds 
kiling1: folds 
luis39: folds 
Aemstro: folds 
Dorex2007: checks 
*** FLOP *** [9s Jd 4h]
Dorex2007: checks 
tadao577: checks 
*** TURN *** [9s Jd 4h] [6c]
Dorex2007: checks 
tadao577: checks 
*** RIVER *** [9s Jd 4h 6c] [2d]
Dorex2007: checks 
tadao577: checks 
*** SHOW DOWN ***
Dorex2007: shows [Qh 2h] (a pair of Deuces)
tadao577: shows [Ac 4s] (a pair of Fours)
tadao577 collected $0.05 from pot
*** SUMMARY ***
Total pot $0.05 | Rake $0 
Board [9s Jd 4h 6c 2d]
Seat 1: Koksmix87 folded before Flop (didn't bet)
Seat 4: kiling1 folded before Flop (didn't bet)
Seat 5: luis39 (button) folded before Flop (didn't bet)
Seat 6: Aemstro (small blind) folded before Flop
Seat 7: Dorex2007 (big blind) showed [Qh 2h] and lost with a pair of Deuces
Seat 9: tadao577 showed [Ac 4s] and won ($0.05) with a pair of Fours



PokerStars Hand #232733407907:  Hold'em No Limit ($0.01/$0.02 USD) - 2022/01/01 20:33:26 PT [2022/01/01 23:33:26 ET]
Table 'Mauritia IV' 9-max Seat #6 is the button
Seat 1: Koksmix87 ($2.22 in chips) 
Seat 4: kiling1 ($0.87 in chips) 
Seat 5: luis39 ($1.69 in chips) 
Seat 6: Aemstro ($2.75 in chips) 
Seat 7: Dorex2007 ($2.13 in chips) 
Seat 8: Tobinhoyo ($2 in chips) 
Seat 9: tadao577 ($3.18 in chips) 
Dorex2007: posts small blind $0.01
Tobinhoyo: posts big blind $0.02
tutjak: sits out 
*** HOLE CARDS ***
Dealt to Dorex2007 [Kd Kh]
tadao577: calls $0.02
Koksmix87: folds 
kiling1: folds 
luis39: calls $0.02
Aemstro: calls $0.02
Dorex2007: raises $0.10 to $0.12
Tobinhoyo has timed out
Tobinhoyo: folds 
tadao577: folds 
luis39: folds 
Aemstro: calls $0.10
*** FLOP *** [5d 3h 3c]
Dorex2007: bets $0.29
Aemstro: folds 
Uncalled bet ($0.29) returned to Dorex2007
Dorex2007 collected $0.29 from pot
Dorex2007: doesn't show hand 
*** SUMMARY ***
Total pot $0.30 | Rake $0.01 
Board [5d 3h 3c]
Seat 1: Koksmix87 folded before Flop (didn't bet)
Seat 4: kiling1 folded before Flop (didn't bet)
Seat 5: luis39 folded before Flop
Seat 6: Aemstro (button) folded on the Flop
Seat 7: Dorex2007 (small blind) collected ($0.29)
Seat 8: Tobinhoyo (big blind) folded before Flop
Seat 9: tadao577 folded before Flop



PokerStars Hand #232733429804:  Hold'em No Limit ($0.01/$0.02 USD) - 2022/01/01 20:35:13 PT [2022/01/01 23:35:13 ET]
Table 'Mauritia IV' 9-max Seat #7 is the button
Seat 1: Koksmix87 ($2.22 in chips) 
Seat 4: kiling1 ($0.87 in chips) 
Seat 5: luis39 ($1.67 in chips) 
Seat 6: Aemstro ($2.63 in chips) 
Seat 7: Dorex2007 ($2.30 in chips) 
Seat 8: Tobinhoyo ($2 in chips) 
Seat 9: tadao577 ($3.16 in chips) 
Tobinhoyo: posts small blind $0.01
tadao577: posts big blind $0.02
tutjak: sits out 
*** HOLE CARDS ***
Dealt to Dorex2007 [Ac Td]
Koksmix87: folds 
kiling1: folds 
luis39: folds 
Aemstro: folds 
Dorex2007: raises $0.02 to $0.04
Tobinhoyo has timed out
Tobinhoyo: folds 
tadao577: calls $0.02
*** FLOP *** [5h Qh 5s]
tadao577: checks 
Dorex2007: bets $0.06
tadao577: folds 
Uncalled bet ($0.06) returned to Dorex2007
Dorex2007 collected $0.09 from pot
Dorex2007: doesn't show hand 
*** SUMMARY ***
Total pot $0.09 | Rake $0 
Board [5h Qh 5s]
Seat 1: Koksmix87 folded before Flop (didn't bet)
Seat 4: kiling1 folded before Flop (didn't bet)
Seat 5: luis39 folded before Flop (didn't bet)
Seat 6: Aemstro folded before Flop (didn't bet)
Seat 7: Dorex2007 (button) collected ($0.09)
Seat 8: Tobinhoyo (small blind) folded before Flop
Seat 9: tadao577 (big blind) folded on the Flop



PokerStars Hand #232733438529:  Hold'em No Limit ($0.01/$0.02 USD) - 2022/01/01 20:35:59 PT [2022/01/01 23:35:59 ET]
Table 'Mauritia IV' 9-max Seat #9 is the button
Seat 1: Koksmix87 ($2.22 in chips) 
Seat 2: tutjak ($2 in chips) 
Seat 4: kiling1 ($0.87 in chips) 
Seat 5: luis39 ($1.67 in chips) 
Seat 6: Aemstro ($2.63 in chips) 
Seat 7: Dorex2007 ($2.35 in chips) 
Seat 9: tadao577 ($3.12 in chips) 
Koksmix87: posts small blind $0.01
tutjak: posts big blind $0.02
*** HOLE CARDS ***
Dealt to Dorex2007 [Jc Qd]
kiling1: folds 
luis39: calls $0.02
Aemstro: raises $0.04 to $0.06
Dorex2007: folds 
tadao577: folds 
Koksmix87: folds 
tutjak: folds 
luis39: calls $0.04
*** FLOP *** [Kc Qc Ts]
luis39: checks 
Aemstro: bets $0.10
luis39: calls $0.10
*** TURN *** [Kc Qc Ts] [6h]
luis39: checks 
Aemstro: bets $0.50
luis39: folds 
Uncalled bet ($0.50) returned to Aemstro
Aemstro collected $0.34 from pot
Aemstro: doesn't show hand 
*** SUMMARY ***
Total pot $0.35 | Rake $0.01 
Board [Kc Qc Ts 6h]
Seat 1: Koksmix87 (small blind) folded before Flop
Seat 2: tutjak (big blind) folded before Flop
Seat 4: kiling1 folded before Flop (didn't bet)
Seat 5: luis39 folded on the Turn
Seat 6: Aemstro collected ($0.34)
Seat 7: Dorex2007 folded before Flop (didn't bet)
Seat 9: tadao577 (button) folded before Flop (didn't bet)



PokerStars Hand #232733450250:  Hold'em No Limit ($0.01/$0.02 USD) - 2022/01/01 20:37:00 PT [2022/01/01 23:37:00 ET]
Table 'Mauritia IV' 9-max Seat #1 is the button
Seat 1: Koksmix87 ($2.21 in chips) 
Seat 2: tutjak ($2 in chips) 
Seat 4: kiling1 ($0.87 in chips) 
Seat 5: luis39 ($1.51 in chips) 
Seat 6: Aemstro ($2.81 in chips) 
Seat 7: Dorex2007 ($2.35 in chips) 
Seat 8: Tobinhoyo ($2 in chips) 
Seat 9: tadao577 ($3.12 in chips) 
tutjak: posts small blind $0.01
kiling1: posts big blind $0.02
*** HOLE CARDS ***
Dealt to Dorex2007 [9h Jc]
luis39: folds 
Aemstro: folds 
Dorex2007: folds 
Tobinhoyo has timed out
Tobinhoyo: folds 
tadao577: calls $0.02
Koksmix87: folds 
tutjak: folds 
kiling1: checks 
*** FLOP *** [9d 5s 7c]
kiling1: checks 
tadao577: bets $0.04
kiling1: calls $0.04
*** TURN *** [9d 5s 7c] [Ac]
kiling1: checks 
tadao577: checks 
*** RIVER *** [9d 5s 7c Ac] [2s]
kiling1: checks 
tadao577: checks 
*** SHOW DOWN ***
kiling1: shows [7h Kc] (a pair of Sevens)
tadao577: shows [Ks 9s] (a pair of Nines)
tadao577 collected $0.13 from pot
*** SUMMARY ***
Total pot $0.13 | Rake $0 
Board [9d 5s 7c Ac 2s]
Seat 1: Koksmix87 (button) folded before Flop (didn't bet)
Seat 2: tutjak (small blind) folded before Flop
Seat 4: kiling1 (big blind) showed [7h Kc] and lost with a pair of Sevens
Seat 5: luis39 folded before Flop (didn't bet)
Seat 6: Aemstro folded before Flop (didn't bet)
Seat 7: Dorex2007 folded before Flop (didn't bet)
Seat 8: Tobinhoyo folded before Flop (didn't bet)
Seat 9: tadao577 showed [Ks 9s] and won ($0.13) with a pair of Nines



PokerStars Hand #232733461933:  Hold'em No Limit ($0.01/$0.02 USD) - 2022/01/01 20:38:01 PT [2022/01/01 23:38:01 ET]
Table 'Mauritia IV' 9-max Seat #2 is the button
Seat 1: Koksmix87 ($2.21 in chips) 
Seat 2: tutjak ($2 in chips) 
Seat 4: kiling1 ($0.81 in chips) 
Seat 5: luis39 ($1.51 in chips) 
Seat 6: Aemstro ($2.81 in chips) 
Seat 7: Dorex2007 ($2.35 in chips) 
Seat 8: Tobinhoyo ($2 in chips) 
Seat 9: tadao577 ($3.19 in chips) 
kiling1: posts small blind $0.01
luis39: posts big blind $0.02
*** HOLE CARDS ***
Dealt to Dorex2007 [Tc 7d]
Aemstro: folds 
Dorex2007: folds 
Tobinhoyo: folds 
tadao577: calls $0.02
Koksmix87: raises $0.07 to $0.09
tutjak: folds 
kiling1: folds 
luis39: folds 
tadao577: folds 
Uncalled bet ($0.07) returned to Koksmix87
Koksmix87 collected $0.07 from pot
Koksmix87: doesn't show hand 
*** SUMMARY ***
Total pot $0.07 | Rake $0 
Seat 1: Koksmix87 collected ($0.07)
Seat 2: tutjak (button) folded before Flop (didn't bet)
Seat 4: kiling1 (small blind) folded before Flop
Seat 5: luis39 (big blind) folded before Flop
Seat 6: Aemstro folded before Flop (didn't bet)
Seat 7: Dorex2007 folded before Flop (didn't bet)
Seat 8: Tobinhoyo folded before Flop (didn't bet)
Seat 9: tadao577 folded before Flop



PokerStars Hand #232733466228:  Hold'em No Limit ($0.01/$0.02 USD) - 2022/01/01 20:38:24 PT [2022/01/01 23:38:24 ET]
Table 'Mauritia IV' 9-max Seat #4 is the button
Seat 1: Koksmix87 ($2.26 in chips) 
Seat 2: tutjak ($2 in chips) 
Seat 4: kiling1 ($0.80 in chips) 
Seat 5: luis39 ($1.49 in chips) 
Seat 6: Aemstro ($2.81 in chips) 
Seat 7: Dorex2007 ($2.35 in chips) 
Seat 8: Tobinhoyo ($2 in chips) 
Seat 9: tadao577 ($3.17 in chips) 
luis39: posts small blind $0.01
Aemstro: posts big blind $0.02
*** HOLE CARDS ***
Dealt to Dorex2007 [9h Qc]
Dorex2007: folds 
Tobinhoyo: folds 
tadao577: calls $0.02
Koksmix87: folds 
tutjak: folds 
kiling1: folds 
luis39: folds 
Aemstro: checks 
*** FLOP *** [Qd 3h 5d]
Aemstro: checks 
tadao577: checks 
*** TURN *** [Qd 3h 5d] [Jd]
Aemstro: checks 
tadao577: checks 
*** RIVER *** [Qd 3h 5d Jd] [Qs]
Aemstro: bets $0.16
tadao577: folds 
Uncalled bet ($0.16) returned to Aemstro
Aemstro collected $0.05 from pot
Aemstro: doesn't show hand 
*** SUMMARY ***
Total pot $0.05 | Rake $0 
Board [Qd 3h 5d Jd Qs]
Seat 1: Koksmix87 folded before Flop (didn't bet)
Seat 2: tutjak folded before Flop (didn't bet)
Seat 4: kiling1 (button) folded before Flop (didn't bet)
Seat 5: luis39 (small blind) folded before Flop
Seat 6: Aemstro (big blind) collected ($0.05)
Seat 7: Dorex2007 folded before Flop (didn't bet)
Seat 8: Tobinhoyo folded before Flop (didn't bet)
Seat 9: tadao577 folded on the River



PokerStars Hand #232733475245:  Hold'em No Limit ($0.01/$0.02 USD) - 2022/01/01 20:39:12 PT [2022/01/01 23:39:12 ET]
Table 'Mauritia IV' 9-max Seat #5 is the button
Seat 1: Koksmix87 ($2.26 in chips) 
Seat 2: tutjak ($2 in chips) 
Seat 4: kiling1 ($0.80 in chips) 
Seat 5: luis39 ($1.48 in chips) 
Seat 6: Aemstro ($2.84 in chips) 
Seat 7: Dorex2007 ($2.35 in chips) 
Seat 8: Tobinhoyo ($2 in chips) 
Seat 9: tadao577 ($3.15 in chips) 
Aemstro: posts small blind $0.01
Dorex2007: posts big blind $0.02
*** HOLE CARDS ***
Dealt to Dorex2007 [3s 2c]
Tobinhoyo: folds 
tadao577: calls $0.02
Koksmix87: folds 
tutjak: calls $0.02
kiling1: folds 
luis39: folds 
Aemstro: folds 
Dorex2007: checks 
*** FLOP *** [3c Qc Ac]
Dorex2007: checks 
tadao577: checks 
tutjak: checks 
*** TURN *** [3c Qc Ac] [Jh]
Dorex2007: checks 
tadao577: checks 
tutjak: checks 
*** RIVER *** [3c Qc Ac Jh] [7s]
Dorex2007: checks 
tadao577: bets $0.06
tutjak: folds 
Dorex2007: folds 
Uncalled bet ($0.06) returned to tadao577
tadao577 collected $0.07 from pot
tadao577: doesn't show hand 
*** SUMMARY ***
Total pot $0.07 | Rake $0 
Board [3c Qc Ac Jh 7s]
Seat 1: Koksmix87 folded before Flop (didn't bet)
Seat 2: tutjak folded on the River
Seat 4: kiling1 folded before Flop (didn't bet)
Seat 5: luis39 (button) folded before Flop (didn't bet)
Seat 6: Aemstro (small blind) folded before Flop
Seat 7: Dorex2007 (big blind) folded on the River
Seat 8: Tobinhoyo folded before Flop (didn't bet)
Seat 9: tadao577 collected ($0.07)



PokerStars Hand #232733502292:  Hold'em No Limit ($0.01/$0.02 USD) - 2022/01/01 20:40:28 PT [2022/01/01 23:40:28 ET]
Table 'Mauritia IV' 9-max Seat #6 is the button
Seat 1: Koksmix87 ($2.26 in chips) 
Seat 2: tutjak ($2 in chips) 
Seat 4: kiling1 ($0.80 in chips) 
Seat 5: luis39 ($1.48 in chips) 
Seat 6: Aemstro ($2.83 in chips) 
Seat 7: Dorex2007 ($2.33 in chips) 
Seat 8: Tobinhoyo ($2 in chips) 
Seat 9: tadao577 ($3.20 in chips) 
Dorex2007: posts small blind $0.01
Tobinhoyo: posts big blind $0.02
*** HOLE CARDS ***
Dealt to Dorex2007 [Qc Kh]
tadao577: calls $0.02
Koksmix87: folds 
tutjak: folds 
kiling1: folds 
luis39: raises $0.07 to $0.09
Aemstro: folds 
Dorex2007: folds 
Tobinhoyo: folds 
tadao577: folds 
Uncalled bet ($0.07) returned to luis39
luis39 collected $0.07 from pot
luis39: doesn't show hand 
*** SUMMARY ***
Total pot $0.07 | Rake $0 
Seat 1: Koksmix87 folded before Flop (didn't bet)
Seat 2: tutjak folded before Flop (didn't bet)
Seat 4: kiling1 folded before Flop (didn't bet)
Seat 5: luis39 collected ($0.07)
Seat 6: Aemstro (button) folded before Flop (didn't bet)
Seat 7: Dorex2007 (small blind) folded before Flop
Seat 8: Tobinhoyo (big blind) folded before Flop
Seat 9: tadao577 folded before Flop



PokerStars Hand #232733510838:  Hold'em No Limit ($0.01/$0.02 USD) - 2022/01/01 20:41:12 PT [2022/01/01 23:41:12 ET]
Table 'Mauritia IV' 9-max Seat #7 is the button
Seat 1: Koksmix87 ($2.26 in chips) 
Seat 2: tutjak ($2 in chips) 
Seat 4: kiling1 ($0.80 in chips) 
Seat 5: luis39 ($1.53 in chips) 
Seat 6: Aemstro ($2.83 in chips) 
Seat 7: Dorex2007 ($2.32 in chips) 
Seat 8: Tobinhoyo ($2 in chips) 
Seat 9: tadao577 ($3.18 in chips) 
Tobinhoyo: posts small blind $0.01
tadao577: posts big blind $0.02
*** HOLE CARDS ***
Dealt to Dorex2007 [Jc Ts]
Koksmix87: folds 
tutjak: folds 
kiling1: folds 
luis39: folds 
Aemstro: folds 
Dorex2007: folds 
Tobinhoyo has timed out
Tobinhoyo: folds 
Uncalled bet ($0.01) returned to tadao577
tadao577 collected $0.02 from pot
tadao577: doesn't show hand 
*** SUMMARY ***
Total pot $0.02 | Rake $0 
Seat 1: Koksmix87 folded before Flop (didn't bet)
Seat 2: tutjak folded before Flop (didn't bet)
Seat 4: kiling1 folded before Flop (didn't bet)
Seat 5: luis39 folded before Flop (didn't bet)
Seat 6: Aemstro folded before Flop (didn't bet)
Seat 7: Dorex2007 (button) folded before Flop (didn't bet)
Seat 8: Tobinhoyo (small blind) folded before Flop
Seat 9: tadao577 (big blind) collected ($0.02)



PokerStars Hand #232733524514:  Hold'em No Limit ($0.01/$0.02 USD) - 2022/01/01 20:41:38 PT [2022/01/01 23:41:38 ET]
Table 'Mauritia IV' 9-max Seat #8 is the button
Seat 1: Koksmix87 ($2.26 in chips) 
Seat 2: tutjak ($2 in chips) 
Seat 4: kiling1 ($0.80 in chips) 
Seat 5: luis39 ($1.53 in chips) 
Seat 6: Aemstro ($2.83 in chips) 
Seat 7: Dorex2007 ($2.32 in chips) 
Seat 8: Tobinhoyo ($2 in chips) 
Seat 9: tadao577 ($3.19 in chips) 
tadao577: posts small blind $0.01
Koksmix87: posts big blind $0.02
*** HOLE CARDS ***
Dealt to Dorex2007 [2d Qc]
tutjak: folds 
kiling1: folds 
luis39: folds 
Aemstro: folds 
Dorex2007: folds 
Tobinhoyo: folds 
tadao577: calls $0.01
Koksmix87: checks 
*** FLOP *** [2c Jd Kh]
tadao577: bets $0.04
Koksmix87: folds 
Uncalled bet ($0.04) returned to tadao577
tadao577 collected $0.04 from pot
tadao577: doesn't show hand 
*** SUMMARY ***
Total pot $0.04 | Rake $0 
Board [2c Jd Kh]
Seat 1: Koksmix87 (big blind) folded on the Flop
Seat 2: tutjak folded before Flop (didn't bet)
Seat 4: kiling1 folded before Flop (didn't bet)
Seat 5: luis39 folded before Flop (didn't bet)
Seat 6: Aemstro folded before Flop (didn't bet)
Seat 7: Dorex2007 folded before Flop (didn't bet)
Seat 8: Tobinhoyo (button) folded before Flop (didn't bet)
Seat 9: tadao577 (small blind) collected ($0.04)



PokerStars Hand #232733533412:  Hold'em No Limit ($0.01/$0.02 USD) - 2022/01/01 20:42:24 PT [2022/01/01 23:42:24 ET]
Table 'Mauritia IV' 9-max Seat #9 is the button
Seat 1: Koksmix87 ($2.24 in chips) 
Seat 2: tutjak ($2 in chips) 
Seat 4: kiling1 ($0.80 in chips) 
Seat 5: luis39 ($1.53 in chips) 
Seat 6: Aemstro ($2.83 in chips) 
Seat 7: Dorex2007 ($2.32 in chips) 
Seat 8: Tobinhoyo ($2 in chips) 
Seat 9: tadao577 ($3.21 in chips) 
Koksmix87: posts small blind $0.01
tutjak: posts big blind $0.02
*** HOLE CARDS ***
Dealt to Dorex2007 [Qc Jc]
kiling1: folds 
luis39: folds 
Aemstro: raises $0.04 to $0.06
Dorex2007: folds 
Tobinhoyo: folds 
tadao577: folds 
Koksmix87: folds 
tutjak: folds 
Uncalled bet ($0.04) returned to Aemstro
Aemstro collected $0.05 from pot
Aemstro: doesn't show hand 
*** SUMMARY ***
Total pot $0.05 | Rake $0 
Seat 1: Koksmix87 (small blind) folded before Flop
Seat 2: tutjak (big blind) folded before Flop
Seat 4: kiling1 folded before Flop (didn't bet)
Seat 5: luis39 folded before Flop (didn't bet)
Seat 6: Aemstro collected ($0.05)
Seat 7: Dorex2007 folded before Flop (didn't bet)
Seat 8: Tobinhoyo folded before Flop (didn't bet)
Seat 9: tadao577 (button) folded before Flop (didn't bet)



PokerStars Hand #232733537066:  Hold'em No Limit ($0.01/$0.02 USD) - 2022/01/01 20:42:44 PT [2022/01/01 23:42:44 ET]
Table 'Mauritia IV' 9-max Seat #1 is the button
Seat 1: Koksmix87 ($2.23 in chips) 
Seat 2: tutjak ($2 in chips) 
Seat 4: kiling1 ($0.80 in chips) 
Seat 5: luis39 ($1.53 in chips) 
Seat 6: Aemstro ($2.86 in chips) 
Seat 7: Dorex2007 ($2.32 in chips) 
Seat 8: Tobinhoyo ($2 in chips) 
Seat 9: tadao577 ($3.21 in chips) 
tutjak: posts small blind $0.01
kiling1: posts big blind $0.02
*** HOLE CARDS ***
Dealt to Dorex2007 [2h 8d]
luis39: calls $0.02
Aemstro: raises $0.04 to $0.06
Dorex2007: folds 
Tobinhoyo: folds 
tadao577: folds 
Koksmix87: folds 
tutjak: calls $0.05
kiling1: calls $0.04
luis39: calls $0.04
*** FLOP *** [6h Ks Jd]
tutjak: checks 
kiling1: checks 
luis39: checks 
Aemstro: checks 
*** TURN *** [6h Ks Jd] [Qd]
tutjak: checks 
kiling1: checks 
luis39: checks 
Aemstro: checks 
*** RIVER *** [6h Ks Jd Qd] [Qc]
tutjak: checks 
kiling1: checks 
luis39: checks 
Aemstro: checks 
*** SHOW DOWN ***
tutjak: shows [2d 2c] (two pair, Queens and Deuces)
kiling1: shows [4s 6d] (two pair, Queens and Sixes)
luis39: mucks hand 
Aemstro: shows [7h 7s] (two pair, Queens and Sevens)
Aemstro collected $0.23 from pot
mvscdrqcdl leaves the table
*** SUMMARY ***
Total pot $0.24 | Rake $0.01 
Board [6h Ks Jd Qd Qc]
Seat 1: Koksmix87 (button) folded before Flop (didn't bet)
Seat 2: tutjak (small blind) showed [2d 2c] and lost with two pair, Queens and Deuces
Seat 4: kiling1 (big blind) showed [4s 6d] and lost with two pair, Queens and Sixes
Seat 5: luis39 mucked [9h 7d]
Seat 6: Aemstro showed [7h 7s] and won ($0.23) with two pair, Queens and Sevens
Seat 7: Dorex2007 folded before Flop (didn't bet)
Seat 8: Tobinhoyo folded before Flop (didn't bet)
Seat 9: tadao577 folded before Flop (didn't bet)



PokerStars Hand #232733551579:  Hold'em No Limit ($0.01/$0.02 USD) - 2022/01/01 20:44:02 PT [2022/01/01 23:44:02 ET]
Table 'Mauritia IV' 9-max Seat #2 is the button
Seat 1: Koksmix87 ($2.23 in chips) 
Seat 2: tutjak ($2 in chips) 
Seat 4: kiling1 ($0.74 in chips) 
Seat 5: luis39 ($1.47 in chips) 
Seat 6: Aemstro ($3.03 in chips) 
Seat 7: Dorex2007 ($2.32 in chips) 
Seat 8: Tobinhoyo ($2 in chips) 
Seat 9: tadao577 ($3.21 in chips) 
kiling1: posts small blind $0.01
luis39: posts big blind $0.02
*** HOLE CARDS ***
Dealt to Dorex2007 [Tc Ks]
Aemstro: folds 
Dorex2007 has timed out
Dorex2007: folds 
Tobinhoyo has timed out
Tobinhoyo: folds 
tadao577: calls $0.02
Koksmix87: raises $0.07 to $0.09
tutjak: folds 
kiling1: folds 
luis39: calls $0.07
tadao577: folds 
*** FLOP *** [7c 9c 5c]
luis39: checks 
Koksmix87: checks 
*** TURN *** [7c 9c 5c] [8h]
luis39: checks 
djkimera joins the table at seat #3 
Koksmix87: checks 
*** RIVER *** [7c 9c 5c 8h] [5h]
luis39: bets $0.10
Koksmix87: folds 
Uncalled bet ($0.10) returned to luis39
luis39 collected $0.20 from pot
luis39: doesn't show hand 
*** SUMMARY ***
Total pot $0.21 | Rake $0.01 
Board [7c 9c 5c 8h 5h]
Seat 1: Koksmix87 folded on the River
Seat 2: tutjak (button) folded before Flop (didn't bet)
Seat 4: kiling1 (small blind) folded before Flop
Seat 5: luis39 (big blind) collected ($0.20)
Seat 6: Aemstro folded before Flop (didn't bet)
Seat 7: Dorex2007 folded before Flop (didn't bet)
Seat 8: Tobinhoyo folded before Flop (didn't bet)
Seat 9: tadao577 folded before Flop



PokerStars Hand #232733564285:  Hold'em No Limit ($0.01/$0.02 USD) - 2022/01/01 20:45:10 PT [2022/01/01 23:45:10 ET]
Table 'Mauritia IV' 9-max Seat #4 is the button
Seat 1: Koksmix87 ($2.14 in chips) 
Seat 2: tutjak ($2 in chips) 
Seat 4: kiling1 ($0.73 in chips) 
Seat 5: luis39 ($1.58 in chips) 
Seat 6: Aemstro ($3.03 in chips) 
Seat 7: Dorex2007 ($2.32 in chips) 
Seat 9: tadao577 ($3.19 in chips) 
luis39: posts small blind $0.01
Aemstro: posts big blind $0.02
djkimera: sits out 
*** HOLE CARDS ***
Dealt to Dorex2007 [5h Ah]
Dorex2007: folds 
tadao577: calls $0.02
Koksmix87: folds 
tutjak: folds 
kiling1: folds 
luis39: folds 
Aemstro: checks 
*** FLOP *** [3s 8c 5d]
Aemstro: checks 
tadao577: checks 
*** TURN *** [3s 8c 5d] [2h]
Aemstro: checks 
tadao577: checks 
*** RIVER *** [3s 8c 5d 2h] [6h]
Aemstro: checks 
tadao577: checks 
*** SHOW DOWN ***
Aemstro: shows [Qc 4h] (a straight, Deuce to Six)
tadao577: mucks hand 
Aemstro collected $0.05 from pot
*** SUMMARY ***
Total pot $0.05 | Rake $0 
Board [3s 8c 5d 2h 6h]
Seat 1: Koksmix87 folded before Flop (didn't bet)
Seat 2: tutjak folded before Flop (didn't bet)
Seat 4: kiling1 (button) folded before Flop (didn't bet)
Seat 5: luis39 (small blind) folded before Flop
Seat 6: Aemstro (big blind) showed [Qc 4h] and won ($0.05) with a straight, Deuce to Six
Seat 7: Dorex2007 folded before Flop (didn't bet)
Seat 9: tadao577 mucked [Ad 9d]



PokerStars Hand #232733572308:  Hold'em No Limit ($0.01/$0.02 USD) - 2022/01/01 20:45:53 PT [2022/01/01 23:45:53 ET]
Table 'Mauritia IV' 9-max Seat #5 is the button
Seat 1: Koksmix87 ($2.14 in chips) 
Seat 2: tutjak ($2 in chips) 
Seat 3: djkimera ($2 in chips) 
Seat 4: kiling1 ($0.73 in chips) 
Seat 5: luis39 ($1.57 in chips) 
Seat 6: Aemstro ($3.06 in chips) 
Seat 7: Dorex2007 ($2.32 in chips) 
Seat 9: tadao577 ($3.17 in chips) 
Aemstro: posts small blind $0.01
Dorex2007: posts big blind $0.02
djkimera: posts big blind $0.02
*** HOLE CARDS ***
Dealt to Dorex2007 [5d 9h]
tadao577: folds 
Koksmix87: folds 
tutjak: folds 
djkimera: checks 
kiling1: folds 
luis39: calls $0.02
Aemstro: calls $0.01
Dorex2007: checks 
*** FLOP *** [Ks Th 6d]
Aemstro: checks 
Dorex2007: checks 
djkimera: checks 
luis39: checks 
*** TURN *** [Ks Th 6d] [4h]
Aemstro: checks 
Dorex2007: checks 
djkimera: checks 
luis39: checks 
*** RIVER *** [Ks Th 6d 4h] [8d]
Aemstro: checks 
Dorex2007: checks 
djkimera: checks 
luis39: checks 
*** SHOW DOWN ***
Aemstro: shows [Tc Qc] (a pair of Tens)
Dorex2007: mucks hand 
djkimera: shows [Td As] (a pair of Tens - Ace kicker)
luis39: mucks hand 
djkimera collected $0.08 from pot
*** SUMMARY ***
Total pot $0.08 | Rake $0 
Board [Ks Th 6d 4h 8d]
Seat 1: Koksmix87 folded before Flop (didn't bet)
Seat 2: tutjak folded before Flop (didn't bet)
Seat 3: djkimera showed [Td As] and won ($0.08) with a pair of Tens
Seat 4: kiling1 folded before Flop (didn't bet)
Seat 5: luis39 (button) mucked [Qs 4c]
Seat 6: Aemstro (small blind) showed [Tc Qc] and lost with a pair of Tens
Seat 7: Dorex2007 (big blind) mucked [5d 9h]
Seat 9: tadao577 folded before Flop (didn't bet)



PokerStars Hand #232733589612:  Hold'em No Limit ($0.01/$0.02 USD) - 2022/01/01 20:47:26 PT [2022/01/01 23:47:26 ET]
Table 'Mauritia IV' 9-max Seat #6 is the button
Seat 1: Koksmix87 ($2.14 in chips) 
Seat 2: tutjak ($2 in chips) 
Seat 3: djkimera ($2.06 in chips) 
Seat 4: kiling1 ($0.73 in chips) 
Seat 5: luis39 ($1.55 in chips) 
Seat 6: Aemstro ($3.04 in chips) 
Seat 7: Dorex2007 ($2.30 in chips) 
Seat 8: Tobinhoyo ($2 in chips) 
Seat 9: tadao577 ($3.17 in chips) 
Dorex2007: posts small blind $0.01
Tobinhoyo: posts big blind $0.02
*** HOLE CARDS ***
Dealt to Dorex2007 [7c 4h]
tadao577: calls $0.02
Koksmix87: folds 
tutjak: folds 
djkimera: folds 
kiling1: folds 
luis39: folds 
Aemstro: calls $0.02
Dorex2007: folds 
Tobinhoyo: raises $0.06 to $0.08
tadao577: folds 
Aemstro: calls $0.06
*** FLOP *** [8d 5d 5c]
Tobinhoyo: checks 
Aemstro: checks 
*** TURN *** [8d 5d 5c] [9s]
Tobinhoyo: checks 
Aemstro: checks 
*** RIVER *** [8d 5d 5c 9s] [2d]
Tobinhoyo: checks 
Aemstro: checks 
*** SHOW DOWN ***
Tobinhoyo: shows [Jh Ad] (a pair of Fives)
Aemstro: mucks hand 
Tobinhoyo collected $0.18 from pot
*** SUMMARY ***
Total pot $0.19 | Rake $0.01 
Board [8d 5d 5c 9s 2d]
Seat 1: Koksmix87 folded before Flop (didn't bet)
Seat 2: tutjak folded before Flop (didn't bet)
Seat 3: djkimera folded before Flop (didn't bet)
Seat 4: kiling1 folded before Flop (didn't bet)
Seat 5: luis39 folded before Flop (didn't bet)
Seat 6: Aemstro (button) mucked [Tc Qd]
Seat 7: Dorex2007 (small blind) folded before Flop
Seat 8: Tobinhoyo (big blind) showed [Jh Ad] and won ($0.18) with a pair of Fives
Seat 9: tadao577 folded before Flop



PokerStars Hand #232733602146:  Hold'em No Limit ($0.01/$0.02 USD) - 2022/01/01 20:48:35 PT [2022/01/01 23:48:35 ET]
Table 'Mauritia IV' 9-max Seat #7 is the button
Seat 1: Koksmix87 ($2.14 in chips) 
Seat 2: tutjak ($2 in chips) 
Seat 3: djkimera ($2.06 in chips) 
Seat 4: kiling1 ($0.73 in chips) 
Seat 5: luis39 ($1.55 in chips) 
Seat 6: Aemstro ($2.96 in chips) 
Seat 7: Dorex2007 ($2.29 in chips) 
Seat 8: Tobinhoyo ($2.10 in chips) 
Seat 9: tadao577 ($3.15 in chips) 
Tobinhoyo: posts small blind $0.01
tadao577: posts big blind $0.02
*** HOLE CARDS ***
Dealt to Dorex2007 [9h 8h]
Koksmix87: folds 
tutjak: raises $0.02 to $0.04
djkimera: folds 
kiling1: folds 
luis39: folds 
Aemstro: calls $0.04
Dorex2007: folds 
Tobinhoyo: folds 
tadao577: calls $0.02
*** FLOP *** [5h 6d 5d]
tadao577: checks 
tutjak: checks 
Aemstro: checks 
*** TURN *** [5h 6d 5d] [Ah]
tadao577: checks 
tutjak: checks 
Aemstro: checks 
*** RIVER *** [5h 6d 5d Ah] [Kd]
tadao577: bets $0.08
tutjak: folds 
Aemstro: folds 
Uncalled bet ($0.08) returned to tadao577
tadao577 collected $0.13 from pot
tadao577: doesn't show hand 
*** SUMMARY ***
Total pot $0.13 | Rake $0 
Board [5h 6d 5d Ah Kd]
Seat 1: Koksmix87 folded before Flop (didn't bet)
Seat 2: tutjak folded on the River
Seat 3: djkimera folded before Flop (didn't bet)
Seat 4: kiling1 folded before Flop (didn't bet)
Seat 5: luis39 folded before Flop (didn't bet)
Seat 6: Aemstro folded on the River
Seat 7: Dorex2007 (button) folded before Flop (didn't bet)
Seat 8: Tobinhoyo (small blind) folded before Flop
Seat 9: tadao577 (big blind) collected ($0.13)



PokerStars Hand #232733615365:  Hold'em No Limit ($0.01/$0.02 USD) - 2022/01/01 20:49:47 PT [2022/01/01 23:49:47 ET]
Table 'Mauritia IV' 9-max Seat #8 is the button
Seat 2: tutjak ($2 in chips) 
Seat 3: djkimera ($2.06 in chips) 
Seat 4: kiling1 ($0.73 in chips) 
Seat 5: luis39 ($1.55 in chips) 
Seat 6: Aemstro ($2.92 in chips) 
Seat 7: Dorex2007 ($2.29 in chips) 
Seat 8: Tobinhoyo ($2.09 in chips) 
Seat 9: tadao577 ($3.24 in chips) 
tadao577: posts small blind $0.01
Koksmix87: is sitting out 
tutjak: posts big blind $0.02
*** HOLE CARDS ***
Dealt to Dorex2007 [Qc Ts]
djkimera: folds 
Koksmix87 leaves the table
kiling1: folds 
VTN*81 joins the table at seat #1 
luis39: calls $0.02
Aemstro: folds 
Dorex2007: raises $0.02 to $0.04
Tobinhoyo has timed out
Tobinhoyo: folds 
tadao577: folds 
tutjak: folds 
luis39: calls $0.02
*** FLOP *** [Ks Td 6c]
luis39: checks 
Dorex2007: bets $0.11
luis39: folds 
Uncalled bet ($0.11) returned to Dorex2007
Dorex2007 collected $0.11 from pot
Dorex2007: doesn't show hand 
*** SUMMARY ***
Total pot $0.11 | Rake $0 
Board [Ks Td 6c]
Seat 2: tutjak (big blind) folded before Flop
Seat 3: djkimera folded before Flop (didn't bet)
Seat 4: kiling1 folded before Flop (didn't bet)
Seat 5: luis39 folded on the Flop
Seat 6: Aemstro folded before Flop (didn't bet)
Seat 7: Dorex2007 collected ($0.11)
Seat 8: Tobinhoyo (button) folded before Flop (didn't bet)
Seat 9: tadao577 (small blind) folded before Flop



PokerStars Hand #232733624070:  Hold'em No Limit ($0.01/$0.02 USD) - 2022/01/01 20:50:36 PT [2022/01/01 23:50:36 ET]
Table 'Mauritia IV' 9-max Seat #9 is the button
Seat 2: tutjak ($2 in chips) 
Seat 3: djkimera ($2.06 in chips) 
Seat 4: kiling1 ($0.73 in chips) 
Seat 5: luis39 ($1.51 in chips) 
Seat 6: Aemstro ($2.92 in chips) 
Seat 7: Dorex2007 ($2.36 in chips) 
Seat 9: tadao577 ($3.23 in chips) 
tutjak: posts small blind $0.01
djkimera: posts big blind $0.02
*** HOLE CARDS ***
Dealt to Dorex2007 [4s 9h]
kiling1: folds 
luis39: folds 
Aemstro: folds 
Dorex2007: folds 
tadao577: calls $0.02
tutjak: folds 
djkimera: checks 
*** FLOP *** [5d Ks Qh]
djkimera: checks 
tadao577: checks 
*** TURN *** [5d Ks Qh] [9c]
djkimera: checks 
tadao577: checks 
*** RIVER *** [5d Ks Qh 9c] [Kh]
djkimera: checks 
tadao577: bets $0.12
djkimera: folds 
Uncalled bet ($0.12) returned to tadao577
tadao577 collected $0.05 from pot
tadao577: doesn't show hand 
*** SUMMARY ***
Total pot $0.05 | Rake $0 
Board [5d Ks Qh 9c Kh]
Seat 2: tutjak (small blind) folded before Flop
Seat 3: djkimera (big blind) folded on the River
Seat 4: kiling1 folded before Flop (didn't bet)
Seat 5: luis39 folded before Flop (didn't bet)
Seat 6: Aemstro folded before Flop (didn't bet)
Seat 7: Dorex2007 folded before Flop (didn't bet)
Seat 9: tadao577 (button) collected ($0.05)



PokerStars Hand #232733631502:  Hold'em No Limit ($0.01/$0.02 USD) - 2022/01/01 20:51:18 PT [2022/01/01 23:51:18 ET]
Table 'Mauritia IV' 9-max Seat #2 is the button
Seat 2: tutjak ($2 in chips) 
Seat 3: djkimera ($2.04 in chips) 
Seat 4: kiling1 ($0.73 in chips) 
Seat 5: luis39 ($1.51 in chips) 
Seat 6: Aemstro ($2.92 in chips) 
Seat 7: Dorex2007 ($2.36 in chips) 
Seat 9: tadao577 ($3.26 in chips) 
djkimera: posts small blind $0.01
kiling1: posts big blind $0.02
VTN*81: sits out 
*** HOLE CARDS ***
Dealt to Dorex2007 [9h 9c]
luis39: calls $0.02
Aemstro: folds 
Dorex2007: raises $0.08 to $0.10
tadao577: folds 
tutjak: folds 
djkimera: folds 
kiling1: folds 
luis39: calls $0.08
*** FLOP *** [Ks As 7s]
luis39: checks 
Dorex2007: bets $0.11
luis39: folds 
Uncalled bet ($0.11) returned to Dorex2007
Dorex2007 collected $0.22 from pot
Dorex2007: doesn't show hand 
*** SUMMARY ***
Total pot $0.23 | Rake $0.01 
Board [Ks As 7s]
Seat 2: tutjak (button) folded before Flop (didn't bet)
Seat 3: djkimera (small blind) folded before Flop
Seat 4: kiling1 (big blind) folded before Flop
Seat 5: luis39 folded on the Flop
Seat 6: Aemstro folded before Flop (didn't bet)
Seat 7: Dorex2007 collected ($0.22)
Seat 9: tadao577 folded before Flop (didn't bet)



PokerStars Hand #232733638738:  Hold'em No Limit ($0.01/$0.02 USD) - 2022/01/01 20:51:58 PT [2022/01/01 23:51:58 ET]
Table 'Mauritia IV' 9-max Seat #3 is the button
Seat 2: tutjak ($2 in chips) 
Seat 3: djkimera ($2.03 in chips) 
Seat 4: kiling1 ($0.71 in chips) 
Seat 5: luis39 ($1.41 in chips) 
Seat 6: Aemstro ($2.92 in chips) 
Seat 7: Dorex2007 ($2.48 in chips) 
Seat 9: tadao577 ($3.26 in chips) 
kiling1: posts small blind $0.01
luis39: posts big blind $0.02
VTN*81: sits out 
*** HOLE CARDS ***
Dealt to Dorex2007 [6h 5s]
Aemstro: folds 
Dorex2007: folds 
tadao577: calls $0.02
tutjak: folds 
djkimera: folds 
kiling1: folds 
luis39: checks 
*** FLOP *** [Qs 4c Kh]
luis39: checks 
tadao577: checks 
*** TURN *** [Qs 4c Kh] [6d]
luis39: checks 
tadao577: bets $0.06
luis39: calls $0.06
*** RIVER *** [Qs 4c Kh 6d] [2h]
luis39: checks 
tadao577: bets $0.10
luis39: calls $0.10
*** SHOW DOWN ***
tadao577: shows [Kc 6c] (two pair, Kings and Sixes)
luis39: mucks hand 
tadao577 collected $0.36 from pot
*** SUMMARY ***
Total pot $0.37 | Rake $0.01 
Board [Qs 4c Kh 6d 2h]
Seat 2: tutjak folded before Flop (didn't bet)
Seat 3: djkimera (button) folded before Flop (didn't bet)
Seat 4: kiling1 (small blind) folded before Flop
Seat 5: luis39 (big blind) mucked [8s Ks]
Seat 6: Aemstro folded before Flop (didn't bet)
Seat 7: Dorex2007 folded before Flop (didn't bet)
Seat 9: tadao577 showed [Kc 6c] and won ($0.36) with two pair, Kings and Sixes



PokerStars Hand #232733646476:  Hold'em No Limit ($0.01/$0.02 USD) - 2022/01/01 20:52:42 PT [2022/01/01 23:52:42 ET]
Table 'Mauritia IV' 9-max Seat #4 is the button
Seat 2: tutjak ($2 in chips) 
Seat 3: djkimera ($2.03 in chips) 
Seat 4: kiling1 ($0.70 in chips) 
Seat 5: luis39 ($1.23 in chips) 
Seat 6: Aemstro ($2.92 in chips) 
Seat 7: Dorex2007 ($2.48 in chips) 
Seat 9: tadao577 ($3.44 in chips) 
luis39: posts small blind $0.01
Aemstro: posts big blind $0.02
VTN*81: sits out 
*** HOLE CARDS ***
Dealt to Dorex2007 [5d 9s]
Dorex2007: folds 
tadao577: calls $0.02
tutjak: folds 
djkimera: calls $0.02
kiling1: raises $0.08 to $0.10
luis39: folds 
Aemstro: folds 
tadao577: folds 
djkimera: folds 
Uncalled bet ($0.08) returned to kiling1
kiling1 collected $0.09 from pot
kiling1: doesn't show hand 
*** SUMMARY ***
Total pot $0.09 | Rake $0 
Seat 2: tutjak folded before Flop (didn't bet)
Seat 3: djkimera folded before Flop
Seat 4: kiling1 (button) collected ($0.09)
Seat 5: luis39 (small blind) folded before Flop
Seat 6: Aemstro (big blind) folded before Flop
Seat 7: Dorex2007 folded before Flop (didn't bet)
Seat 9: tadao577 folded before Flop



PokerStars Hand #232733651220:  Hold'em No Limit ($0.01/$0.02 USD) - 2022/01/01 20:53:08 PT [2022/01/01 23:53:08 ET]
Table 'Mauritia IV' 9-max Seat #5 is the button
Seat 2: tutjak ($2 in chips) 
Seat 3: djkimera ($2.01 in chips) 
Seat 4: kiling1 ($0.77 in chips) 
Seat 5: luis39 ($1.22 in chips) 
Seat 6: Aemstro ($2.90 in chips) 
Seat 7: Dorex2007 ($2.48 in chips) 
Seat 9: tadao577 ($3.42 in chips) 
Aemstro: posts small blind $0.01
Dorex2007: posts big blind $0.02
VTN*81: sits out 
*** HOLE CARDS ***
Dealt to Dorex2007 [3s Jc]
tadao577: calls $0.02
tutjak: folds 
djkimera: raises $0.03 to $0.05
kiling1: folds 
luis39: calls $0.05
Aemstro: folds 
Dorex2007: folds 
tadao577: calls $0.03
*** FLOP *** [7d 2h 6s]
tadao577: checks 
djkimera: bets $0.09
luis39: folds 
tadao577: folds 
Uncalled bet ($0.09) returned to djkimera
djkimera collected $0.17 from pot
djkimera: doesn't show hand 
*** SUMMARY ***
Total pot $0.18 | Rake $0.01 
Board [7d 2h 6s]
Seat 2: tutjak folded before Flop (didn't bet)
Seat 3: djkimera collected ($0.17)
Seat 4: kiling1 folded before Flop (didn't bet)
Seat 5: luis39 (button) folded on the Flop
Seat 6: Aemstro (small blind) folded before Flop
Seat 7: Dorex2007 (big blind) folded before Flop
Seat 9: tadao577 folded on the Flop



PokerStars Hand #232733664169:  Hold'em No Limit ($0.01/$0.02 USD) - 2022/01/01 20:53:46 PT [2022/01/01 23:53:46 ET]
Table 'Mauritia IV' 9-max Seat #6 is the button
Seat 2: tutjak ($2 in chips) 
Seat 3: djkimera ($2.13 in chips) 
Seat 4: kiling1 ($0.77 in chips) 
Seat 5: luis39 ($1.17 in chips) 
Seat 6: Aemstro ($2.89 in chips) 
Seat 7: Dorex2007 ($2.46 in chips) 
Seat 9: tadao577 ($3.37 in chips) 
Dorex2007: posts small blind $0.01
tadao577: posts big blind $0.02
VTN*81: sits out 
*** HOLE CARDS ***
Dealt to Dorex2007 [Qd 2s]
tutjak: folds 
djkimera: folds 
kiling1: raises $0.04 to $0.06
luis39: calls $0.06
Aemstro: folds 
Dorex2007: folds 
tadao577: folds 
*** FLOP *** [Td Jc 8d]
kiling1: checks 
luis39: checks 
*** TURN *** [Td Jc 8d] [Kd]
kiling1: checks 
luis39: checks 
*** RIVER *** [Td Jc 8d Kd] [2h]
kiling1: checks 
luis39: checks 
*** SHOW DOWN ***
kiling1: shows [6s 6h] (a pair of Sixes)
luis39: mucks hand 
kiling1 collected $0.14 from pot
*** SUMMARY ***
Total pot $0.15 | Rake $0.01 
Board [Td Jc 8d Kd 2h]
Seat 2: tutjak folded before Flop (didn't bet)
Seat 3: djkimera folded before Flop (didn't bet)
Seat 4: kiling1 showed [6s 6h] and won ($0.14) with a pair of Sixes
Seat 5: luis39 mucked [7h Ah]
Seat 6: Aemstro (button) folded before Flop (didn't bet)
Seat 7: Dorex2007 (small blind) folded before Flop
Seat 9: tadao577 (big blind) folded before Flop



PokerStars Hand #232733676028:  Hold'em No Limit ($0.01/$0.02 USD) - 2022/01/01 20:54:54 PT [2022/01/01 23:54:54 ET]
Table 'Mauritia IV' 9-max Seat #7 is the button
Seat 1: VTN*81 ($2 in chips) 
Seat 2: tutjak ($2 in chips) 
Seat 3: djkimera ($2.13 in chips) 
Seat 4: kiling1 ($0.85 in chips) 
Seat 5: luis39 ($1.11 in chips) 
Seat 6: Aemstro ($2.89 in chips) 
Seat 7: Dorex2007 ($2.45 in chips) 
Seat 9: tadao577 ($3.35 in chips) 
tadao577: posts small blind $0.01
VTN*81: posts big blind $0.02
*** HOLE CARDS ***
Dealt to Dorex2007 [8c Th]
tutjak: folds 
djkimera: folds 
kiling1: folds 
luis39: calls $0.02
Aemstro: calls $0.02
Dorex2007: folds 
tadao577: calls $0.01
VTN*81: checks 
*** FLOP *** [8s Qd Kd]
tadao577: checks 
VTN*81: checks 
luis39: bets $0.06
Aemstro: calls $0.06
tadao577: folds 
VTN*81: folds 
*** TURN *** [8s Qd Kd] [Js]
luis39: checks 
Aemstro: checks 
*** RIVER *** [8s Qd Kd Js] [Jd]
luis39: bets $1.03 and is all-in
Aemstro: folds 
Uncalled bet ($1.03) returned to luis39
luis39 collected $0.19 from pot
luis39: doesn't show hand 
*** SUMMARY ***
Total pot $0.20 | Rake $0.01 
Board [8s Qd Kd Js Jd]
Seat 1: VTN*81 (big blind) folded on the Flop
Seat 2: tutjak folded before Flop (didn't bet)
Seat 3: djkimera folded before Flop (didn't bet)
Seat 4: kiling1 folded before Flop (didn't bet)
Seat 5: luis39 collected ($0.19)
Seat 6: Aemstro folded on the River
Seat 7: Dorex2007 (button) folded before Flop (didn't bet)
Seat 9: tadao577 (small blind) folded on the Flop



PokerStars Hand #232733687143:  Hold'em No Limit ($0.01/$0.02 USD) - 2022/01/01 20:56:07 PT [2022/01/01 23:56:07 ET]
Table 'Mauritia IV' 9-max Seat #9 is the button
Seat 1: VTN*81 ($1.98 in chips) 
Seat 2: tutjak ($2 in chips) 
Seat 3: djkimera ($2.13 in chips) 
Seat 4: kiling1 ($0.85 in chips) 
Seat 5: luis39 ($1.22 in chips) 
Seat 6: Aemstro ($2.81 in chips) 
Seat 7: Dorex2007 ($2.45 in chips) 
Seat 9: tadao577 ($3.33 in chips) 
VTN*81: posts small blind $0.01
tutjak: posts big blind $0.02
*** HOLE CARDS ***
Dealt to Dorex2007 [6d 9h]
djkimera: raises $0.03 to $0.05
kiling1: folds 
luis39: folds 
Aemstro: folds 
Dorex2007: folds 
tadao577: calls $0.05
VTN*81: calls $0.04
tutjak: folds 
*** FLOP *** [7h 2h 6c]
VTN*81: checks 
djkimera: checks 
tadao577: checks 
*** TURN *** [7h 2h 6c] [As]
VTN*81: checks 
djkimera: checks 
tadao577: checks 
*** RIVER *** [7h 2h 6c As] [9c]
VTN*81: checks 
djkimera: checks 
tadao577: checks 
*** SHOW DOWN ***
VTN*81: shows [Qs Kd] (high card Ace)
djkimera: mucks hand 
tadao577: mucks hand 
VTN*81 collected $0.16 from pot
*** SUMMARY ***
Total pot $0.17 | Rake $0.01 
Board [7h 2h 6c As 9c]
Seat 1: VTN*81 (small blind) showed [Qs Kd] and won ($0.16) with high card Ace
Seat 2: tutjak (big blind) folded before Flop
Seat 3: djkimera mucked [Kc Th]
Seat 4: kiling1 folded before Flop (didn't bet)
Seat 5: luis39 folded before Flop (didn't bet)
Seat 6: Aemstro folded before Flop (didn't bet)
Seat 7: Dorex2007 folded before Flop (didn't bet)
Seat 9: tadao577 (button) mucked [Td 3d]



PokerStars Hand #232733693936:  Hold'em No Limit ($0.01/$0.02 USD) - 2022/01/01 20:56:53 PT [2022/01/01 23:56:53 ET]
Table 'Mauritia IV' 9-max Seat #1 is the button
Seat 1: VTN*81 ($2.09 in chips) 
Seat 2: tutjak ($2 in chips) 
Seat 3: djkimera ($2.08 in chips) 
Seat 4: kiling1 ($0.85 in chips) 
Seat 5: luis39 ($1.22 in chips) 
Seat 6: Aemstro ($2.81 in chips) 
Seat 7: Dorex2007 ($2.45 in chips) 
Seat 9: tadao577 ($3.28 in chips) 
tutjak: posts small blind $0.01
djkimera: posts big blind $0.02
*** HOLE CARDS ***
Dealt to Dorex2007 [Tc 5d]
kiling1: folds 
luis39: calls $0.02
Aemstro: raises $0.04 to $0.06
Dorex2007: folds 
tadao577: calls $0.06
VTN*81: folds 
tutjak: calls $0.05
djkimera: folds 
luis39: calls $0.04
*** FLOP *** [Ah Jc Th]
tutjak: checks 
luis39: checks 
Aemstro: checks 
tadao577: checks 
*** TURN *** [Ah Jc Th] [3d]
tutjak: checks 
luis39: bets $0.04
Aemstro: calls $0.04
tadao577: calls $0.04
tutjak: folds 
*** RIVER *** [Ah Jc Th 3d] [8d]
luis39: checks 
Aemstro: checks 
tadao577: checks 
*** SHOW DOWN ***
luis39: shows [Qd Js] (a pair of Jacks)
Aemstro: shows [7c Ac] (a pair of Aces)
tadao577: mucks hand 
Aemstro collected $0.37 from pot
*** SUMMARY ***
Total pot $0.38 | Rake $0.01 
Board [Ah Jc Th 3d 8d]
Seat 1: VTN*81 (button) folded before Flop (didn't bet)
Seat 2: tutjak (small blind) folded on the Turn
Seat 3: djkimera (big blind) folded before Flop
Seat 4: kiling1 folded before Flop (didn't bet)
Seat 5: luis39 showed [Qd Js] and lost with a pair of Jacks
Seat 6: Aemstro showed [7c Ac] and won ($0.37) with a pair of Aces
Seat 7: Dorex2007 folded before Flop (didn't bet)
Seat 9: tadao577 mucked [Kc 9h]



PokerStars Hand #232733703460:  Hold'em No Limit ($0.01/$0.02 USD) - 2022/01/01 20:57:58 PT [2022/01/01 23:57:58 ET]
Table 'Mauritia IV' 9-max Seat #2 is the button
Seat 1: VTN*81 ($2.09 in chips) 
Seat 2: tutjak ($2 in chips) 
Seat 3: djkimera ($2.06 in chips) 
Seat 4: kiling1 ($0.85 in chips) 
Seat 5: luis39 ($1.12 in chips) 
Seat 6: Aemstro ($3.08 in chips) 
Seat 7: Dorex2007 ($2.45 in chips) 
Seat 9: tadao577 ($3.18 in chips) 
djkimera: posts small blind $0.01
kiling1: posts big blind $0.02
*** HOLE CARDS ***
Dealt to Dorex2007 [9d Ac]
luis39: calls $0.02
Aemstro: folds 
Dorex2007: folds 
tadao577: folds 
VTN*81: calls $0.02
tutjak: folds 
djkimera: calls $0.01
kiling1: checks 
*** FLOP *** [Ts 4c 4s]
djkimera: checks 
kiling1: checks 
luis39: checks 
VTN*81: checks 
*** TURN *** [Ts 4c 4s] [2h]
djkimera: bets $0.11
kiling1: folds 
luis39: calls $0.11
VTN*81: folds 
*** RIVER *** [Ts 4c 4s 2h] [6c]
djkimera: bets $0.71
luis39: folds 
Uncalled bet ($0.71) returned to djkimera
djkimera collected $0.29 from pot
djkimera: doesn't show hand 
*** SUMMARY ***
Total pot $0.30 | Rake $0.01 
Board [Ts 4c 4s 2h 6c]
Seat 1: VTN*81 folded on the Turn
Seat 2: tutjak (button) folded before Flop (didn't bet)
Seat 3: djkimera (small blind) collected ($0.29)
Seat 4: kiling1 (big blind) folded on the Turn
Seat 5: luis39 folded on the River
Seat 6: Aemstro folded before Flop (didn't bet)
Seat 7: Dorex2007 folded before Flop (didn't bet)
Seat 9: tadao577 folded before Flop (didn't bet)



PokerStars Hand #232733712234:  Hold'em No Limit ($0.01/$0.02 USD) - 2022/01/01 20:58:58 PT [2022/01/01 23:58:58 ET]
Table 'Mauritia IV' 9-max Seat #3 is the button
Seat 1: VTN*81 ($2.07 in chips) 
Seat 2: tutjak ($2 in chips) 
Seat 3: djkimera ($2.22 in chips) 
Seat 4: kiling1 ($0.83 in chips) 
Seat 5: luis39 ($0.99 in chips) 
Seat 6: Aemstro ($3.08 in chips) 
Seat 7: Dorex2007 ($2.45 in chips) 
Seat 9: tadao577 ($3.18 in chips) 
kiling1: posts small blind $0.01
luis39: posts big blind $0.02
*** HOLE CARDS ***
Dealt to Dorex2007 [Tc 2c]
Aemstro: folds 
Dorex2007: folds 
tadao577: calls $0.02
VTN*81: calls $0.02
tutjak: folds 
djkimera: calls $0.02
kiling1: calls $0.01
luis39: checks 
*** FLOP *** [7c 7d Ah]
kiling1: checks 
luis39: checks 
tadao577: checks 
VTN*81: checks 
djkimera: checks 
*** TURN *** [7c 7d Ah] [Qh]
kiling1: checks 
luis39: checks 
tadao577: checks 
VTN*81: checks 
djkimera: bets $0.02
kiling1: folds 
luis39: folds 
tadao577: calls $0.02
VTN*81: folds 
*** RIVER *** [7c 7d Ah Qh] [8d]
tadao577: checks 
djkimera: bets $2.18 and is all-in
tadao577: folds 
Uncalled bet ($2.18) returned to djkimera
djkimera collected $0.14 from pot
djkimera: doesn't show hand 
*** SUMMARY ***
Total pot $0.14 | Rake $0 
Board [7c 7d Ah Qh 8d]
Seat 1: VTN*81 folded on the Turn
Seat 2: tutjak folded before Flop (didn't bet)
Seat 3: djkimera (button) collected ($0.14)
Seat 4: kiling1 (small blind) folded on the Turn
Seat 5: luis39 (big blind) folded on the Turn
Seat 6: Aemstro folded before Flop (didn't bet)
Seat 7: Dorex2007 folded before Flop (didn't bet)
Seat 9: tadao577 folded on the River



