PokerStars Hand #225158513149:  Hold'em No Limit ($0.01/$0.02 USD) - 2021/03/24 20:42:25 PT [2021/03/24 23:42:25 ET]
Table 'Grano IV' 9-max Seat #4 is the button
Seat 1: geni580 ($2 in chips) 
Seat 2: erlis82 ($0.91 in chips) 
Seat 3: oroszd ($2.34 in chips) 
Seat 4: Pasche9 ($0.65 in chips) 
Seat 5: ser447787 ($2.01 in chips) 
Seat 6: Dorex2007 ($1.50 in chips) 
Seat 7: Donner6657 ($3.67 in chips) 
Seat 8: Luigiams ($1.92 in chips) 
Seat 9: w3sby ($2.03 in chips) 
ser447787: posts small blind $0.01
Dorex2007: posts big blind $0.02
*** HOLE CARDS ***
Dealt to Dorex2007 [8s 2s]
Donner6657: folds 
Luigiams: folds 
w3sby: folds 
geni580: folds 
erlis82: folds 
oroszd: raises $0.04 to $0.06
Pasche9: folds 
ser447787: folds 
Dorex2007: folds 
Uncalled bet ($0.04) returned to oroszd
oroszd collected $0.05 from pot
oroszd: doesn't show hand 
*** SUMMARY ***
Total pot $0.05 | Rake $0 
Seat 1: geni580 folded before Flop (didn't bet)
Seat 2: erlis82 folded before Flop (didn't bet)
Seat 3: oroszd collected ($0.05)
Seat 4: Pasche9 (button) folded before Flop (didn't bet)
Seat 5: ser447787 (small blind) folded before Flop
Seat 6: Dorex2007 (big blind) folded before Flop
Seat 7: Donner6657 folded before Flop (didn't bet)
Seat 8: Luigiams folded before Flop (didn't bet)
Seat 9: w3sby folded before Flop (didn't bet)



PokerStars Hand #225158517567:  Hold'em No Limit ($0.01/$0.02 USD) - 2021/03/24 20:42:46 PT [2021/03/24 23:42:46 ET]
Table 'Grano IV' 9-max Seat #5 is the button
Seat 1: geni580 ($2 in chips) 
Seat 2: erlis82 ($0.91 in chips) 
Seat 3: oroszd ($2.37 in chips) 
Seat 4: Pasche9 ($0.65 in chips) 
Seat 5: ser447787 ($2 in chips) 
Seat 6: Dorex2007 ($1.48 in chips) 
Seat 7: Donner6657 ($3.67 in chips) 
Seat 8: Luigiams ($1.92 in chips) 
Seat 9: w3sby ($2.03 in chips) 
Dorex2007: posts small blind $0.01
Donner6657: posts big blind $0.02
*** HOLE CARDS ***
Dealt to Dorex2007 [9s Tc]
Luigiams: folds 
w3sby: folds 
geni580: folds 
erlis82: calls $0.02
oroszd: folds 
Pasche9: folds 
ser447787: raises $0.07 to $0.09
Dorex2007: folds 
Donner6657: folds 
erlis82: calls $0.07
*** FLOP *** [6s 2h 8c]
erlis82: checks 
ser447787: bets $0.12
erlis82: folds 
Uncalled bet ($0.12) returned to ser447787
ser447787 collected $0.20 from pot
*** SUMMARY ***
Total pot $0.21 | Rake $0.01 
Board [6s 2h 8c]
Seat 1: geni580 folded before Flop (didn't bet)
Seat 2: erlis82 folded on the Flop
Seat 3: oroszd folded before Flop (didn't bet)
Seat 4: Pasche9 folded before Flop (didn't bet)
Seat 5: ser447787 (button) collected ($0.20)
Seat 6: Dorex2007 (small blind) folded before Flop
Seat 7: Donner6657 (big blind) folded before Flop
Seat 8: Luigiams folded before Flop (didn't bet)
Seat 9: w3sby folded before Flop (didn't bet)



PokerStars Hand #225158525323:  Hold'em No Limit ($0.01/$0.02 USD) - 2021/03/24 20:43:22 PT [2021/03/24 23:43:22 ET]
Table 'Grano IV' 9-max Seat #6 is the button
Seat 1: geni580 ($2 in chips) 
Seat 2: erlis82 ($0.82 in chips) 
Seat 3: oroszd ($2.37 in chips) 
Seat 4: Pasche9 ($0.65 in chips) 
Seat 5: ser447787 ($2.11 in chips) 
Seat 6: Dorex2007 ($1.47 in chips) 
Seat 7: Donner6657 ($3.65 in chips) 
Seat 8: Luigiams ($1.92 in chips) 
Seat 9: w3sby ($2.03 in chips) 
Donner6657: posts small blind $0.01
Luigiams: posts big blind $0.02
*** HOLE CARDS ***
Dealt to Dorex2007 [5s 9h]
w3sby: folds 
geni580: folds 
erlis82: folds 
oroszd: folds 
Pasche9: folds 
ser447787: folds 
Dorex2007: folds 
Donner6657: raises $0.02 to $0.04
Luigiams: calls $0.02
*** FLOP *** [7d 2h 5d]
Donner6657: bets $0.04
Luigiams: folds 
Uncalled bet ($0.04) returned to Donner6657
Donner6657 collected $0.08 from pot
*** SUMMARY ***
Total pot $0.08 | Rake $0 
Board [7d 2h 5d]
Seat 1: geni580 folded before Flop (didn't bet)
Seat 2: erlis82 folded before Flop (didn't bet)
Seat 3: oroszd folded before Flop (didn't bet)
Seat 4: Pasche9 folded before Flop (didn't bet)
Seat 5: ser447787 folded before Flop (didn't bet)
Seat 6: Dorex2007 (button) folded before Flop (didn't bet)
Seat 7: Donner6657 (small blind) collected ($0.08)
Seat 8: Luigiams (big blind) folded on the Flop
Seat 9: w3sby folded before Flop (didn't bet)



PokerStars Hand #225158531412:  Hold'em No Limit ($0.01/$0.02 USD) - 2021/03/24 20:43:50 PT [2021/03/24 23:43:50 ET]
Table 'Grano IV' 9-max Seat #7 is the button
Seat 1: geni580 ($2 in chips) 
Seat 2: erlis82 ($0.82 in chips) 
Seat 3: oroszd ($2.37 in chips) 
Seat 4: Pasche9 ($0.65 in chips) 
Seat 5: ser447787 ($2.11 in chips) 
Seat 6: Dorex2007 ($1.47 in chips) 
Seat 7: Donner6657 ($3.69 in chips) 
Seat 8: Luigiams ($1.88 in chips) 
Seat 9: w3sby ($2.03 in chips) 
Luigiams: posts small blind $0.01
w3sby: posts big blind $0.02
*** HOLE CARDS ***
Dealt to Dorex2007 [5c Qh]
geni580: folds 
erlis82: folds 
oroszd: raises $0.04 to $0.06
Pasche9: folds 
ser447787: folds 
Dorex2007: folds 
Donner6657: folds 
Luigiams: folds 
w3sby: folds 
Uncalled bet ($0.04) returned to oroszd
oroszd collected $0.05 from pot
oroszd: doesn't show hand 
*** SUMMARY ***
Total pot $0.05 | Rake $0 
Seat 1: geni580 folded before Flop (didn't bet)
Seat 2: erlis82 folded before Flop (didn't bet)
Seat 3: oroszd collected ($0.05)
Seat 4: Pasche9 folded before Flop (didn't bet)
Seat 5: ser447787 folded before Flop (didn't bet)
Seat 6: Dorex2007 folded before Flop (didn't bet)
Seat 7: Donner6657 (button) folded before Flop (didn't bet)
Seat 8: Luigiams (small blind) folded before Flop
Seat 9: w3sby (big blind) folded before Flop



PokerStars Hand #225158536094:  Hold'em No Limit ($0.01/$0.02 USD) - 2021/03/24 20:44:13 PT [2021/03/24 23:44:13 ET]
Table 'Grano IV' 9-max Seat #8 is the button
Seat 1: geni580 ($2 in chips) 
Seat 2: erlis82 ($0.82 in chips) 
Seat 3: oroszd ($2.40 in chips) 
Seat 4: Pasche9 ($0.65 in chips) 
Seat 5: ser447787 ($2.11 in chips) 
Seat 6: Dorex2007 ($1.47 in chips) 
Seat 7: Donner6657 ($3.69 in chips) 
Seat 8: Luigiams ($1.87 in chips) 
Seat 9: w3sby ($2.01 in chips) 
w3sby: posts small blind $0.01
geni580: posts big blind $0.02
*** HOLE CARDS ***
Dealt to Dorex2007 [3d 7c]
erlis82: folds 
oroszd: folds 
Pasche9: folds 
ser447787: folds 
Dorex2007: folds 
Donner6657: folds 
Luigiams: folds 
w3sby: folds 
Uncalled bet ($0.01) returned to geni580
geni580 collected $0.02 from pot
geni580: doesn't show hand 
*** SUMMARY ***
Total pot $0.02 | Rake $0 
Seat 1: geni580 (big blind) collected ($0.02)
Seat 2: erlis82 folded before Flop (didn't bet)
Seat 3: oroszd folded before Flop (didn't bet)
Seat 4: Pasche9 folded before Flop (didn't bet)
Seat 5: ser447787 folded before Flop (didn't bet)
Seat 6: Dorex2007 folded before Flop (didn't bet)
Seat 7: Donner6657 folded before Flop (didn't bet)
Seat 8: Luigiams (button) folded before Flop (didn't bet)
Seat 9: w3sby (small blind) folded before Flop



PokerStars Hand #225158538690:  Hold'em No Limit ($0.01/$0.02 USD) - 2021/03/24 20:44:25 PT [2021/03/24 23:44:25 ET]
Table 'Grano IV' 9-max Seat #9 is the button
Seat 1: geni580 ($2.01 in chips) 
Seat 2: erlis82 ($0.82 in chips) 
Seat 3: oroszd ($2.40 in chips) 
Seat 4: Pasche9 ($0.65 in chips) 
Seat 5: ser447787 ($2.11 in chips) 
Seat 6: Dorex2007 ($1.47 in chips) 
Seat 7: Donner6657 ($3.69 in chips) 
Seat 8: Luigiams ($1.87 in chips) 
Seat 9: w3sby ($2 in chips) 
geni580: posts small blind $0.01
erlis82: posts big blind $0.02
*** HOLE CARDS ***
Dealt to Dorex2007 [8c 7c]
oroszd: raises $0.04 to $0.06
Pasche9: folds 
ser447787: raises $0.15 to $0.21
Dorex2007: folds 
Donner6657: folds 
Luigiams: folds 
w3sby: folds 
geni580: folds 
erlis82: folds 
oroszd: raises $0.33 to $0.54
ser447787: calls $0.33
*** FLOP *** [2s As 4h]
oroszd: checks 
ser447787: checks 
*** TURN *** [2s As 4h] [Ts]
oroszd: bets $1.86 and is all-in
ser447787: calls $1.57 and is all-in
Uncalled bet ($0.29) returned to oroszd
*** RIVER *** [2s As 4h Ts] [5s]
*** SHOW DOWN ***
oroszd: shows [Ks Kh] (a flush, Ace high)
ser447787: shows [Qs Qh] (a flush, Ace high - lower cards)
oroszd cashed out the hand for $3.88 | Cash Out Fee $0.04
*** SUMMARY ***
Total pot $4.25 | Rake $0.15 
Board [2s As 4h Ts 5s]
Seat 1: geni580 (small blind) folded before Flop
Seat 2: erlis82 (big blind) folded before Flop
Seat 3: oroszd showed [Ks Kh] and won ($4.10) with a flush, Ace high (pot not awarded as player cashed out)
Seat 4: Pasche9 folded before Flop (didn't bet)
Seat 5: ser447787 showed [Qs Qh] and lost with a flush, Ace high
Seat 6: Dorex2007 folded before Flop (didn't bet)
Seat 7: Donner6657 folded before Flop (didn't bet)
Seat 8: Luigiams folded before Flop (didn't bet)
Seat 9: w3sby (button) folded before Flop (didn't bet)



PokerStars Hand #225158551248:  Hold'em No Limit ($0.01/$0.02 USD) - 2021/03/24 20:45:24 PT [2021/03/24 23:45:24 ET]
Table 'Grano IV' 9-max Seat #1 is the button
Seat 1: geni580 ($2 in chips) 
Seat 2: erlis82 ($0.80 in chips) 
Seat 3: oroszd ($4.17 in chips) 
Seat 4: Pasche9 ($0.65 in chips) 
Seat 5: ser447787 ($2 in chips) 
Seat 6: Dorex2007 ($1.47 in chips) 
Seat 7: Donner6657 ($3.69 in chips) 
Seat 8: Luigiams ($1.87 in chips) 
Seat 9: w3sby ($2 in chips) 
erlis82: posts small blind $0.01
oroszd: posts big blind $0.02
*** HOLE CARDS ***
Dealt to Dorex2007 [Ah Kd]
Pasche9: folds 
ser447787: folds 
Dorex2007: raises $0.04 to $0.06
Donner6657: folds 
Luigiams: folds 
w3sby: folds 
geni580: folds 
erlis82: calls $0.05
oroszd: folds 
*** FLOP *** [Qd Ad Jh]
erlis82: checks 
Dorex2007: checks 
*** TURN *** [Qd Ad Jh] [6c]
erlis82: bets $0.02
Dorex2007: calls $0.02
*** RIVER *** [Qd Ad Jh 6c] [Th]
erlis82: bets $0.02
Dorex2007: raises $0.22 to $0.24
erlis82: folds 
Uncalled bet ($0.22) returned to Dorex2007
Dorex2007 collected $0.21 from pot
Dorex2007: doesn't show hand 
*** SUMMARY ***
Total pot $0.22 | Rake $0.01 
Board [Qd Ad Jh 6c Th]
Seat 1: geni580 (button) folded before Flop (didn't bet)
Seat 2: erlis82 (small blind) folded on the River
Seat 3: oroszd (big blind) folded before Flop
Seat 4: Pasche9 folded before Flop (didn't bet)
Seat 5: ser447787 folded before Flop (didn't bet)
Seat 6: Dorex2007 collected ($0.21)
Seat 7: Donner6657 folded before Flop (didn't bet)
Seat 8: Luigiams folded before Flop (didn't bet)
Seat 9: w3sby folded before Flop (didn't bet)



PokerStars Hand #225158563459:  Hold'em No Limit ($0.01/$0.02 USD) - 2021/03/24 20:46:21 PT [2021/03/24 23:46:21 ET]
Table 'Grano IV' 9-max Seat #2 is the button
Seat 1: geni580 ($2 in chips) 
Seat 2: erlis82 ($0.70 in chips) 
Seat 3: oroszd ($4.15 in chips) 
Seat 4: Pasche9 ($0.65 in chips) 
Seat 5: ser447787 ($2 in chips) 
Seat 6: Dorex2007 ($1.58 in chips) 
Seat 7: Donner6657 ($3.69 in chips) 
Seat 8: Luigiams ($1.87 in chips) 
Seat 9: w3sby ($2 in chips) 
oroszd: posts small blind $0.01
Pasche9: posts big blind $0.02
*** HOLE CARDS ***
Dealt to Dorex2007 [6c 2c]
ser447787: folds 
Dorex2007: folds 
Donner6657: folds 
Luigiams: folds 
w3sby: folds 
geni580 has timed out
geni580: folds 
erlis82: folds 
oroszd: folds 
Uncalled bet ($0.01) returned to Pasche9
Pasche9 collected $0.02 from pot
Pasche9: doesn't show hand 
*** SUMMARY ***
Total pot $0.02 | Rake $0 
Seat 1: geni580 folded before Flop (didn't bet)
Seat 2: erlis82 (button) folded before Flop (didn't bet)
Seat 3: oroszd (small blind) folded before Flop
Seat 4: Pasche9 (big blind) collected ($0.02)
Seat 5: ser447787 folded before Flop (didn't bet)
Seat 6: Dorex2007 folded before Flop (didn't bet)
Seat 7: Donner6657 folded before Flop (didn't bet)
Seat 8: Luigiams folded before Flop (didn't bet)
Seat 9: w3sby folded before Flop (didn't bet)



PokerStars Hand #225158570400:  Hold'em No Limit ($0.01/$0.02 USD) - 2021/03/24 20:46:54 PT [2021/03/24 23:46:54 ET]
Table 'Grano IV' 9-max Seat #3 is the button
Seat 2: erlis82 ($0.70 in chips) 
Seat 3: oroszd ($4.14 in chips) 
Seat 4: Pasche9 ($0.66 in chips) 
Seat 5: ser447787 ($2 in chips) 
Seat 6: Dorex2007 ($1.58 in chips) 
Seat 7: Donner6657 ($3.69 in chips) 
Seat 8: Luigiams ($1.87 in chips) 
Seat 9: w3sby ($2 in chips) 
Pasche9: posts small blind $0.01
ser447787: posts big blind $0.02
*** HOLE CARDS ***
Dealt to Dorex2007 [Ad Td]
Dorex2007: raises $0.04 to $0.06
Donner6657: calls $0.06
Luigiams: folds 
w3sby: folds 
erlis82: folds 
oroszd: folds 
Pasche9: folds 
ser447787: calls $0.04
*** FLOP *** [6d 8s Qc]
ser447787: checks 
Dorex2007: bets $0.18
Donner6657: calls $0.18
ser447787: calls $0.18
*** TURN *** [6d 8s Qc] [5d]
ser447787: checks 
Dorex2007: checks 
Donner6657: bets $0.35
ser447787: calls $0.35
Dorex2007: calls $0.35
*** RIVER *** [6d 8s Qc 5d] [As]
ser447787: checks 
Dorex2007: bets $0.99 and is all-in
Donner6657: folds 
ser447787: folds 
Uncalled bet ($0.99) returned to Dorex2007
Dorex2007 collected $1.72 from pot
Dorex2007: doesn't show hand 
*** SUMMARY ***
Total pot $1.78 | Rake $0.06 
Board [6d 8s Qc 5d As]
Seat 2: erlis82 folded before Flop (didn't bet)
Seat 3: oroszd (button) folded before Flop (didn't bet)
Seat 4: Pasche9 (small blind) folded before Flop
Seat 5: ser447787 (big blind) folded on the River
Seat 6: Dorex2007 collected ($1.72)
Seat 7: Donner6657 folded on the River
Seat 8: Luigiams folded before Flop (didn't bet)
Seat 9: w3sby folded before Flop (didn't bet)



PokerStars Hand #225158583675:  Hold'em No Limit ($0.01/$0.02 USD) - 2021/03/24 20:47:56 PT [2021/03/24 23:47:56 ET]
Table 'Grano IV' 9-max Seat #4 is the button
Seat 2: erlis82 ($0.70 in chips) 
Seat 3: oroszd ($4.14 in chips) 
Seat 4: Pasche9 ($0.65 in chips) 
Seat 5: ser447787 ($2 in chips) 
Seat 6: Dorex2007 ($2.71 in chips) 
Seat 7: Donner6657 ($3.10 in chips) 
Seat 8: Luigiams ($1.87 in chips) 
Seat 9: w3sby ($2 in chips) 
ser447787: posts small blind $0.01
Dorex2007: posts big blind $0.02
*** HOLE CARDS ***
Dealt to Dorex2007 [4s 2c]
Donner6657: folds 
Luigiams: raises $0.02 to $0.04
w3sby: raises $0.08 to $0.12
erlis82: folds 
oroszd: folds 
Pasche9: folds 
ser447787: folds 
Dorex2007: folds 
Luigiams: calls $0.08
*** FLOP *** [Qd 2d Qh]
Luigiams: checks 
w3sby: bets $0.18
Luigiams: folds 
Uncalled bet ($0.18) returned to w3sby
w3sby collected $0.26 from pot
w3sby: doesn't show hand 
*** SUMMARY ***
Total pot $0.27 | Rake $0.01 
Board [Qd 2d Qh]
Seat 2: erlis82 folded before Flop (didn't bet)
Seat 3: oroszd folded before Flop (didn't bet)
Seat 4: Pasche9 (button) folded before Flop (didn't bet)
Seat 5: ser447787 (small blind) folded before Flop
Seat 6: Dorex2007 (big blind) folded before Flop
Seat 7: Donner6657 folded before Flop (didn't bet)
Seat 8: Luigiams folded on the Flop
Seat 9: w3sby collected ($0.26)



PokerStars Hand #225158592972:  Hold'em No Limit ($0.01/$0.02 USD) - 2021/03/24 20:48:39 PT [2021/03/24 23:48:39 ET]
Table 'Grano IV' 9-max Seat #5 is the button
Seat 2: erlis82 ($0.70 in chips) 
Seat 3: oroszd ($4.14 in chips) 
Seat 4: Pasche9 ($0.65 in chips) 
Seat 5: ser447787 ($2 in chips) 
Seat 6: Dorex2007 ($2.69 in chips) 
Seat 7: Donner6657 ($3.10 in chips) 
Seat 8: Luigiams ($2 in chips) 
Seat 9: w3sby ($2.14 in chips) 
Dorex2007: posts small blind $0.01
Donner6657: posts big blind $0.02
*** HOLE CARDS ***
Dealt to Dorex2007 [Js Kd]
Luigiams: folds 
w3sby: folds 
erlis82: folds 
oroszd: folds 
Pasche9: raises $0.03 to $0.05
ser447787: raises $0.15 to $0.20
Dorex2007: folds 
Donner6657: folds 
Pasche9: raises $0.45 to $0.65 and is all-in
ser447787: calls $0.45
*** FLOP *** [4c 3d Td]
*** TURN *** [4c 3d Td] [7s]
*** RIVER *** [4c 3d Td 7s] [5d]
*** SHOW DOWN ***
Pasche9: shows [Jc Jd] (a pair of Jacks)
ser447787: shows [Ad As] (a pair of Aces)
ser447787 collected $1.28 from pot
Pasche9 cashed out the hand for $0.25
*** SUMMARY ***
Total pot $1.33 | Rake $0.05 
Board [4c 3d Td 7s 5d]
Seat 2: erlis82 folded before Flop (didn't bet)
Seat 3: oroszd folded before Flop (didn't bet)
Seat 4: Pasche9 showed [Jc Jd] and lost with a pair of Jacks (cashed out).
Seat 5: ser447787 (button) showed [Ad As] and won ($1.28) with a pair of Aces
Seat 6: Dorex2007 (small blind) folded before Flop
Seat 7: Donner6657 (big blind) folded before Flop
Seat 8: Luigiams folded before Flop (didn't bet)
Seat 9: w3sby folded before Flop (didn't bet)



PokerStars Hand #225158617153:  Hold'em No Limit ($0.01/$0.02 USD) - 2021/03/24 20:49:24 PT [2021/03/24 23:49:24 ET]
Table 'Grano IV' 9-max Seat #6 is the button
Seat 2: erlis82 ($0.70 in chips) 
Seat 3: oroszd ($4.14 in chips) 
Seat 4: Pasche9 ($0.25 in chips) 
Seat 5: ser447787 ($2.63 in chips) 
Seat 6: Dorex2007 ($2.68 in chips) 
Seat 7: Donner6657 ($3.08 in chips) 
Seat 8: Luigiams ($2 in chips) 
Seat 9: w3sby ($2.14 in chips) 
Donner6657: posts small blind $0.01
Luigiams: posts big blind $0.02
*** HOLE CARDS ***
Dealt to Dorex2007 [As 2d]
w3sby: folds 
erlis82: calls $0.02
oroszd: folds 
Pasche9: raises $0.23 to $0.25 and is all-in
ser447787: folds 
Dorex2007: folds 
Donner6657: folds 
Luigiams: folds 
erlis82: folds 
Uncalled bet ($0.23) returned to Pasche9
Pasche9 collected $0.07 from pot
Pasche9: doesn't show hand 
*** SUMMARY ***
Total pot $0.07 | Rake $0 
Seat 2: erlis82 folded before Flop
Seat 3: oroszd folded before Flop (didn't bet)
Seat 4: Pasche9 collected ($0.07)
Seat 5: ser447787 folded before Flop (didn't bet)
Seat 6: Dorex2007 (button) folded before Flop (didn't bet)
Seat 7: Donner6657 (small blind) folded before Flop
Seat 8: Luigiams (big blind) folded before Flop
Seat 9: w3sby folded before Flop (didn't bet)



PokerStars Hand #225158622462:  Hold'em No Limit ($0.01/$0.02 USD) - 2021/03/24 20:49:50 PT [2021/03/24 23:49:50 ET]
Table 'Grano IV' 9-max Seat #7 is the button
Seat 2: erlis82 ($0.68 in chips) 
Seat 3: oroszd ($4.14 in chips) 
Seat 4: Pasche9 ($0.30 in chips) 
Seat 5: ser447787 ($2.63 in chips) 
Seat 6: Dorex2007 ($2.68 in chips) 
Seat 7: Donner6657 ($3.07 in chips) 
Seat 8: Luigiams ($1.98 in chips) 
Seat 9: w3sby ($2.14 in chips) 
Luigiams: posts small blind $0.01
w3sby: posts big blind $0.02
*** HOLE CARDS ***
Dealt to Dorex2007 [9s 6h]
erlis82: folds 
oroszd: raises $0.04 to $0.06
Pasche9: folds 
ser447787: folds 
Dorex2007: folds 
Donner6657: folds 
Luigiams: folds 
w3sby: folds 
Uncalled bet ($0.04) returned to oroszd
oroszd collected $0.05 from pot
oroszd: doesn't show hand 
*** SUMMARY ***
Total pot $0.05 | Rake $0 
Seat 2: erlis82 folded before Flop (didn't bet)
Seat 3: oroszd collected ($0.05)
Seat 4: Pasche9 folded before Flop (didn't bet)
Seat 5: ser447787 folded before Flop (didn't bet)
Seat 6: Dorex2007 folded before Flop (didn't bet)
Seat 7: Donner6657 (button) folded before Flop (didn't bet)
Seat 8: Luigiams (small blind) folded before Flop
Seat 9: w3sby (big blind) folded before Flop



PokerStars Hand #225158625590:  Hold'em No Limit ($0.01/$0.02 USD) - 2021/03/24 20:50:04 PT [2021/03/24 23:50:04 ET]
Table 'Grano IV' 9-max Seat #8 is the button
Seat 2: erlis82 ($0.68 in chips) 
Seat 3: oroszd ($4.17 in chips) 
Seat 4: Pasche9 ($0.30 in chips) 
Seat 5: ser447787 ($2.63 in chips) 
Seat 6: Dorex2007 ($2.68 in chips) 
Seat 7: Donner6657 ($3.07 in chips) 
Seat 8: Luigiams ($1.97 in chips) 
Seat 9: w3sby ($2.12 in chips) 
w3sby: posts small blind $0.01
erlis82: posts big blind $0.02
*** HOLE CARDS ***
Dealt to Dorex2007 [7c 2s]
oroszd: folds 
Pasche9: folds 
ser447787: folds 
Dorex2007: folds 
Donner6657: folds 
Luigiams: raises $0.02 to $0.04
w3sby: folds 
erlis82: folds 
Uncalled bet ($0.02) returned to Luigiams
Luigiams collected $0.05 from pot
Luigiams: doesn't show hand 
*** SUMMARY ***
Total pot $0.05 | Rake $0 
Seat 2: erlis82 (big blind) folded before Flop
Seat 3: oroszd folded before Flop (didn't bet)
Seat 4: Pasche9 folded before Flop (didn't bet)
Seat 5: ser447787 folded before Flop (didn't bet)
Seat 6: Dorex2007 folded before Flop (didn't bet)
Seat 7: Donner6657 folded before Flop (didn't bet)
Seat 8: Luigiams (button) collected ($0.05)
Seat 9: w3sby (small blind) folded before Flop



PokerStars Hand #225158628909:  Hold'em No Limit ($0.01/$0.02 USD) - 2021/03/24 20:50:20 PT [2021/03/24 23:50:20 ET]
Table 'Grano IV' 9-max Seat #9 is the button
Seat 2: erlis82 ($0.66 in chips) 
Seat 3: oroszd ($4.17 in chips) 
Seat 4: Pasche9 ($0.30 in chips) 
Seat 5: ser447787 ($2.63 in chips) 
Seat 6: Dorex2007 ($2.68 in chips) 
Seat 7: Donner6657 ($3.07 in chips) 
Seat 8: Luigiams ($2 in chips) 
Seat 9: w3sby ($2.11 in chips) 
erlis82: posts small blind $0.01
oroszd: posts big blind $0.02
*** HOLE CARDS ***
Dealt to Dorex2007 [6d Ts]
Pasche9: folds 
ser447787: folds 
Dorex2007: folds 
Donner6657: folds 
Luigiams: folds 
w3sby: folds 
erlis82: folds 
Uncalled bet ($0.01) returned to oroszd
oroszd collected $0.02 from pot
oroszd: doesn't show hand 
*** SUMMARY ***
Total pot $0.02 | Rake $0 
Seat 2: erlis82 (small blind) folded before Flop
Seat 3: oroszd (big blind) collected ($0.02)
Seat 4: Pasche9 folded before Flop (didn't bet)
Seat 5: ser447787 folded before Flop (didn't bet)
Seat 6: Dorex2007 folded before Flop (didn't bet)
Seat 7: Donner6657 folded before Flop (didn't bet)
Seat 8: Luigiams folded before Flop (didn't bet)
Seat 9: w3sby (button) folded before Flop (didn't bet)



PokerStars Hand #225158631801:  Hold'em No Limit ($0.01/$0.02 USD) - 2021/03/24 20:50:34 PT [2021/03/24 23:50:34 ET]
Table 'Grano IV' 9-max Seat #2 is the button
Seat 1: geni580 ($2 in chips) 
Seat 2: erlis82 ($0.65 in chips) 
Seat 3: oroszd ($4.18 in chips) 
Seat 4: Pasche9 ($0.30 in chips) 
Seat 5: ser447787 ($2.63 in chips) 
Seat 6: Dorex2007 ($2.68 in chips) 
Seat 7: Donner6657 ($3.07 in chips) 
Seat 8: Luigiams ($2 in chips) 
Seat 9: w3sby ($2.11 in chips) 
oroszd: posts small blind $0.01
Pasche9: posts big blind $0.02
geni580: posts small & big blinds $0.03
*** HOLE CARDS ***
Dealt to Dorex2007 [5h 8s]
ser447787: folds 
Dorex2007: calls $0.02
Donner6657: folds 
Luigiams: folds 
w3sby: folds 
geni580: checks 
erlis82: calls $0.02
oroszd: calls $0.01
Pasche9: checks 
*** FLOP *** [Ts 9d Qs]
oroszd: checks 
Pasche9: checks 
Dorex2007: checks 
geni580: checks 
erlis82: checks 
*** TURN *** [Ts 9d Qs] [9h]
oroszd: checks 
Pasche9: checks 
Dorex2007: checks 
geni580: checks 
erlis82: checks 
*** RIVER *** [Ts 9d Qs 9h] [Tc]
oroszd: checks 
Pasche9: checks 
Dorex2007: checks 
geni580: checks 
erlis82: checks 
*** SHOW DOWN ***
oroszd: shows [2d 3h] (two pair, Tens and Nines)
Pasche9: shows [4h 6d] (two pair, Tens and Nines)
Dorex2007: shows [5h 8s] (two pair, Tens and Nines)
geni580: shows [3c Ad] (two pair, Tens and Nines - Ace kicker)
erlis82: mucks hand 
geni580 collected $0.11 from pot
*** SUMMARY ***
Total pot $0.11 | Rake $0 
Board [Ts 9d Qs 9h Tc]
Seat 1: geni580 showed [3c Ad] and won ($0.11) with two pair, Tens and Nines
Seat 2: erlis82 (button) mucked [5s 5c]
Seat 3: oroszd (small blind) showed [2d 3h] and lost with two pair, Tens and Nines
Seat 4: Pasche9 (big blind) showed [4h 6d] and lost with two pair, Tens and Nines
Seat 5: ser447787 folded before Flop (didn't bet)
Seat 6: Dorex2007 showed [5h 8s] and lost with two pair, Tens and Nines
Seat 7: Donner6657 folded before Flop (didn't bet)
Seat 8: Luigiams folded before Flop (didn't bet)
Seat 9: w3sby folded before Flop (didn't bet)



PokerStars Hand #225158655387:  Hold'em No Limit ($0.01/$0.02 USD) - 2021/03/24 20:52:28 PT [2021/03/24 23:52:28 ET]
Table 'Grano IV' 9-max Seat #3 is the button
Seat 1: geni580 ($2.08 in chips) 
Seat 2: erlis82 ($0.63 in chips) 
Seat 3: oroszd ($4.16 in chips) 
Seat 4: Pasche9 ($0.28 in chips) 
Seat 5: ser447787 ($2.63 in chips) 
Seat 6: Dorex2007 ($2.66 in chips) 
Seat 7: Donner6657 ($3.07 in chips) 
Seat 8: Luigiams ($2 in chips) 
Seat 9: w3sby ($2.11 in chips) 
Pasche9: posts small blind $0.01
ser447787: posts big blind $0.02
*** HOLE CARDS ***
Dealt to Dorex2007 [7s 2s]
Dorex2007: folds 
Donner6657: folds 
Luigiams: folds 
w3sby: folds 
geni580: folds 
erlis82: folds 
oroszd: folds 
Pasche9: folds 
Uncalled bet ($0.01) returned to ser447787
ser447787 collected $0.02 from pot
*** SUMMARY ***
Total pot $0.02 | Rake $0 
Seat 1: geni580 folded before Flop (didn't bet)
Seat 2: erlis82 folded before Flop (didn't bet)
Seat 3: oroszd (button) folded before Flop (didn't bet)
Seat 4: Pasche9 (small blind) folded before Flop
Seat 5: ser447787 (big blind) collected ($0.02)
Seat 6: Dorex2007 folded before Flop (didn't bet)
Seat 7: Donner6657 folded before Flop (didn't bet)
Seat 8: Luigiams folded before Flop (didn't bet)
Seat 9: w3sby folded before Flop (didn't bet)



PokerStars Hand #225158660630:  Hold'em No Limit ($0.01/$0.02 USD) - 2021/03/24 20:52:53 PT [2021/03/24 23:52:53 ET]
Table 'Grano IV' 9-max Seat #4 is the button
Seat 1: geni580 ($2.08 in chips) 
Seat 2: erlis82 ($0.63 in chips) 
Seat 3: oroszd ($4.16 in chips) 
Seat 4: Pasche9 ($0.27 in chips) 
Seat 5: ser447787 ($2.64 in chips) 
Seat 6: Dorex2007 ($2.66 in chips) 
Seat 7: Donner6657 ($3.07 in chips) 
Seat 8: Luigiams ($2 in chips) 
Seat 9: w3sby ($2.11 in chips) 
ser447787: posts small blind $0.01
Dorex2007: posts big blind $0.02
*** HOLE CARDS ***
Dealt to Dorex2007 [Td 8h]
Donner6657: calls $0.02
Luigiams: calls $0.02
w3sby: folds 
geni580: folds 
erlis82: folds 
oroszd: folds 
Pasche9: folds 
ser447787: folds 
Dorex2007: checks 
*** FLOP *** [Jh 5c 7s]
Dorex2007: checks 
Donner6657: bets $0.04
Luigiams: folds 
Dorex2007: folds 
Uncalled bet ($0.04) returned to Donner6657
Donner6657 collected $0.07 from pot
*** SUMMARY ***
Total pot $0.07 | Rake $0 
Board [Jh 5c 7s]
Seat 1: geni580 folded before Flop (didn't bet)
Seat 2: erlis82 folded before Flop (didn't bet)
Seat 3: oroszd folded before Flop (didn't bet)
Seat 4: Pasche9 (button) folded before Flop (didn't bet)
Seat 5: ser447787 (small blind) folded before Flop
Seat 6: Dorex2007 (big blind) folded on the Flop
Seat 7: Donner6657 collected ($0.07)
Seat 8: Luigiams folded on the Flop
Seat 9: w3sby folded before Flop (didn't bet)



PokerStars Hand #225158668909:  Hold'em No Limit ($0.01/$0.02 USD) - 2021/03/24 20:53:33 PT [2021/03/24 23:53:33 ET]
Table 'Grano IV' 9-max Seat #5 is the button
Seat 1: geni580 ($2.08 in chips) 
Seat 2: erlis82 ($0.63 in chips) 
Seat 3: oroszd ($4.16 in chips) 
Seat 4: Pasche9 ($0.27 in chips) 
Seat 5: ser447787 ($2.63 in chips) 
Seat 6: Dorex2007 ($2.64 in chips) 
Seat 7: Donner6657 ($3.12 in chips) 
Seat 8: Luigiams ($1.98 in chips) 
Seat 9: w3sby ($2.11 in chips) 
Dorex2007: posts small blind $0.01
Donner6657: posts big blind $0.02
*** HOLE CARDS ***
Dealt to Dorex2007 [Kc 2d]
Luigiams: folds 
w3sby: folds 
geni580: folds 
erlis82: folds 
erlis82 leaves the table
oroszd: folds 
Pasche9: raises $0.25 to $0.27 and is all-in
ser447787: folds 
Dorex2007: folds 
Donner6657: folds 
Uncalled bet ($0.25) returned to Pasche9
Pasche9 collected $0.05 from pot
Pasche9: doesn't show hand 
*** SUMMARY ***
Total pot $0.05 | Rake $0 
Seat 1: geni580 folded before Flop (didn't bet)
Seat 2: erlis82 folded before Flop (didn't bet)
Seat 3: oroszd folded before Flop (didn't bet)
Seat 4: Pasche9 collected ($0.05)
Seat 5: ser447787 (button) folded before Flop (didn't bet)
Seat 6: Dorex2007 (small blind) folded before Flop
Seat 7: Donner6657 (big blind) folded before Flop
Seat 8: Luigiams folded before Flop (didn't bet)
Seat 9: w3sby folded before Flop (didn't bet)



PokerStars Hand #225158673601:  Hold'em No Limit ($0.01/$0.02 USD) - 2021/03/24 20:53:56 PT [2021/03/24 23:53:56 ET]
Table 'Grano IV' 9-max Seat #6 is the button
Seat 1: geni580 ($2.08 in chips) 
Seat 3: oroszd ($4.16 in chips) 
Seat 4: Pasche9 ($0.30 in chips) 
Seat 5: ser447787 ($2.63 in chips) 
Seat 6: Dorex2007 ($2.63 in chips) 
Seat 7: Donner6657 ($3.10 in chips) 
Seat 8: Luigiams ($1.98 in chips) 
Seat 9: w3sby ($2.11 in chips) 
Donner6657: posts small blind $0.01
Luigiams: posts big blind $0.02
*** HOLE CARDS ***
Dealt to Dorex2007 [8d Qd]
w3sby: folds 
geni580: folds 
oroszd: folds 
Pasche9: raises $0.03 to $0.05
ser447787: folds 
Polmerana joins the table at seat #2 
Dorex2007: folds 
Donner6657: calls $0.04
Luigiams: calls $0.03
*** FLOP *** [Ac 5s Ks]
Donner6657: bets $0.04
Luigiams: calls $0.04
Pasche9: folds 
*** TURN *** [Ac 5s Ks] [Tc]
Donner6657: bets $0.04
Luigiams: calls $0.04
*** RIVER *** [Ac 5s Ks Tc] [Ad]
Donner6657: bets $0.04
Luigiams: calls $0.04
*** SHOW DOWN ***
Donner6657: shows [3c Kc] (two pair, Aces and Kings)
Luigiams: shows [As 4c] (three of a kind, Aces)
Luigiams collected $0.38 from pot
*** SUMMARY ***
Total pot $0.39 | Rake $0.01 
Board [Ac 5s Ks Tc Ad]
Seat 1: geni580 folded before Flop (didn't bet)
Seat 3: oroszd folded before Flop (didn't bet)
Seat 4: Pasche9 folded on the Flop
Seat 5: ser447787 folded before Flop (didn't bet)
Seat 6: Dorex2007 (button) folded before Flop (didn't bet)
Seat 7: Donner6657 (small blind) showed [3c Kc] and lost with two pair, Aces and Kings
Seat 8: Luigiams (big blind) showed [As 4c] and won ($0.38) with three of a kind, Aces
Seat 9: w3sby folded before Flop (didn't bet)



PokerStars Hand #225158686179:  Hold'em No Limit ($0.01/$0.02 USD) - 2021/03/24 20:54:57 PT [2021/03/24 23:54:57 ET]
Table 'Grano IV' 9-max Seat #7 is the button
Seat 1: geni580 ($2.08 in chips) 
Seat 3: oroszd ($4.16 in chips) 
Seat 4: Pasche9 ($0.25 in chips) 
Seat 5: ser447787 ($2.63 in chips) 
Seat 6: Dorex2007 ($2.63 in chips) 
Seat 7: Donner6657 ($2.93 in chips) 
Seat 8: Luigiams ($2.19 in chips) 
Seat 9: w3sby ($2.11 in chips) 
Luigiams: posts small blind $0.01
w3sby: posts big blind $0.02
Polmerana: sits out 
*** HOLE CARDS ***
Dealt to Dorex2007 [3h Jc]
geni580: folds 
oroszd: folds 
Pasche9: folds 
ser447787: raises $0.05 to $0.07
Dorex2007: folds 
Donner6657: folds 
Luigiams: folds 
w3sby: folds 
Uncalled bet ($0.05) returned to ser447787
ser447787 collected $0.05 from pot
*** SUMMARY ***
Total pot $0.05 | Rake $0 
Seat 1: geni580 folded before Flop (didn't bet)
Seat 3: oroszd folded before Flop (didn't bet)
Seat 4: Pasche9 folded before Flop (didn't bet)
Seat 5: ser447787 collected ($0.05)
Seat 6: Dorex2007 folded before Flop (didn't bet)
Seat 7: Donner6657 (button) folded before Flop (didn't bet)
Seat 8: Luigiams (small blind) folded before Flop
Seat 9: w3sby (big blind) folded before Flop



PokerStars Hand #225158690854:  Hold'em No Limit ($0.01/$0.02 USD) - 2021/03/24 20:55:23 PT [2021/03/24 23:55:23 ET]
Table 'Grano IV' 9-max Seat #8 is the button
Seat 1: geni580 ($2.08 in chips) 
Seat 3: oroszd ($4.16 in chips) 
Seat 4: Pasche9 ($0.25 in chips) 
Seat 5: ser447787 ($2.66 in chips) 
Seat 6: Dorex2007 ($2.63 in chips) 
Seat 7: Donner6657 ($2.93 in chips) 
Seat 8: Luigiams ($2.18 in chips) 
Seat 9: w3sby ($2.09 in chips) 
w3sby: posts small blind $0.01
geni580: posts big blind $0.02
Polmerana: sits out 
*** HOLE CARDS ***
Dealt to Dorex2007 [Ah 9c]
oroszd: folds 
Pasche9: folds 
ser447787: folds 
Dorex2007: folds 
Donner6657: folds 
Luigiams: folds 
w3sby: folds 
Uncalled bet ($0.01) returned to geni580
geni580 collected $0.02 from pot
geni580: doesn't show hand 
*** SUMMARY ***
Total pot $0.02 | Rake $0 
Seat 1: geni580 (big blind) collected ($0.02)
Seat 3: oroszd folded before Flop (didn't bet)
Seat 4: Pasche9 folded before Flop (didn't bet)
Seat 5: ser447787 folded before Flop (didn't bet)
Seat 6: Dorex2007 folded before Flop (didn't bet)
Seat 7: Donner6657 folded before Flop (didn't bet)
Seat 8: Luigiams (button) folded before Flop (didn't bet)
Seat 9: w3sby (small blind) folded before Flop



PokerStars Hand #225158693950:  Hold'em No Limit ($0.01/$0.02 USD) - 2021/03/24 20:55:41 PT [2021/03/24 23:55:41 ET]
Table 'Grano IV' 9-max Seat #9 is the button
Seat 1: geni580 ($2.09 in chips) 
Seat 2: Polmerana ($2 in chips) 
Seat 3: oroszd ($4.16 in chips) 
Seat 4: Pasche9 ($0.25 in chips) 
Seat 5: ser447787 ($2.66 in chips) 
Seat 6: Dorex2007 ($2.63 in chips) 
Seat 7: Donner6657 ($2.93 in chips) 
Seat 8: Luigiams ($2.18 in chips) 
Seat 9: w3sby ($2.08 in chips) 
geni580: posts small blind $0.01
Polmerana: posts big blind $0.02
*** HOLE CARDS ***
Dealt to Dorex2007 [3s 6h]
oroszd: raises $0.04 to $0.06
Pasche9: folds 
ser447787: folds 
Dorex2007: folds 
Donner6657: folds 
Luigiams: calls $0.06
w3sby: folds 
geni580: folds 
Polmerana: folds 
*** FLOP *** [5h 4d 3h]
oroszd: checks 
Luigiams: bets $0.06
oroszd: calls $0.06
*** TURN *** [5h 4d 3h] [Kc]
oroszd: checks 
Luigiams: bets $0.08
oroszd: calls $0.08
*** RIVER *** [5h 4d 3h Kc] [3d]
oroszd: checks 
Luigiams: checks 
*** SHOW DOWN ***
oroszd: shows [Jh Jd] (two pair, Jacks and Threes)
Luigiams: mucks hand 
oroszd collected $0.41 from pot
*** SUMMARY ***
Total pot $0.43 | Rake $0.02 
Board [5h 4d 3h Kc 3d]
Seat 1: geni580 (small blind) folded before Flop
Seat 2: Polmerana (big blind) folded before Flop
Seat 3: oroszd showed [Jh Jd] and won ($0.41) with two pair, Jacks and Threes
Seat 4: Pasche9 folded before Flop (didn't bet)
Seat 5: ser447787 folded before Flop (didn't bet)
Seat 6: Dorex2007 folded before Flop (didn't bet)
Seat 7: Donner6657 folded before Flop (didn't bet)
Seat 8: Luigiams mucked [9h Ah]
Seat 9: w3sby (button) folded before Flop (didn't bet)



PokerStars Hand #225158703749:  Hold'em No Limit ($0.01/$0.02 USD) - 2021/03/24 20:56:39 PT [2021/03/24 23:56:39 ET]
Table 'Grano IV' 9-max Seat #1 is the button
Seat 1: geni580 ($2.08 in chips) 
Seat 2: Polmerana ($1.98 in chips) 
Seat 3: oroszd ($4.37 in chips) 
Seat 4: Pasche9 ($0.25 in chips) 
Seat 5: ser447787 ($2.66 in chips) 
Seat 6: Dorex2007 ($2.63 in chips) 
Seat 7: Donner6657 ($2.93 in chips) 
Seat 8: Luigiams ($1.98 in chips) 
Seat 9: w3sby ($2.08 in chips) 
Polmerana: posts small blind $0.01
oroszd: posts big blind $0.02
*** HOLE CARDS ***
Dealt to Dorex2007 [Js Kd]
Pasche9: raises $0.23 to $0.25 and is all-in
ser447787: folds 
Dorex2007: folds 
Donner6657: folds 
Luigiams: folds 
w3sby: folds 
geni580: folds 
Polmerana: folds 
oroszd: folds 
Uncalled bet ($0.23) returned to Pasche9
Pasche9 collected $0.05 from pot
Pasche9: doesn't show hand 
*** SUMMARY ***
Total pot $0.05 | Rake $0 
Seat 1: geni580 (button) folded before Flop (didn't bet)
Seat 2: Polmerana (small blind) folded before Flop
Seat 3: oroszd (big blind) folded before Flop
Seat 4: Pasche9 collected ($0.05)
Seat 5: ser447787 folded before Flop (didn't bet)
Seat 6: Dorex2007 folded before Flop (didn't bet)
Seat 7: Donner6657 folded before Flop (didn't bet)
Seat 8: Luigiams folded before Flop (didn't bet)
Seat 9: w3sby folded before Flop (didn't bet)



PokerStars Hand #225158708399:  Hold'em No Limit ($0.01/$0.02 USD) - 2021/03/24 20:57:07 PT [2021/03/24 23:57:07 ET]
Table 'Grano IV' 9-max Seat #2 is the button
Seat 1: geni580 ($2.08 in chips) 
Seat 2: Polmerana ($1.97 in chips) 
Seat 3: oroszd ($4.35 in chips) 
Seat 4: Pasche9 ($0.28 in chips) 
Seat 5: ser447787 ($2.66 in chips) 
Seat 6: Dorex2007 ($2.63 in chips) 
Seat 7: Donner6657 ($2.93 in chips) 
Seat 8: Luigiams ($1.98 in chips) 
Seat 9: w3sby ($2.08 in chips) 
oroszd: posts small blind $0.01
Pasche9: posts big blind $0.02
*** HOLE CARDS ***
Dealt to Dorex2007 [Kc 6c]
ser447787: folds 
Dorex2007: folds 
Donner6657: calls $0.02
Luigiams: folds 
w3sby: folds 
geni580: raises $0.03 to $0.05
Polmerana: raises $0.15 to $0.20
oroszd: folds 
Pasche9: folds 
Donner6657: folds 
geni580 has timed out
geni580: folds 
Uncalled bet ($0.15) returned to Polmerana
Polmerana collected $0.15 from pot
Polmerana: doesn't show hand 
*** SUMMARY ***
Total pot $0.15 | Rake $0 
Seat 1: geni580 folded before Flop
Seat 2: Polmerana (button) collected ($0.15)
Seat 3: oroszd (small blind) folded before Flop
Seat 4: Pasche9 (big blind) folded before Flop
Seat 5: ser447787 folded before Flop (didn't bet)
Seat 6: Dorex2007 folded before Flop (didn't bet)
Seat 7: Donner6657 folded before Flop
Seat 8: Luigiams folded before Flop (didn't bet)
Seat 9: w3sby folded before Flop (didn't bet)



PokerStars Hand #225158717802:  Hold'em No Limit ($0.01/$0.02 USD) - 2021/03/24 20:58:03 PT [2021/03/24 23:58:03 ET]
Table 'Grano IV' 9-max Seat #3 is the button
Seat 1: geni580 ($2.03 in chips) 
Seat 2: Polmerana ($2.07 in chips) 
Seat 3: oroszd ($4.34 in chips) 
Seat 4: Pasche9 ($0.26 in chips) 
Seat 5: ser447787 ($2.66 in chips) 
Seat 6: Dorex2007 ($2.63 in chips) 
Seat 7: Donner6657 ($2.91 in chips) 
Seat 8: Luigiams ($1.98 in chips) 
Seat 9: w3sby ($2.08 in chips) 
Pasche9: posts small blind $0.01
ser447787: posts big blind $0.02
*** HOLE CARDS ***
Dealt to Dorex2007 [3h 4s]
Dorex2007: folds 
Donner6657: folds 
Luigiams: raises $0.02 to $0.04
w3sby: folds 
geni580: folds 
Polmerana: folds 
oroszd: folds 
Pasche9: raises $0.22 to $0.26 and is all-in
ser447787: folds 
Luigiams: calls $0.22
*** FLOP *** [9s 7c 8c]
*** TURN *** [9s 7c 8c] [Jc]
*** RIVER *** [9s 7c 8c Jc] [Qc]
*** SHOW DOWN ***
Pasche9: shows [Kd Js] (a pair of Jacks)
Luigiams: shows [8d 8s] (three of a kind, Eights)
Luigiams collected $0.52 from pot
*** SUMMARY ***
Total pot $0.54 | Rake $0.02 
Board [9s 7c 8c Jc Qc]
Seat 1: geni580 folded before Flop (didn't bet)
Seat 2: Polmerana folded before Flop (didn't bet)
Seat 3: oroszd (button) folded before Flop (didn't bet)
Seat 4: Pasche9 (small blind) showed [Kd Js] and lost with a pair of Jacks
Seat 5: ser447787 (big blind) folded before Flop
Seat 6: Dorex2007 folded before Flop (didn't bet)
Seat 7: Donner6657 folded before Flop (didn't bet)
Seat 8: Luigiams showed [8d 8s] and won ($0.52) with three of a kind, Eights
Seat 9: w3sby folded before Flop (didn't bet)



PokerStars Hand #225158731790:  Hold'em No Limit ($0.01/$0.02 USD) - 2021/03/24 20:58:53 PT [2021/03/24 23:58:53 ET]
Table 'Grano IV' 9-max Seat #5 is the button
Seat 1: geni580 ($2.03 in chips) 
Seat 2: Polmerana ($2.07 in chips) 
Seat 3: oroszd ($4.34 in chips) 
Seat 5: ser447787 ($2.64 in chips) 
Seat 6: Dorex2007 ($2.63 in chips) 
Seat 7: Donner6657 ($2.91 in chips) 
Seat 8: Luigiams ($2.24 in chips) 
Seat 9: w3sby ($2.08 in chips) 
Dorex2007: posts small blind $0.01
Donner6657: posts big blind $0.02
*** HOLE CARDS ***
Dealt to Dorex2007 [Ks 8h]
Luigiams: calls $0.02
w3sby: folds 
Pasche9 leaves the table
geni580: folds 
Polmerana: folds 
oroszd: folds 
ser447787: folds 
Dorex2007: folds 
Donner6657: checks 
*** FLOP *** [5d 4s 2h]
Donner6657: checks 
Luigiams: bets $0.02
Donner6657: calls $0.02
*** TURN *** [5d 4s 2h] [Ah]
Donner6657: checks 
Luigiams: bets $0.04
Donner6657: folds 
Uncalled bet ($0.04) returned to Luigiams
Luigiams collected $0.09 from pot
Luigiams: doesn't show hand 
*** SUMMARY ***
Total pot $0.09 | Rake $0 
Board [5d 4s 2h Ah]
Seat 1: geni580 folded before Flop (didn't bet)
Seat 2: Polmerana folded before Flop (didn't bet)
Seat 3: oroszd folded before Flop (didn't bet)
Seat 5: ser447787 (button) folded before Flop (didn't bet)
Seat 6: Dorex2007 (small blind) folded before Flop
Seat 7: Donner6657 (big blind) folded on the Turn
Seat 8: Luigiams collected ($0.09)
Seat 9: w3sby folded before Flop (didn't bet)



PokerStars Hand #225158739841:  Hold'em No Limit ($0.01/$0.02 USD) - 2021/03/24 20:59:42 PT [2021/03/24 23:59:42 ET]
Table 'Grano IV' 9-max Seat #6 is the button
Seat 1: geni580 ($2.03 in chips) 
Seat 2: Polmerana ($2.07 in chips) 
Seat 3: oroszd ($4.34 in chips) 
Seat 5: ser447787 ($2.64 in chips) 
Seat 6: Dorex2007 ($2.62 in chips) 
Seat 7: Donner6657 ($2.87 in chips) 
Seat 8: Luigiams ($2.29 in chips) 
Seat 9: w3sby ($2.08 in chips) 
Donner6657: posts small blind $0.01
Luigiams: posts big blind $0.02
*** HOLE CARDS ***
Dealt to Dorex2007 [3s Ts]
w3sby: folds 
geni580: folds 
Polmerana: folds 
oroszd: folds 
ser447787: folds 
Dorex2007: folds 
Donner6657: raises $0.02 to $0.04
lucky1253 joins the table at seat #4 
Luigiams: calls $0.02
*** FLOP *** [6c Jd Td]
Donner6657: bets $0.04
Luigiams: calls $0.04
*** TURN *** [6c Jd Td] [6h]
Donner6657: bets $0.06
Luigiams: calls $0.06
*** RIVER *** [6c Jd Td 6h] [2h]
Donner6657: bets $0.06
Luigiams: calls $0.06
*** SHOW DOWN ***
Donner6657: shows [3d As] (a pair of Sixes)
Luigiams: shows [Th Ks] (two pair, Tens and Sixes)
Luigiams collected $0.39 from pot
*** SUMMARY ***
Total pot $0.40 | Rake $0.01 
Board [6c Jd Td 6h 2h]
Seat 1: geni580 folded before Flop (didn't bet)
Seat 2: Polmerana folded before Flop (didn't bet)
Seat 3: oroszd folded before Flop (didn't bet)
Seat 5: ser447787 folded before Flop (didn't bet)
Seat 6: Dorex2007 (button) folded before Flop (didn't bet)
Seat 7: Donner6657 (small blind) showed [3d As] and lost with a pair of Sixes
Seat 8: Luigiams (big blind) showed [Th Ks] and won ($0.39) with two pair, Tens and Sixes
Seat 9: w3sby folded before Flop (didn't bet)



