PokerStars Hand #224093137523:  Hold'em No Limit ($0.01/$0.02 USD) - 2021/02/21 21:38:26 PT [2021/02/22 0:38:26 ET]
Table 'Sheliak IV' 9-max Seat #1 is the button
Seat 1: keowliss ($1.60 in chips) 
Seat 2: Happy we:-) ($0.53 in chips) 
Seat 3: Dorex2007 ($1.50 in chips) 
Seat 5: jimslimidy ($2.20 in chips) 
Seat 6: Kris 1524 ($0.67 in chips) 
Seat 7: boryaif ($2 in chips) 
Seat 8: zpxnjp21 ($1.57 in chips) 
Seat 9: mza_1977 ($2.58 in chips) 
Happy we:-): posts small blind $0.01
Dorex2007: posts big blind $0.02
*** HOLE CARDS ***
Dealt to Dorex2007 [7c Ts]
jimslimidy: folds 
Kris 1524: calls $0.02
boryaif: folds 
zpxnjp21: folds 
mza_1977: folds 
keowliss: folds 
Happy we:-): folds 
Dorex2007: checks 
*** FLOP *** [4c 9d Qc]
Dorex2007: checks 
Kris 1524: checks 
*** TURN *** [4c 9d Qc] [9s]
Dorex2007: checks 
Kris 1524: checks 
*** RIVER *** [4c 9d Qc 9s] [4s]
Dorex2007: checks 
Kris 1524: checks 
*** SHOW DOWN ***
Dorex2007: shows [7c Ts] (two pair, Nines and Fours)
Kris 1524: shows [Kd 7d] (two pair, Nines and Fours - King kicker)
Kris 1524 collected $0.05 from pot
*** SUMMARY ***
Total pot $0.05 | Rake $0 
Board [4c 9d Qc 9s 4s]
Seat 1: keowliss (button) folded before Flop (didn't bet)
Seat 2: Happy we:-) (small blind) folded before Flop
Seat 3: Dorex2007 (big blind) showed [7c Ts] and lost with two pair, Nines and Fours
Seat 5: jimslimidy folded before Flop (didn't bet)
Seat 6: Kris 1524 showed [Kd 7d] and won ($0.05) with two pair, Nines and Fours
Seat 7: boryaif folded before Flop (didn't bet)
Seat 8: zpxnjp21 folded before Flop (didn't bet)
Seat 9: mza_1977 folded before Flop (didn't bet)



PokerStars Hand #224093146067:  Hold'em No Limit ($0.01/$0.02 USD) - 2021/02/21 21:39:12 PT [2021/02/22 0:39:12 ET]
Table 'Sheliak IV' 9-max Seat #2 is the button
Seat 1: keowliss ($1.60 in chips) 
Seat 2: Happy we:-) ($0.52 in chips) 
Seat 3: Dorex2007 ($1.48 in chips) 
Seat 5: jimslimidy ($2.20 in chips) 
Seat 6: Kris 1524 ($0.70 in chips) 
Seat 7: boryaif ($2 in chips) 
Seat 8: zpxnjp21 ($1.57 in chips) 
Seat 9: mza_1977 ($2.58 in chips) 
Dorex2007: posts small blind $0.01
jimslimidy: posts big blind $0.02
*** HOLE CARDS ***
Dealt to Dorex2007 [Td 3h]
Kris 1524: folds 
boryaif: raises $0.04 to $0.06
zpxnjp21: folds 
mza_1977: folds 
keowliss: calls $0.06
Happy we:-): folds 
Dorex2007: folds 
jimslimidy: calls $0.04
*** FLOP *** [Qd Qs Kc]
jimslimidy: checks 
boryaif: bets $0.09
keowliss: calls $0.09
jimslimidy: calls $0.09
*** TURN *** [Qd Qs Kc] [8s]
jimslimidy: checks 
boryaif: checks 
keowliss: bets $0.22
jimslimidy: calls $0.22
boryaif: folds 
*** RIVER *** [Qd Qs Kc 8s] [7d]
jimslimidy: bets $1.83 and is all-in
keowliss: calls $1.23 and is all-in
Uncalled bet ($0.60) returned to jimslimidy
*** SHOW DOWN ***
jimslimidy: shows [9c Jh] (a pair of Queens)
keowliss: shows [3c Qc] (three of a kind, Queens)
keowliss collected $3.24 from pot
*** SUMMARY ***
Total pot $3.36 | Rake $0.12 
Board [Qd Qs Kc 8s 7d]
Seat 1: keowliss showed [3c Qc] and won ($3.24) with three of a kind, Queens
Seat 2: Happy we:-) (button) folded before Flop (didn't bet)
Seat 3: Dorex2007 (small blind) folded before Flop
Seat 5: jimslimidy (big blind) showed [9c Jh] and lost with a pair of Queens
Seat 6: Kris 1524 folded before Flop (didn't bet)
Seat 7: boryaif folded on the Turn
Seat 8: zpxnjp21 folded before Flop (didn't bet)
Seat 9: mza_1977 folded before Flop (didn't bet)



PokerStars Hand #224093162402:  Hold'em No Limit ($0.01/$0.02 USD) - 2021/02/21 21:40:49 PT [2021/02/22 0:40:49 ET]
Table 'Sheliak IV' 9-max Seat #3 is the button
Seat 1: keowliss ($3.24 in chips) 
Seat 2: Happy we:-) ($0.52 in chips) 
Seat 3: Dorex2007 ($1.47 in chips) 
Seat 5: jimslimidy ($0.60 in chips) 
Seat 6: Kris 1524 ($0.70 in chips) 
Seat 7: boryaif ($2 in chips) 
Seat 8: zpxnjp21 ($1.57 in chips) 
Seat 9: mza_1977 ($2.58 in chips) 
jimslimidy: posts small blind $0.01
Kris 1524: posts big blind $0.02
*** HOLE CARDS ***
Dealt to Dorex2007 [Js 2s]
boryaif: folds 
zpxnjp21: folds 
mza_1977: folds 
keowliss: raises $0.04 to $0.06
Happy we:-): folds 
Dorex2007: folds 
jimslimidy: raises $0.54 to $0.60 and is all-in
Kris 1524: folds 
keowliss: folds 
Uncalled bet ($0.54) returned to jimslimidy
jimslimidy collected $0.14 from pot
jimslimidy: doesn't show hand 
*** SUMMARY ***
Total pot $0.14 | Rake $0 
Seat 1: keowliss folded before Flop
Seat 2: Happy we:-) folded before Flop (didn't bet)
Seat 3: Dorex2007 (button) folded before Flop (didn't bet)
Seat 5: jimslimidy (small blind) collected ($0.14)
Seat 6: Kris 1524 (big blind) folded before Flop
Seat 7: boryaif folded before Flop (didn't bet)
Seat 8: zpxnjp21 folded before Flop (didn't bet)
Seat 9: mza_1977 folded before Flop (didn't bet)



PokerStars Hand #224093167344:  Hold'em No Limit ($0.01/$0.02 USD) - 2021/02/21 21:41:18 PT [2021/02/22 0:41:18 ET]
Table 'Sheliak IV' 9-max Seat #5 is the button
Seat 1: keowliss ($3.18 in chips) 
Seat 2: Happy we:-) ($0.52 in chips) 
Seat 3: Dorex2007 ($1.47 in chips) 
Seat 5: jimslimidy ($0.68 in chips) 
Seat 6: Kris 1524 ($0.68 in chips) 
Seat 7: boryaif ($2 in chips) 
Seat 8: zpxnjp21 ($1.57 in chips) 
Seat 9: mza_1977 ($2.58 in chips) 
Kris 1524: posts small blind $0.01
boryaif: posts big blind $0.02
coolDadJimbo: sits out 
*** HOLE CARDS ***
Dealt to Dorex2007 [6s 4h]
zpxnjp21: folds 
mza_1977: folds 
keowliss: folds 
Happy we:-): raises $0.02 to $0.04
Dorex2007: folds 
jimslimidy: folds 
Kris 1524: folds 
boryaif: calls $0.02
*** FLOP *** [7d 9s 7s]
boryaif: checks 
Happy we:-): bets $0.06
boryaif: folds 
Uncalled bet ($0.06) returned to Happy we:-)
Happy we:-) collected $0.09 from pot
Happy we:-): doesn't show hand 
*** SUMMARY ***
Total pot $0.09 | Rake $0 
Board [7d 9s 7s]
Seat 1: keowliss folded before Flop (didn't bet)
Seat 2: Happy we:-) collected ($0.09)
Seat 3: Dorex2007 folded before Flop (didn't bet)
Seat 5: jimslimidy (button) folded before Flop (didn't bet)
Seat 6: Kris 1524 (small blind) folded before Flop
Seat 7: boryaif (big blind) folded on the Flop
Seat 8: zpxnjp21 folded before Flop (didn't bet)
Seat 9: mza_1977 folded before Flop (didn't bet)



PokerStars Hand #224093182159:  Hold'em No Limit ($0.01/$0.02 USD) - 2021/02/21 21:41:52 PT [2021/02/22 0:41:52 ET]
Table 'Sheliak IV' 9-max Seat #6 is the button
Seat 1: keowliss ($3.18 in chips) 
Seat 2: Happy we:-) ($0.57 in chips) 
Seat 3: Dorex2007 ($1.47 in chips) 
Seat 5: jimslimidy ($0.68 in chips) 
Seat 6: Kris 1524 ($0.67 in chips) 
Seat 7: boryaif ($2 in chips) 
Seat 8: zpxnjp21 ($1.57 in chips) 
Seat 9: mza_1977 ($2.58 in chips) 
boryaif: posts small blind $0.01
zpxnjp21: posts big blind $0.02
coolDadJimbo: sits out 
*** HOLE CARDS ***
Dealt to Dorex2007 [8s Ah]
mza_1977: folds 
keowliss: folds 
Happy we:-): folds 
Dorex2007: folds 
jimslimidy: folds 
Kris 1524: folds 
boryaif: raises $0.04 to $0.06
zpxnjp21: folds 
Uncalled bet ($0.04) returned to boryaif
boryaif collected $0.04 from pot
boryaif: doesn't show hand 
*** SUMMARY ***
Total pot $0.04 | Rake $0 
Seat 1: keowliss folded before Flop (didn't bet)
Seat 2: Happy we:-) folded before Flop (didn't bet)
Seat 3: Dorex2007 folded before Flop (didn't bet)
Seat 5: jimslimidy folded before Flop (didn't bet)
Seat 6: Kris 1524 (button) folded before Flop (didn't bet)
Seat 7: boryaif (small blind) collected ($0.04)
Seat 8: zpxnjp21 (big blind) folded before Flop
Seat 9: mza_1977 folded before Flop (didn't bet)



PokerStars Hand #224093186279:  Hold'em No Limit ($0.01/$0.02 USD) - 2021/02/21 21:42:17 PT [2021/02/22 0:42:17 ET]
Table 'Sheliak IV' 9-max Seat #7 is the button
Seat 1: keowliss ($3.18 in chips) 
Seat 2: Happy we:-) ($0.57 in chips) 
Seat 3: Dorex2007 ($1.47 in chips) 
Seat 5: jimslimidy ($0.68 in chips) 
Seat 6: Kris 1524 ($0.67 in chips) 
Seat 7: boryaif ($2.02 in chips) 
Seat 8: zpxnjp21 ($1.55 in chips) 
Seat 9: mza_1977 ($2.58 in chips) 
zpxnjp21: posts small blind $0.01
mza_1977: posts big blind $0.02
coolDadJimbo: sits out 
*** HOLE CARDS ***
Dealt to Dorex2007 [5h 3d]
keowliss has timed out
keowliss: folds 
Happy we:-): raises $0.02 to $0.04
Dorex2007: folds 
jimslimidy: raises $0.11 to $0.15
Kris 1524: folds 
boryaif: folds 
zpxnjp21: folds 
mza_1977: folds 
Happy we:-): calls $0.11
*** FLOP *** [9s 8s Ac]
Happy we:-): bets $0.42 and is all-in
jimslimidy: folds 
Uncalled bet ($0.42) returned to Happy we:-)
Happy we:-) collected $0.32 from pot
Happy we:-): doesn't show hand 
*** SUMMARY ***
Total pot $0.33 | Rake $0.01 
Board [9s 8s Ac]
Seat 1: keowliss folded before Flop (didn't bet)
Seat 2: Happy we:-) collected ($0.32)
Seat 3: Dorex2007 folded before Flop (didn't bet)
Seat 5: jimslimidy folded on the Flop
Seat 6: Kris 1524 folded before Flop (didn't bet)
Seat 7: boryaif (button) folded before Flop (didn't bet)
Seat 8: zpxnjp21 (small blind) folded before Flop
Seat 9: mza_1977 (big blind) folded before Flop



PokerStars Hand #224093193893:  Hold'em No Limit ($0.01/$0.02 USD) - 2021/02/21 21:43:02 PT [2021/02/22 0:43:02 ET]
Table 'Sheliak IV' 9-max Seat #8 is the button
Seat 1: keowliss ($3.18 in chips) 
Seat 2: Happy we:-) ($0.74 in chips) 
Seat 3: Dorex2007 ($1.47 in chips) 
Seat 5: jimslimidy ($0.53 in chips) 
Seat 6: Kris 1524 ($0.67 in chips) 
Seat 7: boryaif ($2.02 in chips) 
Seat 8: zpxnjp21 ($1.54 in chips) 
Seat 9: mza_1977 ($2.56 in chips) 
mza_1977: posts small blind $0.01
keowliss: posts big blind $0.02
coolDadJimbo: sits out 
*** HOLE CARDS ***
Dealt to Dorex2007 [2d 8h]
Happy we:-): folds 
Dorex2007: folds 
jimslimidy: folds 
Kris 1524: folds 
boryaif: folds 
zpxnjp21: raises $0.04 to $0.06
mza_1977: folds 
keowliss: calls $0.04
*** FLOP *** [Ad 3c 2h]
keowliss: bets $0.13
zpxnjp21: folds 
Uncalled bet ($0.13) returned to keowliss
keowliss collected $0.13 from pot
keowliss: doesn't show hand 
*** SUMMARY ***
Total pot $0.13 | Rake $0 
Board [Ad 3c 2h]
Seat 1: keowliss (big blind) collected ($0.13)
Seat 2: Happy we:-) folded before Flop (didn't bet)
Seat 3: Dorex2007 folded before Flop (didn't bet)
Seat 5: jimslimidy folded before Flop (didn't bet)
Seat 6: Kris 1524 folded before Flop (didn't bet)
Seat 7: boryaif folded before Flop (didn't bet)
Seat 8: zpxnjp21 (button) folded on the Flop
Seat 9: mza_1977 (small blind) folded before Flop



PokerStars Hand #224093200045:  Hold'em No Limit ($0.01/$0.02 USD) - 2021/02/21 21:43:32 PT [2021/02/22 0:43:32 ET]
Table 'Sheliak IV' 9-max Seat #9 is the button
Seat 1: keowliss ($3.25 in chips) 
Seat 2: Happy we:-) ($0.74 in chips) 
Seat 3: Dorex2007 ($1.47 in chips) 
Seat 5: jimslimidy ($0.53 in chips) 
Seat 6: Kris 1524 ($0.67 in chips) 
Seat 7: boryaif ($2.02 in chips) 
Seat 8: zpxnjp21 ($1.48 in chips) 
Seat 9: mza_1977 ($2.55 in chips) 
keowliss: posts small blind $0.01
Happy we:-): posts big blind $0.02
coolDadJimbo: sits out 
*** HOLE CARDS ***
Dealt to Dorex2007 [8d Kc]
Dorex2007: folds 
jimslimidy: raises $0.05 to $0.07
Kris 1524: folds 
boryaif: folds 
zpxnjp21: folds 
mza_1977: folds 
keowliss: folds 
Happy we:-): folds 
Uncalled bet ($0.05) returned to jimslimidy
keowliss leaves the table
jimslimidy collected $0.05 from pot
jimslimidy: doesn't show hand 
*** SUMMARY ***
Total pot $0.05 | Rake $0 
Seat 1: keowliss (small blind) folded before Flop
Seat 2: Happy we:-) (big blind) folded before Flop
Seat 3: Dorex2007 folded before Flop (didn't bet)
Seat 5: jimslimidy collected ($0.05)
Seat 6: Kris 1524 folded before Flop (didn't bet)
Seat 7: boryaif folded before Flop (didn't bet)
Seat 8: zpxnjp21 folded before Flop (didn't bet)
Seat 9: mza_1977 (button) folded before Flop (didn't bet)



PokerStars Hand #224093203250:  Hold'em No Limit ($0.01/$0.02 USD) - 2021/02/21 21:43:51 PT [2021/02/22 0:43:51 ET]
Table 'Sheliak IV' 9-max Seat #2 is the button
Seat 2: Happy we:-) ($0.72 in chips) 
Seat 3: Dorex2007 ($1.47 in chips) 
Seat 4: coolDadJimbo ($4.22 in chips) 
Seat 5: jimslimidy ($0.56 in chips) 
Seat 6: Kris 1524 ($0.67 in chips) 
Seat 7: boryaif ($2.02 in chips) 
Seat 8: zpxnjp21 ($1.48 in chips) 
Seat 9: mza_1977 ($2.55 in chips) 
Dorex2007: posts small blind $0.01
coolDadJimbo: posts big blind $0.02
*** HOLE CARDS ***
Dealt to Dorex2007 [5s 4c]
jimslimidy: folds 
Kris 1524: folds 
boryaif: folds 
zpxnjp21: folds 
mza_1977: folds 
Happy we:-): folds 
Dorex2007: folds 
Uncalled bet ($0.01) returned to coolDadJimbo
coolDadJimbo collected $0.02 from pot
*** SUMMARY ***
Total pot $0.02 | Rake $0 
Seat 2: Happy we:-) (button) folded before Flop (didn't bet)
Seat 3: Dorex2007 (small blind) folded before Flop
Seat 4: coolDadJimbo (big blind) collected ($0.02)
Seat 5: jimslimidy folded before Flop (didn't bet)
Seat 6: Kris 1524 folded before Flop (didn't bet)
Seat 7: boryaif folded before Flop (didn't bet)
Seat 8: zpxnjp21 folded before Flop (didn't bet)
Seat 9: mza_1977 folded before Flop (didn't bet)



PokerStars Hand #224093206027:  Hold'em No Limit ($0.01/$0.02 USD) - 2021/02/21 21:44:07 PT [2021/02/22 0:44:07 ET]
Table 'Sheliak IV' 9-max Seat #3 is the button
Seat 2: Happy we:-) ($0.72 in chips) 
Seat 3: Dorex2007 ($1.46 in chips) 
Seat 4: coolDadJimbo ($4.23 in chips) 
Seat 5: jimslimidy ($0.56 in chips) 
Seat 6: Kris 1524 ($0.67 in chips) 
Seat 7: boryaif ($2.02 in chips) 
Seat 8: zpxnjp21 ($1.48 in chips) 
Seat 9: mza_1977 ($2.55 in chips) 
coolDadJimbo: posts small blind $0.01
jimslimidy: posts big blind $0.02
*** HOLE CARDS ***
Dealt to Dorex2007 [2h 7s]
Kris 1524: calls $0.02
boryaif: folds 
zpxnjp21: folds 
mza_1977: folds 
Happy we:-): folds 
Dorex2007: folds 
coolDadJimbo: folds 
jimslimidy: checks 
*** FLOP *** [3c Kd Ts]
jimslimidy: checks 
Kris 1524: checks 
*** TURN *** [3c Kd Ts] [3s]
jimslimidy: bets $0.05
Kris 1524: folds 
Uncalled bet ($0.05) returned to jimslimidy
jimslimidy collected $0.05 from pot
jimslimidy: doesn't show hand 
*** SUMMARY ***
Total pot $0.05 | Rake $0 
Board [3c Kd Ts 3s]
Seat 2: Happy we:-) folded before Flop (didn't bet)
Seat 3: Dorex2007 (button) folded before Flop (didn't bet)
Seat 4: coolDadJimbo (small blind) folded before Flop
Seat 5: jimslimidy (big blind) collected ($0.05)
Seat 6: Kris 1524 folded on the Turn
Seat 7: boryaif folded before Flop (didn't bet)
Seat 8: zpxnjp21 folded before Flop (didn't bet)
Seat 9: mza_1977 folded before Flop (didn't bet)



PokerStars Hand #224093217908:  Hold'em No Limit ($0.01/$0.02 USD) - 2021/02/21 21:45:18 PT [2021/02/22 0:45:18 ET]
Table 'Sheliak IV' 9-max Seat #5 is the button
Seat 2: Happy we:-) ($0.72 in chips) 
Seat 3: Dorex2007 ($1.46 in chips) 
Seat 5: jimslimidy ($0.59 in chips) 
Seat 6: Kris 1524 ($0.65 in chips) 
Seat 7: boryaif ($2.02 in chips) 
Seat 8: zpxnjp21 ($1.48 in chips) 
Seat 9: mza_1977 ($2.55 in chips) 
Kris 1524: posts small blind $0.01
boryaif: posts big blind $0.02
*** HOLE CARDS ***
Dealt to Dorex2007 [4c 5s]
zpxnjp21: folds 
mza_1977: raises $0.04 to $0.06
Happy we:-): folds 
Dorex2007: folds 
jimslimidy has timed out
jimslimidy: folds 
Kris 1524: folds 
boryaif: calls $0.04
*** FLOP *** [4h Qc 4s]
boryaif: checks 
mza_1977: bets $0.07
boryaif: calls $0.07
*** TURN *** [4h Qc 4s] [6s]
boryaif: checks 
mza_1977: checks 
*** RIVER *** [4h Qc 4s 6s] [7d]
boryaif: bets $0.13
mza_1977: folds 
Uncalled bet ($0.13) returned to boryaif
boryaif collected $0.26 from pot
boryaif: doesn't show hand 
*** SUMMARY ***
Total pot $0.27 | Rake $0.01 
Board [4h Qc 4s 6s 7d]
Seat 2: Happy we:-) folded before Flop (didn't bet)
Seat 3: Dorex2007 folded before Flop (didn't bet)
Seat 5: jimslimidy (button) folded before Flop (didn't bet)
Seat 6: Kris 1524 (small blind) folded before Flop
Seat 7: boryaif (big blind) collected ($0.26)
Seat 8: zpxnjp21 folded before Flop (didn't bet)
Seat 9: mza_1977 folded on the River



PokerStars Hand #224093229530:  Hold'em No Limit ($0.01/$0.02 USD) - 2021/02/21 21:46:28 PT [2021/02/22 0:46:28 ET]
Table 'Sheliak IV' 9-max Seat #6 is the button
Seat 2: Happy we:-) ($0.72 in chips) 
Seat 3: Dorex2007 ($1.46 in chips) 
Seat 5: jimslimidy ($0.59 in chips) 
Seat 6: Kris 1524 ($0.64 in chips) 
Seat 7: boryaif ($2.15 in chips) 
Seat 8: zpxnjp21 ($1.48 in chips) 
Seat 9: mza_1977 ($2.42 in chips) 
boryaif: posts small blind $0.01
zpxnjp21: posts big blind $0.02
*** HOLE CARDS ***
Dealt to Dorex2007 [3d 5h]
mza_1977: folds 
Happy we:-): folds 
Dorex2007: folds 
jimslimidy: raises $0.02 to $0.04
Kris 1524: calls $0.04
boryaif: calls $0.03
zpxnjp21: raises $1.44 to $1.48 and is all-in
jimslimidy: calls $0.55 and is all-in
Kris 1524: folds 
boryaif: folds 
Uncalled bet ($0.89) returned to zpxnjp21
*** FLOP *** [8c Js 2s]
*** TURN *** [8c Js 2s] [2h]
*** RIVER *** [8c Js 2s 2h] [4h]
*** SHOW DOWN ***
zpxnjp21: shows [Qs Ac] (a pair of Deuces)
jimslimidy: shows [Kh 8h] (two pair, Eights and Deuces)
jimslimidy collected $1.22 from pot
EdVince1970 joins the table at seat #1 
*** SUMMARY ***
Total pot $1.26 | Rake $0.04 
Board [8c Js 2s 2h 4h]
Seat 2: Happy we:-) folded before Flop (didn't bet)
Seat 3: Dorex2007 folded before Flop (didn't bet)
Seat 5: jimslimidy showed [Kh 8h] and won ($1.22) with two pair, Eights and Deuces
Seat 6: Kris 1524 (button) folded before Flop
Seat 7: boryaif (small blind) folded before Flop
Seat 8: zpxnjp21 (big blind) showed [Qs Ac] and lost with a pair of Deuces
Seat 9: mza_1977 folded before Flop (didn't bet)



PokerStars Hand #224093237512:  Hold'em No Limit ($0.01/$0.02 USD) - 2021/02/21 21:47:15 PT [2021/02/22 0:47:15 ET]
Table 'Sheliak IV' 9-max Seat #7 is the button
Seat 2: Happy we:-) ($0.72 in chips) 
Seat 3: Dorex2007 ($1.46 in chips) 
Seat 5: jimslimidy ($1.22 in chips) 
Seat 6: Kris 1524 ($0.60 in chips) 
Seat 7: boryaif ($2.11 in chips) 
Seat 8: zpxnjp21 ($0.89 in chips) 
Seat 9: mza_1977 ($2.42 in chips) 
zpxnjp21: posts small blind $0.01
mza_1977: posts big blind $0.02
EdVince1970: sits out 
*** HOLE CARDS ***
Dealt to Dorex2007 [5d Ts]
Happy we:-): folds 
Dorex2007: folds 
jimslimidy: folds 
Kris 1524: calls $0.02
boryaif: calls $0.02
zpxnjp21: folds 
mza_1977: checks 
*** FLOP *** [6s Tc Qd]
mza_1977: bets $0.04
Kris 1524: folds 
boryaif: calls $0.04
*** TURN *** [6s Tc Qd] [Jd]
mza_1977: bets $0.07
boryaif: calls $0.07
*** RIVER *** [6s Tc Qd Jd] [Qh]
mza_1977: bets $0.14
boryaif: calls $0.14
*** SHOW DOWN ***
mza_1977: shows [Qs 8d] (three of a kind, Queens)
boryaif: mucks hand 
mza_1977 collected $0.55 from pot
*** SUMMARY ***
Total pot $0.57 | Rake $0.02 
Board [6s Tc Qd Jd Qh]
Seat 2: Happy we:-) folded before Flop (didn't bet)
Seat 3: Dorex2007 folded before Flop (didn't bet)
Seat 5: jimslimidy folded before Flop (didn't bet)
Seat 6: Kris 1524 folded on the Flop
Seat 7: boryaif (button) mucked [Kd 6c]
Seat 8: zpxnjp21 (small blind) folded before Flop
Seat 9: mza_1977 (big blind) showed [Qs 8d] and won ($0.55) with three of a kind, Queens



PokerStars Hand #224093245935:  Hold'em No Limit ($0.01/$0.02 USD) - 2021/02/21 21:48:06 PT [2021/02/22 0:48:06 ET]
Table 'Sheliak IV' 9-max Seat #8 is the button
Seat 1: EdVince1970 ($1.60 in chips) 
Seat 2: Happy we:-) ($0.72 in chips) 
Seat 3: Dorex2007 ($1.46 in chips) 
Seat 5: jimslimidy ($1.22 in chips) 
Seat 6: Kris 1524 ($0.58 in chips) 
Seat 7: boryaif ($2 in chips) 
Seat 8: zpxnjp21 ($0.88 in chips) 
Seat 9: mza_1977 ($2.70 in chips) 
mza_1977: posts small blind $0.01
EdVince1970: posts big blind $0.02
*** HOLE CARDS ***
Dealt to Dorex2007 [Jc 3h]
Happy we:-): folds 
Dorex2007: folds 
jimslimidy: raises $0.02 to $0.04
Kris 1524: calls $0.04
boryaif: calls $0.04
zpxnjp21: folds 
mza_1977: folds 
EdVince1970: folds 
*** FLOP *** [3s 8s 8h]
jimslimidy: bets $0.02
Kris 1524: calls $0.02
boryaif: raises $0.10 to $0.12
jimslimidy: calls $0.10
Kris 1524: folds 
*** TURN *** [3s 8s 8h] [9c]
jimslimidy: bets $0.02
boryaif: calls $0.02
*** RIVER *** [3s 8s 8h 9c] [Ad]
jimslimidy: bets $0.22
boryaif: folds 
Uncalled bet ($0.22) returned to jimslimidy
jimslimidy collected $0.43 from pot
jimslimidy: doesn't show hand 
*** SUMMARY ***
Total pot $0.45 | Rake $0.02 
Board [3s 8s 8h 9c Ad]
Seat 1: EdVince1970 (big blind) folded before Flop
Seat 2: Happy we:-) folded before Flop (didn't bet)
Seat 3: Dorex2007 folded before Flop (didn't bet)
Seat 5: jimslimidy collected ($0.43)
Seat 6: Kris 1524 folded on the Flop
Seat 7: boryaif folded on the River
Seat 8: zpxnjp21 (button) folded before Flop (didn't bet)
Seat 9: mza_1977 (small blind) folded before Flop



PokerStars Hand #224093262402:  Hold'em No Limit ($0.01/$0.02 USD) - 2021/02/21 21:49:13 PT [2021/02/22 0:49:13 ET]
Table 'Sheliak IV' 9-max Seat #9 is the button
Seat 1: EdVince1970 ($1.58 in chips) 
Seat 2: Happy we:-) ($0.72 in chips) 
Seat 3: Dorex2007 ($1.46 in chips) 
Seat 5: jimslimidy ($1.47 in chips) 
Seat 6: Kris 1524 ($0.52 in chips) 
Seat 7: boryaif ($2 in chips) 
Seat 8: zpxnjp21 ($0.88 in chips) 
Seat 9: mza_1977 ($2.69 in chips) 
EdVince1970: posts small blind $0.01
Happy we:-): posts big blind $0.02
*** HOLE CARDS ***
Dealt to Dorex2007 [9c Kh]
Dorex2007: folds 
jimslimidy: folds 
Kris 1524: folds 
boryaif: folds 
zpxnjp21: folds 
mza_1977: folds 
EdVince1970: calls $0.01
Happy we:-): checks 
*** FLOP *** [9d 6c 2h]
EdVince1970: checks 
Happy we:-): checks 
*** TURN *** [9d 6c 2h] [7d]
EdVince1970: bets $0.04
Happy we:-): calls $0.04
*** RIVER *** [9d 6c 2h 7d] [2d]
EdVince1970: bets $0.20
Happy we:-): folds 
Uncalled bet ($0.20) returned to EdVince1970
EdVince1970 collected $0.12 from pot
*** SUMMARY ***
Total pot $0.12 | Rake $0 
Board [9d 6c 2h 7d 2d]
Seat 1: EdVince1970 (small blind) collected ($0.12)
Seat 2: Happy we:-) (big blind) folded on the River
Seat 3: Dorex2007 folded before Flop (didn't bet)
Seat 5: jimslimidy folded before Flop (didn't bet)
Seat 6: Kris 1524 folded before Flop (didn't bet)
Seat 7: boryaif folded before Flop (didn't bet)
Seat 8: zpxnjp21 folded before Flop (didn't bet)
Seat 9: mza_1977 (button) folded before Flop (didn't bet)



PokerStars Hand #224093273286:  Hold'em No Limit ($0.01/$0.02 USD) - 2021/02/21 21:50:18 PT [2021/02/22 0:50:18 ET]
Table 'Sheliak IV' 9-max Seat #1 is the button
Seat 1: EdVince1970 ($1.64 in chips) 
Seat 2: Happy we:-) ($0.66 in chips) 
Seat 3: Dorex2007 ($1.46 in chips) 
Seat 5: jimslimidy ($1.47 in chips) 
Seat 6: Kris 1524 ($0.52 in chips) 
Seat 7: boryaif ($2 in chips) 
Seat 8: zpxnjp21 ($0.88 in chips) 
Seat 9: mza_1977 ($2.69 in chips) 
Happy we:-): posts small blind $0.01
Dorex2007: posts big blind $0.02
*** HOLE CARDS ***
Dealt to Dorex2007 [5c 7d]
jimslimidy has timed out
jimslimidy: folds 
Kris 1524: calls $0.02
boryaif: folds 
zpxnjp21: folds 
mza_1977: folds 
EdVince1970: folds 
Happy we:-): folds 
Dorex2007: checks 
*** FLOP *** [Jc 9s 7s]
Dorex2007: checks 
Kris 1524: checks 
*** TURN *** [Jc 9s 7s] [Jd]
Dorex2007: checks 
Kris 1524: checks 
*** RIVER *** [Jc 9s 7s Jd] [4d]
Dorex2007: checks 
Kris 1524: checks 
*** SHOW DOWN ***
Dorex2007: shows [5c 7d] (two pair, Jacks and Sevens)
Kris 1524: mucks hand 
Dorex2007 collected $0.05 from pot
*** SUMMARY ***
Total pot $0.05 | Rake $0 
Board [Jc 9s 7s Jd 4d]
Seat 1: EdVince1970 (button) folded before Flop (didn't bet)
Seat 2: Happy we:-) (small blind) folded before Flop
Seat 3: Dorex2007 (big blind) showed [5c 7d] and won ($0.05) with two pair, Jacks and Sevens
Seat 5: jimslimidy folded before Flop (didn't bet)
Seat 6: Kris 1524 mucked [Ts Ah]
Seat 7: boryaif folded before Flop (didn't bet)
Seat 8: zpxnjp21 folded before Flop (didn't bet)
Seat 9: mza_1977 folded before Flop (didn't bet)



PokerStars Hand #224093280831:  Hold'em No Limit ($0.01/$0.02 USD) - 2021/02/21 21:51:03 PT [2021/02/22 0:51:03 ET]
Table 'Sheliak IV' 9-max Seat #2 is the button
Seat 1: EdVince1970 ($1.64 in chips) 
Seat 2: Happy we:-) ($0.65 in chips) 
Seat 3: Dorex2007 ($1.49 in chips) 
Seat 5: jimslimidy ($1.47 in chips) 
Seat 6: Kris 1524 ($0.50 in chips) 
Seat 7: boryaif ($2 in chips) 
Seat 8: zpxnjp21 ($0.88 in chips) 
Seat 9: mza_1977 ($2.69 in chips) 
Dorex2007: posts small blind $0.01
jimslimidy: posts big blind $0.02
*** HOLE CARDS ***
Dealt to Dorex2007 [3h Ac]
Kris 1524: folds 
boryaif: folds 
zpxnjp21: folds 
mza_1977: raises $0.05 to $0.07
EdVince1970: folds 
Happy we:-): folds 
Dorex2007: folds 
jimslimidy: calls $0.05
*** FLOP *** [3d Qc Jd]
jimslimidy: checks 
mza_1977: bets $0.07
jimslimidy: raises $0.07 to $0.14
mza_1977: calls $0.07
*** TURN *** [3d Qc Jd] [3c]
jimslimidy: bets $1.26 and is all-in
mza_1977: folds 
Uncalled bet ($1.26) returned to jimslimidy
jimslimidy collected $0.41 from pot
jimslimidy: doesn't show hand 
*** SUMMARY ***
Total pot $0.43 | Rake $0.02 
Board [3d Qc Jd 3c]
Seat 1: EdVince1970 folded before Flop (didn't bet)
Seat 2: Happy we:-) (button) folded before Flop (didn't bet)
Seat 3: Dorex2007 (small blind) folded before Flop
Seat 5: jimslimidy (big blind) collected ($0.41)
Seat 6: Kris 1524 folded before Flop (didn't bet)
Seat 7: boryaif folded before Flop (didn't bet)
Seat 8: zpxnjp21 folded before Flop (didn't bet)
Seat 9: mza_1977 folded on the Turn



PokerStars Hand #224093289606:  Hold'em No Limit ($0.01/$0.02 USD) - 2021/02/21 21:51:55 PT [2021/02/22 0:51:55 ET]
Table 'Sheliak IV' 9-max Seat #3 is the button
Seat 1: EdVince1970 ($1.64 in chips) 
Seat 2: Happy we:-) ($0.65 in chips) 
Seat 3: Dorex2007 ($1.48 in chips) 
Seat 5: jimslimidy ($1.67 in chips) 
Seat 6: Kris 1524 ($0.50 in chips) 
Seat 7: boryaif ($2 in chips) 
Seat 8: zpxnjp21 ($0.88 in chips) 
Seat 9: mza_1977 ($2.48 in chips) 
jimslimidy: posts small blind $0.01
Kris 1524: posts big blind $0.02
*** HOLE CARDS ***
Dealt to Dorex2007 [2c 2h]
boryaif: folds 
zpxnjp21: folds 
mza_1977: folds 
EdVince1970: folds 
Happy we:-): folds 
Dorex2007: calls $0.02
jimslimidy: calls $0.01
Kris 1524: checks 
*** FLOP *** [2d 9s Tc]
jimslimidy: bets $0.02
Kris 1524: folds 
Dorex2007: calls $0.02
*** TURN *** [2d 9s Tc] [7h]
jimslimidy: bets $0.02
Dorex2007: calls $0.02
*** RIVER *** [2d 9s Tc 7h] [Ad]
jimslimidy: bets $0.02
Dorex2007: raises $0.06 to $0.08
jimslimidy: folds 
Uncalled bet ($0.06) returned to Dorex2007
Dorex2007 collected $0.17 from pot
Dorex2007: doesn't show hand 
*** SUMMARY ***
Total pot $0.18 | Rake $0.01 
Board [2d 9s Tc 7h Ad]
Seat 1: EdVince1970 folded before Flop (didn't bet)
Seat 2: Happy we:-) folded before Flop (didn't bet)
Seat 3: Dorex2007 (button) collected ($0.17)
Seat 5: jimslimidy (small blind) folded on the River
Seat 6: Kris 1524 (big blind) folded on the Flop
Seat 7: boryaif folded before Flop (didn't bet)
Seat 8: zpxnjp21 folded before Flop (didn't bet)
Seat 9: mza_1977 folded before Flop (didn't bet)



PokerStars Hand #224093301959:  Hold'em No Limit ($0.01/$0.02 USD) - 2021/02/21 21:53:10 PT [2021/02/22 0:53:10 ET]
Table 'Sheliak IV' 9-max Seat #5 is the button
Seat 1: EdVince1970 ($1.64 in chips) 
Seat 2: Happy we:-) ($0.65 in chips) 
Seat 3: Dorex2007 ($1.57 in chips) 
Seat 5: jimslimidy ($1.59 in chips) 
Seat 6: Kris 1524 ($0.48 in chips) 
Seat 8: zpxnjp21 ($0.88 in chips) 
Seat 9: mza_1977 ($2.48 in chips) 
Kris 1524: posts small blind $0.01
boryaif: is sitting out 
zpxnjp21: posts big blind $0.02
*** HOLE CARDS ***
Dealt to Dorex2007 [Th Ts]
mza_1977: folds 
EdVince1970: calls $0.02
Happy we:-): folds 
Dorex2007: calls $0.02
jimslimidy: raises $0.02 to $0.04
boryaif leaves the table
Kris 1524: folds 
zpxnjp21: calls $0.02
EdVince1970: calls $0.02
Dorex2007: calls $0.02
*** FLOP *** [8s 4s Qd]
zpxnjp21: checks 
Lud_Bingo joins the table at seat #7 
EdVince1970: checks 
Dorex2007: checks 
jimslimidy: bets $0.08
zpxnjp21: folds 
EdVince1970: folds 
Dorex2007: folds 
Uncalled bet ($0.08) returned to jimslimidy
jimslimidy collected $0.16 from pot
jimslimidy: doesn't show hand 
*** SUMMARY ***
Total pot $0.17 | Rake $0.01 
Board [8s 4s Qd]
Seat 1: EdVince1970 folded on the Flop
Seat 2: Happy we:-) folded before Flop (didn't bet)
Seat 3: Dorex2007 folded on the Flop
Seat 5: jimslimidy (button) collected ($0.16)
Seat 6: Kris 1524 (small blind) folded before Flop
Seat 8: zpxnjp21 (big blind) folded on the Flop
Seat 9: mza_1977 folded before Flop (didn't bet)



PokerStars Hand #224093310761:  Hold'em No Limit ($0.01/$0.02 USD) - 2021/02/21 21:54:04 PT [2021/02/22 0:54:04 ET]
Table 'Sheliak IV' 9-max Seat #6 is the button
Seat 1: EdVince1970 ($1.60 in chips) 
Seat 2: Happy we:-) ($0.65 in chips) 
Seat 3: Dorex2007 ($1.53 in chips) 
Seat 5: jimslimidy ($1.71 in chips) 
Seat 6: Kris 1524 ($0.47 in chips) 
Seat 8: zpxnjp21 ($0.84 in chips) 
zpxnjp21: posts small blind $0.01
mza_1977: is sitting out 
EdVince1970: posts big blind $0.02
*** HOLE CARDS ***
Dealt to Dorex2007 [Qd 7h]
Happy we:-): folds 
Dorex2007: folds 
jimslimidy: raises $0.02 to $0.04
Kris 1524: folds 
zpxnjp21: folds 
EdVince1970: folds 
Uncalled bet ($0.02) returned to jimslimidy
jimslimidy collected $0.05 from pot
jimslimidy: doesn't show hand 
*** SUMMARY ***
Total pot $0.05 | Rake $0 
Seat 1: EdVince1970 (big blind) folded before Flop
Seat 2: Happy we:-) folded before Flop (didn't bet)
Seat 3: Dorex2007 folded before Flop (didn't bet)
Seat 5: jimslimidy collected ($0.05)
Seat 6: Kris 1524 (button) folded before Flop (didn't bet)
Seat 8: zpxnjp21 (small blind) folded before Flop



PokerStars Hand #224093314870:  Hold'em No Limit ($0.01/$0.02 USD) - 2021/02/21 21:54:28 PT [2021/02/22 0:54:28 ET]
Table 'Sheliak IV' 9-max Seat #8 is the button
Seat 1: EdVince1970 ($1.58 in chips) 
Seat 2: Happy we:-) ($0.65 in chips) 
Seat 3: Dorex2007 ($1.53 in chips) 
Seat 5: jimslimidy ($1.74 in chips) 
Seat 6: Kris 1524 ($0.47 in chips) 
Seat 7: Lud_Bingo ($0.80 in chips) 
Seat 8: zpxnjp21 ($0.83 in chips) 
EdVince1970: posts small blind $0.01
Happy we:-): posts big blind $0.02
Lud_Bingo: posts big blind $0.02
*** HOLE CARDS ***
Dealt to Dorex2007 [4s Ah]
Dorex2007: folds 
jimslimidy: raises $0.02 to $0.04
Kris 1524: folds 
Lud_Bingo: calls $0.02
zpxnjp21: folds 
EdVince1970: folds 
Happy we:-): folds 
*** FLOP *** [Ts Kd 5d]
jimslimidy: checks 
Lud_Bingo: checks 
*** TURN *** [Ts Kd 5d] [2d]
jimslimidy: checks 
Lud_Bingo: checks 
*** RIVER *** [Ts Kd 5d 2d] [9d]
mza_1977 leaves the table
Za1CeV joins the table at seat #9 
jimslimidy: checks 
Lud_Bingo: checks 
*** SHOW DOWN ***
jimslimidy: shows [Ad 9h] (a flush, Ace high)
Lud_Bingo: mucks hand 
jimslimidy collected $0.11 from pot
*** SUMMARY ***
Total pot $0.11 | Rake $0 
Board [Ts Kd 5d 2d 9d]
Seat 1: EdVince1970 (small blind) folded before Flop
Seat 2: Happy we:-) (big blind) folded before Flop
Seat 3: Dorex2007 folded before Flop (didn't bet)
Seat 5: jimslimidy showed [Ad 9h] and won ($0.11) with a flush, Ace high
Seat 6: Kris 1524 folded before Flop (didn't bet)
Seat 7: Lud_Bingo mucked [Js Qc]
Seat 8: zpxnjp21 (button) folded before Flop (didn't bet)



PokerStars Hand #224093323322:  Hold'em No Limit ($0.01/$0.02 USD) - 2021/02/21 21:55:21 PT [2021/02/22 0:55:21 ET]
Table 'Sheliak IV' 9-max Seat #1 is the button
Seat 1: EdVince1970 ($1.57 in chips) 
Seat 2: Happy we:-) ($0.63 in chips) 
Seat 3: Dorex2007 ($1.53 in chips) 
Seat 5: jimslimidy ($1.81 in chips) 
Seat 6: Kris 1524 ($0.47 in chips) 
Seat 7: Lud_Bingo ($0.76 in chips) 
Seat 8: zpxnjp21 ($0.83 in chips) 
Happy we:-): posts small blind $0.01
Dorex2007: posts big blind $0.02
Za1CeV: sits out 
*** HOLE CARDS ***
Dealt to Dorex2007 [4c Td]
jimslimidy: calls $0.02
Kris 1524: folds 
Lud_Bingo: calls $0.02
zpxnjp21: folds 
EdVince1970: raises $0.09 to $0.11
Happy we:-): folds 
Dorex2007: folds 
jimslimidy: calls $0.09
Lud_Bingo: calls $0.09
*** FLOP *** [6s Kh 7h]
jimslimidy: checks 
Lud_Bingo: checks 
EdVince1970: checks 
*** TURN *** [6s Kh 7h] [7c]
jimslimidy: checks 
Lud_Bingo: bets $0.15
EdVince1970: calls $0.15
jimslimidy: folds 
*** RIVER *** [6s Kh 7h 7c] [As]
Lud_Bingo: checks 
EdVince1970: checks 
*** SHOW DOWN ***
Lud_Bingo: shows [9h 9c] (two pair, Nines and Sevens)
EdVince1970: shows [Qh Ah] (two pair, Aces and Sevens)
EdVince1970 collected $0.64 from pot
*** SUMMARY ***
Total pot $0.66 | Rake $0.02 
Board [6s Kh 7h 7c As]
Seat 1: EdVince1970 (button) showed [Qh Ah] and won ($0.64) with two pair, Aces and Sevens
Seat 2: Happy we:-) (small blind) folded before Flop
Seat 3: Dorex2007 (big blind) folded before Flop
Seat 5: jimslimidy folded on the Turn
Seat 6: Kris 1524 folded before Flop (didn't bet)
Seat 7: Lud_Bingo showed [9h 9c] and lost with two pair, Nines and Sevens
Seat 8: zpxnjp21 folded before Flop (didn't bet)



PokerStars Hand #224093333266:  Hold'em No Limit ($0.01/$0.02 USD) - 2021/02/21 21:56:31 PT [2021/02/22 0:56:31 ET]
Table 'Sheliak IV' 9-max Seat #2 is the button
Seat 1: EdVince1970 ($1.95 in chips) 
Seat 2: Happy we:-) ($0.62 in chips) 
Seat 3: Dorex2007 ($1.51 in chips) 
Seat 5: jimslimidy ($1.70 in chips) 
Seat 6: Kris 1524 ($0.47 in chips) 
Seat 7: Lud_Bingo ($0.50 in chips) 
Seat 8: zpxnjp21 ($0.83 in chips) 
Dorex2007: posts small blind $0.01
jimslimidy: posts big blind $0.02
Za1CeV: sits out 
*** HOLE CARDS ***
Dealt to Dorex2007 [7c 8c]
Kris 1524: folds 
Lud_Bingo: folds 
zpxnjp21: folds 
EdVince1970: folds 
Happy we:-): folds 
Dorex2007: folds 
Uncalled bet ($0.01) returned to jimslimidy
jimslimidy collected $0.02 from pot
jimslimidy: doesn't show hand 
*** SUMMARY ***
Total pot $0.02 | Rake $0 
Seat 1: EdVince1970 folded before Flop (didn't bet)
Seat 2: Happy we:-) (button) folded before Flop (didn't bet)
Seat 3: Dorex2007 (small blind) folded before Flop
Seat 5: jimslimidy (big blind) collected ($0.02)
Seat 6: Kris 1524 folded before Flop (didn't bet)
Seat 7: Lud_Bingo folded before Flop (didn't bet)
Seat 8: zpxnjp21 folded before Flop (didn't bet)



PokerStars Hand #224093335252:  Hold'em No Limit ($0.01/$0.02 USD) - 2021/02/21 21:56:44 PT [2021/02/22 0:56:44 ET]
Table 'Sheliak IV' 9-max Seat #3 is the button
Seat 1: EdVince1970 ($1.95 in chips) 
Seat 2: Happy we:-) ($0.62 in chips) 
Seat 3: Dorex2007 ($1.50 in chips) 
Seat 5: jimslimidy ($1.71 in chips) 
Seat 6: Kris 1524 ($0.47 in chips) 
Seat 7: Lud_Bingo ($0.50 in chips) 
Seat 8: zpxnjp21 ($0.83 in chips) 
jimslimidy: posts small blind $0.01
Kris 1524: posts big blind $0.02
Za1CeV: sits out 
*** HOLE CARDS ***
Dealt to Dorex2007 [4c 2c]
Lud_Bingo: folds 
zpxnjp21: folds 
EdVince1970: folds 
Happy we:-): folds 
Dorex2007: folds 
jimslimidy: folds 
Uncalled bet ($0.01) returned to Kris 1524
Kris 1524 collected $0.02 from pot
Kris 1524: doesn't show hand 
*** SUMMARY ***
Total pot $0.02 | Rake $0 
Seat 1: EdVince1970 folded before Flop (didn't bet)
Seat 2: Happy we:-) folded before Flop (didn't bet)
Seat 3: Dorex2007 (button) folded before Flop (didn't bet)
Seat 5: jimslimidy (small blind) folded before Flop
Seat 6: Kris 1524 (big blind) collected ($0.02)
Seat 7: Lud_Bingo folded before Flop (didn't bet)
Seat 8: zpxnjp21 folded before Flop (didn't bet)



PokerStars Hand #224093337088:  Hold'em No Limit ($0.01/$0.02 USD) - 2021/02/21 21:56:58 PT [2021/02/22 0:56:58 ET]
Table 'Sheliak IV' 9-max Seat #5 is the button
Seat 1: EdVince1970 ($1.95 in chips) 
Seat 2: Happy we:-) ($0.62 in chips) 
Seat 3: Dorex2007 ($1.50 in chips) 
Seat 5: jimslimidy ($1.70 in chips) 
Seat 6: Kris 1524 ($0.48 in chips) 
Seat 7: Lud_Bingo ($0.50 in chips) 
Seat 8: zpxnjp21 ($0.83 in chips) 
Kris 1524: posts small blind $0.01
Lud_Bingo: posts big blind $0.02
Za1CeV: sits out 
*** HOLE CARDS ***
Dealt to Dorex2007 [Qh 8d]
zpxnjp21: folds 
EdVince1970: raises $0.02 to $0.04
Happy we:-): folds 
Dorex2007: folds 
jimslimidy: raises $0.02 to $0.06
Kris 1524: folds 
Lud_Bingo: folds 
EdVince1970: calls $0.02
*** FLOP *** [9d Js 9c]
jimslimidy said, "cooldadjimbo is a PS bot.  been here for 5 orbits.  bot alert"
EdVince1970: checks 
jimslimidy: bets $0.10
EdVince1970: calls $0.10
*** TURN *** [9d Js 9c] [9h]
EdVince1970: checks 
jimslimidy: bets $0.34
EdVince1970: calls $0.34
*** RIVER *** [9d Js 9c 9h] [8s]
EdVince1970: bets $0.04
jimslimidy: raises $1.16 to $1.20 and is all-in
EdVince1970: calls $1.16
*** SHOW DOWN ***
jimslimidy: shows [Th Td] (a full house, Nines full of Tens)
EdVince1970: shows [9s As] (four of a kind, Nines)
EdVince1970 collected $3.31 from pot
*** SUMMARY ***
Total pot $3.43 | Rake $0.12 
Board [9d Js 9c 9h 8s]
Seat 1: EdVince1970 showed [9s As] and won ($3.31) with four of a kind, Nines
Seat 2: Happy we:-) folded before Flop (didn't bet)
Seat 3: Dorex2007 folded before Flop (didn't bet)
Seat 5: jimslimidy (button) showed [Th Td] and lost with a full house, Nines full of Tens
Seat 6: Kris 1524 (small blind) folded before Flop
Seat 7: Lud_Bingo (big blind) folded before Flop
Seat 8: zpxnjp21 folded before Flop (didn't bet)



PokerStars Hand #224093349650:  Hold'em No Limit ($0.01/$0.02 USD) - 2021/02/21 21:58:28 PT [2021/02/22 0:58:28 ET]
Table 'Sheliak IV' 9-max Seat #6 is the button
Seat 1: EdVince1970 ($3.56 in chips) 
Seat 2: Happy we:-) ($0.62 in chips) 
Seat 3: Dorex2007 ($1.50 in chips) 
Seat 6: Kris 1524 ($0.47 in chips) 
Seat 7: Lud_Bingo ($0.48 in chips) 
Seat 8: zpxnjp21 ($0.83 in chips) 
Lud_Bingo: posts small blind $0.01
zpxnjp21: posts big blind $0.02
Za1CeV: sits out 
*** HOLE CARDS ***
Dealt to Dorex2007 [6s Qs]
EdVince1970: folds 
Happy we:-): raises $0.02 to $0.04
Dorex2007: folds 
Kris 1524: calls $0.04
Lud_Bingo: calls $0.03
zpxnjp21: folds 
*** FLOP *** [Kd 3c Ad]
Lud_Bingo: checks 
Happy we:-): checks 
Kris 1524: checks 
*** TURN *** [Kd 3c Ad] [Ah]
Lud_Bingo: checks 
Happy we:-): checks 
jimslimidy is disconnected 
Kris 1524: checks 
*** RIVER *** [Kd 3c Ad Ah] [Tc]
Lud_Bingo: checks 
Happy we:-): checks 
Kris 1524: checks 
*** SHOW DOWN ***
Lud_Bingo: shows [Jd Ks] (two pair, Aces and Kings)
Happy we:-): mucks hand 
Kris 1524: mucks hand 
Lud_Bingo collected $0.14 from pot
*** SUMMARY ***
Total pot $0.14 | Rake $0 
Board [Kd 3c Ad Ah Tc]
Seat 1: EdVince1970 folded before Flop (didn't bet)
Seat 2: Happy we:-) mucked [8h 7h]
Seat 3: Dorex2007 folded before Flop (didn't bet)
Seat 6: Kris 1524 (button) mucked [2d 2c]
Seat 7: Lud_Bingo (small blind) showed [Jd Ks] and won ($0.14) with two pair, Aces and Kings
Seat 8: zpxnjp21 (big blind) folded before Flop



PokerStars Hand #224093359423:  Hold'em No Limit ($0.01/$0.02 USD) - 2021/02/21 21:59:38 PT [2021/02/22 0:59:38 ET]
Table 'Sheliak IV' 9-max Seat #7 is the button
Seat 1: EdVince1970 ($3.56 in chips) 
Seat 2: Happy we:-) ($0.58 in chips) 
Seat 3: Dorex2007 ($1.50 in chips) 
Seat 6: Kris 1524 ($0.43 in chips) 
Seat 7: Lud_Bingo ($0.58 in chips) 
Seat 8: zpxnjp21 ($0.81 in chips) 
Seat 9: Za1CeV ($2 in chips) 
zpxnjp21: posts small blind $0.01
Za1CeV: posts big blind $0.02
*** HOLE CARDS ***
Dealt to Dorex2007 [Ks Qs]
EdVince1970: folds 
Happy we:-): raises $0.02 to $0.04
Dorex2007: calls $0.04
Kris 1524: calls $0.04
Lud_Bingo: calls $0.04
zpxnjp21: folds 
Za1CeV: folds 
*** FLOP *** [3c Td Qh]
Happy we:-): checks 
Dorex2007: bets $0.09
Kris 1524: calls $0.09
Lud_Bingo: folds 
Happy we:-): folds 
*** TURN *** [3c Td Qh] [Th]
Dorex2007: bets $0.18
Kris 1524: raises $0.12 to $0.30 and is all-in
Dorex2007: calls $0.12
*** RIVER *** [3c Td Qh Th] [6d]
*** SHOW DOWN ***
Dorex2007: shows [Ks Qs] (two pair, Queens and Tens)
Kris 1524: shows [Ts As] (three of a kind, Tens)
Kris 1524 collected $0.94 from pot
*** SUMMARY ***
Total pot $0.97 | Rake $0.03 
Board [3c Td Qh Th 6d]
Seat 1: EdVince1970 folded before Flop (didn't bet)
Seat 2: Happy we:-) folded on the Flop
Seat 3: Dorex2007 showed [Ks Qs] and lost with two pair, Queens and Tens
Seat 6: Kris 1524 showed [Ts As] and won ($0.94) with three of a kind, Tens
Seat 7: Lud_Bingo (button) folded on the Flop
Seat 8: zpxnjp21 (small blind) folded before Flop
Seat 9: Za1CeV (big blind) folded before Flop



PokerStars Hand #224093370094:  Hold'em No Limit ($0.01/$0.02 USD) - 2021/02/21 22:00:52 PT [2021/02/22 1:00:52 ET]
Table 'Sheliak IV' 9-max Seat #8 is the button
Seat 1: EdVince1970 ($3.56 in chips) 
Seat 2: Happy we:-) ($0.54 in chips) 
Seat 3: Dorex2007 ($1.07 in chips) 
Seat 6: Kris 1524 ($0.94 in chips) 
Seat 7: Lud_Bingo ($0.54 in chips) 
Seat 8: zpxnjp21 ($0.80 in chips) 
Seat 9: Za1CeV ($1.98 in chips) 
Za1CeV: posts small blind $0.01
EdVince1970: posts big blind $0.02
*** HOLE CARDS ***
Dealt to Dorex2007 [Ks 5h]
Happy we:-): folds 
Dorex2007: folds 
Kris 1524: folds 
Lud_Bingo: folds 
zpxnjp21: folds 
Za1CeV: folds 
Uncalled bet ($0.01) returned to EdVince1970
EdVince1970 collected $0.02 from pot
*** SUMMARY ***
Total pot $0.02 | Rake $0 
Seat 1: EdVince1970 (big blind) collected ($0.02)
Seat 2: Happy we:-) folded before Flop (didn't bet)
Seat 3: Dorex2007 folded before Flop (didn't bet)
Seat 6: Kris 1524 folded before Flop (didn't bet)
Seat 7: Lud_Bingo folded before Flop (didn't bet)
Seat 8: zpxnjp21 (button) folded before Flop (didn't bet)
Seat 9: Za1CeV (small blind) folded before Flop



PokerStars Hand #224093372579:  Hold'em No Limit ($0.01/$0.02 USD) - 2021/02/21 22:01:07 PT [2021/02/22 1:01:07 ET]
Table 'Sheliak IV' 9-max Seat #9 is the button
Seat 1: EdVince1970 ($3.57 in chips) 
Seat 2: Happy we:-) ($0.54 in chips) 
Seat 3: Dorex2007 ($1.07 in chips) 
Seat 6: Kris 1524 ($0.94 in chips) 
Seat 7: Lud_Bingo ($0.54 in chips) 
Seat 8: zpxnjp21 ($0.80 in chips) 
Seat 9: Za1CeV ($2 in chips) 
EdVince1970: posts small blind $0.01
Happy we:-): posts big blind $0.02
*** HOLE CARDS ***
Dealt to Dorex2007 [Js Jh]
Dorex2007: calls $0.02
Kris 1524: folds 
Lud_Bingo: folds 
zpxnjp21: folds 
Za1CeV: folds 
EdVince1970: calls $0.01
Happy we:-): checks 
*** FLOP *** [2c 7h 3s]
EdVince1970: checks 
Happy we:-): checks 
Dorex2007: bets $0.06
EdVince1970: folds 
Happy we:-): folds 
Uncalled bet ($0.06) returned to Dorex2007
Dorex2007 collected $0.06 from pot
Dorex2007: doesn't show hand 
*** SUMMARY ***
Total pot $0.06 | Rake $0 
Board [2c 7h 3s]
Seat 1: EdVince1970 (small blind) folded on the Flop
Seat 2: Happy we:-) (big blind) folded on the Flop
Seat 3: Dorex2007 collected ($0.06)
Seat 6: Kris 1524 folded before Flop (didn't bet)
Seat 7: Lud_Bingo folded before Flop (didn't bet)
Seat 8: zpxnjp21 folded before Flop (didn't bet)
Seat 9: Za1CeV (button) folded before Flop (didn't bet)



PokerStars Hand #224093379367:  Hold'em No Limit ($0.01/$0.02 USD) - 2021/02/21 22:01:50 PT [2021/02/22 1:01:50 ET]
Table 'Sheliak IV' 9-max Seat #1 is the button
Seat 1: EdVince1970 ($3.55 in chips) 
Seat 2: Happy we:-) ($0.52 in chips) 
Seat 3: Dorex2007 ($1.11 in chips) 
Seat 6: Kris 1524 ($0.94 in chips) 
Seat 7: Lud_Bingo ($0.54 in chips) 
Seat 8: zpxnjp21 ($0.80 in chips) 
Seat 9: Za1CeV ($2 in chips) 
Happy we:-): posts small blind $0.01
Dorex2007: posts big blind $0.02
*** HOLE CARDS ***
Dealt to Dorex2007 [5h Qh]
Kris 1524: folds 
Lud_Bingo: folds 
zpxnjp21: folds 
Za1CeV: folds 
EdVince1970: calls $0.02
Happy we:-): folds 
Dorex2007: checks 
*** FLOP *** [Qc Qd 7c]
Dorex2007: checks 
EdVince1970: checks 
*** TURN *** [Qc Qd 7c] [3d]
Dorex2007: checks 
EdVince1970: checks 
*** RIVER *** [Qc Qd 7c 3d] [3s]
Dorex2007: bets $0.05
EdVince1970: folds 
Uncalled bet ($0.05) returned to Dorex2007
Dorex2007 collected $0.05 from pot
Dorex2007: doesn't show hand 
*** SUMMARY ***
Total pot $0.05 | Rake $0 
Board [Qc Qd 7c 3d 3s]
Seat 1: EdVince1970 (button) folded on the River
Seat 2: Happy we:-) (small blind) folded before Flop
Seat 3: Dorex2007 (big blind) collected ($0.05)
Seat 6: Kris 1524 folded before Flop (didn't bet)
Seat 7: Lud_Bingo folded before Flop (didn't bet)
Seat 8: zpxnjp21 folded before Flop (didn't bet)
Seat 9: Za1CeV folded before Flop (didn't bet)



PokerStars Hand #224093389470:  Hold'em No Limit ($0.01/$0.02 USD) - 2021/02/21 22:02:52 PT [2021/02/22 1:02:52 ET]
Table 'Sheliak IV' 9-max Seat #2 is the button
Seat 1: EdVince1970 ($3.53 in chips) 
Seat 2: Happy we:-) ($0.51 in chips) 
Seat 3: Dorex2007 ($1.14 in chips) 
Seat 6: Kris 1524 ($0.94 in chips) 
Seat 7: Lud_Bingo ($0.54 in chips) 
Seat 8: zpxnjp21 ($0.80 in chips) 
Seat 9: Za1CeV ($2 in chips) 
Dorex2007: posts small blind $0.01
Kris 1524: posts big blind $0.02
*** HOLE CARDS ***
Dealt to Dorex2007 [8s Qd]
Lud_Bingo: folds 
zpxnjp21: folds 
Za1CeV: folds 
EdVince1970: calls $0.02
Happy we:-): folds 
Dorex2007: folds 
Kris 1524: checks 
*** FLOP *** [Kd 9d 6h]
Kris 1524: bets $0.02
EdVince1970: raises $0.02 to $0.04
Kris 1524: calls $0.02
*** TURN *** [Kd 9d 6h] [7s]
Kris 1524: checks 
EdVince1970: checks 
*** RIVER *** [Kd 9d 6h 7s] [2d]
Kris 1524: bets $0.02
EdVince1970: calls $0.02
*** SHOW DOWN ***
Kris 1524: shows [Ks 3d] (a pair of Kings)
EdVince1970: mucks hand 
Kris 1524 collected $0.16 from pot
*** SUMMARY ***
Total pot $0.17 | Rake $0.01 
Board [Kd 9d 6h 7s 2d]
Seat 1: EdVince1970 mucked [9s Ac]
Seat 2: Happy we:-) (button) folded before Flop (didn't bet)
Seat 3: Dorex2007 (small blind) folded before Flop
Seat 6: Kris 1524 (big blind) showed [Ks 3d] and won ($0.16) with a pair of Kings
Seat 7: Lud_Bingo folded before Flop (didn't bet)
Seat 8: zpxnjp21 folded before Flop (didn't bet)
Seat 9: Za1CeV folded before Flop (didn't bet)



PokerStars Hand #224093397313:  Hold'em No Limit ($0.01/$0.02 USD) - 2021/02/21 22:03:40 PT [2021/02/22 1:03:40 ET]
Table 'Sheliak IV' 9-max Seat #3 is the button
Seat 1: EdVince1970 ($3.45 in chips) 
Seat 2: Happy we:-) ($0.51 in chips) 
Seat 3: Dorex2007 ($1.13 in chips) 
Seat 6: Kris 1524 ($1.02 in chips) 
Seat 7: Lud_Bingo ($0.54 in chips) 
Seat 8: zpxnjp21 ($0.80 in chips) 
Seat 9: Za1CeV ($2 in chips) 
Kris 1524: posts small blind $0.01
Lud_Bingo: posts big blind $0.02
*** HOLE CARDS ***
Dealt to Dorex2007 [8h 9h]
zpxnjp21: folds 
Za1CeV: folds 
EdVince1970: calls $0.02
Happy we:-): raises $0.06 to $0.08
Dorex2007: calls $0.08
Kris 1524: calls $0.07
Lud_Bingo: calls $0.06
EdVince1970: folds 
*** FLOP *** [6s As 2s]
Kris 1524: checks 
Lud_Bingo: checks 
Happy we:-): bets $0.16
Dorex2007: folds 
Kris 1524: folds 
Lud_Bingo: folds 
Uncalled bet ($0.16) returned to Happy we:-)
Happy we:-) collected $0.33 from pot
Happy we:-): doesn't show hand 
*** SUMMARY ***
Total pot $0.34 | Rake $0.01 
Board [6s As 2s]
Seat 1: EdVince1970 folded before Flop
Seat 2: Happy we:-) collected ($0.33)
Seat 3: Dorex2007 (button) folded on the Flop
Seat 6: Kris 1524 (small blind) folded on the Flop
Seat 7: Lud_Bingo (big blind) folded on the Flop
Seat 8: zpxnjp21 folded before Flop (didn't bet)
Seat 9: Za1CeV folded before Flop (didn't bet)



PokerStars Hand #224093405449:  Hold'em No Limit ($0.01/$0.02 USD) - 2021/02/21 22:04:31 PT [2021/02/22 1:04:31 ET]
Table 'Sheliak IV' 9-max Seat #6 is the button
Seat 1: EdVince1970 ($3.43 in chips) 
Seat 2: Happy we:-) ($0.76 in chips) 
Seat 3: Dorex2007 ($1.05 in chips) 
Seat 6: Kris 1524 ($0.94 in chips) 
Seat 7: Lud_Bingo ($0.46 in chips) 
Seat 8: zpxnjp21 ($0.80 in chips) 
Seat 9: Za1CeV ($2 in chips) 
Lud_Bingo: posts small blind $0.01
zpxnjp21: posts big blind $0.02
*** HOLE CARDS ***
Dealt to Dorex2007 [3d 5c]
Za1CeV: folds 
EdVince1970: folds 
Happy we:-) has timed out
Happy we:-): folds 
Dorex2007: folds 
Kris 1524: raises $0.04 to $0.06
Lud_Bingo: raises $0.12 to $0.18
zpxnjp21: folds 
Kris 1524: raises $0.76 to $0.94 and is all-in
Lud_Bingo: calls $0.28 and is all-in
Uncalled bet ($0.48) returned to Kris 1524
*** FLOP *** [9c 9h Js]
*** TURN *** [9c 9h Js] [7h]
*** RIVER *** [9c 9h Js 7h] [3s]
*** SHOW DOWN ***
Lud_Bingo: shows [Ks Ac] (a pair of Nines)
Kris 1524: shows [Qs Qh] (two pair, Queens and Nines)
Kris 1524 collected $0.91 from pot
*** SUMMARY ***
Total pot $0.94 | Rake $0.03 
Board [9c 9h Js 7h 3s]
Seat 1: EdVince1970 folded before Flop (didn't bet)
Seat 2: Happy we:-) folded before Flop (didn't bet)
Seat 3: Dorex2007 folded before Flop (didn't bet)
Seat 6: Kris 1524 (button) showed [Qs Qh] and won ($0.91) with two pair, Queens and Nines
Seat 7: Lud_Bingo (small blind) showed [Ks Ac] and lost with a pair of Nines
Seat 8: zpxnjp21 (big blind) folded before Flop
Seat 9: Za1CeV folded before Flop (didn't bet)



PokerStars Hand #224093413084:  Hold'em No Limit ($0.01/$0.02 USD) - 2021/02/21 22:05:18 PT [2021/02/22 1:05:18 ET]
Table 'Sheliak IV' 9-max Seat #8 is the button
Seat 1: EdVince1970 ($3.43 in chips) 
Seat 2: Happy we:-) ($0.76 in chips) 
Seat 3: Dorex2007 ($1.05 in chips) 
Seat 6: Kris 1524 ($1.39 in chips) 
Seat 8: zpxnjp21 ($0.78 in chips) 
Seat 9: Za1CeV ($2 in chips) 
Za1CeV: posts small blind $0.01
EdVince1970: posts big blind $0.02
*** HOLE CARDS ***
Dealt to Dorex2007 [4d 2s]
Happy we:-): folds 
Lud_Bingo leaves the table
Dorex2007: folds 
Kris 1524: folds 
zpxnjp21: folds 
Za1CeV: folds 
Uncalled bet ($0.01) returned to EdVince1970
EdVince1970 collected $0.02 from pot
*** SUMMARY ***
Total pot $0.02 | Rake $0 
Seat 1: EdVince1970 (big blind) collected ($0.02)
Seat 2: Happy we:-) folded before Flop (didn't bet)
Seat 3: Dorex2007 folded before Flop (didn't bet)
Seat 6: Kris 1524 folded before Flop (didn't bet)
Seat 8: zpxnjp21 (button) folded before Flop (didn't bet)
Seat 9: Za1CeV (small blind) folded before Flop



PokerStars Hand #224093415618:  Hold'em No Limit ($0.01/$0.02 USD) - 2021/02/21 22:05:34 PT [2021/02/22 1:05:34 ET]
Table 'Sheliak IV' 9-max Seat #9 is the button
Seat 1: EdVince1970 ($3.44 in chips) 
Seat 2: Happy we:-) ($0.76 in chips) 
Seat 3: Dorex2007 ($1.05 in chips) 
Seat 6: Kris 1524 ($1.39 in chips) 
Seat 8: zpxnjp21 ($0.78 in chips) 
Seat 9: Za1CeV ($1.99 in chips) 
EdVince1970: posts small blind $0.01
Happy we:-): posts big blind $0.02
*** HOLE CARDS ***
Dealt to Dorex2007 [7h 3c]
Dorex2007: folds 
Kris 1524: folds 
zpxnjp21: folds 
Za1CeV: raises $0.04 to $0.06
EdVince1970: folds 
Happy we:-): folds 
Uncalled bet ($0.04) returned to Za1CeV
Za1CeV collected $0.05 from pot
Za1CeV: doesn't show hand 
*** SUMMARY ***
Total pot $0.05 | Rake $0 
Seat 1: EdVince1970 (small blind) folded before Flop
Seat 2: Happy we:-) (big blind) folded before Flop
Seat 3: Dorex2007 folded before Flop (didn't bet)
Seat 6: Kris 1524 folded before Flop (didn't bet)
Seat 8: zpxnjp21 folded before Flop (didn't bet)
Seat 9: Za1CeV (button) collected ($0.05)



PokerStars Hand #224093420365:  Hold'em No Limit ($0.01/$0.02 USD) - 2021/02/21 22:06:03 PT [2021/02/22 1:06:03 ET]
Table 'Sheliak IV' 9-max Seat #1 is the button
Seat 1: EdVince1970 ($3.43 in chips) 
Seat 2: Happy we:-) ($0.74 in chips) 
Seat 3: Dorex2007 ($1.05 in chips) 
Seat 6: Kris 1524 ($1.39 in chips) 
Seat 8: zpxnjp21 ($0.78 in chips) 
Seat 9: Za1CeV ($2.02 in chips) 
Happy we:-): posts small blind $0.01
Dorex2007: posts big blind $0.02
*** HOLE CARDS ***
Dealt to Dorex2007 [9s Ah]
Kris 1524: folds 
zpxnjp21: folds 
Za1CeV: folds 
EdVince1970 has timed out
EdVince1970: folds 
Happy we:-): folds 
Uncalled bet ($0.01) returned to Dorex2007
Dorex2007 collected $0.02 from pot
Dorex2007: doesn't show hand 
*** SUMMARY ***
Total pot $0.02 | Rake $0 
Seat 1: EdVince1970 (button) folded before Flop (didn't bet)
Seat 2: Happy we:-) (small blind) folded before Flop
Seat 3: Dorex2007 (big blind) collected ($0.02)
Seat 6: Kris 1524 folded before Flop (didn't bet)
Seat 8: zpxnjp21 folded before Flop (didn't bet)
Seat 9: Za1CeV folded before Flop (didn't bet)



PokerStars Hand #224093423474:  Hold'em No Limit ($0.01/$0.02 USD) - 2021/02/21 22:06:22 PT [2021/02/22 1:06:22 ET]
Table 'Sheliak IV' 9-max Seat #2 is the button
Seat 2: Happy we:-) ($0.73 in chips) 
Seat 3: Dorex2007 ($1.06 in chips) 
Seat 6: Kris 1524 ($1.39 in chips) 
Seat 8: zpxnjp21 ($0.78 in chips) 
Seat 9: Za1CeV ($2.02 in chips) 
Dorex2007: posts small blind $0.01
Kris 1524: posts big blind $0.02
*** HOLE CARDS ***
Dealt to Dorex2007 [9c 3d]
zpxnjp21: raises $0.04 to $0.06
Za1CeV: folds 
Happy we:-): calls $0.06
Dorex2007: folds 
Kris 1524: calls $0.04
*** FLOP *** [5d 6s 3h]
Kris 1524: checks 
zpxnjp21: bets $0.72 and is all-in
Jimshamar joins the table at seat #7 
Happy we:-): folds 
Kris 1524: folds 
Uncalled bet ($0.72) returned to zpxnjp21
zpxnjp21 collected $0.18 from pot
coolDadJimbo was removed from the table for failing to post
coolDadJimbo leaves the table
zpxnjp21: doesn't show hand 
*** SUMMARY ***
Total pot $0.19 | Rake $0.01 
Board [5d 6s 3h]
Seat 2: Happy we:-) (button) folded on the Flop
Seat 3: Dorex2007 (small blind) folded before Flop
Seat 6: Kris 1524 (big blind) folded on the Flop
Seat 8: zpxnjp21 collected ($0.18)
Seat 9: Za1CeV folded before Flop (didn't bet)



PokerStars Hand #224093429197:  Hold'em No Limit ($0.01/$0.02 USD) - 2021/02/21 22:06:58 PT [2021/02/22 1:06:58 ET]
Table 'Sheliak IV' 9-max Seat #3 is the button
Seat 1: EdVince1970 ($3.43 in chips) 
Seat 2: Happy we:-) ($0.67 in chips) 
Seat 3: Dorex2007 ($1.05 in chips) 
Seat 6: Kris 1524 ($1.33 in chips) 
Seat 7: Jimshamar ($2 in chips) 
Seat 8: zpxnjp21 ($0.90 in chips) 
Seat 9: Za1CeV ($2.02 in chips) 
Kris 1524: posts small blind $0.01
Jimshamar: posts big blind $0.02
*** HOLE CARDS ***
Dealt to Dorex2007 [5s Th]
zpxnjp21: folds 
Za1CeV: folds 
EdVince1970: folds 
Happy we:-): raises $0.02 to $0.04
Dorex2007: folds 
Kris 1524: folds 
Jimshamar: calls $0.02
*** FLOP *** [Qc Qd 7s]
Jimshamar: checks 
Happy we:-): checks 
*** TURN *** [Qc Qd 7s] [5c]
Jimshamar: bets $0.04
Happy we:-): calls $0.04
*** RIVER *** [Qc Qd 7s 5c] [Td]
Jimshamar: checks 
Happy we:-): checks 
*** SHOW DOWN ***
Jimshamar: shows [Kc 9c] (a pair of Queens)
Happy we:-): shows [3s 3c] (two pair, Queens and Threes)
Happy we:-) collected $0.16 from pot
*** SUMMARY ***
Total pot $0.17 | Rake $0.01 
Board [Qc Qd 7s 5c Td]
Seat 1: EdVince1970 folded before Flop (didn't bet)
Seat 2: Happy we:-) showed [3s 3c] and won ($0.16) with two pair, Queens and Threes
Seat 3: Dorex2007 (button) folded before Flop (didn't bet)
Seat 6: Kris 1524 (small blind) folded before Flop
Seat 7: Jimshamar (big blind) showed [Kc 9c] and lost with a pair of Queens
Seat 8: zpxnjp21 folded before Flop (didn't bet)
Seat 9: Za1CeV folded before Flop (didn't bet)



PokerStars Hand #224093435044:  Hold'em No Limit ($0.01/$0.02 USD) - 2021/02/21 22:07:33 PT [2021/02/22 1:07:33 ET]
Table 'Sheliak IV' 9-max Seat #6 is the button
Seat 1: EdVince1970 ($3.43 in chips) 
Seat 2: Happy we:-) ($0.75 in chips) 
Seat 3: Dorex2007 ($1.05 in chips) 
Seat 6: Kris 1524 ($1.32 in chips) 
Seat 7: Jimshamar ($1.92 in chips) 
Seat 8: zpxnjp21 ($0.90 in chips) 
Seat 9: Za1CeV ($2.02 in chips) 
Jimshamar: posts small blind $0.01
pdth.uf joins the table at seat #4 
zpxnjp21: posts big blind $0.02
*** HOLE CARDS ***
Dealt to Dorex2007 [Ts 7h]
Za1CeV: raises $0.04 to $0.06
EdVince1970: folds 
Happy we:-): folds 
Dorex2007: folds 
Kris 1524: folds 
Jimshamar: calls $0.05
zpxnjp21: folds 
*** FLOP *** [6d 7d 9s]
Jimshamar: checks 
Za1CeV: bets $0.08
Jimshamar: folds 
Uncalled bet ($0.08) returned to Za1CeV
Za1CeV collected $0.14 from pot
Za1CeV: doesn't show hand 
*** SUMMARY ***
Total pot $0.14 | Rake $0 
Board [6d 7d 9s]
Seat 1: EdVince1970 folded before Flop (didn't bet)
Seat 2: Happy we:-) folded before Flop (didn't bet)
Seat 3: Dorex2007 folded before Flop (didn't bet)
Seat 6: Kris 1524 (button) folded before Flop (didn't bet)
Seat 7: Jimshamar (small blind) folded on the Flop
Seat 8: zpxnjp21 (big blind) folded before Flop
Seat 9: Za1CeV collected ($0.14)



PokerStars Hand #224093440129:  Hold'em No Limit ($0.01/$0.02 USD) - 2021/02/21 22:08:05 PT [2021/02/22 1:08:05 ET]
Table 'Sheliak IV' 9-max Seat #8 is the button
Seat 1: EdVince1970 ($3.43 in chips) 
Seat 2: Happy we:-) ($0.75 in chips) 
Seat 3: Dorex2007 ($1.05 in chips) 
Seat 4: pdth.uf ($1.60 in chips) 
Seat 6: Kris 1524 ($1.32 in chips) 
Seat 8: zpxnjp21 ($0.88 in chips) 
Seat 9: Za1CeV ($2.10 in chips) 
Za1CeV: posts small blind $0.01
EdVince1970: posts big blind $0.02
pdth.uf: posts big blind $0.02
*** HOLE CARDS ***
Dealt to Dorex2007 [Js Tc]
Happy we:-): calls $0.02
Dorex2007: calls $0.02
pdth.uf: checks 
Kris 1524: folds 
zpxnjp21: calls $0.02
Za1CeV: folds 
EdVince1970: raises $0.04 to $0.06
Happy we:-): calls $0.04
Dorex2007: calls $0.04
pdth.uf: calls $0.04
zpxnjp21: calls $0.04
*** FLOP *** [4c 6s 5h]
EdVince1970: checks 
Happy we:-): checks 
Dorex2007: checks 
pdth.uf: checks 
zpxnjp21: checks 
*** TURN *** [4c 6s 5h] [2s]
jimslimidy was removed from the table for failing to post
jimslimidy leaves the table
EdVince1970: checks 
ser447787 joins the table at seat #5 
Happy we:-): checks 
Dorex2007: bets $0.15
pdth.uf: folds 
zpxnjp21: folds 
EdVince1970: folds 
Happy we:-): folds 
Uncalled bet ($0.15) returned to Dorex2007
Dorex2007 collected $0.30 from pot
Dorex2007: doesn't show hand 
*** SUMMARY ***
Total pot $0.31 | Rake $0.01 
Board [4c 6s 5h 2s]
Seat 1: EdVince1970 (big blind) folded on the Turn
Seat 2: Happy we:-) folded on the Turn
Seat 3: Dorex2007 collected ($0.30)
Seat 4: pdth.uf folded on the Turn
Seat 6: Kris 1524 folded before Flop (didn't bet)
Seat 8: zpxnjp21 (button) folded on the Turn
Seat 9: Za1CeV (small blind) folded before Flop



PokerStars Hand #224093455291:  Hold'em No Limit ($0.01/$0.02 USD) - 2021/02/21 22:09:38 PT [2021/02/22 1:09:38 ET]
Table 'Sheliak IV' 9-max Seat #9 is the button
Seat 1: EdVince1970 ($3.37 in chips) 
Seat 2: Happy we:-) ($0.69 in chips) 
Seat 3: Dorex2007 ($1.29 in chips) 
Seat 4: pdth.uf ($1.54 in chips) 
Seat 6: Kris 1524 ($1.32 in chips) 
Seat 8: zpxnjp21 ($0.82 in chips) 
Seat 9: Za1CeV ($2.09 in chips) 
EdVince1970: posts small blind $0.01
Happy we:-): posts big blind $0.02
ser447787: sits out 
*** HOLE CARDS ***
Dealt to Dorex2007 [As 6d]
Dorex2007: folds 
pdth.uf: raises $0.05 to $0.07
Kris 1524: folds 
zpxnjp21: folds 
Za1CeV: folds 
EdVince1970: folds 
Happy we:-): folds 
Uncalled bet ($0.05) returned to pdth.uf
pdth.uf collected $0.05 from pot
pdth.uf: doesn't show hand 
*** SUMMARY ***
Total pot $0.05 | Rake $0 
Seat 1: EdVince1970 (small blind) folded before Flop
Seat 2: Happy we:-) (big blind) folded before Flop
Seat 3: Dorex2007 folded before Flop (didn't bet)
Seat 4: pdth.uf collected ($0.05)
Seat 6: Kris 1524 folded before Flop (didn't bet)
Seat 8: zpxnjp21 folded before Flop (didn't bet)
Seat 9: Za1CeV (button) folded before Flop (didn't bet)



PokerStars Hand #224093457797:  Hold'em No Limit ($0.01/$0.02 USD) - 2021/02/21 22:09:53 PT [2021/02/22 1:09:53 ET]
Table 'Sheliak IV' 9-max Seat #1 is the button
Seat 1: EdVince1970 ($3.36 in chips) 
Seat 2: Happy we:-) ($0.67 in chips) 
Seat 3: Dorex2007 ($1.29 in chips) 
Seat 4: pdth.uf ($1.57 in chips) 
Seat 6: Kris 1524 ($1.32 in chips) 
Seat 8: zpxnjp21 ($0.82 in chips) 
Seat 9: Za1CeV ($2.09 in chips) 
Happy we:-): posts small blind $0.01
Dorex2007: posts big blind $0.02
ser447787: sits out 
*** HOLE CARDS ***
Dealt to Dorex2007 [2d 9d]
pdth.uf: folds 
Kris 1524 has timed out
Kris 1524: folds 
zpxnjp21: folds 
Za1CeV: folds 
EdVince1970: folds 
Happy we:-): folds 
Uncalled bet ($0.01) returned to Dorex2007
Dorex2007 collected $0.02 from pot
Dorex2007: doesn't show hand 
*** SUMMARY ***
Total pot $0.02 | Rake $0 
Seat 1: EdVince1970 (button) folded before Flop (didn't bet)
Seat 2: Happy we:-) (small blind) folded before Flop
Seat 3: Dorex2007 (big blind) collected ($0.02)
Seat 4: pdth.uf folded before Flop (didn't bet)
Seat 6: Kris 1524 folded before Flop (didn't bet)
Seat 8: zpxnjp21 folded before Flop (didn't bet)
Seat 9: Za1CeV folded before Flop (didn't bet)



PokerStars Hand #224093461047:  Hold'em No Limit ($0.01/$0.02 USD) - 2021/02/21 22:10:13 PT [2021/02/22 1:10:13 ET]
Table 'Sheliak IV' 9-max Seat #2 is the button
Seat 1: EdVince1970 ($3.36 in chips) 
Seat 2: Happy we:-) ($0.66 in chips) 
Seat 3: Dorex2007 ($1.30 in chips) 
Seat 4: pdth.uf ($1.57 in chips) 
Seat 6: Kris 1524 ($1.32 in chips) 
Seat 8: zpxnjp21 ($0.82 in chips) 
Seat 9: Za1CeV ($2.09 in chips) 
Dorex2007: posts small blind $0.01
pdth.uf: posts big blind $0.02
ser447787: sits out 
*** HOLE CARDS ***
Dealt to Dorex2007 [Ad 3s]
Kris 1524: folds 
zpxnjp21: folds 
Za1CeV: raises $0.04 to $0.06
EdVince1970: folds 
Happy we:-): calls $0.06
Dorex2007: folds 
pdth.uf: calls $0.04
*** FLOP *** [3h Kc 8s]
pdth.uf: checks 
Za1CeV: checks 
Happy we:-): checks 
*** TURN *** [3h Kc 8s] [4h]
pdth.uf: bets $0.02
Za1CeV: raises $0.12 to $0.14
Happy we:-): folds 
pdth.uf: calls $0.12
*** RIVER *** [3h Kc 8s 4h] [Kd]
pdth.uf: checks 
Za1CeV: checks 
*** SHOW DOWN ***
pdth.uf: shows [8c 7h] (two pair, Kings and Eights)
Za1CeV: mucks hand 
pdth.uf collected $0.45 from pot
*** SUMMARY ***
Total pot $0.47 | Rake $0.02 
Board [3h Kc 8s 4h Kd]
Seat 1: EdVince1970 folded before Flop (didn't bet)
Seat 2: Happy we:-) (button) folded on the Turn
Seat 3: Dorex2007 (small blind) folded before Flop
Seat 4: pdth.uf (big blind) showed [8c 7h] and won ($0.45) with two pair, Kings and Eights
Seat 6: Kris 1524 folded before Flop (didn't bet)
Seat 8: zpxnjp21 folded before Flop (didn't bet)
Seat 9: Za1CeV mucked [Ac 2s]



PokerStars Hand #224093470445:  Hold'em No Limit ($0.01/$0.02 USD) - 2021/02/21 22:11:11 PT [2021/02/22 1:11:11 ET]
Table 'Sheliak IV' 9-max Seat #3 is the button
Seat 1: EdVince1970 ($3.36 in chips) 
Seat 2: Happy we:-) ($0.60 in chips) 
Seat 3: Dorex2007 ($1.29 in chips) 
Seat 4: pdth.uf ($1.82 in chips) 
Seat 5: ser447787 ($2 in chips) 
Seat 6: Kris 1524 ($1.32 in chips) 
Seat 7: Jimshamar ($2 in chips) 
Seat 8: zpxnjp21 ($0.82 in chips) 
Seat 9: Za1CeV ($1.89 in chips) 
pdth.uf: posts small blind $0.01
ser447787: posts big blind $0.02
*** HOLE CARDS ***
Dealt to Dorex2007 [7d Ks]
Kris 1524: calls $0.02
Jimshamar: folds 
zpxnjp21: folds 
Za1CeV: folds 
EdVince1970: folds 
Happy we:-): folds 
Dorex2007: folds 
pdth.uf: calls $0.01
ser447787: checks 
*** FLOP *** [5h 5d Jd]
pdth.uf: bets $0.02
ser447787: folds 
Kris 1524: calls $0.02
*** TURN *** [5h 5d Jd] [Td]
pdth.uf: checks 
Kris 1524: bets $0.05
pdth.uf: calls $0.05
*** RIVER *** [5h 5d Jd Td] [9s]
pdth.uf: checks 
Kris 1524: bets $0.19
pdth.uf: calls $0.19
*** SHOW DOWN ***
Kris 1524: shows [Qd 9d] (a flush, Queen high)
pdth.uf: mucks hand 
Kris 1524 collected $0.56 from pot
*** SUMMARY ***
Total pot $0.58 | Rake $0.02 
Board [5h 5d Jd Td 9s]
Seat 1: EdVince1970 folded before Flop (didn't bet)
Seat 2: Happy we:-) folded before Flop (didn't bet)
Seat 3: Dorex2007 (button) folded before Flop (didn't bet)
Seat 4: pdth.uf (small blind) mucked [Jh Th]
Seat 5: ser447787 (big blind) folded on the Flop
Seat 6: Kris 1524 showed [Qd 9d] and won ($0.56) with a flush, Queen high
Seat 7: Jimshamar folded before Flop (didn't bet)
Seat 8: zpxnjp21 folded before Flop (didn't bet)
Seat 9: Za1CeV folded before Flop (didn't bet)



PokerStars Hand #224093476773:  Hold'em No Limit ($0.01/$0.02 USD) - 2021/02/21 22:11:49 PT [2021/02/22 1:11:49 ET]
Table 'Sheliak IV' 9-max Seat #4 is the button
Seat 1: EdVince1970 ($3.36 in chips) 
Seat 2: Happy we:-) ($0.60 in chips) 
Seat 3: Dorex2007 ($1.29 in chips) 
Seat 4: pdth.uf ($1.54 in chips) 
Seat 5: ser447787 ($1.98 in chips) 
Seat 6: Kris 1524 ($1.60 in chips) 
Seat 7: Jimshamar ($2 in chips) 
Seat 8: zpxnjp21 ($0.82 in chips) 
Seat 9: Za1CeV ($2 in chips) 
ser447787: posts small blind $0.01
Kris 1524: posts big blind $0.02
*** HOLE CARDS ***
Dealt to Dorex2007 [2s 4c]
Jimshamar: folds 
zpxnjp21: folds 
Za1CeV: folds 
EdVince1970: folds 
Happy we:-): folds 
Dorex2007: folds 
pdth.uf: calls $0.02
ser447787: folds 
Kris 1524: checks 
*** FLOP *** [Ad Jh 5c]
Kris 1524: checks 
pdth.uf: checks 
*** TURN *** [Ad Jh 5c] [5h]
Kris 1524: bets $0.02
pdth.uf: folds 
Uncalled bet ($0.02) returned to Kris 1524
Kris 1524 collected $0.05 from pot
Kris 1524: doesn't show hand 
*** SUMMARY ***
Total pot $0.05 | Rake $0 
Board [Ad Jh 5c 5h]
Seat 1: EdVince1970 folded before Flop (didn't bet)
Seat 2: Happy we:-) folded before Flop (didn't bet)
Seat 3: Dorex2007 folded before Flop (didn't bet)
Seat 4: pdth.uf (button) folded on the Turn
Seat 5: ser447787 (small blind) folded before Flop
Seat 6: Kris 1524 (big blind) collected ($0.05)
Seat 7: Jimshamar folded before Flop (didn't bet)
Seat 8: zpxnjp21 folded before Flop (didn't bet)
Seat 9: Za1CeV folded before Flop (didn't bet)



PokerStars Hand #224093481309:  Hold'em No Limit ($0.01/$0.02 USD) - 2021/02/21 22:12:17 PT [2021/02/22 1:12:17 ET]
Table 'Sheliak IV' 9-max Seat #5 is the button
Seat 1: EdVince1970 ($3.36 in chips) 
Seat 2: Happy we:-) ($0.60 in chips) 
Seat 3: Dorex2007 ($1.29 in chips) 
Seat 4: pdth.uf ($1.52 in chips) 
Seat 5: ser447787 ($1.97 in chips) 
Seat 6: Kris 1524 ($1.63 in chips) 
Seat 7: Jimshamar ($2 in chips) 
Seat 8: zpxnjp21 ($0.82 in chips) 
Seat 9: Za1CeV ($2 in chips) 
Kris 1524: posts small blind $0.01
Jimshamar: posts big blind $0.02
*** HOLE CARDS ***
Dealt to Dorex2007 [Jd 9s]
zpxnjp21: folds 
Za1CeV: folds 
EdVince1970: folds 
Happy we:-): folds 
Dorex2007: folds 
pdth.uf: raises $0.02 to $0.04
ser447787: folds 
Kris 1524: folds 
Jimshamar: calls $0.02
*** FLOP *** [3s 2h 6h]
Jimshamar: bets $0.05
pdth.uf: calls $0.05
*** TURN *** [3s 2h 6h] [9d]
Jimshamar: bets $0.09
pdth.uf: folds 
Uncalled bet ($0.09) returned to Jimshamar
Jimshamar collected $0.18 from pot
Jimshamar: doesn't show hand 
*** SUMMARY ***
Total pot $0.19 | Rake $0.01 
Board [3s 2h 6h 9d]
Seat 1: EdVince1970 folded before Flop (didn't bet)
Seat 2: Happy we:-) folded before Flop (didn't bet)
Seat 3: Dorex2007 folded before Flop (didn't bet)
Seat 4: pdth.uf folded on the Turn
Seat 5: ser447787 (button) folded before Flop (didn't bet)
Seat 6: Kris 1524 (small blind) folded before Flop
Seat 7: Jimshamar (big blind) collected ($0.18)
Seat 8: zpxnjp21 folded before Flop (didn't bet)
Seat 9: Za1CeV folded before Flop (didn't bet)



PokerStars Hand #224093488029:  Hold'em No Limit ($0.01/$0.02 USD) - 2021/02/21 22:12:59 PT [2021/02/22 1:12:59 ET]
Table 'Sheliak IV' 9-max Seat #6 is the button
Seat 1: EdVince1970 ($3.36 in chips) 
Seat 2: Happy we:-) ($0.60 in chips) 
Seat 3: Dorex2007 ($1.29 in chips) 
Seat 4: pdth.uf ($1.43 in chips) 
Seat 5: ser447787 ($1.97 in chips) 
Seat 6: Kris 1524 ($1.62 in chips) 
Seat 7: Jimshamar ($2.09 in chips) 
Seat 8: zpxnjp21 ($0.82 in chips) 
Seat 9: Za1CeV ($2 in chips) 
Jimshamar: posts small blind $0.01
zpxnjp21: posts big blind $0.02
*** HOLE CARDS ***
Dealt to Dorex2007 [5s 2d]
Za1CeV: folds 
EdVince1970: calls $0.02
Happy we:-): calls $0.02
Dorex2007: folds 
pdth.uf: folds 
ser447787: folds 
Kris 1524: calls $0.02
Jimshamar: calls $0.01
zpxnjp21: checks 
*** FLOP *** [7s Ts Ac]
Jimshamar: bets $0.04
zpxnjp21: folds 
EdVince1970: calls $0.04
Happy we:-): calls $0.04
Kris 1524: calls $0.04
*** TURN *** [7s Ts Ac] [Tc]
Jimshamar: checks 
pdth.uf leaves the table
EdVince1970: bets $0.10
Happy we:-): calls $0.10
Kris 1524: calls $0.10
Jimshamar: calls $0.10
*** RIVER *** [7s Ts Ac Tc] [Jc]
Jimshamar: checks 
EdVince1970: checks 
Happy we:-): checks 
hybriddddd joins the table at seat #4 
Kris 1524: checks 
*** SHOW DOWN ***
Jimshamar: shows [8s Ks] (a pair of Tens)
EdVince1970: shows [Td 5d] (three of a kind, Tens)
Happy we:-): mucks hand 
Kris 1524: mucks hand 
EdVince1970 collected $0.64 from pot
*** SUMMARY ***
Total pot $0.66 | Rake $0.02 
Board [7s Ts Ac Tc Jc]
Seat 1: EdVince1970 showed [Td 5d] and won ($0.64) with three of a kind, Tens
Seat 2: Happy we:-) mucked [5h Ah]
Seat 3: Dorex2007 folded before Flop (didn't bet)
Seat 4: pdth.uf folded before Flop (didn't bet)
Seat 5: ser447787 folded before Flop (didn't bet)
Seat 6: Kris 1524 (button) mucked [Ad 9s]
Seat 7: Jimshamar (small blind) showed [8s Ks] and lost with a pair of Tens
Seat 8: zpxnjp21 (big blind) folded on the Flop
Seat 9: Za1CeV folded before Flop (didn't bet)



PokerStars Hand #224093504343:  Hold'em No Limit ($0.01/$0.02 USD) - 2021/02/21 22:14:40 PT [2021/02/22 1:14:40 ET]
Table 'Sheliak IV' 9-max Seat #7 is the button
Seat 1: EdVince1970 ($3.84 in chips) 
Seat 2: Happy we:-) ($0.44 in chips) 
Seat 3: Dorex2007 ($1.29 in chips) 
Seat 4: hybriddddd ($1.26 in chips) 
Seat 5: ser447787 ($1.97 in chips) 
Seat 6: Kris 1524 ($1.46 in chips) 
Seat 7: Jimshamar ($1.93 in chips) 
Seat 8: zpxnjp21 ($0.80 in chips) 
Seat 9: Za1CeV ($2 in chips) 
zpxnjp21: posts small blind $0.01
Za1CeV: posts big blind $0.02
hybriddddd: posts big blind $0.02
*** HOLE CARDS ***
Dealt to Dorex2007 [8d 3h]
EdVince1970: raises $0.04 to $0.06
Happy we:-): folds 
Dorex2007: folds 
hybriddddd: folds 
ser447787: folds 
Kris 1524: folds 
Jimshamar: folds 
zpxnjp21: folds 
Za1CeV: folds 
Uncalled bet ($0.04) returned to EdVince1970
EdVince1970 collected $0.07 from pot
*** SUMMARY ***
Total pot $0.07 | Rake $0 
Seat 1: EdVince1970 collected ($0.07)
Seat 2: Happy we:-) folded before Flop (didn't bet)
Seat 3: Dorex2007 folded before Flop (didn't bet)
Seat 4: hybriddddd folded before Flop (didn't bet)
Seat 5: ser447787 folded before Flop (didn't bet)
Seat 6: Kris 1524 folded before Flop (didn't bet)
Seat 7: Jimshamar (button) folded before Flop (didn't bet)
Seat 8: zpxnjp21 (small blind) folded before Flop
Seat 9: Za1CeV (big blind) folded before Flop



PokerStars Hand #224093507337:  Hold'em No Limit ($0.01/$0.02 USD) - 2021/02/21 22:14:59 PT [2021/02/22 1:14:59 ET]
Table 'Sheliak IV' 9-max Seat #8 is the button
Seat 1: EdVince1970 ($3.89 in chips) 
Seat 2: Happy we:-) ($0.44 in chips) 
Seat 3: Dorex2007 ($1.29 in chips) 
Seat 4: hybriddddd ($1.24 in chips) 
Seat 5: ser447787 ($1.97 in chips) 
Seat 6: Kris 1524 ($1.46 in chips) 
Seat 7: Jimshamar ($1.93 in chips) 
Seat 8: zpxnjp21 ($0.79 in chips) 
Seat 9: Za1CeV ($1.98 in chips) 
Za1CeV: posts small blind $0.01
EdVince1970: posts big blind $0.02
*** HOLE CARDS ***
Dealt to Dorex2007 [4s Td]
Happy we:-): raises $0.02 to $0.04
Dorex2007: folds 
hybriddddd: folds 
ser447787: folds 
Kris 1524: calls $0.04
Jimshamar: folds 
zpxnjp21: folds 
Za1CeV: folds 
EdVince1970: calls $0.02
*** FLOP *** [3s 7d 5h]
EdVince1970: checks 
Happy we:-): bets $0.06
Kris 1524: folds 
EdVince1970: calls $0.06
*** TURN *** [3s 7d 5h] [Ad]
EdVince1970: checks 
Happy we:-): bets $0.12
EdVince1970: raises $0.48 to $0.60
Happy we:-): folds 
Uncalled bet ($0.48) returned to EdVince1970
EdVince1970 collected $0.47 from pot
*** SUMMARY ***
Total pot $0.49 | Rake $0.02 
Board [3s 7d 5h Ad]
Seat 1: EdVince1970 (big blind) collected ($0.47)
Seat 2: Happy we:-) folded on the Turn
Seat 3: Dorex2007 folded before Flop (didn't bet)
Seat 4: hybriddddd folded before Flop (didn't bet)
Seat 5: ser447787 folded before Flop (didn't bet)
Seat 6: Kris 1524 folded on the Flop
Seat 7: Jimshamar folded before Flop (didn't bet)
Seat 8: zpxnjp21 (button) folded before Flop (didn't bet)
Seat 9: Za1CeV (small blind) folded before Flop



PokerStars Hand #224093528091:  Hold'em No Limit ($0.01/$0.02 USD) - 2021/02/21 22:16:12 PT [2021/02/22 1:16:12 ET]
Table 'Sheliak IV' 9-max Seat #9 is the button
Seat 1: EdVince1970 ($4.14 in chips) 
Seat 2: Happy we:-) ($0.22 in chips) 
Seat 3: Dorex2007 ($1.29 in chips) 
Seat 4: hybriddddd ($1.24 in chips) 
Seat 5: ser447787 ($1.97 in chips) 
Seat 6: Kris 1524 ($1.42 in chips) 
Seat 7: Jimshamar ($1.93 in chips) 
Seat 8: zpxnjp21 ($0.79 in chips) 
Seat 9: Za1CeV ($2 in chips) 
EdVince1970: posts small blind $0.01
Happy we:-): posts big blind $0.02
*** HOLE CARDS ***
Dealt to Dorex2007 [7h 6h]
Dorex2007: folds 
hybriddddd has timed out
hybriddddd: folds 
ser447787: folds 
Kris 1524: folds 
Jimshamar: folds 
zpxnjp21: folds 
Za1CeV: folds 
EdVince1970: raises $0.04 to $0.06
Happy we:-): folds 
Uncalled bet ($0.04) returned to EdVince1970
EdVince1970 collected $0.04 from pot
*** SUMMARY ***
Total pot $0.04 | Rake $0 
Seat 1: EdVince1970 (small blind) collected ($0.04)
Seat 2: Happy we:-) (big blind) folded before Flop
Seat 3: Dorex2007 folded before Flop (didn't bet)
Seat 4: hybriddddd folded before Flop (didn't bet)
Seat 5: ser447787 folded before Flop (didn't bet)
Seat 6: Kris 1524 folded before Flop (didn't bet)
Seat 7: Jimshamar folded before Flop (didn't bet)
Seat 8: zpxnjp21 folded before Flop (didn't bet)
Seat 9: Za1CeV (button) folded before Flop (didn't bet)



PokerStars Hand #224093532477:  Hold'em No Limit ($0.01/$0.02 USD) - 2021/02/21 22:16:39 PT [2021/02/22 1:16:39 ET]
Table 'Sheliak IV' 9-max Seat #1 is the button
Seat 1: EdVince1970 ($4.16 in chips) 
Seat 2: Happy we:-) ($0.20 in chips) 
Seat 3: Dorex2007 ($1.29 in chips) 
Seat 4: hybriddddd ($1.24 in chips) 
Seat 5: ser447787 ($1.97 in chips) 
Seat 6: Kris 1524 ($1.42 in chips) 
Seat 7: Jimshamar ($1.93 in chips) 
Seat 8: zpxnjp21 ($0.79 in chips) 
Seat 9: Za1CeV ($2 in chips) 
Happy we:-): posts small blind $0.01
Dorex2007: posts big blind $0.02
*** HOLE CARDS ***
Dealt to Dorex2007 [6c 4c]
hybriddddd: folds 
ser447787: folds 
Kris 1524: folds 
Jimshamar: folds 
zpxnjp21: folds 
Za1CeV: folds 
EdVince1970: raises $0.05 to $0.07
Happy we:-): raises $0.13 to $0.20 and is all-in
Dorex2007: folds 
EdVince1970: calls $0.13
*** FLOP *** [5h 8s 8h]
*** TURN *** [5h 8s 8h] [7d]
*** RIVER *** [5h 8s 8h 7d] [9c]
*** SHOW DOWN ***
Happy we:-): shows [2h Ah] (a pair of Eights)
EdVince1970: shows [Qh Jd] (a pair of Eights - lower kicker)
Happy we:-) collected $0.41 from pot
*** SUMMARY ***
Total pot $0.42 | Rake $0.01 
Board [5h 8s 8h 7d 9c]
Seat 1: EdVince1970 (button) showed [Qh Jd] and lost with a pair of Eights
Seat 2: Happy we:-) (small blind) showed [2h Ah] and won ($0.41) with a pair of Eights
Seat 3: Dorex2007 (big blind) folded before Flop
Seat 4: hybriddddd folded before Flop (didn't bet)
Seat 5: ser447787 folded before Flop (didn't bet)
Seat 6: Kris 1524 folded before Flop (didn't bet)
Seat 7: Jimshamar folded before Flop (didn't bet)
Seat 8: zpxnjp21 folded before Flop (didn't bet)
Seat 9: Za1CeV folded before Flop (didn't bet)



PokerStars Hand #224093539044:  Hold'em No Limit ($0.01/$0.02 USD) - 2021/02/21 22:17:19 PT [2021/02/22 1:17:19 ET]
Table 'Sheliak IV' 9-max Seat #2 is the button
Seat 1: EdVince1970 ($3.96 in chips) 
Seat 2: Happy we:-) ($0.41 in chips) 
Seat 3: Dorex2007 ($1.27 in chips) 
Seat 4: hybriddddd ($1.24 in chips) 
Seat 5: ser447787 ($1.97 in chips) 
Seat 6: Kris 1524 ($1.42 in chips) 
Seat 7: Jimshamar ($1.93 in chips) 
Seat 8: zpxnjp21 ($0.79 in chips) 
Seat 9: Za1CeV ($2 in chips) 
Dorex2007: posts small blind $0.01
hybriddddd: posts big blind $0.02
*** HOLE CARDS ***
Dealt to Dorex2007 [8h Ad]
ser447787: folds 
Kris 1524: folds 
Jimshamar: folds 
zpxnjp21: folds 
Za1CeV: raises $0.04 to $0.06
EdVince1970: folds 
Happy we:-): folds 
Dorex2007: folds 
hybriddddd: calls $0.04
*** FLOP *** [6d Kc 3c]
hybriddddd: checks 
Za1CeV: bets $0.07
hybriddddd: folds 
Uncalled bet ($0.07) returned to Za1CeV
Za1CeV collected $0.13 from pot
Za1CeV: doesn't show hand 
*** SUMMARY ***
Total pot $0.13 | Rake $0 
Board [6d Kc 3c]
Seat 1: EdVince1970 folded before Flop (didn't bet)
Seat 2: Happy we:-) (button) folded before Flop (didn't bet)
Seat 3: Dorex2007 (small blind) folded before Flop
Seat 4: hybriddddd (big blind) folded on the Flop
Seat 5: ser447787 folded before Flop (didn't bet)
Seat 6: Kris 1524 folded before Flop (didn't bet)
Seat 7: Jimshamar folded before Flop (didn't bet)
Seat 8: zpxnjp21 folded before Flop (didn't bet)
Seat 9: Za1CeV collected ($0.13)



PokerStars Hand #224093552582:  Hold'em No Limit ($0.01/$0.02 USD) - 2021/02/21 22:18:01 PT [2021/02/22 1:18:01 ET]
Table 'Sheliak IV' 9-max Seat #3 is the button
Seat 1: EdVince1970 ($3.96 in chips) 
Seat 2: Happy we:-) ($0.41 in chips) 
Seat 3: Dorex2007 ($1.26 in chips) 
Seat 4: hybriddddd ($1.18 in chips) 
Seat 5: ser447787 ($1.97 in chips) 
Seat 6: Kris 1524 ($1.42 in chips) 
Seat 7: Jimshamar ($1.93 in chips) 
Seat 8: zpxnjp21 ($0.79 in chips) 
Seat 9: Za1CeV ($2.07 in chips) 
hybriddddd: posts small blind $0.01
ser447787: posts big blind $0.02
*** HOLE CARDS ***
Dealt to Dorex2007 [8s Qc]
Kris 1524: calls $0.02
Jimshamar: raises $0.04 to $0.06
zpxnjp21: folds 
Za1CeV: folds 
EdVince1970: folds 
Happy we:-): folds 
Dorex2007: folds 
hybriddddd: folds 
ser447787: folds 
Kris 1524: folds 
Uncalled bet ($0.04) returned to Jimshamar
Jimshamar collected $0.07 from pot
Jimshamar: doesn't show hand 
*** SUMMARY ***
Total pot $0.07 | Rake $0 
Seat 1: EdVince1970 folded before Flop (didn't bet)
Seat 2: Happy we:-) folded before Flop (didn't bet)
Seat 3: Dorex2007 (button) folded before Flop (didn't bet)
Seat 4: hybriddddd (small blind) folded before Flop
Seat 5: ser447787 (big blind) folded before Flop
Seat 6: Kris 1524 folded before Flop
Seat 7: Jimshamar collected ($0.07)
Seat 8: zpxnjp21 folded before Flop (didn't bet)
Seat 9: Za1CeV folded before Flop (didn't bet)



PokerStars Hand #224093558001:  Hold'em No Limit ($0.01/$0.02 USD) - 2021/02/21 22:18:35 PT [2021/02/22 1:18:35 ET]
Table 'Sheliak IV' 9-max Seat #4 is the button
Seat 1: EdVince1970 ($3.96 in chips) 
Seat 2: Happy we:-) ($0.41 in chips) 
Seat 3: Dorex2007 ($1.26 in chips) 
Seat 4: hybriddddd ($1.17 in chips) 
Seat 5: ser447787 ($1.95 in chips) 
Seat 6: Kris 1524 ($1.40 in chips) 
Seat 7: Jimshamar ($1.98 in chips) 
Seat 8: zpxnjp21 ($0.79 in chips) 
Seat 9: Za1CeV ($2.07 in chips) 
ser447787: posts small blind $0.01
Kris 1524: posts big blind $0.02
*** HOLE CARDS ***
Dealt to Dorex2007 [2s 4h]
Jimshamar: folds 
zpxnjp21: folds 
Za1CeV: folds 
EdVince1970: folds 
Happy we:-): folds 
Dorex2007: folds 
hybriddddd: folds 
ser447787: folds 
Uncalled bet ($0.01) returned to Kris 1524
Kris 1524 collected $0.02 from pot
Kris 1524: doesn't show hand 
*** SUMMARY ***
Total pot $0.02 | Rake $0 
Seat 1: EdVince1970 folded before Flop (didn't bet)
Seat 2: Happy we:-) folded before Flop (didn't bet)
Seat 3: Dorex2007 folded before Flop (didn't bet)
Seat 4: hybriddddd (button) folded before Flop (didn't bet)
Seat 5: ser447787 (small blind) folded before Flop
Seat 6: Kris 1524 (big blind) collected ($0.02)
Seat 7: Jimshamar folded before Flop (didn't bet)
Seat 8: zpxnjp21 folded before Flop (didn't bet)
Seat 9: Za1CeV folded before Flop (didn't bet)



PokerStars Hand #224093560953:  Hold'em No Limit ($0.01/$0.02 USD) - 2021/02/21 22:18:53 PT [2021/02/22 1:18:53 ET]
Table 'Sheliak IV' 9-max Seat #5 is the button
Seat 1: EdVince1970 ($3.96 in chips) 
Seat 2: Happy we:-) ($0.41 in chips) 
Seat 3: Dorex2007 ($1.26 in chips) 
Seat 4: hybriddddd ($1.17 in chips) 
Seat 5: ser447787 ($1.94 in chips) 
Seat 6: Kris 1524 ($1.41 in chips) 
Seat 7: Jimshamar ($1.98 in chips) 
Seat 8: zpxnjp21 ($0.79 in chips) 
Seat 9: Za1CeV ($2.07 in chips) 
Kris 1524: posts small blind $0.01
Jimshamar: posts big blind $0.02
*** HOLE CARDS ***
Dealt to Dorex2007 [4c 3d]
zpxnjp21: folds 
Za1CeV: raises $0.04 to $0.06
EdVince1970 has timed out
EdVince1970: folds 
Happy we:-): calls $0.06
Dorex2007: folds 
hybriddddd: folds 
ser447787: folds 
Kris 1524: folds 
Jimshamar: folds 
*** FLOP *** [7d 5h 8s]
Za1CeV: bets $0.08
Happy we:-): calls $0.08
*** TURN *** [7d 5h 8s] [3h]
Za1CeV: bets $0.30
Happy we:-): calls $0.27 and is all-in
Uncalled bet ($0.03) returned to Za1CeV
*** RIVER *** [7d 5h 8s 3h] [Kd]
*** SHOW DOWN ***
Za1CeV: shows [8d 8c] (three of a kind, Eights)
Happy we:-): shows [7h Th] (a pair of Sevens)
Za1CeV collected $0.82 from pot
*** SUMMARY ***
Total pot $0.85 | Rake $0.03 
Board [7d 5h 8s 3h Kd]
Seat 1: EdVince1970 folded before Flop (didn't bet)
Seat 2: Happy we:-) showed [7h Th] and lost with a pair of Sevens
Seat 3: Dorex2007 folded before Flop (didn't bet)
Seat 4: hybriddddd folded before Flop (didn't bet)
Seat 5: ser447787 (button) folded before Flop (didn't bet)
Seat 6: Kris 1524 (small blind) folded before Flop
Seat 7: Jimshamar (big blind) folded before Flop
Seat 8: zpxnjp21 folded before Flop (didn't bet)
Seat 9: Za1CeV showed [8d 8c] and won ($0.82) with three of a kind, Eights



PokerStars Hand #224093571289:  Hold'em No Limit ($0.01/$0.02 USD) - 2021/02/21 22:19:56 PT [2021/02/22 1:19:56 ET]
Table 'Sheliak IV' 9-max Seat #6 is the button
Seat 1: EdVince1970 ($3.96 in chips) 
Seat 3: Dorex2007 ($1.26 in chips) 
Seat 4: hybriddddd ($1.17 in chips) 
Seat 5: ser447787 ($2 in chips) 
Seat 6: Kris 1524 ($1.40 in chips) 
Seat 7: Jimshamar ($1.96 in chips) 
Seat 8: zpxnjp21 ($0.79 in chips) 
Seat 9: Za1CeV ($2.48 in chips) 
Jimshamar: posts small blind $0.01
zpxnjp21: posts big blind $0.02
*** HOLE CARDS ***
Dealt to Dorex2007 [9c Tc]
Za1CeV: raises $0.04 to $0.06
EdVince1970: folds 
Happy we:-) leaves the table
Dorex2007: folds 
hybriddddd: calls $0.06
ser447787: folds 
Kris 1524: folds 
Jimshamar: folds 
zpxnjp21: folds 
*** FLOP *** [7h 5s Ah]
Za1CeV: bets $0.07
hybriddddd: folds 
Uncalled bet ($0.07) returned to Za1CeV
Za1CeV collected $0.14 from pot
Za1CeV: doesn't show hand 
*** SUMMARY ***
Total pot $0.15 | Rake $0.01 
Board [7h 5s Ah]
Seat 1: EdVince1970 folded before Flop (didn't bet)
Seat 3: Dorex2007 folded before Flop (didn't bet)
Seat 4: hybriddddd folded on the Flop
Seat 5: ser447787 folded before Flop (didn't bet)
Seat 6: Kris 1524 (button) folded before Flop (didn't bet)
Seat 7: Jimshamar (small blind) folded before Flop
Seat 8: zpxnjp21 (big blind) folded before Flop
Seat 9: Za1CeV collected ($0.14)



PokerStars Hand #224093577053:  Hold'em No Limit ($0.01/$0.02 USD) - 2021/02/21 22:20:31 PT [2021/02/22 1:20:31 ET]
Table 'Sheliak IV' 9-max Seat #7 is the button
Seat 1: EdVince1970 ($3.96 in chips) 
Seat 3: Dorex2007 ($1.26 in chips) 
Seat 4: hybriddddd ($1.11 in chips) 
Seat 5: ser447787 ($2 in chips) 
Seat 6: Kris 1524 ($1.40 in chips) 
Seat 7: Jimshamar ($1.95 in chips) 
Seat 8: zpxnjp21 ($0.77 in chips) 
Seat 9: Za1CeV ($2.56 in chips) 
zpxnjp21: posts small blind $0.01
Za1CeV: posts big blind $0.02
*** HOLE CARDS ***
Dealt to Dorex2007 [4d 7s]
EdVince1970: folds 
Dorex2007: folds 
hybriddddd: folds 
ser447787: folds 
Kris 1524: folds 
Jimshamar: folds 
zpxnjp21: raises $0.04 to $0.06
Za1CeV: folds 
Uncalled bet ($0.04) returned to zpxnjp21
zpxnjp21 collected $0.04 from pot
zpxnjp21: doesn't show hand 
*** SUMMARY ***
Total pot $0.04 | Rake $0 
Seat 1: EdVince1970 folded before Flop (didn't bet)
Seat 3: Dorex2007 folded before Flop (didn't bet)
Seat 4: hybriddddd folded before Flop (didn't bet)
Seat 5: ser447787 folded before Flop (didn't bet)
Seat 6: Kris 1524 folded before Flop (didn't bet)
Seat 7: Jimshamar (button) folded before Flop (didn't bet)
Seat 8: zpxnjp21 (small blind) collected ($0.04)
Seat 9: Za1CeV (big blind) folded before Flop



PokerStars Hand #224093581442:  Hold'em No Limit ($0.01/$0.02 USD) - 2021/02/21 22:20:58 PT [2021/02/22 1:20:58 ET]
Table 'Sheliak IV' 9-max Seat #8 is the button
Seat 1: EdVince1970 ($3.96 in chips) 
Seat 3: Dorex2007 ($1.26 in chips) 
Seat 4: hybriddddd ($1.11 in chips) 
Seat 5: ser447787 ($2 in chips) 
Seat 6: Kris 1524 ($1.40 in chips) 
Seat 7: Jimshamar ($1.95 in chips) 
Seat 8: zpxnjp21 ($0.79 in chips) 
Seat 9: Za1CeV ($2.54 in chips) 
Za1CeV: posts small blind $0.01
EdVince1970: posts big blind $0.02
*** HOLE CARDS ***
Dealt to Dorex2007 [Th Kh]
Dorex2007: calls $0.02
hybriddddd: raises $0.08 to $0.10
ser447787: folds 
Kris 1524: folds 
Jimshamar: folds 
zpxnjp21: folds 
Za1CeV: folds 
EdVince1970: folds 
Dorex2007: calls $0.08
*** FLOP *** [7c 6h Js]
Dorex2007: bets $0.11
hybriddddd: raises $0.22 to $0.33
Dorex2007: calls $0.22
*** TURN *** [7c 6h Js] [7h]
Dorex2007: bets $0.83 and is all-in
hybriddddd: calls $0.68 and is all-in
Uncalled bet ($0.15) returned to Dorex2007
*** RIVER *** [7c 6h Js 7h] [3c]
*** SHOW DOWN ***
Dorex2007: shows [Th Kh] (a pair of Sevens)
hybriddddd: shows [Jh As] (two pair, Jacks and Sevens)
hybriddddd collected $2.17 from pot
*** SUMMARY ***
Total pot $2.25 | Rake $0.08 
Board [7c 6h Js 7h 3c]
Seat 1: EdVince1970 (big blind) folded before Flop
Seat 3: Dorex2007 showed [Th Kh] and lost with a pair of Sevens
Seat 4: hybriddddd showed [Jh As] and won ($2.17) with two pair, Jacks and Sevens
Seat 5: ser447787 folded before Flop (didn't bet)
Seat 6: Kris 1524 folded before Flop (didn't bet)
Seat 7: Jimshamar folded before Flop (didn't bet)
Seat 8: zpxnjp21 (button) folded before Flop (didn't bet)
Seat 9: Za1CeV (small blind) folded before Flop



PokerStars Hand #224093594004:  Hold'em No Limit ($0.01/$0.02 USD) - 2021/02/21 22:22:14 PT [2021/02/22 1:22:14 ET]
Table 'Sheliak IV' 9-max Seat #9 is the button
Seat 1: EdVince1970 ($3.94 in chips) 
Seat 3: Dorex2007 ($0.15 in chips) 
Seat 4: hybriddddd ($2.17 in chips) 
Seat 5: ser447787 ($2 in chips) 
Seat 6: Kris 1524 ($1.40 in chips) 
Seat 7: Jimshamar ($1.95 in chips) 
Seat 8: zpxnjp21 ($0.79 in chips) 
Seat 9: Za1CeV ($2.53 in chips) 
EdVince1970: posts small blind $0.01
Dorex2007: posts big blind $0.02
*** HOLE CARDS ***
Dealt to Dorex2007 [2d 9s]
hybriddddd: raises $0.06 to $0.08
ser447787: folds 
Kris 1524: folds 
Jimshamar: folds 
zpxnjp21: folds 
Za1CeV: calls $0.08
EdVince1970: folds 
Dorex2007: folds 
*** FLOP *** [8c Kh 3c]
hybriddddd: checks 
Za1CeV: checks 
*** TURN *** [8c Kh 3c] [5d]
hybriddddd: checks 
Za1CeV: bets $0.10
hybriddddd: folds 
Uncalled bet ($0.10) returned to Za1CeV
Za1CeV collected $0.18 from pot
Za1CeV: doesn't show hand 
*** SUMMARY ***
Total pot $0.19 | Rake $0.01 
Board [8c Kh 3c 5d]
Seat 1: EdVince1970 (small blind) folded before Flop
Seat 3: Dorex2007 (big blind) folded before Flop
Seat 4: hybriddddd folded on the Turn
Seat 5: ser447787 folded before Flop (didn't bet)
Seat 6: Kris 1524 folded before Flop (didn't bet)
Seat 7: Jimshamar folded before Flop (didn't bet)
Seat 8: zpxnjp21 folded before Flop (didn't bet)
Seat 9: Za1CeV (button) collected ($0.18)



PokerStars Hand #224093604214:  Hold'em No Limit ($0.01/$0.02 USD) - 2021/02/21 22:23:16 PT [2021/02/22 1:23:16 ET]
Table 'Sheliak IV' 9-max Seat #1 is the button
Seat 1: EdVince1970 ($3.93 in chips) 
Seat 3: Dorex2007 ($1.98 in chips) 
Seat 4: hybriddddd ($2.09 in chips) 
Seat 5: ser447787 ($2 in chips) 
Seat 6: Kris 1524 ($1.40 in chips) 
Seat 7: Jimshamar ($1.95 in chips) 
Seat 8: zpxnjp21 ($0.79 in chips) 
Seat 9: Za1CeV ($2.63 in chips) 
Dorex2007: posts small blind $0.01
hybriddddd: posts big blind $0.02
*** HOLE CARDS ***
Dealt to Dorex2007 [4h 2d]
ser447787: folds 
Kris 1524: raises $0.02 to $0.04
Jimshamar: folds 
zpxnjp21: folds 
Za1CeV: folds 
EdVince1970: calls $0.04
Dorex2007: folds 
hybriddddd: calls $0.02
*** FLOP *** [Ah Jc Jh]
hybriddddd: checks 
Kris 1524: bets $0.04
EdVince1970: raises $0.04 to $0.08
hybriddddd: folds 
Kris 1524: calls $0.04
*** TURN *** [Ah Jc Jh] [Ks]
bradeda joins the table at seat #2 
Kris 1524: checks 
EdVince1970: checks 
*** RIVER *** [Ah Jc Jh Ks] [Js]
Kris 1524: bets $0.14
EdVince1970: calls $0.14
*** SHOW DOWN ***
Kris 1524: shows [Ac Qs] (a full house, Jacks full of Aces)
EdVince1970: mucks hand 
Kris 1524 collected $0.55 from pot
*** SUMMARY ***
Total pot $0.57 | Rake $0.02 
Board [Ah Jc Jh Ks Js]
Seat 1: EdVince1970 (button) mucked [3h Kh]
Seat 3: Dorex2007 (small blind) folded before Flop
Seat 4: hybriddddd (big blind) folded on the Flop
Seat 5: ser447787 folded before Flop (didn't bet)
Seat 6: Kris 1524 showed [Ac Qs] and won ($0.55) with a full house, Jacks full of Aces
Seat 7: Jimshamar folded before Flop (didn't bet)
Seat 8: zpxnjp21 folded before Flop (didn't bet)
Seat 9: Za1CeV folded before Flop (didn't bet)



PokerStars Hand #224093616283:  Hold'em No Limit ($0.01/$0.02 USD) - 2021/02/21 22:24:30 PT [2021/02/22 1:24:30 ET]
Table 'Sheliak IV' 9-max Seat #3 is the button
Seat 1: EdVince1970 ($3.67 in chips) 
Seat 3: Dorex2007 ($1.97 in chips) 
Seat 4: hybriddddd ($2.05 in chips) 
Seat 5: ser447787 ($2 in chips) 
Seat 6: Kris 1524 ($1.69 in chips) 
Seat 7: Jimshamar ($1.95 in chips) 
Seat 8: zpxnjp21 ($0.79 in chips) 
Seat 9: Za1CeV ($2.63 in chips) 
hybriddddd: posts small blind $0.01
ser447787: posts big blind $0.02
bradeda: sits out 
*** HOLE CARDS ***
Dealt to Dorex2007 [4c 8h]
Kris 1524: folds 
Jimshamar: folds 
zpxnjp21: folds 
Za1CeV: folds 
EdVince1970: folds 
Dorex2007: folds 
hybriddddd: raises $0.02 to $0.04
ser447787: calls $0.02
*** FLOP *** [9s 4s 9c]
hybriddddd: bets $0.08
ser447787: folds 
Uncalled bet ($0.08) returned to hybriddddd
hybriddddd collected $0.08 from pot
*** SUMMARY ***
Total pot $0.08 | Rake $0 
Board [9s 4s 9c]
Seat 1: EdVince1970 folded before Flop (didn't bet)
Seat 3: Dorex2007 (button) folded before Flop (didn't bet)
Seat 4: hybriddddd (small blind) collected ($0.08)
Seat 5: ser447787 (big blind) folded on the Flop
Seat 6: Kris 1524 folded before Flop (didn't bet)
Seat 7: Jimshamar folded before Flop (didn't bet)
Seat 8: zpxnjp21 folded before Flop (didn't bet)
Seat 9: Za1CeV folded before Flop (didn't bet)



PokerStars Hand #224093620150:  Hold'em No Limit ($0.01/$0.02 USD) - 2021/02/21 22:24:54 PT [2021/02/22 1:24:54 ET]
Table 'Sheliak IV' 9-max Seat #4 is the button
Seat 1: EdVince1970 ($3.67 in chips) 
Seat 3: Dorex2007 ($1.97 in chips) 
Seat 4: hybriddddd ($2.09 in chips) 
Seat 5: ser447787 ($1.96 in chips) 
Seat 6: Kris 1524 ($1.69 in chips) 
Seat 7: Jimshamar ($1.95 in chips) 
Seat 8: zpxnjp21 ($0.79 in chips) 
Seat 9: Za1CeV ($2.63 in chips) 
ser447787: posts small blind $0.01
Kris 1524: posts big blind $0.02
bradeda: sits out 
*** HOLE CARDS ***
Dealt to Dorex2007 [2h Ks]
Jimshamar: folds 
zpxnjp21: folds 
Za1CeV: folds 
EdVince1970: folds 
Dorex2007: folds 
hybriddddd: folds 
ser447787: raises $0.04 to $0.06
Kris 1524: folds 
Uncalled bet ($0.04) returned to ser447787
ser447787 collected $0.04 from pot
*** SUMMARY ***
Total pot $0.04 | Rake $0 
Seat 1: EdVince1970 folded before Flop (didn't bet)
Seat 3: Dorex2007 folded before Flop (didn't bet)
Seat 4: hybriddddd (button) folded before Flop (didn't bet)
Seat 5: ser447787 (small blind) collected ($0.04)
Seat 6: Kris 1524 (big blind) folded before Flop
Seat 7: Jimshamar folded before Flop (didn't bet)
Seat 8: zpxnjp21 folded before Flop (didn't bet)
Seat 9: Za1CeV folded before Flop (didn't bet)



PokerStars Hand #224093622926:  Hold'em No Limit ($0.01/$0.02 USD) - 2021/02/21 22:25:11 PT [2021/02/22 1:25:11 ET]
Table 'Sheliak IV' 9-max Seat #5 is the button
Seat 1: EdVince1970 ($3.67 in chips) 
Seat 3: Dorex2007 ($1.97 in chips) 
Seat 4: hybriddddd ($2.09 in chips) 
Seat 5: ser447787 ($1.98 in chips) 
Seat 6: Kris 1524 ($1.67 in chips) 
Seat 7: Jimshamar ($1.95 in chips) 
Seat 8: zpxnjp21 ($0.79 in chips) 
Seat 9: Za1CeV ($2.63 in chips) 
Kris 1524: posts small blind $0.01
Jimshamar: posts big blind $0.02
bradeda: sits out 
*** HOLE CARDS ***
Dealt to Dorex2007 [3h 3s]
zpxnjp21: folds 
Za1CeV: folds 
EdVince1970: raises $0.05 to $0.07
Dorex2007: folds 
hybriddddd: raises $0.19 to $0.26
ser447787: folds 
Kris 1524: folds 
Jimshamar: folds 
EdVince1970: calls $0.19
*** FLOP *** [8s 5c 6d]
EdVince1970: checks 
hybriddddd: bets $0.27
EdVince1970: folds 
Uncalled bet ($0.27) returned to hybriddddd
hybriddddd collected $0.53 from pot
*** SUMMARY ***
Total pot $0.55 | Rake $0.02 
Board [8s 5c 6d]
Seat 1: EdVince1970 folded on the Flop
Seat 3: Dorex2007 folded before Flop (didn't bet)
Seat 4: hybriddddd collected ($0.53)
Seat 5: ser447787 (button) folded before Flop (didn't bet)
Seat 6: Kris 1524 (small blind) folded before Flop
Seat 7: Jimshamar (big blind) folded before Flop
Seat 8: zpxnjp21 folded before Flop (didn't bet)
Seat 9: Za1CeV folded before Flop (didn't bet)



PokerStars Hand #224093631806:  Hold'em No Limit ($0.01/$0.02 USD) - 2021/02/21 22:26:06 PT [2021/02/22 1:26:06 ET]
Table 'Sheliak IV' 9-max Seat #6 is the button
Seat 1: EdVince1970 ($3.41 in chips) 
Seat 3: Dorex2007 ($1.97 in chips) 
Seat 4: hybriddddd ($2.36 in chips) 
Seat 5: ser447787 ($1.98 in chips) 
Seat 6: Kris 1524 ($1.66 in chips) 
Seat 7: Jimshamar ($1.93 in chips) 
Seat 8: zpxnjp21 ($0.79 in chips) 
Seat 9: Za1CeV ($2.63 in chips) 
Jimshamar: posts small blind $0.01
zpxnjp21: posts big blind $0.02
bradeda: sits out 
*** HOLE CARDS ***
Dealt to Dorex2007 [Th 7h]
Za1CeV: folds 
EdVince1970: folds 
Dorex2007: folds 
hybriddddd has timed out
hybriddddd: folds 
ser447787: folds 
Kris 1524: calls $0.02
Jimshamar: calls $0.01
zpxnjp21: checks 
*** FLOP *** [Td Kh 4c]
Jimshamar: bets $0.03
zpxnjp21: folds 
Kris 1524: calls $0.03
*** TURN *** [Td Kh 4c] [3s]
Jimshamar: bets $0.06
Kris 1524: folds 
Uncalled bet ($0.06) returned to Jimshamar
Jimshamar collected $0.12 from pot
Jimshamar: doesn't show hand 
*** SUMMARY ***
Total pot $0.12 | Rake $0 
Board [Td Kh 4c 3s]
Seat 1: EdVince1970 folded before Flop (didn't bet)
Seat 3: Dorex2007 folded before Flop (didn't bet)
Seat 4: hybriddddd folded before Flop (didn't bet)
Seat 5: ser447787 folded before Flop (didn't bet)
Seat 6: Kris 1524 (button) folded on the Turn
Seat 7: Jimshamar (small blind) collected ($0.12)
Seat 8: zpxnjp21 (big blind) folded on the Flop
Seat 9: Za1CeV folded before Flop (didn't bet)



PokerStars Hand #224093641169:  Hold'em No Limit ($0.01/$0.02 USD) - 2021/02/21 22:27:05 PT [2021/02/22 1:27:05 ET]
Table 'Sheliak IV' 9-max Seat #7 is the button
Seat 1: EdVince1970 ($3.41 in chips) 
Seat 3: Dorex2007 ($1.97 in chips) 
Seat 4: hybriddddd ($2.36 in chips) 
Seat 5: ser447787 ($1.98 in chips) 
Seat 6: Kris 1524 ($1.61 in chips) 
Seat 7: Jimshamar ($2 in chips) 
Seat 8: zpxnjp21 ($0.77 in chips) 
Seat 9: Za1CeV ($2.63 in chips) 
zpxnjp21: posts small blind $0.01
Za1CeV: posts big blind $0.02
bradeda: sits out 
*** HOLE CARDS ***
Dealt to Dorex2007 [Ts 8c]
EdVince1970: folds 
Dorex2007: folds 
hybriddddd has timed out
hybriddddd: folds 
ser447787: folds 
Kris 1524: folds 
Jimshamar: raises $0.04 to $0.06
zpxnjp21: folds 
Za1CeV: folds 
Uncalled bet ($0.04) returned to Jimshamar
Jimshamar collected $0.05 from pot
Jimshamar: doesn't show hand 
*** SUMMARY ***
Total pot $0.05 | Rake $0 
Seat 1: EdVince1970 folded before Flop (didn't bet)
Seat 3: Dorex2007 folded before Flop (didn't bet)
Seat 4: hybriddddd folded before Flop (didn't bet)
Seat 5: ser447787 folded before Flop (didn't bet)
Seat 6: Kris 1524 folded before Flop (didn't bet)
Seat 7: Jimshamar (button) collected ($0.05)
Seat 8: zpxnjp21 (small blind) folded before Flop
Seat 9: Za1CeV (big blind) folded before Flop



PokerStars Hand #224093646376:  Hold'em No Limit ($0.01/$0.02 USD) - 2021/02/21 22:27:36 PT [2021/02/22 1:27:36 ET]
Table 'Sheliak IV' 9-max Seat #8 is the button
Seat 1: EdVince1970 ($3.41 in chips) 
Seat 3: Dorex2007 ($1.97 in chips) 
Seat 4: hybriddddd ($2.36 in chips) 
Seat 5: ser447787 ($1.98 in chips) 
Seat 6: Kris 1524 ($1.61 in chips) 
Seat 7: Jimshamar ($2.03 in chips) 
Seat 8: zpxnjp21 ($0.76 in chips) 
Seat 9: Za1CeV ($2.61 in chips) 
Za1CeV: posts small blind $0.01
EdVince1970: posts big blind $0.02
bradeda: sits out 
*** HOLE CARDS ***
Dealt to Dorex2007 [2h 7c]
Dorex2007: folds 
hybriddddd: folds 
ser447787: raises $0.04 to $0.06
Kris 1524: folds 
Jimshamar: folds 
zpxnjp21: folds 
Za1CeV: folds 
EdVince1970: calls $0.04
*** FLOP *** [6h 5d 6d]
EdVince1970: checks 
ser447787: checks 
*** TURN *** [6h 5d 6d] [7h]
EdVince1970: checks 
ser447787: checks 
*** RIVER *** [6h 5d 6d 7h] [5h]
EdVince1970: checks 
ser447787: bets $0.07
EdVince1970: folds 
Uncalled bet ($0.07) returned to ser447787
ser447787 collected $0.13 from pot
*** SUMMARY ***
Total pot $0.13 | Rake $0 
Board [6h 5d 6d 7h 5h]
Seat 1: EdVince1970 (big blind) folded on the River
Seat 3: Dorex2007 folded before Flop (didn't bet)
Seat 4: hybriddddd folded before Flop (didn't bet)
Seat 5: ser447787 collected ($0.13)
Seat 6: Kris 1524 folded before Flop (didn't bet)
Seat 7: Jimshamar folded before Flop (didn't bet)
Seat 8: zpxnjp21 (button) folded before Flop (didn't bet)
Seat 9: Za1CeV (small blind) folded before Flop



PokerStars Hand #224093653822:  Hold'em No Limit ($0.01/$0.02 USD) - 2021/02/21 22:28:22 PT [2021/02/22 1:28:22 ET]
Table 'Sheliak IV' 9-max Seat #9 is the button
Seat 1: EdVince1970 ($3.35 in chips) 
Seat 2: bradeda ($2 in chips) 
Seat 3: Dorex2007 ($1.97 in chips) 
Seat 4: hybriddddd ($2.36 in chips) 
Seat 5: ser447787 ($2.05 in chips) 
Seat 6: Kris 1524 ($1.61 in chips) 
Seat 7: Jimshamar ($2.03 in chips) 
Seat 8: zpxnjp21 ($0.76 in chips) 
Seat 9: Za1CeV ($2.60 in chips) 
EdVince1970: posts small blind $0.01
bradeda: posts big blind $0.02
*** HOLE CARDS ***
Dealt to Dorex2007 [Td 9s]
Dorex2007: folds 
hybriddddd: folds 
ser447787: folds 
Kris 1524: calls $0.02
Jimshamar: folds 
zpxnjp21: folds 
Za1CeV: folds 
EdVince1970: calls $0.01
bradeda: checks 
*** FLOP *** [6s Qc 7h]
EdVince1970: checks 
bradeda: checks 
Kris 1524: checks 
*** TURN *** [6s Qc 7h] [2d]
EdVince1970: checks 
bradeda: checks 
Kris 1524: checks 
*** RIVER *** [6s Qc 7h 2d] [Jc]
EdVince1970: checks 
bradeda: checks 
Kris 1524: checks 
*** SHOW DOWN ***
EdVince1970: shows [Jh 9h] (a pair of Jacks)
bradeda: mucks hand 
Kris 1524: mucks hand 
EdVince1970 collected $0.06 from pot
*** SUMMARY ***
Total pot $0.06 | Rake $0 
Board [6s Qc 7h 2d Jc]
Seat 1: EdVince1970 (small blind) showed [Jh 9h] and won ($0.06) with a pair of Jacks
Seat 2: bradeda (big blind) mucked [As 2s]
Seat 3: Dorex2007 folded before Flop (didn't bet)
Seat 4: hybriddddd folded before Flop (didn't bet)
Seat 5: ser447787 folded before Flop (didn't bet)
Seat 6: Kris 1524 mucked [5c 5s]
Seat 7: Jimshamar folded before Flop (didn't bet)
Seat 8: zpxnjp21 folded before Flop (didn't bet)
Seat 9: Za1CeV (button) folded before Flop (didn't bet)



PokerStars Hand #224093662692:  Hold'em No Limit ($0.01/$0.02 USD) - 2021/02/21 22:29:17 PT [2021/02/22 1:29:17 ET]
Table 'Sheliak IV' 9-max Seat #1 is the button
Seat 1: EdVince1970 ($3.39 in chips) 
Seat 2: bradeda ($1.98 in chips) 
Seat 3: Dorex2007 ($1.97 in chips) 
Seat 4: hybriddddd ($2.36 in chips) 
Seat 5: ser447787 ($2.05 in chips) 
Seat 6: Kris 1524 ($1.59 in chips) 
Seat 7: Jimshamar ($2.03 in chips) 
Seat 8: zpxnjp21 ($0.76 in chips) 
Seat 9: Za1CeV ($2.60 in chips) 
bradeda: posts small blind $0.01
Dorex2007: posts big blind $0.02
*** HOLE CARDS ***
Dealt to Dorex2007 [5d Js]
hybriddddd has timed out
hybriddddd: folds 
ser447787: folds 
Kris 1524: folds 
Jimshamar: folds 
zpxnjp21: folds 
Za1CeV: folds 
EdVince1970: folds 
bradeda: folds 
Uncalled bet ($0.01) returned to Dorex2007
Dorex2007 collected $0.02 from pot
Dorex2007: doesn't show hand 
*** SUMMARY ***
Total pot $0.02 | Rake $0 
Seat 1: EdVince1970 (button) folded before Flop (didn't bet)
Seat 2: bradeda (small blind) folded before Flop
Seat 3: Dorex2007 (big blind) collected ($0.02)
Seat 4: hybriddddd folded before Flop (didn't bet)
Seat 5: ser447787 folded before Flop (didn't bet)
Seat 6: Kris 1524 folded before Flop (didn't bet)
Seat 7: Jimshamar folded before Flop (didn't bet)
Seat 8: zpxnjp21 folded before Flop (didn't bet)
Seat 9: Za1CeV folded before Flop (didn't bet)



PokerStars Hand #224093665952:  Hold'em No Limit ($0.01/$0.02 USD) - 2021/02/21 22:29:37 PT [2021/02/22 1:29:37 ET]
Table 'Sheliak IV' 9-max Seat #2 is the button
Seat 1: EdVince1970 ($3.39 in chips) 
Seat 2: bradeda ($1.97 in chips) 
Seat 3: Dorex2007 ($1.98 in chips) 
Seat 4: hybriddddd ($2.36 in chips) 
Seat 5: ser447787 ($2.05 in chips) 
Seat 6: Kris 1524 ($1.59 in chips) 
Seat 7: Jimshamar ($2.03 in chips) 
Seat 8: zpxnjp21 ($0.76 in chips) 
Seat 9: Za1CeV ($2.60 in chips) 
Dorex2007: posts small blind $0.01
hybriddddd: posts big blind $0.02
*** HOLE CARDS ***
Dealt to Dorex2007 [5d 6h]
ser447787: folds 
Kris 1524: folds 
Jimshamar: folds 
zpxnjp21: folds 
Za1CeV: folds 
EdVince1970: folds 
bradeda: folds 
Dorex2007: folds 
Uncalled bet ($0.01) returned to hybriddddd
hybriddddd collected $0.02 from pot
*** SUMMARY ***
Total pot $0.02 | Rake $0 
Seat 1: EdVince1970 folded before Flop (didn't bet)
Seat 2: bradeda (button) folded before Flop (didn't bet)
Seat 3: Dorex2007 (small blind) folded before Flop
Seat 4: hybriddddd (big blind) collected ($0.02)
Seat 5: ser447787 folded before Flop (didn't bet)
Seat 6: Kris 1524 folded before Flop (didn't bet)
Seat 7: Jimshamar folded before Flop (didn't bet)
Seat 8: zpxnjp21 folded before Flop (didn't bet)
Seat 9: Za1CeV folded before Flop (didn't bet)



PokerStars Hand #224093667757:  Hold'em No Limit ($0.01/$0.02 USD) - 2021/02/21 22:29:49 PT [2021/02/22 1:29:49 ET]
Table 'Sheliak IV' 9-max Seat #3 is the button
Seat 1: EdVince1970 ($3.39 in chips) 
Seat 2: bradeda ($1.97 in chips) 
Seat 3: Dorex2007 ($1.97 in chips) 
Seat 4: hybriddddd ($2.37 in chips) 
Seat 5: ser447787 ($2.05 in chips) 
Seat 6: Kris 1524 ($1.59 in chips) 
Seat 7: Jimshamar ($2.03 in chips) 
Seat 8: zpxnjp21 ($0.76 in chips) 
Seat 9: Za1CeV ($2.60 in chips) 
hybriddddd: posts small blind $0.01
ser447787: posts big blind $0.02
*** HOLE CARDS ***
Dealt to Dorex2007 [6s 8h]
Kris 1524: folds 
Jimshamar: folds 
zpxnjp21: folds 
Za1CeV: folds 
EdVince1970: folds 
Kris 1524 leaves the table
bradeda: raises $0.03 to $0.05
Dorex2007: folds 
hybriddddd: folds 
ser447787: calls $0.03
*** FLOP *** [3h Ah 9h]
ser447787: checks 
bradeda: checks 
*** TURN *** [3h Ah 9h] [6d]
ser447787: checks 
bradeda: checks 
*** RIVER *** [3h Ah 9h 6d] [6c]
ser447787: checks 
bradeda: checks 
*** SHOW DOWN ***
ser447787: shows [4c 4s] (two pair, Sixes and Fours)
bradeda: mucks hand 
ser447787 collected $0.11 from pot
*** SUMMARY ***
Total pot $0.11 | Rake $0 
Board [3h Ah 9h 6d 6c]
Seat 1: EdVince1970 folded before Flop (didn't bet)
Seat 2: bradeda mucked [Tc Jc]
Seat 3: Dorex2007 (button) folded before Flop (didn't bet)
Seat 4: hybriddddd (small blind) folded before Flop
Seat 5: ser447787 (big blind) showed [4c 4s] and won ($0.11) with two pair, Sixes and Fours
Seat 6: Kris 1524 folded before Flop (didn't bet)
Seat 7: Jimshamar folded before Flop (didn't bet)
Seat 8: zpxnjp21 folded before Flop (didn't bet)
Seat 9: Za1CeV folded before Flop (didn't bet)



PokerStars Hand #224093680931:  Hold'em No Limit ($0.01/$0.02 USD) - 2021/02/21 22:30:40 PT [2021/02/22 1:30:40 ET]
Table 'Sheliak IV' 9-max Seat #4 is the button
Seat 1: EdVince1970 ($3.39 in chips) 
Seat 2: bradeda ($1.92 in chips) 
Seat 3: Dorex2007 ($1.97 in chips) 
Seat 4: hybriddddd ($2.36 in chips) 
Seat 5: ser447787 ($2.11 in chips) 
Seat 7: Jimshamar ($2.03 in chips) 
Seat 8: zpxnjp21 ($0.76 in chips) 
Seat 9: Za1CeV ($2.60 in chips) 
ser447787: posts small blind $0.01
Jimshamar: posts big blind $0.02
*** HOLE CARDS ***
Dealt to Dorex2007 [2c 4s]
zpxnjp21: folds 
Za1CeV: folds 
EdVince1970: folds 
bradeda: folds 
Dorex2007: folds 
hybriddddd: folds 
ser447787: folds 
Uncalled bet ($0.01) returned to Jimshamar
Jimshamar collected $0.02 from pot
Jimshamar: doesn't show hand 
*** SUMMARY ***
Total pot $0.02 | Rake $0 
Seat 1: EdVince1970 folded before Flop (didn't bet)
Seat 2: bradeda folded before Flop (didn't bet)
Seat 3: Dorex2007 folded before Flop (didn't bet)
Seat 4: hybriddddd (button) folded before Flop (didn't bet)
Seat 5: ser447787 (small blind) folded before Flop
Seat 7: Jimshamar (big blind) collected ($0.02)
Seat 8: zpxnjp21 folded before Flop (didn't bet)
Seat 9: Za1CeV folded before Flop (didn't bet)



PokerStars Hand #224093683694:  Hold'em No Limit ($0.01/$0.02 USD) - 2021/02/21 22:30:57 PT [2021/02/22 1:30:57 ET]
Table 'Sheliak IV' 9-max Seat #5 is the button
Seat 1: EdVince1970 ($3.39 in chips) 
Seat 2: bradeda ($1.92 in chips) 
Seat 3: Dorex2007 ($1.97 in chips) 
Seat 4: hybriddddd ($2.36 in chips) 
Seat 5: ser447787 ($2.10 in chips) 
Seat 7: Jimshamar ($2.04 in chips) 
Seat 8: zpxnjp21 ($0.76 in chips) 
Seat 9: Za1CeV ($2.60 in chips) 
Jimshamar: posts small blind $0.01
zpxnjp21: posts big blind $0.02
*** HOLE CARDS ***
Dealt to Dorex2007 [2h 7d]
Za1CeV: folds 
EdVince1970: folds 
bradeda: folds 
Dorex2007: folds 
hybriddddd: folds 
ser447787: folds 
Jimshamar: folds 
Uncalled bet ($0.01) returned to zpxnjp21
zpxnjp21 collected $0.02 from pot
zpxnjp21: doesn't show hand 
*** SUMMARY ***
Total pot $0.02 | Rake $0 
Seat 1: EdVince1970 folded before Flop (didn't bet)
Seat 2: bradeda folded before Flop (didn't bet)
Seat 3: Dorex2007 folded before Flop (didn't bet)
Seat 4: hybriddddd folded before Flop (didn't bet)
Seat 5: ser447787 (button) folded before Flop (didn't bet)
Seat 7: Jimshamar (small blind) folded before Flop
Seat 8: zpxnjp21 (big blind) collected ($0.02)
Seat 9: Za1CeV folded before Flop (didn't bet)



PokerStars Hand #224093685896:  Hold'em No Limit ($0.01/$0.02 USD) - 2021/02/21 22:31:11 PT [2021/02/22 1:31:11 ET]
Table 'Sheliak IV' 9-max Seat #7 is the button
Seat 1: EdVince1970 ($3.39 in chips) 
Seat 2: bradeda ($1.92 in chips) 
Seat 3: Dorex2007 ($1.97 in chips) 
Seat 4: hybriddddd ($2.36 in chips) 
Seat 5: ser447787 ($2.10 in chips) 
Seat 7: Jimshamar ($2.03 in chips) 
Seat 8: zpxnjp21 ($0.77 in chips) 
Seat 9: Za1CeV ($2.60 in chips) 
zpxnjp21: posts small blind $0.01
Za1CeV: posts big blind $0.02
*** HOLE CARDS ***
Dealt to Dorex2007 [3d Qh]
EdVince1970: folds 
bradeda: folds 
Dorex2007: folds 
woodchopVI joins the table at seat #6 
hybriddddd: folds 
ser447787: folds 
Jimshamar: folds 
zpxnjp21: raises $0.04 to $0.06
woodchopVI leaves the table
Za1CeV: calls $0.04
*** FLOP *** [5s Th 6h]
zpxnjp21: bets $0.06
*1974N0B joins the table at seat #6 
Za1CeV: raises $0.14 to $0.20
zpxnjp21: folds 
Uncalled bet ($0.14) returned to Za1CeV
Za1CeV collected $0.23 from pot
Za1CeV: doesn't show hand 
*** SUMMARY ***
Total pot $0.24 | Rake $0.01 
Board [5s Th 6h]
Seat 1: EdVince1970 folded before Flop (didn't bet)
Seat 2: bradeda folded before Flop (didn't bet)
Seat 3: Dorex2007 folded before Flop (didn't bet)
Seat 4: hybriddddd folded before Flop (didn't bet)
Seat 5: ser447787 folded before Flop (didn't bet)
Seat 7: Jimshamar (button) folded before Flop (didn't bet)
Seat 8: zpxnjp21 (small blind) folded on the Flop
Seat 9: Za1CeV (big blind) collected ($0.23)



PokerStars Hand #224093692790:  Hold'em No Limit ($0.01/$0.02 USD) - 2021/02/21 22:31:54 PT [2021/02/22 1:31:54 ET]
Table 'Sheliak IV' 9-max Seat #8 is the button
Seat 1: EdVince1970 ($3.39 in chips) 
Seat 2: bradeda ($1.92 in chips) 
Seat 3: Dorex2007 ($1.97 in chips) 
Seat 4: hybriddddd ($2.36 in chips) 
Seat 5: ser447787 ($2.10 in chips) 
Seat 7: Jimshamar ($2.03 in chips) 
Seat 8: zpxnjp21 ($0.65 in chips) 
Seat 9: Za1CeV ($2.71 in chips) 
Za1CeV: posts small blind $0.01
EdVince1970: posts big blind $0.02
*1974N0B: sits out 
*** HOLE CARDS ***
Dealt to Dorex2007 [Ks 5d]
bradeda: folds 
Dorex2007: folds 
hybriddddd: folds 
ser447787: folds 
Jimshamar: folds 
zpxnjp21: raises $0.04 to $0.06
Za1CeV: folds 
EdVince1970: folds 
Uncalled bet ($0.04) returned to zpxnjp21
zpxnjp21 collected $0.05 from pot
zpxnjp21: doesn't show hand 
*** SUMMARY ***
Total pot $0.05 | Rake $0 
Seat 1: EdVince1970 (big blind) folded before Flop
Seat 2: bradeda folded before Flop (didn't bet)
Seat 3: Dorex2007 folded before Flop (didn't bet)
Seat 4: hybriddddd folded before Flop (didn't bet)
Seat 5: ser447787 folded before Flop (didn't bet)
Seat 7: Jimshamar folded before Flop (didn't bet)
Seat 8: zpxnjp21 (button) collected ($0.05)
Seat 9: Za1CeV (small blind) folded before Flop



PokerStars Hand #224093695591:  Hold'em No Limit ($0.01/$0.02 USD) - 2021/02/21 22:32:11 PT [2021/02/22 1:32:11 ET]
Table 'Sheliak IV' 9-max Seat #9 is the button
Seat 1: EdVince1970 ($3.37 in chips) 
Seat 2: bradeda ($1.92 in chips) 
Seat 3: Dorex2007 ($1.97 in chips) 
Seat 4: hybriddddd ($2.36 in chips) 
Seat 5: ser447787 ($2.10 in chips) 
Seat 7: Jimshamar ($2.03 in chips) 
Seat 8: zpxnjp21 ($0.83 in chips) 
Seat 9: Za1CeV ($2.70 in chips) 
EdVince1970: posts small blind $0.01
bradeda: posts big blind $0.02
*1974N0B: sits out 
*** HOLE CARDS ***
Dealt to Dorex2007 [Th Ac]
Dorex2007: calls $0.02
hybriddddd: folds 
ser447787: folds 
Jimshamar: folds 
zpxnjp21: folds 
Za1CeV: folds 
EdVince1970: calls $0.01
bradeda: checks 
*** FLOP *** [3d As Ks]
EdVince1970: checks 
bradeda: checks 
Dorex2007: bets $0.10
EdVince1970: folds 
bradeda: calls $0.10
*** TURN *** [3d As Ks] [8h]
bradeda: checks 
Dorex2007: bets $0.25
bradeda: calls $0.25
*** RIVER *** [3d As Ks 8h] [6c]
bradeda: checks 
Dorex2007: checks 
*** SHOW DOWN ***
bradeda: shows [9s 3s] (a pair of Threes)
Dorex2007: shows [Th Ac] (a pair of Aces)
Dorex2007 collected $0.73 from pot
*** SUMMARY ***
Total pot $0.76 | Rake $0.03 
Board [3d As Ks 8h 6c]
Seat 1: EdVince1970 (small blind) folded on the Flop
Seat 2: bradeda (big blind) showed [9s 3s] and lost with a pair of Threes
Seat 3: Dorex2007 showed [Th Ac] and won ($0.73) with a pair of Aces
Seat 4: hybriddddd folded before Flop (didn't bet)
Seat 5: ser447787 folded before Flop (didn't bet)
Seat 7: Jimshamar folded before Flop (didn't bet)
Seat 8: zpxnjp21 folded before Flop (didn't bet)
Seat 9: Za1CeV (button) folded before Flop (didn't bet)



PokerStars Hand #224093703498:  Hold'em No Limit ($0.01/$0.02 USD) - 2021/02/21 22:33:01 PT [2021/02/22 1:33:01 ET]
Table 'Sheliak IV' 9-max Seat #1 is the button
Seat 1: EdVince1970 ($3.35 in chips) 
Seat 2: bradeda ($2 in chips) 
Seat 3: Dorex2007 ($2.33 in chips) 
Seat 4: hybriddddd ($2.36 in chips) 
Seat 5: ser447787 ($2.10 in chips) 
Seat 7: Jimshamar ($2.03 in chips) 
Seat 8: zpxnjp21 ($0.83 in chips) 
Seat 9: Za1CeV ($2.70 in chips) 
bradeda: posts small blind $0.01
Dorex2007: posts big blind $0.02
*1974N0B: sits out 
*** HOLE CARDS ***
Dealt to Dorex2007 [Ad Ah]
hybriddddd: raises $0.04 to $0.06
ser447787: folds 
Jimshamar: folds 
zpxnjp21: folds 
Za1CeV: raises $0.15 to $0.21
EdVince1970: folds 
bradeda: folds 
Dorex2007: calls $0.19
hybriddddd: calls $0.15
*** FLOP *** [3c Qh Jd]
Dorex2007: checks 
hybriddddd: bets $0.31
Za1CeV: calls $0.31
Dorex2007: raises $1.81 to $2.12 and is all-in
hybriddddd: folds 
Za1CeV: calls $1.81
*** TURN *** [3c Qh Jd] [2c]
*** RIVER *** [3c Qh Jd 2c] [4c]
*** SHOW DOWN ***
Dorex2007: shows [Ad Ah] (a pair of Aces)
Za1CeV: shows [As Ac] (a pair of Aces)
Dorex2007 collected $2.51 from pot
Za1CeV collected $2.50 from pot
*** SUMMARY ***
Total pot $5.19 | Rake $0.18 
Board [3c Qh Jd 2c 4c]
Seat 1: EdVince1970 (button) folded before Flop (didn't bet)
Seat 2: bradeda (small blind) folded before Flop
Seat 3: Dorex2007 (big blind) showed [Ad Ah] and won ($2.51) with a pair of Aces
Seat 4: hybriddddd folded on the Flop
Seat 5: ser447787 folded before Flop (didn't bet)
Seat 7: Jimshamar folded before Flop (didn't bet)
Seat 8: zpxnjp21 folded before Flop (didn't bet)
Seat 9: Za1CeV showed [As Ac] and won ($2.50) with a pair of Aces



PokerStars Hand #224093714450:  Hold'em No Limit ($0.01/$0.02 USD) - 2021/02/21 22:34:10 PT [2021/02/22 1:34:10 ET]
Table 'Sheliak IV' 9-max Seat #2 is the button
Seat 1: EdVince1970 ($3.35 in chips) 
Seat 2: bradeda ($1.99 in chips) 
Seat 3: Dorex2007 ($2.51 in chips) 
Seat 4: hybriddddd ($1.84 in chips) 
Seat 5: ser447787 ($2.10 in chips) 
Seat 7: Jimshamar ($2.03 in chips) 
Seat 8: zpxnjp21 ($0.83 in chips) 
Seat 9: Za1CeV ($2.87 in chips) 
Dorex2007: posts small blind $0.01
hybriddddd: posts big blind $0.02
*1974N0B: sits out 
*** HOLE CARDS ***
Dealt to Dorex2007 [Jc Qd]
ser447787: folds 
Jimshamar: folds 
zpxnjp21: folds 
Za1CeV: folds 
EdVince1970: folds 
bradeda: folds 
Dorex2007: calls $0.01
hybriddddd: checks 
*** FLOP *** [8d 3s 7d]
Dorex2007: checks 
hybriddddd: checks 
*** TURN *** [8d 3s 7d] [Kc]
Dorex2007: checks 
hybriddddd: checks 
*** RIVER *** [8d 3s 7d Kc] [Ad]
Dorex2007: bets $0.04
hybriddddd: folds 
Uncalled bet ($0.04) returned to Dorex2007
Dorex2007 collected $0.04 from pot
Dorex2007: doesn't show hand 
*** SUMMARY ***
Total pot $0.04 | Rake $0 
Board [8d 3s 7d Kc Ad]
Seat 1: EdVince1970 folded before Flop (didn't bet)
Seat 2: bradeda (button) folded before Flop (didn't bet)
Seat 3: Dorex2007 (small blind) collected ($0.04)
Seat 4: hybriddddd (big blind) folded on the River
Seat 5: ser447787 folded before Flop (didn't bet)
Seat 7: Jimshamar folded before Flop (didn't bet)
Seat 8: zpxnjp21 folded before Flop (didn't bet)
Seat 9: Za1CeV folded before Flop (didn't bet)



PokerStars Hand #224093724148:  Hold'em No Limit ($0.01/$0.02 USD) - 2021/02/21 22:35:10 PT [2021/02/22 1:35:10 ET]
Table 'Sheliak IV' 9-max Seat #3 is the button
Seat 1: EdVince1970 ($3.35 in chips) 
Seat 2: bradeda ($1.99 in chips) 
Seat 3: Dorex2007 ($2.53 in chips) 
Seat 4: hybriddddd ($1.82 in chips) 
Seat 5: ser447787 ($2.10 in chips) 
Seat 7: Jimshamar ($2.03 in chips) 
Seat 8: zpxnjp21 ($0.83 in chips) 
Seat 9: Za1CeV ($2.87 in chips) 
hybriddddd: posts small blind $0.01
ser447787: posts big blind $0.02
*1974N0B: sits out 
*** HOLE CARDS ***
Dealt to Dorex2007 [9s 7s]
Jimshamar: folds 
zpxnjp21: folds 
Za1CeV has timed out
Za1CeV: folds 
EdVince1970: folds 
bradeda: raises $0.03 to $0.05
Dorex2007: folds 
hybriddddd: calls $0.04
ser447787: raises $0.15 to $0.20
bradeda: calls $0.15
hybriddddd: calls $0.15
*** FLOP *** [Jh Ts 5h]
hybriddddd: bets $0.29
ser447787: calls $0.29
bradeda: calls $0.29
*** TURN *** [Jh Ts 5h] [Kc]
hybriddddd: bets $1.33 and is all-in
ser447787: folds 
bradeda: calls $1.33
*** RIVER *** [Jh Ts 5h Kc] [7c]
*** SHOW DOWN ***
hybriddddd: shows [9c Js] (a pair of Jacks)
bradeda: shows [Ah Qh] (a straight, Ten to Ace)
bradeda collected $3.99 from pot
*** SUMMARY ***
Total pot $4.13 | Rake $0.14 
Board [Jh Ts 5h Kc 7c]
Seat 1: EdVince1970 folded before Flop (didn't bet)
Seat 2: bradeda showed [Ah Qh] and won ($3.99) with a straight, Ten to Ace
Seat 3: Dorex2007 (button) folded before Flop (didn't bet)
Seat 4: hybriddddd (small blind) showed [9c Js] and lost with a pair of Jacks
Seat 5: ser447787 (big blind) folded on the Turn
Seat 7: Jimshamar folded before Flop (didn't bet)
Seat 8: zpxnjp21 folded before Flop (didn't bet)
Seat 9: Za1CeV folded before Flop (didn't bet)



PokerStars Hand #224093734001:  Hold'em No Limit ($0.01/$0.02 USD) - 2021/02/21 22:36:12 PT [2021/02/22 1:36:12 ET]
Table 'Sheliak IV' 9-max Seat #5 is the button
Seat 2: bradeda ($4.16 in chips) 
Seat 3: Dorex2007 ($2.53 in chips) 
Seat 5: ser447787 ($2 in chips) 
Seat 7: Jimshamar ($2.03 in chips) 
Seat 8: zpxnjp21 ($0.83 in chips) 
Seat 9: Za1CeV ($2.87 in chips) 
Jimshamar: posts small blind $0.01
zpxnjp21: posts big blind $0.02
*** HOLE CARDS ***
Dealt to Dorex2007 [8h 5d]
Za1CeV: folds 
bradeda: folds 
Dorex2007: folds 
ser447787: folds 
Jimshamar: raises $0.02 to $0.04
zpxnjp21: folds 
Uncalled bet ($0.02) returned to Jimshamar
Jimshamar collected $0.04 from pot
Jimshamar: doesn't show hand 
*** SUMMARY ***
Total pot $0.04 | Rake $0 
Seat 2: bradeda folded before Flop (didn't bet)
Seat 3: Dorex2007 folded before Flop (didn't bet)
Seat 5: ser447787 (button) folded before Flop (didn't bet)
Seat 7: Jimshamar (small blind) collected ($0.04)
Seat 8: zpxnjp21 (big blind) folded before Flop
Seat 9: Za1CeV folded before Flop (didn't bet)



PokerStars Hand #224093736730:  Hold'em No Limit ($0.01/$0.02 USD) - 2021/02/21 22:36:29 PT [2021/02/22 1:36:29 ET]
Table 'Sheliak IV' 9-max Seat #7 is the button
Seat 2: bradeda ($4.16 in chips) 
Seat 3: Dorex2007 ($2.53 in chips) 
Seat 4: hybriddddd ($2 in chips) 
Seat 5: ser447787 ($2 in chips) 
Seat 7: Jimshamar ($2.05 in chips) 
Seat 8: zpxnjp21 ($0.81 in chips) 
Seat 9: Za1CeV ($2.87 in chips) 
zpxnjp21: posts small blind $0.01
Za1CeV: posts big blind $0.02
*1974N0B: sits out 
*** HOLE CARDS ***
Dealt to Dorex2007 [3c 2s]
bradeda: folds 
Dorex2007: folds 
hybriddddd: folds 
ser447787: folds 
Jimshamar: folds 
zpxnjp21: folds 
Uncalled bet ($0.01) returned to Za1CeV
Za1CeV collected $0.02 from pot
Za1CeV: doesn't show hand 
*** SUMMARY ***
Total pot $0.02 | Rake $0 
Seat 2: bradeda folded before Flop (didn't bet)
Seat 3: Dorex2007 folded before Flop (didn't bet)
Seat 4: hybriddddd folded before Flop (didn't bet)
Seat 5: ser447787 folded before Flop (didn't bet)
Seat 7: Jimshamar (button) folded before Flop (didn't bet)
Seat 8: zpxnjp21 (small blind) folded before Flop
Seat 9: Za1CeV (big blind) collected ($0.02)



PokerStars Hand #224093738505:  Hold'em No Limit ($0.01/$0.02 USD) - 2021/02/21 22:36:40 PT [2021/02/22 1:36:40 ET]
Table 'Sheliak IV' 9-max Seat #8 is the button
Seat 2: bradeda ($4.16 in chips) 
Seat 3: Dorex2007 ($2.53 in chips) 
Seat 4: hybriddddd ($2 in chips) 
Seat 5: ser447787 ($2 in chips) 
Seat 7: Jimshamar ($2.05 in chips) 
Seat 8: zpxnjp21 ($0.80 in chips) 
Seat 9: Za1CeV ($2.88 in chips) 
Za1CeV: posts small blind $0.01
bradeda: posts big blind $0.02
*1974N0B: sits out 
*** HOLE CARDS ***
Dealt to Dorex2007 [Jh 6h]
Dorex2007: folds 
hybriddddd: folds 
ser447787: folds 
Jimshamar: folds 
zpxnjp21: folds 
Za1CeV: folds 
Uncalled bet ($0.01) returned to bradeda
bradeda collected $0.02 from pot
*** SUMMARY ***
Total pot $0.02 | Rake $0 
Seat 2: bradeda (big blind) collected ($0.02)
Seat 3: Dorex2007 folded before Flop (didn't bet)
Seat 4: hybriddddd folded before Flop (didn't bet)
Seat 5: ser447787 folded before Flop (didn't bet)
Seat 7: Jimshamar folded before Flop (didn't bet)
Seat 8: zpxnjp21 (button) folded before Flop (didn't bet)
Seat 9: Za1CeV (small blind) folded before Flop



PokerStars Hand #224093740259:  Hold'em No Limit ($0.01/$0.02 USD) - 2021/02/21 22:36:51 PT [2021/02/22 1:36:51 ET]
Table 'Sheliak IV' 9-max Seat #9 is the button
Seat 2: bradeda ($4.17 in chips) 
Seat 3: Dorex2007 ($2.53 in chips) 
Seat 4: hybriddddd ($2 in chips) 
Seat 5: ser447787 ($2 in chips) 
Seat 7: Jimshamar ($2.05 in chips) 
Seat 8: zpxnjp21 ($0.80 in chips) 
Seat 9: Za1CeV ($2.87 in chips) 
bradeda: posts small blind $0.01
Dorex2007: posts big blind $0.02
*1974N0B: sits out 
*** HOLE CARDS ***
Dealt to Dorex2007 [9h 2h]
hybriddddd has timed out
hybriddddd: folds 
ser447787: folds 
Jimshamar: raises $0.03 to $0.05
zpxnjp21: folds 
Za1CeV: folds 
bradeda: folds 
Dorex2007: folds 
Uncalled bet ($0.03) returned to Jimshamar
Jimshamar collected $0.05 from pot
Jimshamar: doesn't show hand 
*** SUMMARY ***
Total pot $0.05 | Rake $0 
Seat 2: bradeda (small blind) folded before Flop
Seat 3: Dorex2007 (big blind) folded before Flop
Seat 4: hybriddddd folded before Flop (didn't bet)
Seat 5: ser447787 folded before Flop (didn't bet)
Seat 7: Jimshamar collected ($0.05)
Seat 8: zpxnjp21 folded before Flop (didn't bet)
Seat 9: Za1CeV (button) folded before Flop (didn't bet)



PokerStars Hand #224093743762:  Hold'em No Limit ($0.01/$0.02 USD) - 2021/02/21 22:37:13 PT [2021/02/22 1:37:13 ET]
Table 'Sheliak IV' 9-max Seat #2 is the button
Seat 2: bradeda ($4.16 in chips) 
Seat 3: Dorex2007 ($2.51 in chips) 
Seat 4: hybriddddd ($2 in chips) 
Seat 5: ser447787 ($2 in chips) 
Seat 7: Jimshamar ($2.08 in chips) 
Seat 8: zpxnjp21 ($0.80 in chips) 
Seat 9: Za1CeV ($2.87 in chips) 
Dorex2007: posts small blind $0.01
hybriddddd: posts big blind $0.02
*1974N0B: sits out 
*** HOLE CARDS ***
Dealt to Dorex2007 [4h 2d]
ser447787: raises $0.04 to $0.06
Jimshamar: folds 
zpxnjp21: folds 
Za1CeV: folds 
bradeda: folds 
Dorex2007: folds 
hybriddddd: calls $0.04
*** FLOP *** [Jd 8h 2c]
hybriddddd: checks 
ser447787: bets $0.07
hybriddddd: folds 
Uncalled bet ($0.07) returned to ser447787
ser447787 collected $0.13 from pot
*** SUMMARY ***
Total pot $0.13 | Rake $0 
Board [Jd 8h 2c]
Seat 2: bradeda (button) folded before Flop (didn't bet)
Seat 3: Dorex2007 (small blind) folded before Flop
Seat 4: hybriddddd (big blind) folded on the Flop
Seat 5: ser447787 collected ($0.13)
Seat 7: Jimshamar folded before Flop (didn't bet)
Seat 8: zpxnjp21 folded before Flop (didn't bet)
Seat 9: Za1CeV folded before Flop (didn't bet)



PokerStars Hand #224093747930:  Hold'em No Limit ($0.01/$0.02 USD) - 2021/02/21 22:37:39 PT [2021/02/22 1:37:39 ET]
Table 'Sheliak IV' 9-max Seat #3 is the button
Seat 2: bradeda ($4.16 in chips) 
Seat 3: Dorex2007 ($2.50 in chips) 
Seat 4: hybriddddd ($1.94 in chips) 
Seat 5: ser447787 ($2.07 in chips) 
Seat 7: Jimshamar ($2.08 in chips) 
Seat 8: zpxnjp21 ($0.80 in chips) 
Seat 9: Za1CeV ($2.87 in chips) 
hybriddddd: posts small blind $0.01
ser447787: posts big blind $0.02
*1974N0B: sits out 
*** HOLE CARDS ***
Dealt to Dorex2007 [Ks 6h]
Jimshamar: folds 
zpxnjp21: folds 
Za1CeV: folds 
bradeda: folds 
Dorex2007: folds 
hybriddddd: folds 
Uncalled bet ($0.01) returned to ser447787
ser447787 collected $0.02 from pot
*** SUMMARY ***
Total pot $0.02 | Rake $0 
Seat 2: bradeda folded before Flop (didn't bet)
Seat 3: Dorex2007 (button) folded before Flop (didn't bet)
Seat 4: hybriddddd (small blind) folded before Flop
Seat 5: ser447787 (big blind) collected ($0.02)
Seat 7: Jimshamar folded before Flop (didn't bet)
Seat 8: zpxnjp21 folded before Flop (didn't bet)
Seat 9: Za1CeV folded before Flop (didn't bet)



PokerStars Hand #224093750678:  Hold'em No Limit ($0.01/$0.02 USD) - 2021/02/21 22:37:56 PT [2021/02/22 1:37:56 ET]
Table 'Sheliak IV' 9-max Seat #4 is the button
Seat 2: bradeda ($4.16 in chips) 
Seat 3: Dorex2007 ($2.50 in chips) 
Seat 4: hybriddddd ($1.93 in chips) 
Seat 5: ser447787 ($2.08 in chips) 
Seat 6: *1974N0B ($1.60 in chips) 
Seat 7: Jimshamar ($2.08 in chips) 
Seat 8: zpxnjp21 ($0.80 in chips) 
Seat 9: Za1CeV ($2.87 in chips) 
ser447787: posts small blind $0.01
*1974N0B: posts big blind $0.02
*** HOLE CARDS ***
Dealt to Dorex2007 [5s Ks]
Jimshamar: folds 
zpxnjp21: folds 
Za1CeV: folds 
bradeda: folds 
Dorex2007: folds 
hybriddddd: calls $0.02
ser447787: calls $0.01
*1974N0B: checks 
*** FLOP *** [8c Td 5d]
ser447787: checks 
*1974N0B: checks 
hybriddddd: checks 
*** TURN *** [8c Td 5d] [2d]
ser447787: checks 
*1974N0B: bets $0.03
hybriddddd: folds 
ser447787: folds 
Uncalled bet ($0.03) returned to *1974N0B
*1974N0B collected $0.06 from pot
*** SUMMARY ***
Total pot $0.06 | Rake $0 
Board [8c Td 5d 2d]
Seat 2: bradeda folded before Flop (didn't bet)
Seat 3: Dorex2007 folded before Flop (didn't bet)
Seat 4: hybriddddd (button) folded on the Turn
Seat 5: ser447787 (small blind) folded on the Turn
Seat 6: *1974N0B (big blind) collected ($0.06)
Seat 7: Jimshamar folded before Flop (didn't bet)
Seat 8: zpxnjp21 folded before Flop (didn't bet)
Seat 9: Za1CeV folded before Flop (didn't bet)



PokerStars Hand #224093759930:  Hold'em No Limit ($0.01/$0.02 USD) - 2021/02/21 22:38:54 PT [2021/02/22 1:38:54 ET]
Table 'Sheliak IV' 9-max Seat #5 is the button
Seat 2: bradeda ($4.16 in chips) 
Seat 3: Dorex2007 ($2.50 in chips) 
Seat 4: hybriddddd ($1.91 in chips) 
Seat 5: ser447787 ($2.06 in chips) 
Seat 6: *1974N0B ($1.64 in chips) 
Seat 7: Jimshamar ($2.08 in chips) 
Seat 8: zpxnjp21 ($0.80 in chips) 
Seat 9: Za1CeV ($2.87 in chips) 
*1974N0B: posts small blind $0.01
Jimshamar: posts big blind $0.02
*** HOLE CARDS ***
Dealt to Dorex2007 [Ac 7d]
zpxnjp21: folds 
Za1CeV: folds 
bradeda: folds 
Dorex2007: calls $0.02
hybriddddd: raises $0.04 to $0.06
ser447787: calls $0.06
*1974N0B: folds 
Jimshamar: calls $0.04
Dorex2007: calls $0.04
*** FLOP *** [Ks 3c Js]
Jimshamar: checks 
Dorex2007: checks 
hybriddddd: bets $0.12
ser447787: folds 
Jimshamar: calls $0.12
Dorex2007: folds 
*** TURN *** [Ks 3c Js] [5h]
Jimshamar: checks 
hybriddddd: bets $0.26
Jimshamar: calls $0.26
*** RIVER *** [Ks 3c Js 5h] [Jc]
Jimshamar: checks 
hybriddddd: bets $1.46
Jimshamar: folds 
Uncalled bet ($1.46) returned to hybriddddd
hybriddddd collected $0.97 from pot
*** SUMMARY ***
Total pot $1.01 | Rake $0.04 
Board [Ks 3c Js 5h Jc]
Seat 2: bradeda folded before Flop (didn't bet)
Seat 3: Dorex2007 folded on the Flop
Seat 4: hybriddddd collected ($0.97)
Seat 5: ser447787 (button) folded on the Flop
Seat 6: *1974N0B (small blind) folded before Flop
Seat 7: Jimshamar (big blind) folded on the River
Seat 8: zpxnjp21 folded before Flop (didn't bet)
Seat 9: Za1CeV folded before Flop (didn't bet)



PokerStars Hand #224093775688:  Hold'em No Limit ($0.01/$0.02 USD) - 2021/02/21 22:40:32 PT [2021/02/22 1:40:32 ET]
Table 'Sheliak IV' 9-max Seat #6 is the button
Seat 1: EdVince1970 ($3.35 in chips) 
Seat 2: bradeda ($4.16 in chips) 
Seat 3: Dorex2007 ($2.44 in chips) 
Seat 4: hybriddddd ($2.44 in chips) 
Seat 5: ser447787 ($2 in chips) 
Seat 6: *1974N0B ($1.63 in chips) 
Seat 7: Jimshamar ($2 in chips) 
Seat 8: zpxnjp21 ($0.80 in chips) 
Seat 9: Za1CeV ($2.87 in chips) 
Jimshamar: posts small blind $0.01
zpxnjp21: posts big blind $0.02
EdVince1970: posts small & big blinds $0.03
*** HOLE CARDS ***
Dealt to Dorex2007 [Td 4h]
Za1CeV: raises $0.08 to $0.10
EdVince1970: folds 
bradeda: folds 
Dorex2007: folds 
hybriddddd: folds 
ser447787: folds 
*1974N0B: folds 
Jimshamar: folds 
zpxnjp21: folds 
Uncalled bet ($0.08) returned to Za1CeV
Za1CeV collected $0.08 from pot
Za1CeV: doesn't show hand 
*** SUMMARY ***
Total pot $0.08 | Rake $0 
Seat 1: EdVince1970 folded before Flop (didn't bet)
Seat 2: bradeda folded before Flop (didn't bet)
Seat 3: Dorex2007 folded before Flop (didn't bet)
Seat 4: hybriddddd folded before Flop (didn't bet)
Seat 5: ser447787 folded before Flop (didn't bet)
Seat 6: *1974N0B (button) folded before Flop (didn't bet)
Seat 7: Jimshamar (small blind) folded before Flop
Seat 8: zpxnjp21 (big blind) folded before Flop
Seat 9: Za1CeV collected ($0.08)



PokerStars Hand #224093779686:  Hold'em No Limit ($0.01/$0.02 USD) - 2021/02/21 22:40:56 PT [2021/02/22 1:40:56 ET]
Table 'Sheliak IV' 9-max Seat #7 is the button
Seat 1: EdVince1970 ($3.32 in chips) 
Seat 2: bradeda ($4.16 in chips) 
Seat 3: Dorex2007 ($2.44 in chips) 
Seat 4: hybriddddd ($2.44 in chips) 
Seat 5: ser447787 ($2 in chips) 
Seat 6: *1974N0B ($1.63 in chips) 
Seat 7: Jimshamar ($1.99 in chips) 
Seat 8: zpxnjp21 ($0.78 in chips) 
Seat 9: Za1CeV ($2.93 in chips) 
zpxnjp21: posts small blind $0.01
Za1CeV: posts big blind $0.02
*** HOLE CARDS ***
Dealt to Dorex2007 [8d 8s]
EdVince1970: folds 
bradeda: folds 
Dorex2007: calls $0.02
hybriddddd: folds 
ser447787: raises $0.04 to $0.06
*1974N0B: folds 
Jimshamar: calls $0.06
zpxnjp21: raises $0.72 to $0.78 and is all-in
Za1CeV: raises $2.14 to $2.92
Dorex2007: folds 
ser447787: folds 
Jimshamar: folds 
Uncalled bet ($2.14) returned to Za1CeV
*** FLOP *** [Td Qh Jd]
*** TURN *** [Td Qh Jd] [2c]
*** RIVER *** [Td Qh Jd 2c] [6c]
*** SHOW DOWN ***
zpxnjp21: shows [Ks Ad] (a straight, Ten to Ace)
Za1CeV: shows [Qc Qd] (three of a kind, Queens)
zpxnjp21 collected $1.64 from pot
*** SUMMARY ***
Total pot $1.70 | Rake $0.06 
Board [Td Qh Jd 2c 6c]
Seat 1: EdVince1970 folded before Flop (didn't bet)
Seat 2: bradeda folded before Flop (didn't bet)
Seat 3: Dorex2007 folded before Flop
Seat 4: hybriddddd folded before Flop (didn't bet)
Seat 5: ser447787 folded before Flop
Seat 6: *1974N0B folded before Flop (didn't bet)
Seat 7: Jimshamar (button) folded before Flop
Seat 8: zpxnjp21 (small blind) showed [Ks Ad] and won ($1.64) with a straight, Ten to Ace
Seat 9: Za1CeV (big blind) showed [Qc Qd] and lost with three of a kind, Queens



PokerStars Hand #224093787153:  Hold'em No Limit ($0.01/$0.02 USD) - 2021/02/21 22:41:43 PT [2021/02/22 1:41:43 ET]
Table 'Sheliak IV' 9-max Seat #8 is the button
Seat 1: EdVince1970 ($3.32 in chips) 
Seat 2: bradeda ($4.16 in chips) 
Seat 3: Dorex2007 ($2.42 in chips) 
Seat 4: hybriddddd ($2.44 in chips) 
Seat 5: ser447787 ($2 in chips) 
Seat 6: *1974N0B ($1.63 in chips) 
Seat 7: Jimshamar ($1.93 in chips) 
Seat 8: zpxnjp21 ($1.64 in chips) 
Seat 9: Za1CeV ($2.15 in chips) 
Za1CeV: posts small blind $0.01
EdVince1970: posts big blind $0.02
*** HOLE CARDS ***
Dealt to Dorex2007 [5d 9c]
bradeda: folds 
Dorex2007: folds 
hybriddddd has timed out
hybriddddd: folds 
ser447787: folds 
*1974N0B: folds 
Jimshamar: folds 
zpxnjp21: folds 
Za1CeV: raises $0.04 to $0.06
EdVince1970: calls $0.04
*** FLOP *** [As 9d Ad]
Za1CeV: checks 
EdVince1970: checks 
*** TURN *** [As 9d Ad] [Js]
Za1CeV: bets $0.06
EdVince1970: calls $0.06
*** RIVER *** [As 9d Ad Js] [Kd]
Za1CeV: bets $0.12
EdVince1970: calls $0.12
*** SHOW DOWN ***
Za1CeV: shows [Ks Jh] (two pair, Aces and Kings)
EdVince1970: mucks hand 
Za1CeV collected $0.46 from pot
*** SUMMARY ***
Total pot $0.48 | Rake $0.02 
Board [As 9d Ad Js Kd]
Seat 1: EdVince1970 (big blind) mucked [Ts Jc]
Seat 2: bradeda folded before Flop (didn't bet)
Seat 3: Dorex2007 folded before Flop (didn't bet)
Seat 4: hybriddddd folded before Flop (didn't bet)
Seat 5: ser447787 folded before Flop (didn't bet)
Seat 6: *1974N0B folded before Flop (didn't bet)
Seat 7: Jimshamar folded before Flop (didn't bet)
Seat 8: zpxnjp21 (button) folded before Flop (didn't bet)
Seat 9: Za1CeV (small blind) showed [Ks Jh] and won ($0.46) with two pair, Aces and Kings



PokerStars Hand #224093796420:  Hold'em No Limit ($0.01/$0.02 USD) - 2021/02/21 22:42:41 PT [2021/02/22 1:42:41 ET]
Table 'Sheliak IV' 9-max Seat #9 is the button
Seat 1: EdVince1970 ($3.08 in chips) 
Seat 2: bradeda ($4.16 in chips) 
Seat 3: Dorex2007 ($2.42 in chips) 
Seat 4: hybriddddd ($2.44 in chips) 
Seat 5: ser447787 ($2 in chips) 
Seat 6: *1974N0B ($1.63 in chips) 
Seat 7: Jimshamar ($1.93 in chips) 
Seat 8: zpxnjp21 ($1.64 in chips) 
Seat 9: Za1CeV ($2.37 in chips) 
EdVince1970: posts small blind $0.01
bradeda: posts big blind $0.02
*** HOLE CARDS ***
Dealt to Dorex2007 [7d 7s]
Dorex2007: calls $0.02
hybriddddd: folds 
ser447787: folds 
*1974N0B: folds 
Jimshamar: folds 
zpxnjp21: folds 
Za1CeV: raises $0.07 to $0.09
EdVince1970: folds 
bradeda: folds 
Dorex2007: calls $0.07
*** FLOP *** [3c 8h 6c]
Dorex2007: checks 
Za1CeV: bets $0.10
Dorex2007: folds 
Uncalled bet ($0.10) returned to Za1CeV
Za1CeV collected $0.20 from pot
Za1CeV: doesn't show hand 
*** SUMMARY ***
Total pot $0.21 | Rake $0.01 
Board [3c 8h 6c]
Seat 1: EdVince1970 (small blind) folded before Flop
Seat 2: bradeda (big blind) folded before Flop
Seat 3: Dorex2007 folded on the Flop
Seat 4: hybriddddd folded before Flop (didn't bet)
Seat 5: ser447787 folded before Flop (didn't bet)
Seat 6: *1974N0B folded before Flop (didn't bet)
Seat 7: Jimshamar folded before Flop (didn't bet)
Seat 8: zpxnjp21 folded before Flop (didn't bet)
Seat 9: Za1CeV (button) collected ($0.20)



PokerStars Hand #224093801748:  Hold'em No Limit ($0.01/$0.02 USD) - 2021/02/21 22:43:15 PT [2021/02/22 1:43:15 ET]
Table 'Sheliak IV' 9-max Seat #1 is the button
Seat 1: EdVince1970 ($3.07 in chips) 
Seat 2: bradeda ($4.14 in chips) 
Seat 3: Dorex2007 ($2.33 in chips) 
Seat 4: hybriddddd ($2.44 in chips) 
Seat 5: ser447787 ($2 in chips) 
Seat 6: *1974N0B ($1.63 in chips) 
Seat 7: Jimshamar ($1.93 in chips) 
Seat 8: zpxnjp21 ($1.64 in chips) 
Seat 9: Za1CeV ($2.48 in chips) 
bradeda: posts small blind $0.01
Dorex2007: posts big blind $0.02
*** HOLE CARDS ***
Dealt to Dorex2007 [Qd 5c]
hybriddddd: raises $0.08 to $0.10
ser447787: folds 
*1974N0B: folds 
Jimshamar: folds 
zpxnjp21: folds 
Za1CeV: folds 
EdVince1970: folds 
bradeda: folds 
Dorex2007: folds 
Uncalled bet ($0.08) returned to hybriddddd
hybriddddd collected $0.05 from pot
*** SUMMARY ***
Total pot $0.05 | Rake $0 
Seat 1: EdVince1970 (button) folded before Flop (didn't bet)
Seat 2: bradeda (small blind) folded before Flop
Seat 3: Dorex2007 (big blind) folded before Flop
Seat 4: hybriddddd collected ($0.05)
Seat 5: ser447787 folded before Flop (didn't bet)
Seat 6: *1974N0B folded before Flop (didn't bet)
Seat 7: Jimshamar folded before Flop (didn't bet)
Seat 8: zpxnjp21 folded before Flop (didn't bet)
Seat 9: Za1CeV folded before Flop (didn't bet)



PokerStars Hand #224093804866:  Hold'em No Limit ($0.01/$0.02 USD) - 2021/02/21 22:43:34 PT [2021/02/22 1:43:34 ET]
Table 'Sheliak IV' 9-max Seat #2 is the button
Seat 1: EdVince1970 ($3.07 in chips) 
Seat 2: bradeda ($4.13 in chips) 
Seat 3: Dorex2007 ($2.31 in chips) 
Seat 4: hybriddddd ($2.47 in chips) 
Seat 5: ser447787 ($2 in chips) 
Seat 6: *1974N0B ($1.63 in chips) 
Seat 7: Jimshamar ($1.93 in chips) 
Seat 8: zpxnjp21 ($1.64 in chips) 
Seat 9: Za1CeV ($2.48 in chips) 
Dorex2007: posts small blind $0.01
hybriddddd: posts big blind $0.02
*** HOLE CARDS ***
Dealt to Dorex2007 [6d 3h]
ser447787: folds 
*1974N0B: raises $0.04 to $0.06
Jimshamar: folds 
zpxnjp21: folds 
Za1CeV: folds 
EdVince1970: folds 
bradeda: folds 
Dorex2007: folds 
hybriddddd: calls $0.04
*** FLOP *** [Jc 7s Ts]
hybriddddd: checks 
*1974N0B: bets $0.06
hybriddddd: folds 
Uncalled bet ($0.06) returned to *1974N0B
*1974N0B collected $0.13 from pot
*** SUMMARY ***
Total pot $0.13 | Rake $0 
Board [Jc 7s Ts]
Seat 1: EdVince1970 folded before Flop (didn't bet)
Seat 2: bradeda (button) folded before Flop (didn't bet)
Seat 3: Dorex2007 (small blind) folded before Flop
Seat 4: hybriddddd (big blind) folded on the Flop
Seat 5: ser447787 folded before Flop (didn't bet)
Seat 6: *1974N0B collected ($0.13)
Seat 7: Jimshamar folded before Flop (didn't bet)
Seat 8: zpxnjp21 folded before Flop (didn't bet)
Seat 9: Za1CeV folded before Flop (didn't bet)



PokerStars Hand #224093811897:  Hold'em No Limit ($0.01/$0.02 USD) - 2021/02/21 22:44:18 PT [2021/02/22 1:44:18 ET]
Table 'Sheliak IV' 9-max Seat #3 is the button
Seat 1: EdVince1970 ($3.07 in chips) 
Seat 2: bradeda ($4.13 in chips) 
Seat 3: Dorex2007 ($2.30 in chips) 
Seat 4: hybriddddd ($2.41 in chips) 
Seat 5: ser447787 ($2 in chips) 
Seat 6: *1974N0B ($1.70 in chips) 
Seat 7: Jimshamar ($1.93 in chips) 
Seat 8: zpxnjp21 ($1.64 in chips) 
Seat 9: Za1CeV ($2.48 in chips) 
hybriddddd: posts small blind $0.01
ser447787: posts big blind $0.02
*** HOLE CARDS ***
Dealt to Dorex2007 [2c Js]
*1974N0B: folds 
Jimshamar: folds 
zpxnjp21: folds 
Za1CeV: folds 
EdVince1970: folds 
bradeda: folds 
Dorex2007: folds 
hybriddddd: raises $0.10 to $0.12
ser447787: folds 
Uncalled bet ($0.10) returned to hybriddddd
hybriddddd collected $0.04 from pot
*** SUMMARY ***
Total pot $0.04 | Rake $0 
Seat 1: EdVince1970 folded before Flop (didn't bet)
Seat 2: bradeda folded before Flop (didn't bet)
Seat 3: Dorex2007 (button) folded before Flop (didn't bet)
Seat 4: hybriddddd (small blind) collected ($0.04)
Seat 5: ser447787 (big blind) folded before Flop
Seat 6: *1974N0B folded before Flop (didn't bet)
Seat 7: Jimshamar folded before Flop (didn't bet)
Seat 8: zpxnjp21 folded before Flop (didn't bet)
Seat 9: Za1CeV folded before Flop (didn't bet)



PokerStars Hand #224093817096:  Hold'em No Limit ($0.01/$0.02 USD) - 2021/02/21 22:44:51 PT [2021/02/22 1:44:51 ET]
Table 'Sheliak IV' 9-max Seat #4 is the button
Seat 1: EdVince1970 ($3.07 in chips) 
Seat 2: bradeda ($4.13 in chips) 
Seat 3: Dorex2007 ($2.30 in chips) 
Seat 4: hybriddddd ($2.43 in chips) 
Seat 5: ser447787 ($1.98 in chips) 
Seat 6: *1974N0B ($1.70 in chips) 
Seat 7: Jimshamar ($1.93 in chips) 
Seat 8: zpxnjp21 ($1.64 in chips) 
Seat 9: Za1CeV ($2.48 in chips) 
ser447787: posts small blind $0.01
*1974N0B: posts big blind $0.02
*** HOLE CARDS ***
Dealt to Dorex2007 [6s Qd]
Jimshamar: folds 
zpxnjp21: folds 
Za1CeV: folds 
EdVince1970: folds 
bradeda: folds 
Dorex2007: folds 
hybriddddd: folds 
ser447787: folds 
Uncalled bet ($0.01) returned to *1974N0B
*1974N0B collected $0.02 from pot
*** SUMMARY ***
Total pot $0.02 | Rake $0 
Seat 1: EdVince1970 folded before Flop (didn't bet)
Seat 2: bradeda folded before Flop (didn't bet)
Seat 3: Dorex2007 folded before Flop (didn't bet)
Seat 4: hybriddddd (button) folded before Flop (didn't bet)
Seat 5: ser447787 (small blind) folded before Flop
Seat 6: *1974N0B (big blind) collected ($0.02)
Seat 7: Jimshamar folded before Flop (didn't bet)
Seat 8: zpxnjp21 folded before Flop (didn't bet)
Seat 9: Za1CeV folded before Flop (didn't bet)



PokerStars Hand #224093820229:  Hold'em No Limit ($0.01/$0.02 USD) - 2021/02/21 22:45:10 PT [2021/02/22 1:45:10 ET]
Table 'Sheliak IV' 9-max Seat #5 is the button
Seat 1: EdVince1970 ($3.07 in chips) 
Seat 2: bradeda ($4.13 in chips) 
Seat 3: Dorex2007 ($2.30 in chips) 
Seat 4: hybriddddd ($2.43 in chips) 
Seat 5: ser447787 ($1.97 in chips) 
Seat 6: *1974N0B ($1.71 in chips) 
Seat 7: Jimshamar ($1.93 in chips) 
Seat 8: zpxnjp21 ($1.64 in chips) 
Seat 9: Za1CeV ($2.48 in chips) 
*1974N0B: posts small blind $0.01
Jimshamar: posts big blind $0.02
*** HOLE CARDS ***
Dealt to Dorex2007 [7h 7s]
zpxnjp21: folds 
Za1CeV: raises $0.04 to $0.06
EdVince1970: folds 
bradeda: folds 
Dorex2007: calls $0.06
hybriddddd: folds 
ser447787: calls $0.06
*1974N0B: folds 
Jimshamar: calls $0.04
*** FLOP *** [9s 8d Kc]
Jimshamar: checks 
Za1CeV: checks 
Dorex2007: checks 
ser447787: checks 
*** TURN *** [9s 8d Kc] [2s]
Jimshamar: bets $0.04
Za1CeV: folds 
Dorex2007: calls $0.04
ser447787: calls $0.04
*** RIVER *** [9s 8d Kc 2s] [3c]
Jimshamar: checks 
Dorex2007: checks 
ser447787: checks 
*** SHOW DOWN ***
Jimshamar: shows [Th Qd] (high card King)
Dorex2007: shows [7h 7s] (a pair of Sevens)
ser447787: mucks hand 
Dorex2007 collected $0.36 from pot
*** SUMMARY ***
Total pot $0.37 | Rake $0.01 
Board [9s 8d Kc 2s 3c]
Seat 1: EdVince1970 folded before Flop (didn't bet)
Seat 2: bradeda folded before Flop (didn't bet)
Seat 3: Dorex2007 showed [7h 7s] and won ($0.36) with a pair of Sevens
Seat 4: hybriddddd folded before Flop (didn't bet)
Seat 5: ser447787 (button) mucked [4s 5s]
Seat 6: *1974N0B (small blind) folded before Flop
Seat 7: Jimshamar (big blind) showed [Th Qd] and lost with high card King
Seat 8: zpxnjp21 folded before Flop (didn't bet)
Seat 9: Za1CeV folded on the Turn



PokerStars Hand #224093831055:  Hold'em No Limit ($0.01/$0.02 USD) - 2021/02/21 22:46:17 PT [2021/02/22 1:46:17 ET]
Table 'Sheliak IV' 9-max Seat #6 is the button
Seat 1: EdVince1970 ($3.07 in chips) 
Seat 2: bradeda ($4.13 in chips) 
Seat 3: Dorex2007 ($2.56 in chips) 
Seat 4: hybriddddd ($2.43 in chips) 
Seat 5: ser447787 ($1.90 in chips) 
Seat 6: *1974N0B ($1.70 in chips) 
Seat 7: Jimshamar ($1.83 in chips) 
Seat 8: zpxnjp21 ($1.64 in chips) 
Seat 9: Za1CeV ($2.42 in chips) 
Jimshamar: posts small blind $0.01
zpxnjp21: posts big blind $0.02
*** HOLE CARDS ***
Dealt to Dorex2007 [7c 4c]
Za1CeV: folds 
EdVince1970: calls $0.02
bradeda: folds 
Dorex2007: folds 
hybriddddd: folds 
ser447787: folds 
*1974N0B: folds 
Jimshamar: folds 
zpxnjp21: checks 
*** FLOP *** [Ad 6d 7h]
zpxnjp21: checks 
EdVince1970: checks 
*** TURN *** [Ad 6d 7h] [Th]
zpxnjp21: checks 
EdVince1970: checks 
*** RIVER *** [Ad 6d 7h Th] [Ac]
zpxnjp21: checks 
EdVince1970: checks 
*** SHOW DOWN ***
zpxnjp21: shows [9d 2h] (a pair of Aces)
EdVince1970: shows [Qh Ts] (two pair, Aces and Tens)
EdVince1970 collected $0.05 from pot
*** SUMMARY ***
Total pot $0.05 | Rake $0 
Board [Ad 6d 7h Th Ac]
Seat 1: EdVince1970 showed [Qh Ts] and won ($0.05) with two pair, Aces and Tens
Seat 2: bradeda folded before Flop (didn't bet)
Seat 3: Dorex2007 folded before Flop (didn't bet)
Seat 4: hybriddddd folded before Flop (didn't bet)
Seat 5: ser447787 folded before Flop (didn't bet)
Seat 6: *1974N0B (button) folded before Flop (didn't bet)
Seat 7: Jimshamar (small blind) folded before Flop
Seat 8: zpxnjp21 (big blind) showed [9d 2h] and lost with a pair of Aces
Seat 9: Za1CeV folded before Flop (didn't bet)



PokerStars Hand #224093842621:  Hold'em No Limit ($0.01/$0.02 USD) - 2021/02/21 22:47:28 PT [2021/02/22 1:47:28 ET]
Table 'Sheliak IV' 9-max Seat #7 is the button
Seat 1: EdVince1970 ($3.10 in chips) 
Seat 2: bradeda ($4.13 in chips) 
Seat 3: Dorex2007 ($2.56 in chips) 
Seat 4: hybriddddd ($2.43 in chips) 
Seat 5: ser447787 ($2 in chips) 
Seat 6: *1974N0B ($1.70 in chips) 
Seat 7: Jimshamar ($2 in chips) 
Seat 8: zpxnjp21 ($1.62 in chips) 
Seat 9: Za1CeV ($2.42 in chips) 
zpxnjp21: posts small blind $0.01
Za1CeV: posts big blind $0.02
*** HOLE CARDS ***
Dealt to Dorex2007 [6h 3c]
EdVince1970: raises $0.08 to $0.10
bradeda: folds 
Dorex2007: folds 
hybriddddd: folds 
ser447787: folds 
*1974N0B: folds 
Jimshamar: folds 
zpxnjp21: folds 
Za1CeV: folds 
Uncalled bet ($0.08) returned to EdVince1970
EdVince1970 collected $0.05 from pot
*** SUMMARY ***
Total pot $0.05 | Rake $0 
Seat 1: EdVince1970 collected ($0.05)
Seat 2: bradeda folded before Flop (didn't bet)
Seat 3: Dorex2007 folded before Flop (didn't bet)
Seat 4: hybriddddd folded before Flop (didn't bet)
Seat 5: ser447787 folded before Flop (didn't bet)
Seat 6: *1974N0B folded before Flop (didn't bet)
Seat 7: Jimshamar (button) folded before Flop (didn't bet)
Seat 8: zpxnjp21 (small blind) folded before Flop
Seat 9: Za1CeV (big blind) folded before Flop



PokerStars Hand #224093845982:  Hold'em No Limit ($0.01/$0.02 USD) - 2021/02/21 22:47:49 PT [2021/02/22 1:47:49 ET]
Table 'Sheliak IV' 9-max Seat #8 is the button
Seat 1: EdVince1970 ($3.13 in chips) 
Seat 2: bradeda ($4.13 in chips) 
Seat 3: Dorex2007 ($2.56 in chips) 
Seat 4: hybriddddd ($2.43 in chips) 
Seat 5: ser447787 ($2 in chips) 
Seat 6: *1974N0B ($1.70 in chips) 
Seat 7: Jimshamar ($2 in chips) 
Seat 8: zpxnjp21 ($1.61 in chips) 
Seat 9: Za1CeV ($2.40 in chips) 
Za1CeV: posts small blind $0.01
EdVince1970: posts big blind $0.02
*** HOLE CARDS ***
Dealt to Dorex2007 [7c Qd]
bradeda: folds 
Dorex2007: folds 
hybriddddd: calls $0.02
ser447787: folds 
*1974N0B has timed out
*1974N0B: folds 
Jimshamar: raises $0.04 to $0.06
zpxnjp21: folds 
Za1CeV: folds 
EdVince1970: folds 
hybriddddd: calls $0.04
*** FLOP *** [8c 9c 3h]
hybriddddd: checks 
Jimshamar: bets $0.06
hybriddddd: folds 
Uncalled bet ($0.06) returned to Jimshamar
Jimshamar collected $0.14 from pot
Jimshamar: doesn't show hand 
*** SUMMARY ***
Total pot $0.15 | Rake $0.01 
Board [8c 9c 3h]
Seat 1: EdVince1970 (big blind) folded before Flop
Seat 2: bradeda folded before Flop (didn't bet)
Seat 3: Dorex2007 folded before Flop (didn't bet)
Seat 4: hybriddddd folded on the Flop
Seat 5: ser447787 folded before Flop (didn't bet)
Seat 6: *1974N0B folded before Flop (didn't bet)
Seat 7: Jimshamar collected ($0.14)
Seat 8: zpxnjp21 (button) folded before Flop (didn't bet)
Seat 9: Za1CeV (small blind) folded before Flop



PokerStars Hand #224093857375:  Hold'em No Limit ($0.01/$0.02 USD) - 2021/02/21 22:48:42 PT [2021/02/22 1:48:42 ET]
Table 'Sheliak IV' 9-max Seat #9 is the button
Seat 1: EdVince1970 ($3.11 in chips) 
Seat 2: bradeda ($4.13 in chips) 
Seat 3: Dorex2007 ($2.56 in chips) 
Seat 4: hybriddddd ($2.37 in chips) 
Seat 5: ser447787 ($2 in chips) 
Seat 6: *1974N0B ($1.70 in chips) 
Seat 7: Jimshamar ($2.08 in chips) 
Seat 8: zpxnjp21 ($1.61 in chips) 
Seat 9: Za1CeV ($2.39 in chips) 
EdVince1970: posts small blind $0.01
bradeda: posts big blind $0.02
*** HOLE CARDS ***
Dealt to Dorex2007 [7c Qc]
Dorex2007: folds 
hybriddddd: folds 
ser447787: folds 
*1974N0B: folds 
Jimshamar: folds 
zpxnjp21: folds 
Za1CeV: folds 
EdVince1970: calls $0.01
bradeda: checks 
*** FLOP *** [8h 3d 6h]
EdVince1970: checks 
bradeda: checks 
*** TURN *** [8h 3d 6h] [Jd]
EdVince1970: checks 
bradeda: checks 
*** RIVER *** [8h 3d 6h Jd] [5s]
EdVince1970: checks 
bradeda: checks 
*** SHOW DOWN ***
EdVince1970: shows [7s Th] (high card Jack)
bradeda: mucks hand 
EdVince1970 collected $0.04 from pot
*** SUMMARY ***
Total pot $0.04 | Rake $0 
Board [8h 3d 6h Jd 5s]
Seat 1: EdVince1970 (small blind) showed [7s Th] and won ($0.04) with high card Jack
Seat 2: bradeda (big blind) mucked [9s 4h]
Seat 3: Dorex2007 folded before Flop (didn't bet)
Seat 4: hybriddddd folded before Flop (didn't bet)
Seat 5: ser447787 folded before Flop (didn't bet)
Seat 6: *1974N0B folded before Flop (didn't bet)
Seat 7: Jimshamar folded before Flop (didn't bet)
Seat 8: zpxnjp21 folded before Flop (didn't bet)
Seat 9: Za1CeV (button) folded before Flop (didn't bet)



PokerStars Hand #224093863559:  Hold'em No Limit ($0.01/$0.02 USD) - 2021/02/21 22:49:20 PT [2021/02/22 1:49:20 ET]
Table 'Sheliak IV' 9-max Seat #1 is the button
Seat 1: EdVince1970 ($3.13 in chips) 
Seat 2: bradeda ($4.11 in chips) 
Seat 3: Dorex2007 ($2.56 in chips) 
Seat 4: hybriddddd ($2.37 in chips) 
Seat 5: ser447787 ($2 in chips) 
Seat 6: *1974N0B ($1.70 in chips) 
Seat 7: Jimshamar ($2.08 in chips) 
Seat 8: zpxnjp21 ($1.61 in chips) 
Seat 9: Za1CeV ($2.39 in chips) 
bradeda: posts small blind $0.01
Dorex2007: posts big blind $0.02
*** HOLE CARDS ***
Dealt to Dorex2007 [2s Js]
hybriddddd has timed out
hybriddddd: folds 
ser447787: folds 
*1974N0B: raises $0.04 to $0.06
Jimshamar: folds 
zpxnjp21: folds 
Za1CeV: folds 
EdVince1970: folds 
bradeda: folds 
Dorex2007: folds 
Uncalled bet ($0.04) returned to *1974N0B
*1974N0B collected $0.05 from pot
*** SUMMARY ***
Total pot $0.05 | Rake $0 
Seat 1: EdVince1970 (button) folded before Flop (didn't bet)
Seat 2: bradeda (small blind) folded before Flop
Seat 3: Dorex2007 (big blind) folded before Flop
Seat 4: hybriddddd folded before Flop (didn't bet)
Seat 5: ser447787 folded before Flop (didn't bet)
Seat 6: *1974N0B collected ($0.05)
Seat 7: Jimshamar folded before Flop (didn't bet)
Seat 8: zpxnjp21 folded before Flop (didn't bet)
Seat 9: Za1CeV folded before Flop (didn't bet)



PokerStars Hand #224093867766:  Hold'em No Limit ($0.01/$0.02 USD) - 2021/02/21 22:49:46 PT [2021/02/22 1:49:46 ET]
Table 'Sheliak IV' 9-max Seat #2 is the button
Seat 1: EdVince1970 ($3.13 in chips) 
Seat 2: bradeda ($4.10 in chips) 
Seat 3: Dorex2007 ($2.54 in chips) 
Seat 5: ser447787 ($2 in chips) 
Seat 6: *1974N0B ($1.73 in chips) 
Seat 7: Jimshamar ($2.08 in chips) 
Seat 8: zpxnjp21 ($1.61 in chips) 
Seat 9: Za1CeV ($2.39 in chips) 
Dorex2007: posts small blind $0.01
ser447787: posts big blind $0.02
*** HOLE CARDS ***
Dealt to Dorex2007 [7c 6c]
*1974N0B: folds 
Jimshamar: folds 
zpxnjp21: raises $0.04 to $0.06
Za1CeV: folds 
EdVince1970: calls $0.06
bradeda: folds 
Dorex2007: folds 
ser447787: folds 
*** FLOP *** [6d 9c 9h]
zpxnjp21: bets $0.07
EdVince1970: folds 
Uncalled bet ($0.07) returned to zpxnjp21
zpxnjp21 collected $0.14 from pot
zpxnjp21: doesn't show hand 
*** SUMMARY ***
Total pot $0.15 | Rake $0.01 
Board [6d 9c 9h]
Seat 1: EdVince1970 folded on the Flop
Seat 2: bradeda (button) folded before Flop (didn't bet)
Seat 3: Dorex2007 (small blind) folded before Flop
Seat 5: ser447787 (big blind) folded before Flop
Seat 6: *1974N0B folded before Flop (didn't bet)
Seat 7: Jimshamar folded before Flop (didn't bet)
Seat 8: zpxnjp21 collected ($0.14)
Seat 9: Za1CeV folded before Flop (didn't bet)



PokerStars Hand #224093871371:  Hold'em No Limit ($0.01/$0.02 USD) - 2021/02/21 22:50:09 PT [2021/02/22 1:50:09 ET]
Table 'Sheliak IV' 9-max Seat #3 is the button
Seat 1: EdVince1970 ($3.07 in chips) 
Seat 2: bradeda ($4.10 in chips) 
Seat 3: Dorex2007 ($2.53 in chips) 
Seat 5: ser447787 ($1.98 in chips) 
Seat 7: Jimshamar ($2.08 in chips) 
Seat 8: zpxnjp21 ($1.69 in chips) 
Seat 9: Za1CeV ($2.39 in chips) 
ser447787: posts small blind $0.01
*1974N0B: is sitting out 
Jimshamar: posts big blind $0.02
*** HOLE CARDS ***
Dealt to Dorex2007 [6s Kd]
zpxnjp21: folds 
*1974N0B leaves the table
Za1CeV: folds 
EdVince1970: calls $0.02
bradeda: calls $0.02
Dorex2007: folds 
ser447787: folds 
Jimshamar: checks 
*** FLOP *** [Tc 2c 4s]
Jimshamar: checks 
EdVince1970: checks 
bradeda: bets $0.05
Jimshamar: folds 
EdVince1970: calls $0.05
*** TURN *** [Tc 2c 4s] [Ah]
EdVince1970: checks 
bradeda: checks 
*** RIVER *** [Tc 2c 4s Ah] [3h]
UnoTiss joins the table at seat #6 
EdVince1970: checks 
bradeda: checks 
*** SHOW DOWN ***
EdVince1970: shows [9c 3c] (a pair of Threes)
bradeda: mucks hand 
EdVince1970 collected $0.16 from pot
*** SUMMARY ***
Total pot $0.17 | Rake $0.01 
Board [Tc 2c 4s Ah 3h]
Seat 1: EdVince1970 showed [9c 3c] and won ($0.16) with a pair of Threes
Seat 2: bradeda mucked [Qc Jc]
Seat 3: Dorex2007 (button) folded before Flop (didn't bet)
Seat 5: ser447787 (small blind) folded before Flop
Seat 7: Jimshamar (big blind) folded on the Flop
Seat 8: zpxnjp21 folded before Flop (didn't bet)
Seat 9: Za1CeV folded before Flop (didn't bet)



PokerStars Hand #224093880481:  Hold'em No Limit ($0.01/$0.02 USD) - 2021/02/21 22:51:06 PT [2021/02/22 1:51:06 ET]
Table 'Sheliak IV' 9-max Seat #5 is the button
Seat 1: EdVince1970 ($3.16 in chips) 
Seat 2: bradeda ($4.03 in chips) 
Seat 3: Dorex2007 ($2.53 in chips) 
Seat 4: hybriddddd ($2.37 in chips) 
Seat 5: ser447787 ($1.97 in chips) 
Seat 7: Jimshamar ($2.06 in chips) 
Seat 8: zpxnjp21 ($1.69 in chips) 
Seat 9: Za1CeV ($2.39 in chips) 
Jimshamar: posts small blind $0.01
zpxnjp21: posts big blind $0.02
hybriddddd: posts small & big blinds $0.03
*** HOLE CARDS ***
Dealt to Dorex2007 [Qs 4d]
Za1CeV: folds 
EdVince1970: folds 
bradeda: folds 
Dorex2007: folds 
hybriddddd: checks 
ser447787: calls $0.02
Jimshamar: calls $0.01
zpxnjp21: raises $0.10 to $0.12
hybriddddd: folds 
ser447787: folds 
Jimshamar: folds 
Uncalled bet ($0.10) returned to zpxnjp21
zpxnjp21 collected $0.09 from pot
zpxnjp21: doesn't show hand 
*** SUMMARY ***
Total pot $0.09 | Rake $0 
Seat 1: EdVince1970 folded before Flop (didn't bet)
Seat 2: bradeda folded before Flop (didn't bet)
Seat 3: Dorex2007 folded before Flop (didn't bet)
Seat 4: hybriddddd folded before Flop (didn't bet)
Seat 5: ser447787 (button) folded before Flop
Seat 7: Jimshamar (small blind) folded before Flop
Seat 8: zpxnjp21 (big blind) collected ($0.09)
Seat 9: Za1CeV folded before Flop (didn't bet)



PokerStars Hand #224093886660:  Hold'em No Limit ($0.01/$0.02 USD) - 2021/02/21 22:51:44 PT [2021/02/22 1:51:44 ET]
Table 'Sheliak IV' 9-max Seat #7 is the button
Seat 1: EdVince1970 ($3.16 in chips) 
Seat 2: bradeda ($4.03 in chips) 
Seat 3: Dorex2007 ($2.53 in chips) 
Seat 4: hybriddddd ($2.34 in chips) 
Seat 5: ser447787 ($1.95 in chips) 
Seat 6: UnoTiss ($1.10 in chips) 
Seat 7: Jimshamar ($2.04 in chips) 
Seat 8: zpxnjp21 ($1.76 in chips) 
Seat 9: Za1CeV ($2.39 in chips) 
zpxnjp21: posts small blind $0.01
Za1CeV: posts big blind $0.02
UnoTiss: posts big blind $0.02
*** HOLE CARDS ***
Dealt to Dorex2007 [7c 6d]
EdVince1970: folds 
bradeda: raises $0.06 to $0.08
Dorex2007: folds 
hybriddddd: calls $0.08
ser447787: folds 
UnoTiss: folds 
Jimshamar: calls $0.08
zpxnjp21: folds 
Za1CeV: folds 
*** FLOP *** [7s Ah Js]
bradeda: checks 
hybriddddd: bets $0.14
Jimshamar: raises $0.20 to $0.34
bradeda: folds 
hybriddddd: calls $0.20
*** TURN *** [7s Ah Js] [Qh]
hybriddddd: checks 
Jimshamar: checks 
*** RIVER *** [7s Ah Js Qh] [Ad]
hybriddddd: bets $0.47
Jimshamar: raises $1.15 to $1.62 and is all-in
hybriddddd: calls $1.15
*** SHOW DOWN ***
Jimshamar: shows [Jh As] (a full house, Aces full of Jacks)
hybriddddd: shows [Ac 8h] (three of a kind, Aces)
Jimshamar collected $4.06 from pot
*** SUMMARY ***
Total pot $4.21 | Rake $0.15 
Board [7s Ah Js Qh Ad]
Seat 1: EdVince1970 folded before Flop (didn't bet)
Seat 2: bradeda folded on the Flop
Seat 3: Dorex2007 folded before Flop (didn't bet)
Seat 4: hybriddddd showed [Ac 8h] and lost with three of a kind, Aces
Seat 5: ser447787 folded before Flop (didn't bet)
Seat 6: UnoTiss folded before Flop (didn't bet)
Seat 7: Jimshamar (button) showed [Jh As] and won ($4.06) with a full house, Aces full of Jacks
Seat 8: zpxnjp21 (small blind) folded before Flop
Seat 9: Za1CeV (big blind) folded before Flop



PokerStars Hand #224093899913:  Hold'em No Limit ($0.01/$0.02 USD) - 2021/02/21 22:53:06 PT [2021/02/22 1:53:06 ET]
Table 'Sheliak IV' 9-max Seat #8 is the button
Seat 1: EdVince1970 ($3.16 in chips) 
Seat 2: bradeda ($3.95 in chips) 
Seat 3: Dorex2007 ($2.53 in chips) 
Seat 4: hybriddddd ($0.30 in chips) 
Seat 5: ser447787 ($2 in chips) 
Seat 6: UnoTiss ($1.08 in chips) 
Seat 7: Jimshamar ($4.06 in chips) 
Seat 8: zpxnjp21 ($1.75 in chips) 
Seat 9: Za1CeV ($2.37 in chips) 
Za1CeV: posts small blind $0.01
EdVince1970: posts big blind $0.02
*** HOLE CARDS ***
Dealt to Dorex2007 [4s 3d]
bradeda: folds 
Dorex2007: folds 
hybriddddd: folds 
ser447787: raises $0.04 to $0.06
UnoTiss: calls $0.06
Jimshamar: folds 
zpxnjp21: calls $0.06
Za1CeV: folds 
EdVince1970: folds 
*** FLOP *** [9h 8d 7d]
ser447787: checks 
UnoTiss: checks 
zpxnjp21: bets $1.69 and is all-in
ser447787: folds 
UnoTiss: folds 
Uncalled bet ($1.69) returned to zpxnjp21
zpxnjp21 collected $0.20 from pot
zpxnjp21: doesn't show hand 
*** SUMMARY ***
Total pot $0.21 | Rake $0.01 
Board [9h 8d 7d]
Seat 1: EdVince1970 (big blind) folded before Flop
Seat 2: bradeda folded before Flop (didn't bet)
Seat 3: Dorex2007 folded before Flop (didn't bet)
Seat 4: hybriddddd folded before Flop (didn't bet)
Seat 5: ser447787 folded on the Flop
Seat 6: UnoTiss folded on the Flop
Seat 7: Jimshamar folded before Flop (didn't bet)
Seat 8: zpxnjp21 (button) collected ($0.20)
Seat 9: Za1CeV (small blind) folded before Flop



PokerStars Hand #224093908772:  Hold'em No Limit ($0.01/$0.02 USD) - 2021/02/21 22:54:00 PT [2021/02/22 1:54:00 ET]
Table 'Sheliak IV' 9-max Seat #9 is the button
Seat 1: EdVince1970 ($3.14 in chips) 
Seat 2: bradeda ($3.95 in chips) 
Seat 3: Dorex2007 ($2.53 in chips) 
Seat 4: hybriddddd ($0.30 in chips) 
Seat 5: ser447787 ($1.94 in chips) 
Seat 6: UnoTiss ($1.02 in chips) 
Seat 7: Jimshamar ($4.06 in chips) 
Seat 8: zpxnjp21 ($1.89 in chips) 
Seat 9: Za1CeV ($2.36 in chips) 
EdVince1970: posts small blind $0.01
bradeda: posts big blind $0.02
*** HOLE CARDS ***
Dealt to Dorex2007 [Td Jd]
Dorex2007: raises $0.02 to $0.04
hybriddddd: raises $0.26 to $0.30 and is all-in
ser447787: folds 
UnoTiss: folds 
Jimshamar: folds 
zpxnjp21: folds 
Za1CeV: folds 
EdVince1970: folds 
bradeda: folds 
Dorex2007: folds 
Uncalled bet ($0.26) returned to hybriddddd
hybriddddd collected $0.11 from pot
*** SUMMARY ***
Total pot $0.11 | Rake $0 
Seat 1: EdVince1970 (small blind) folded before Flop
Seat 2: bradeda (big blind) folded before Flop
Seat 3: Dorex2007 folded before Flop
Seat 4: hybriddddd collected ($0.11)
Seat 5: ser447787 folded before Flop (didn't bet)
Seat 6: UnoTiss folded before Flop (didn't bet)
Seat 7: Jimshamar folded before Flop (didn't bet)
Seat 8: zpxnjp21 folded before Flop (didn't bet)
Seat 9: Za1CeV (button) folded before Flop (didn't bet)



PokerStars Hand #224093914278:  Hold'em No Limit ($0.01/$0.02 USD) - 2021/02/21 22:54:33 PT [2021/02/22 1:54:33 ET]
Table 'Sheliak IV' 9-max Seat #1 is the button
Seat 1: EdVince1970 ($3.13 in chips) 
Seat 2: bradeda ($3.93 in chips) 
Seat 3: Dorex2007 ($2.49 in chips) 
Seat 4: hybriddddd ($0.37 in chips) 
Seat 5: ser447787 ($1.94 in chips) 
Seat 6: UnoTiss ($1.02 in chips) 
Seat 7: Jimshamar ($4.06 in chips) 
Seat 8: zpxnjp21 ($1.89 in chips) 
Seat 9: Za1CeV ($2.36 in chips) 
bradeda: posts small blind $0.01
Dorex2007: posts big blind $0.02
*** HOLE CARDS ***
Dealt to Dorex2007 [5d Jh]
hybriddddd has timed out
hybriddddd: folds 
ser447787: folds 
UnoTiss: folds 
Jimshamar: folds 
zpxnjp21: folds 
Za1CeV: raises $0.04 to $0.06
EdVince1970: folds 
bradeda: folds 
Dorex2007: folds 
Uncalled bet ($0.04) returned to Za1CeV
Za1CeV collected $0.05 from pot
Za1CeV: doesn't show hand 
*** SUMMARY ***
Total pot $0.05 | Rake $0 
Seat 1: EdVince1970 (button) folded before Flop (didn't bet)
Seat 2: bradeda (small blind) folded before Flop
Seat 3: Dorex2007 (big blind) folded before Flop
Seat 4: hybriddddd folded before Flop (didn't bet)
Seat 5: ser447787 folded before Flop (didn't bet)
Seat 6: UnoTiss folded before Flop (didn't bet)
Seat 7: Jimshamar folded before Flop (didn't bet)
Seat 8: zpxnjp21 folded before Flop (didn't bet)
Seat 9: Za1CeV collected ($0.05)



PokerStars Hand #224093918748:  Hold'em No Limit ($0.01/$0.02 USD) - 2021/02/21 22:55:01 PT [2021/02/22 1:55:01 ET]
Table 'Sheliak IV' 9-max Seat #2 is the button
Seat 1: EdVince1970 ($3.13 in chips) 
Seat 2: bradeda ($3.92 in chips) 
Seat 3: Dorex2007 ($2.47 in chips) 
Seat 4: hybriddddd ($0.37 in chips) 
Seat 5: ser447787 ($1.94 in chips) 
Seat 6: UnoTiss ($1.02 in chips) 
Seat 7: Jimshamar ($4.06 in chips) 
Seat 8: zpxnjp21 ($1.89 in chips) 
Seat 9: Za1CeV ($2.39 in chips) 
Dorex2007: posts small blind $0.01
hybriddddd: posts big blind $0.02
*** HOLE CARDS ***
Dealt to Dorex2007 [Ac 7s]
ser447787: folds 
UnoTiss: folds 
Jimshamar: raises $0.03 to $0.05
zpxnjp21: folds 
Za1CeV: folds 
EdVince1970: folds 
bradeda: folds 
Dorex2007: calls $0.04
hybriddddd: raises $0.32 to $0.37 and is all-in
Jimshamar: folds 
Dorex2007: folds 
Uncalled bet ($0.32) returned to hybriddddd
hybriddddd collected $0.15 from pot
*** SUMMARY ***
Total pot $0.15 | Rake $0 
Seat 1: EdVince1970 folded before Flop (didn't bet)
Seat 2: bradeda (button) folded before Flop (didn't bet)
Seat 3: Dorex2007 (small blind) folded before Flop
Seat 4: hybriddddd (big blind) collected ($0.15)
Seat 5: ser447787 folded before Flop (didn't bet)
Seat 6: UnoTiss folded before Flop (didn't bet)
Seat 7: Jimshamar folded before Flop
Seat 8: zpxnjp21 folded before Flop (didn't bet)
Seat 9: Za1CeV folded before Flop (didn't bet)



PokerStars Hand #224093923225:  Hold'em No Limit ($0.01/$0.02 USD) - 2021/02/21 22:55:31 PT [2021/02/22 1:55:31 ET]
Table 'Sheliak IV' 9-max Seat #3 is the button
Seat 1: EdVince1970 ($3.13 in chips) 
Seat 2: bradeda ($3.92 in chips) 
Seat 3: Dorex2007 ($2.42 in chips) 
Seat 4: hybriddddd ($0.47 in chips) 
Seat 5: ser447787 ($1.94 in chips) 
Seat 6: UnoTiss ($1.02 in chips) 
Seat 7: Jimshamar ($4.01 in chips) 
Seat 8: zpxnjp21 ($1.89 in chips) 
Seat 9: Za1CeV ($2.39 in chips) 
hybriddddd: posts small blind $0.01
ser447787: posts big blind $0.02
*** HOLE CARDS ***
Dealt to Dorex2007 [Td Ks]
UnoTiss: folds 
Jimshamar: folds 
zpxnjp21: folds 
Za1CeV: folds 
EdVince1970: calls $0.02
bradeda: folds 
Dorex2007: folds 
hybriddddd: raises $0.10 to $0.12
ser447787: folds 
EdVince1970: folds 
Uncalled bet ($0.10) returned to hybriddddd
hybriddddd collected $0.06 from pot
*** SUMMARY ***
Total pot $0.06 | Rake $0 
Seat 1: EdVince1970 folded before Flop
Seat 2: bradeda folded before Flop (didn't bet)
Seat 3: Dorex2007 (button) folded before Flop (didn't bet)
Seat 4: hybriddddd (small blind) collected ($0.06)
Seat 5: ser447787 (big blind) folded before Flop
Seat 6: UnoTiss folded before Flop (didn't bet)
Seat 7: Jimshamar folded before Flop (didn't bet)
Seat 8: zpxnjp21 folded before Flop (didn't bet)
Seat 9: Za1CeV folded before Flop (didn't bet)



PokerStars Hand #224093928572:  Hold'em No Limit ($0.01/$0.02 USD) - 2021/02/21 22:56:10 PT [2021/02/22 1:56:10 ET]
Table 'Sheliak IV' 9-max Seat #4 is the button
Seat 1: EdVince1970 ($3.11 in chips) 
Seat 2: bradeda ($3.92 in chips) 
Seat 3: Dorex2007 ($2.42 in chips) 
Seat 4: hybriddddd ($0.51 in chips) 
Seat 5: ser447787 ($1.92 in chips) 
Seat 6: UnoTiss ($1.02 in chips) 
Seat 7: Jimshamar ($4.01 in chips) 
Seat 8: zpxnjp21 ($1.89 in chips) 
Seat 9: Za1CeV ($2.39 in chips) 
ser447787: posts small blind $0.01
UnoTiss: posts big blind $0.02
*** HOLE CARDS ***
Dealt to Dorex2007 [Jh 3s]
Jimshamar: folds 
zpxnjp21: folds 
Za1CeV: folds 
EdVince1970 has timed out
EdVince1970: folds 
bradeda: folds 
Dorex2007: folds 
hybriddddd: folds 
ser447787: folds 
Uncalled bet ($0.01) returned to UnoTiss
UnoTiss collected $0.02 from pot
*** SUMMARY ***
Total pot $0.02 | Rake $0 
Seat 1: EdVince1970 folded before Flop (didn't bet)
Seat 2: bradeda folded before Flop (didn't bet)
Seat 3: Dorex2007 folded before Flop (didn't bet)
Seat 4: hybriddddd (button) folded before Flop (didn't bet)
Seat 5: ser447787 (small blind) folded before Flop
Seat 6: UnoTiss (big blind) collected ($0.02)
Seat 7: Jimshamar folded before Flop (didn't bet)
Seat 8: zpxnjp21 folded before Flop (didn't bet)
Seat 9: Za1CeV folded before Flop (didn't bet)



PokerStars Hand #224093931974:  Hold'em No Limit ($0.01/$0.02 USD) - 2021/02/21 22:56:34 PT [2021/02/22 1:56:34 ET]
Table 'Sheliak IV' 9-max Seat #5 is the button
Seat 1: EdVince1970 ($3.11 in chips) 
Seat 2: bradeda ($3.92 in chips) 
Seat 3: Dorex2007 ($2.42 in chips) 
Seat 4: hybriddddd ($0.51 in chips) 
Seat 5: ser447787 ($1.99 in chips) 
Seat 6: UnoTiss ($1.03 in chips) 
Seat 7: Jimshamar ($4.01 in chips) 
Seat 8: zpxnjp21 ($1.89 in chips) 
Seat 9: Za1CeV ($2.39 in chips) 
UnoTiss: posts small blind $0.01
Jimshamar: posts big blind $0.02
*** HOLE CARDS ***
Dealt to Dorex2007 [7h 5d]
zpxnjp21: folds 
Za1CeV: folds 
EdVince1970: folds 
bradeda: folds 
Dorex2007: folds 
hybriddddd: folds 
ser447787: folds 
UnoTiss: raises $0.04 to $0.06
Jimshamar: folds 
Uncalled bet ($0.04) returned to UnoTiss
UnoTiss collected $0.04 from pot
*** SUMMARY ***
Total pot $0.04 | Rake $0 
Seat 1: EdVince1970 folded before Flop (didn't bet)
Seat 2: bradeda folded before Flop (didn't bet)
Seat 3: Dorex2007 folded before Flop (didn't bet)
Seat 4: hybriddddd folded before Flop (didn't bet)
Seat 5: ser447787 (button) folded before Flop (didn't bet)
Seat 6: UnoTiss (small blind) collected ($0.04)
Seat 7: Jimshamar (big blind) folded before Flop
Seat 8: zpxnjp21 folded before Flop (didn't bet)
Seat 9: Za1CeV folded before Flop (didn't bet)



PokerStars Hand #224093934968:  Hold'em No Limit ($0.01/$0.02 USD) - 2021/02/21 22:56:56 PT [2021/02/22 1:56:56 ET]
Table 'Sheliak IV' 9-max Seat #6 is the button
Seat 1: EdVince1970 ($3.11 in chips) 
Seat 2: bradeda ($3.92 in chips) 
Seat 3: Dorex2007 ($2.42 in chips) 
Seat 4: hybriddddd ($0.51 in chips) 
Seat 5: ser447787 ($1.99 in chips) 
Seat 6: UnoTiss ($1.05 in chips) 
Seat 7: Jimshamar ($3.99 in chips) 
Seat 8: zpxnjp21 ($1.89 in chips) 
Seat 9: Za1CeV ($2.39 in chips) 
Jimshamar: posts small blind $0.01
zpxnjp21: posts big blind $0.02
*** HOLE CARDS ***
Dealt to Dorex2007 [7d Kd]
Za1CeV: folds 
EdVince1970: folds 
bradeda: calls $0.02
Dorex2007: folds 
hybriddddd: folds 
ser447787: folds 
UnoTiss: folds 
Jimshamar: calls $0.01
zpxnjp21: checks 
*** FLOP *** [Ac Tc 8d]
Jimshamar: checks 
zpxnjp21: bets $0.05
bradeda: folds 
Jimshamar: folds 
Uncalled bet ($0.05) returned to zpxnjp21
zpxnjp21 collected $0.06 from pot
zpxnjp21: doesn't show hand 
*** SUMMARY ***
Total pot $0.06 | Rake $0 
Board [Ac Tc 8d]
Seat 1: EdVince1970 folded before Flop (didn't bet)
Seat 2: bradeda folded on the Flop
Seat 3: Dorex2007 folded before Flop (didn't bet)
Seat 4: hybriddddd folded before Flop (didn't bet)
Seat 5: ser447787 folded before Flop (didn't bet)
Seat 6: UnoTiss (button) folded before Flop (didn't bet)
Seat 7: Jimshamar (small blind) folded on the Flop
Seat 8: zpxnjp21 (big blind) collected ($0.06)
Seat 9: Za1CeV folded before Flop (didn't bet)



PokerStars Hand #224093940478:  Hold'em No Limit ($0.01/$0.02 USD) - 2021/02/21 22:57:35 PT [2021/02/22 1:57:35 ET]
Table 'Sheliak IV' 9-max Seat #7 is the button
Seat 1: EdVince1970 ($3.11 in chips) 
Seat 2: bradeda ($3.90 in chips) 
Seat 3: Dorex2007 ($2.42 in chips) 
Seat 4: hybriddddd ($0.51 in chips) 
Seat 5: ser447787 ($1.99 in chips) 
Seat 6: UnoTiss ($1.05 in chips) 
Seat 7: Jimshamar ($3.97 in chips) 
Seat 8: zpxnjp21 ($1.93 in chips) 
Seat 9: Za1CeV ($2.39 in chips) 
zpxnjp21: posts small blind $0.01
Za1CeV: posts big blind $0.02
*** HOLE CARDS ***
Dealt to Dorex2007 [Kc 8c]
EdVince1970: folds 
bradeda: folds 
Dorex2007: folds 
hybriddddd: folds 
ser447787: folds 
UnoTiss: folds 
Jimshamar: folds 
zpxnjp21: folds 
Uncalled bet ($0.01) returned to Za1CeV
Za1CeV collected $0.02 from pot
Za1CeV: doesn't show hand 
*** SUMMARY ***
Total pot $0.02 | Rake $0 
Seat 1: EdVince1970 folded before Flop (didn't bet)
Seat 2: bradeda folded before Flop (didn't bet)
Seat 3: Dorex2007 folded before Flop (didn't bet)
Seat 4: hybriddddd folded before Flop (didn't bet)
Seat 5: ser447787 folded before Flop (didn't bet)
Seat 6: UnoTiss folded before Flop (didn't bet)
Seat 7: Jimshamar (button) folded before Flop (didn't bet)
Seat 8: zpxnjp21 (small blind) folded before Flop
Seat 9: Za1CeV (big blind) collected ($0.02)



PokerStars Hand #224093942522:  Hold'em No Limit ($0.01/$0.02 USD) - 2021/02/21 22:57:50 PT [2021/02/22 1:57:50 ET]
Table 'Sheliak IV' 9-max Seat #8 is the button
Seat 1: EdVince1970 ($3.11 in chips) 
Seat 2: bradeda ($3.90 in chips) 
Seat 3: Dorex2007 ($2.42 in chips) 
Seat 4: hybriddddd ($0.51 in chips) 
Seat 5: ser447787 ($1.99 in chips) 
Seat 6: UnoTiss ($1.05 in chips) 
Seat 7: Jimshamar ($3.97 in chips) 
Seat 8: zpxnjp21 ($1.92 in chips) 
Seat 9: Za1CeV ($2.40 in chips) 
Za1CeV: posts small blind $0.01
EdVince1970: posts big blind $0.02
*** HOLE CARDS ***
Dealt to Dorex2007 [6s 9s]
bradeda: folds 
Dorex2007: folds 
hybriddddd: folds 
ser447787: raises $0.04 to $0.06
UnoTiss: folds 
Jimshamar: folds 
zpxnjp21: folds 
Za1CeV: folds 
EdVince1970: folds 
Uncalled bet ($0.04) returned to ser447787
ser447787 collected $0.05 from pot
*** SUMMARY ***
Total pot $0.05 | Rake $0 
Seat 1: EdVince1970 (big blind) folded before Flop
Seat 2: bradeda folded before Flop (didn't bet)
Seat 3: Dorex2007 folded before Flop (didn't bet)
Seat 4: hybriddddd folded before Flop (didn't bet)
Seat 5: ser447787 collected ($0.05)
Seat 6: UnoTiss folded before Flop (didn't bet)
Seat 7: Jimshamar folded before Flop (didn't bet)
Seat 8: zpxnjp21 (button) folded before Flop (didn't bet)
Seat 9: Za1CeV (small blind) folded before Flop



PokerStars Hand #224093946170:  Hold'em No Limit ($0.01/$0.02 USD) - 2021/02/21 22:58:15 PT [2021/02/22 1:58:15 ET]
Table 'Sheliak IV' 9-max Seat #9 is the button
Seat 1: EdVince1970 ($3.09 in chips) 
Seat 2: bradeda ($3.90 in chips) 
Seat 3: Dorex2007 ($2.42 in chips) 
Seat 4: hybriddddd ($0.51 in chips) 
Seat 5: ser447787 ($2.02 in chips) 
Seat 6: UnoTiss ($1.05 in chips) 
Seat 7: Jimshamar ($3.97 in chips) 
Seat 8: zpxnjp21 ($1.92 in chips) 
Seat 9: Za1CeV ($2.39 in chips) 
EdVince1970: posts small blind $0.01
bradeda: posts big blind $0.02
*** HOLE CARDS ***
Dealt to Dorex2007 [Ts Jd]
Dorex2007: folds 
hybriddddd: folds 
ser447787: folds 
UnoTiss: folds 
Jimshamar: folds 
zpxnjp21: folds 
Za1CeV: raises $0.04 to $0.06
EdVince1970: folds 
bradeda: folds 
Uncalled bet ($0.04) returned to Za1CeV
Za1CeV collected $0.05 from pot
Za1CeV: doesn't show hand 
*** SUMMARY ***
Total pot $0.05 | Rake $0 
Seat 1: EdVince1970 (small blind) folded before Flop
Seat 2: bradeda (big blind) folded before Flop
Seat 3: Dorex2007 folded before Flop (didn't bet)
Seat 4: hybriddddd folded before Flop (didn't bet)
Seat 5: ser447787 folded before Flop (didn't bet)
Seat 6: UnoTiss folded before Flop (didn't bet)
Seat 7: Jimshamar folded before Flop (didn't bet)
Seat 8: zpxnjp21 folded before Flop (didn't bet)
Seat 9: Za1CeV (button) collected ($0.05)



PokerStars Hand #224093949952:  Hold'em No Limit ($0.01/$0.02 USD) - 2021/02/21 22:58:42 PT [2021/02/22 1:58:42 ET]
Table 'Sheliak IV' 9-max Seat #1 is the button
Seat 1: EdVince1970 ($3.08 in chips) 
Seat 2: bradeda ($3.88 in chips) 
Seat 3: Dorex2007 ($2.42 in chips) 
Seat 4: hybriddddd ($0.51 in chips) 
Seat 5: ser447787 ($2.02 in chips) 
Seat 6: UnoTiss ($1.05 in chips) 
Seat 7: Jimshamar ($3.97 in chips) 
Seat 8: zpxnjp21 ($1.92 in chips) 
Seat 9: Za1CeV ($2.42 in chips) 
bradeda: posts small blind $0.01
Dorex2007: posts big blind $0.02
*** HOLE CARDS ***
Dealt to Dorex2007 [2d Kh]
hybriddddd: folds 
ser447787: raises $0.04 to $0.06
UnoTiss: folds 
Jimshamar: folds 
zpxnjp21: folds 
Za1CeV: folds 
EdVince1970: folds 
bradeda: folds 
Dorex2007: folds 
Uncalled bet ($0.04) returned to ser447787
ser447787 collected $0.05 from pot
*** SUMMARY ***
Total pot $0.05 | Rake $0 
Seat 1: EdVince1970 (button) folded before Flop (didn't bet)
Seat 2: bradeda (small blind) folded before Flop
Seat 3: Dorex2007 (big blind) folded before Flop
Seat 4: hybriddddd folded before Flop (didn't bet)
Seat 5: ser447787 collected ($0.05)
Seat 6: UnoTiss folded before Flop (didn't bet)
Seat 7: Jimshamar folded before Flop (didn't bet)
Seat 8: zpxnjp21 folded before Flop (didn't bet)
Seat 9: Za1CeV folded before Flop (didn't bet)



PokerStars Hand #224093952009:  Hold'em No Limit ($0.01/$0.02 USD) - 2021/02/21 22:58:57 PT [2021/02/22 1:58:57 ET]
Table 'Sheliak IV' 9-max Seat #2 is the button
Seat 1: EdVince1970 ($3.08 in chips) 
Seat 2: bradeda ($3.87 in chips) 
Seat 3: Dorex2007 ($2.40 in chips) 
Seat 4: hybriddddd ($0.51 in chips) 
Seat 5: ser447787 ($2.05 in chips) 
Seat 6: UnoTiss ($1.05 in chips) 
Seat 7: Jimshamar ($3.97 in chips) 
Seat 8: zpxnjp21 ($1.92 in chips) 
Seat 9: Za1CeV ($2.42 in chips) 
Dorex2007: posts small blind $0.01
hybriddddd: posts big blind $0.02
*** HOLE CARDS ***
Dealt to Dorex2007 [7s 4s]
ser447787: folds 
UnoTiss: raises $0.04 to $0.06
Jimshamar: folds 
zpxnjp21: folds 
Za1CeV: folds 
EdVince1970: folds 
bradeda: folds 
Dorex2007: folds 
hybriddddd: folds 
Uncalled bet ($0.04) returned to UnoTiss
UnoTiss collected $0.05 from pot
*** SUMMARY ***
Total pot $0.05 | Rake $0 
Seat 1: EdVince1970 folded before Flop (didn't bet)
Seat 2: bradeda (button) folded before Flop (didn't bet)
Seat 3: Dorex2007 (small blind) folded before Flop
Seat 4: hybriddddd (big blind) folded before Flop
Seat 5: ser447787 folded before Flop (didn't bet)
Seat 6: UnoTiss collected ($0.05)
Seat 7: Jimshamar folded before Flop (didn't bet)
Seat 8: zpxnjp21 folded before Flop (didn't bet)
Seat 9: Za1CeV folded before Flop (didn't bet)



PokerStars Hand #224093955343:  Hold'em No Limit ($0.01/$0.02 USD) - 2021/02/21 22:59:20 PT [2021/02/22 1:59:20 ET]
Table 'Sheliak IV' 9-max Seat #3 is the button
Seat 1: EdVince1970 ($3.08 in chips) 
Seat 2: bradeda ($3.87 in chips) 
Seat 3: Dorex2007 ($2.39 in chips) 
Seat 4: hybriddddd ($0.49 in chips) 
Seat 5: ser447787 ($2.05 in chips) 
Seat 6: UnoTiss ($1.08 in chips) 
Seat 7: Jimshamar ($3.97 in chips) 
Seat 8: zpxnjp21 ($1.92 in chips) 
Seat 9: Za1CeV ($2.42 in chips) 
hybriddddd: posts small blind $0.01
ser447787: posts big blind $0.02
*** HOLE CARDS ***
Dealt to Dorex2007 [Qc 8c]
UnoTiss: folds 
Jimshamar: folds 
zpxnjp21: folds 
Za1CeV: folds 
EdVince1970: folds 
bradeda: folds 
Dorex2007: folds 
hybriddddd: calls $0.01
ser447787: checks 
*** FLOP *** [7h 2c Js]
hybriddddd: bets $0.08
ser447787: folds 
Uncalled bet ($0.08) returned to hybriddddd
hybriddddd collected $0.04 from pot
*** SUMMARY ***
Total pot $0.04 | Rake $0 
Board [7h 2c Js]
Seat 1: EdVince1970 folded before Flop (didn't bet)
Seat 2: bradeda folded before Flop (didn't bet)
Seat 3: Dorex2007 (button) folded before Flop (didn't bet)
Seat 4: hybriddddd (small blind) collected ($0.04)
Seat 5: ser447787 (big blind) folded on the Flop
Seat 6: UnoTiss folded before Flop (didn't bet)
Seat 7: Jimshamar folded before Flop (didn't bet)
Seat 8: zpxnjp21 folded before Flop (didn't bet)
Seat 9: Za1CeV folded before Flop (didn't bet)



PokerStars Hand #224093960671:  Hold'em No Limit ($0.01/$0.02 USD) - 2021/02/21 22:59:58 PT [2021/02/22 1:59:58 ET]
Table 'Sheliak IV' 9-max Seat #4 is the button
Seat 1: EdVince1970 ($3.08 in chips) 
Seat 2: bradeda ($3.87 in chips) 
Seat 3: Dorex2007 ($2.39 in chips) 
Seat 4: hybriddddd ($0.51 in chips) 
Seat 5: ser447787 ($2.03 in chips) 
Seat 6: UnoTiss ($1.08 in chips) 
Seat 7: Jimshamar ($3.97 in chips) 
Seat 8: zpxnjp21 ($1.92 in chips) 
Seat 9: Za1CeV ($2.42 in chips) 
ser447787: posts small blind $0.01
UnoTiss: posts big blind $0.02
*** HOLE CARDS ***
Dealt to Dorex2007 [3d 9d]
Jimshamar: folds 
zpxnjp21: folds 
Za1CeV: folds 
EdVince1970: folds 
bradeda: raises $0.04 to $0.06
Dorex2007: folds 
hybriddddd: folds 
ser447787: folds 
UnoTiss: folds 
Uncalled bet ($0.04) returned to bradeda
bradeda collected $0.05 from pot
*** SUMMARY ***
Total pot $0.05 | Rake $0 
Seat 1: EdVince1970 folded before Flop (didn't bet)
Seat 2: bradeda collected ($0.05)
Seat 3: Dorex2007 folded before Flop (didn't bet)
Seat 4: hybriddddd (button) folded before Flop (didn't bet)
Seat 5: ser447787 (small blind) folded before Flop
Seat 6: UnoTiss (big blind) folded before Flop
Seat 7: Jimshamar folded before Flop (didn't bet)
Seat 8: zpxnjp21 folded before Flop (didn't bet)
Seat 9: Za1CeV folded before Flop (didn't bet)



PokerStars Hand #224093965229:  Hold'em No Limit ($0.01/$0.02 USD) - 2021/02/21 23:00:29 PT [2021/02/22 2:00:29 ET]
Table 'Sheliak IV' 9-max Seat #5 is the button
Seat 1: EdVince1970 ($3.08 in chips) 
Seat 2: bradeda ($3.90 in chips) 
Seat 3: Dorex2007 ($2.39 in chips) 
Seat 4: hybriddddd ($0.51 in chips) 
Seat 5: ser447787 ($2.02 in chips) 
Seat 6: UnoTiss ($1.06 in chips) 
Seat 7: Jimshamar ($3.97 in chips) 
Seat 8: zpxnjp21 ($1.92 in chips) 
Seat 9: Za1CeV ($2.42 in chips) 
UnoTiss: posts small blind $0.01
Jimshamar: posts big blind $0.02
*** HOLE CARDS ***
Dealt to Dorex2007 [Ah Jh]
zpxnjp21: folds 
Za1CeV: folds 
EdVince1970: folds 
bradeda: folds 
Dorex2007: raises $0.04 to $0.06
hybriddddd: folds 
ser447787: folds 
UnoTiss: folds 
Jimshamar: folds 
Uncalled bet ($0.04) returned to Dorex2007
Dorex2007 said, "should of gone all in ;)"
Dorex2007 collected $0.05 from pot
Dorex2007: doesn't show hand 
*** SUMMARY ***
Total pot $0.05 | Rake $0 
Seat 1: EdVince1970 folded before Flop (didn't bet)
Seat 2: bradeda folded before Flop (didn't bet)
Seat 3: Dorex2007 collected ($0.05)
Seat 4: hybriddddd folded before Flop (didn't bet)
Seat 5: ser447787 (button) folded before Flop (didn't bet)
Seat 6: UnoTiss (small blind) folded before Flop
Seat 7: Jimshamar (big blind) folded before Flop
Seat 8: zpxnjp21 folded before Flop (didn't bet)
Seat 9: Za1CeV folded before Flop (didn't bet)



PokerStars Hand #224093971515:  Hold'em No Limit ($0.01/$0.02 USD) - 2021/02/21 23:01:10 PT [2021/02/22 2:01:10 ET]
Table 'Sheliak IV' 9-max Seat #6 is the button
Seat 1: EdVince1970 ($3.08 in chips) 
Seat 2: bradeda ($3.90 in chips) 
Seat 3: Dorex2007 ($2.42 in chips) 
Seat 4: hybriddddd ($0.51 in chips) 
Seat 5: ser447787 ($2.02 in chips) 
Seat 6: UnoTiss ($1.05 in chips) 
Seat 7: Jimshamar ($3.95 in chips) 
Seat 8: zpxnjp21 ($1.92 in chips) 
Seat 9: Za1CeV ($2.42 in chips) 
Jimshamar: posts small blind $0.01
zpxnjp21: posts big blind $0.02
*** HOLE CARDS ***
Dealt to Dorex2007 [Jd Qs]
Za1CeV: raises $0.04 to $0.06
EdVince1970: folds 
bradeda: folds 
Dorex2007: folds 
hybriddddd: folds 
ser447787: folds 
UnoTiss: folds 
Jimshamar: calls $0.05
zpxnjp21: folds 
*** FLOP *** [Kh Jh 4s]
Jimshamar: checks 
Za1CeV: bets $0.07
Jimshamar: folds 
Uncalled bet ($0.07) returned to Za1CeV
Za1CeV collected $0.14 from pot
Za1CeV: doesn't show hand 
*** SUMMARY ***
Total pot $0.14 | Rake $0 
Board [Kh Jh 4s]
Seat 1: EdVince1970 folded before Flop (didn't bet)
Seat 2: bradeda folded before Flop (didn't bet)
Seat 3: Dorex2007 folded before Flop (didn't bet)
Seat 4: hybriddddd folded before Flop (didn't bet)
Seat 5: ser447787 folded before Flop (didn't bet)
Seat 6: UnoTiss (button) folded before Flop (didn't bet)
Seat 7: Jimshamar (small blind) folded on the Flop
Seat 8: zpxnjp21 (big blind) folded before Flop
Seat 9: Za1CeV collected ($0.14)



PokerStars Hand #224093977600:  Hold'em No Limit ($0.01/$0.02 USD) - 2021/02/21 23:01:49 PT [2021/02/22 2:01:49 ET]
Table 'Sheliak IV' 9-max Seat #7 is the button
Seat 1: EdVince1970 ($3.08 in chips) 
Seat 2: bradeda ($3.90 in chips) 
Seat 3: Dorex2007 ($2.42 in chips) 
Seat 4: hybriddddd ($0.51 in chips) 
Seat 5: ser447787 ($2.02 in chips) 
Seat 6: UnoTiss ($1.05 in chips) 
Seat 7: Jimshamar ($3.89 in chips) 
Seat 8: zpxnjp21 ($1.90 in chips) 
Seat 9: Za1CeV ($2.50 in chips) 
zpxnjp21: posts small blind $0.01
Za1CeV: posts big blind $0.02
*** HOLE CARDS ***
Dealt to Dorex2007 [4h Kh]
EdVince1970: folds 
bradeda: folds 
Dorex2007: folds 
hybriddddd: folds 
ser447787: folds 
UnoTiss: raises $0.04 to $0.06
Jimshamar: folds 
zpxnjp21: folds 
Za1CeV: folds 
Uncalled bet ($0.04) returned to UnoTiss
UnoTiss collected $0.05 from pot
*** SUMMARY ***
Total pot $0.05 | Rake $0 
Seat 1: EdVince1970 folded before Flop (didn't bet)
Seat 2: bradeda folded before Flop (didn't bet)
Seat 3: Dorex2007 folded before Flop (didn't bet)
Seat 4: hybriddddd folded before Flop (didn't bet)
Seat 5: ser447787 folded before Flop (didn't bet)
Seat 6: UnoTiss collected ($0.05)
Seat 7: Jimshamar (button) folded before Flop (didn't bet)
Seat 8: zpxnjp21 (small blind) folded before Flop
Seat 9: Za1CeV (big blind) folded before Flop



PokerStars Hand #224093981908:  Hold'em No Limit ($0.01/$0.02 USD) - 2021/02/21 23:02:16 PT [2021/02/22 2:02:16 ET]
Table 'Sheliak IV' 9-max Seat #8 is the button
Seat 1: EdVince1970 ($3.08 in chips) 
Seat 2: bradeda ($3.90 in chips) 
Seat 3: Dorex2007 ($2.42 in chips) 
Seat 4: hybriddddd ($0.51 in chips) 
Seat 5: ser447787 ($2.02 in chips) 
Seat 6: UnoTiss ($1.08 in chips) 
Seat 7: Jimshamar ($3.89 in chips) 
Seat 8: zpxnjp21 ($1.89 in chips) 
Seat 9: Za1CeV ($2.48 in chips) 
Za1CeV: posts small blind $0.01
EdVince1970: posts big blind $0.02
*** HOLE CARDS ***
Dealt to Dorex2007 [Jc 5c]
bradeda: folds 
Dorex2007: folds 
hybriddddd: folds 
ser447787: folds 
UnoTiss: folds 
Jimshamar: folds 
zpxnjp21: folds 
Za1CeV: folds 
Uncalled bet ($0.01) returned to EdVince1970
EdVince1970 collected $0.02 from pot
*** SUMMARY ***
Total pot $0.02 | Rake $0 
Seat 1: EdVince1970 (big blind) collected ($0.02)
Seat 2: bradeda folded before Flop (didn't bet)
Seat 3: Dorex2007 folded before Flop (didn't bet)
Seat 4: hybriddddd folded before Flop (didn't bet)
Seat 5: ser447787 folded before Flop (didn't bet)
Seat 6: UnoTiss folded before Flop (didn't bet)
Seat 7: Jimshamar folded before Flop (didn't bet)
Seat 8: zpxnjp21 (button) folded before Flop (didn't bet)
Seat 9: Za1CeV (small blind) folded before Flop



PokerStars Hand #224093987604:  Hold'em No Limit ($0.01/$0.02 USD) - 2021/02/21 23:02:52 PT [2021/02/22 2:02:52 ET]
Table 'Sheliak IV' 9-max Seat #9 is the button
Seat 1: EdVince1970 ($3.09 in chips) 
Seat 2: bradeda ($3.90 in chips) 
Seat 3: Dorex2007 ($2.42 in chips) 
Seat 4: hybriddddd ($0.51 in chips) 
Seat 5: ser447787 ($2.02 in chips) 
Seat 6: UnoTiss ($1.08 in chips) 
Seat 7: Jimshamar ($3.89 in chips) 
Seat 8: zpxnjp21 ($1.89 in chips) 
Seat 9: Za1CeV ($2.47 in chips) 
EdVince1970: posts small blind $0.01
bradeda: posts big blind $0.02
*** HOLE CARDS ***
Dealt to Dorex2007 [Qd 6c]
Dorex2007: calls $0.02
hybriddddd: calls $0.02
ser447787: folds 
UnoTiss: folds 
Jimshamar: folds 
zpxnjp21: folds 
Za1CeV: folds 
EdVince1970: calls $0.01
bradeda: checks 
*** FLOP *** [6h 8d Qc]
EdVince1970: checks 
bradeda: checks 
Dorex2007: bets $0.08
hybriddddd: calls $0.08
EdVince1970: folds 
bradeda: folds 
*** TURN *** [6h 8d Qc] [7h]
Dorex2007: bets $0.12
hybriddddd: calls $0.12
*** RIVER *** [6h 8d Qc 7h] [4d]
Dorex2007: bets $0.29
hybriddddd: calls $0.29 and is all-in
*** SHOW DOWN ***
Dorex2007: shows [Qd 6c] (two pair, Queens and Sixes)
hybriddddd: shows [Qs Qh] (three of a kind, Queens)
hybriddddd collected $1.02 from pot
*** SUMMARY ***
Total pot $1.06 | Rake $0.04 
Board [6h 8d Qc 7h 4d]
Seat 1: EdVince1970 (small blind) folded on the Flop
Seat 2: bradeda (big blind) folded on the Flop
Seat 3: Dorex2007 showed [Qd 6c] and lost with two pair, Queens and Sixes
Seat 4: hybriddddd showed [Qs Qh] and won ($1.02) with three of a kind, Queens
Seat 5: ser447787 folded before Flop (didn't bet)
Seat 6: UnoTiss folded before Flop (didn't bet)
Seat 7: Jimshamar folded before Flop (didn't bet)
Seat 8: zpxnjp21 folded before Flop (didn't bet)
Seat 9: Za1CeV (button) folded before Flop (didn't bet)



