PokerStars Hand #227688701777:  Hold'em No Limit ($0.01/$0.02 USD) - 2021/06/19 2:02:33 PT [2021/06/19 5:02:33 ET]
Table 'Limburgia' 9-max Seat #6 is the button
Seat 2: johnni748 ($2.64 in chips) 
Seat 3: victordyfox ($1.47 in chips) 
Seat 4: MA551VE ($2.11 in chips) 
Seat 5: Dorex2007 ($2 in chips) 
Seat 6: KINO19821990 ($0.61 in chips) 
Seat 7: DIAMORF ($1.70 in chips) 
Seat 8: Yahtr ($1.65 in chips) 
Seat 9: cubicroot ($0.97 in chips) 
DIAMORF: posts small blind $0.01
Yahtr: posts big blind $0.02
Helwii: sits out 
Dorex2007: posts big blind $0.02
*** HOLE CARDS ***
Dealt to Dorex2007 [Ks Ad]
cubicroot: folds 
johnni748: raises $0.07 to $0.09
victordyfox: folds 
MA551VE: folds 
Dorex2007: calls $0.07
KINO19821990: folds 
DIAMORF: folds 
Yahtr: folds 
*** FLOP *** [Qs Jc 8c]
johnni748: bets $0.20
Dorex2007: folds 
Uncalled bet ($0.20) returned to johnni748
johnni748 collected $0.20 from pot
johnni748: doesn't show hand 
*** SUMMARY ***
Total pot $0.21 | Rake $0.01 
Board [Qs Jc 8c]
Seat 2: johnni748 collected ($0.20)
Seat 3: victordyfox folded before Flop (didn't bet)
Seat 4: MA551VE folded before Flop (didn't bet)
Seat 5: Dorex2007 folded on the Flop
Seat 6: KINO19821990 (button) folded before Flop (didn't bet)
Seat 7: DIAMORF (small blind) folded before Flop
Seat 8: Yahtr (big blind) folded before Flop
Seat 9: cubicroot folded before Flop (didn't bet)



PokerStars Hand #227688707591:  Hold'em No Limit ($0.01/$0.02 USD) - 2021/06/19 2:03:04 PT [2021/06/19 5:03:04 ET]
Table 'Limburgia' 9-max Seat #7 is the button
Seat 2: johnni748 ($2.75 in chips) 
Seat 3: victordyfox ($1.47 in chips) 
Seat 4: MA551VE ($2.11 in chips) 
Seat 5: Dorex2007 ($1.91 in chips) 
Seat 6: KINO19821990 ($0.61 in chips) 
Seat 7: DIAMORF ($1.69 in chips) 
Seat 8: Yahtr ($1.63 in chips) 
Seat 9: cubicroot ($0.97 in chips) 
Yahtr: posts small blind $0.01
cubicroot: posts big blind $0.02
Helwii: sits out 
*** HOLE CARDS ***
Dealt to Dorex2007 [Jc 5d]
johnni748: raises $0.04 to $0.06
victordyfox: folds 
MA551VE: calls $0.06
Dorex2007: folds 
KINO19821990: calls $0.06
DIAMORF: calls $0.06
Yahtr: calls $0.05
cubicroot: calls $0.04
*** FLOP *** [Qh 4h Qd]
Yahtr: checks 
cubicroot: checks 
johnni748: checks 
MA551VE: checks 
KINO19821990: bets $0.55 and is all-in
DIAMORF: folds 
Yahtr: folds 
cubicroot: folds 
johnni748: folds 
MA551VE: folds 
Uncalled bet ($0.55) returned to KINO19821990
KINO19821990 collected $0.35 from pot
KINO19821990: doesn't show hand 
*** SUMMARY ***
Total pot $0.36 | Rake $0.01 
Board [Qh 4h Qd]
Seat 2: johnni748 folded on the Flop
Seat 3: victordyfox folded before Flop (didn't bet)
Seat 4: MA551VE folded on the Flop
Seat 5: Dorex2007 folded before Flop (didn't bet)
Seat 6: KINO19821990 collected ($0.35)
Seat 7: DIAMORF (button) folded on the Flop
Seat 8: Yahtr (small blind) folded on the Flop
Seat 9: cubicroot (big blind) folded on the Flop



PokerStars Hand #227688719443:  Hold'em No Limit ($0.01/$0.02 USD) - 2021/06/19 2:04:08 PT [2021/06/19 5:04:08 ET]
Table 'Limburgia' 9-max Seat #8 is the button
Seat 1: Helwii ($2 in chips) 
Seat 2: johnni748 ($2.69 in chips) 
Seat 3: victordyfox ($1.47 in chips) 
Seat 4: MA551VE ($2.05 in chips) 
Seat 5: Dorex2007 ($1.91 in chips) 
Seat 6: KINO19821990 ($0.90 in chips) 
Seat 7: DIAMORF ($1.63 in chips) 
Seat 8: Yahtr ($2 in chips) 
Seat 9: cubicroot ($0.91 in chips) 
cubicroot: posts small blind $0.01
Helwii: posts big blind $0.02
*** HOLE CARDS ***
Dealt to Dorex2007 [9s 8h]
johnni748: folds 
victordyfox: folds 
MA551VE: folds 
Dorex2007: folds 
KINO19821990: folds 
DIAMORF: calls $0.02
Yahtr: folds 
cubicroot: calls $0.01
Helwii: checks 
*** FLOP *** [6h 8c 8d]
cubicroot: checks 
Helwii: bets $0.02
DIAMORF: folds 
cubicroot: folds 
Uncalled bet ($0.02) returned to Helwii
Helwii collected $0.06 from pot
Helwii: doesn't show hand 
*** SUMMARY ***
Total pot $0.06 | Rake $0 
Board [6h 8c 8d]
Seat 1: Helwii (big blind) collected ($0.06)
Seat 2: johnni748 folded before Flop (didn't bet)
Seat 3: victordyfox folded before Flop (didn't bet)
Seat 4: MA551VE folded before Flop (didn't bet)
Seat 5: Dorex2007 folded before Flop (didn't bet)
Seat 6: KINO19821990 folded before Flop (didn't bet)
Seat 7: DIAMORF folded on the Flop
Seat 8: Yahtr (button) folded before Flop (didn't bet)
Seat 9: cubicroot (small blind) folded on the Flop



PokerStars Hand #227688727001:  Hold'em No Limit ($0.01/$0.02 USD) - 2021/06/19 2:04:48 PT [2021/06/19 5:04:48 ET]
Table 'Limburgia' 9-max Seat #9 is the button
Seat 1: Helwii ($2.04 in chips) 
Seat 2: johnni748 ($2.69 in chips) 
Seat 3: victordyfox ($1.47 in chips) 
Seat 4: MA551VE ($2.05 in chips) 
Seat 5: Dorex2007 ($1.91 in chips) 
Seat 6: KINO19821990 ($0.90 in chips) 
Seat 7: DIAMORF ($1.61 in chips) 
Seat 8: Yahtr ($2 in chips) 
Seat 9: cubicroot ($0.89 in chips) 
Helwii: posts small blind $0.01
johnni748: posts big blind $0.02
*** HOLE CARDS ***
Dealt to Dorex2007 [3h 4c]
victordyfox: calls $0.02
MA551VE: folds 
Dorex2007: folds 
KINO19821990: folds 
DIAMORF: folds 
Yahtr: folds 
cubicroot: folds 
Helwii: folds 
johnni748: checks 
*** FLOP *** [7c 5s 9h]
johnni748: checks 
victordyfox: checks 
*** TURN *** [7c 5s 9h] [Jh]
johnni748: checks 
victordyfox: checks 
*** RIVER *** [7c 5s 9h Jh] [7d]
johnni748: checks 
victordyfox: bets $0.04
johnni748: calls $0.04
*** SHOW DOWN ***
victordyfox: shows [9s Ks] (two pair, Nines and Sevens)
johnni748: mucks hand 
victordyfox collected $0.13 from pot
*** SUMMARY ***
Total pot $0.13 | Rake $0 
Board [7c 5s 9h Jh 7d]
Seat 1: Helwii (small blind) folded before Flop
Seat 2: johnni748 (big blind) mucked [6s 9c]
Seat 3: victordyfox showed [9s Ks] and won ($0.13) with two pair, Nines and Sevens
Seat 4: MA551VE folded before Flop (didn't bet)
Seat 5: Dorex2007 folded before Flop (didn't bet)
Seat 6: KINO19821990 folded before Flop (didn't bet)
Seat 7: DIAMORF folded before Flop (didn't bet)
Seat 8: Yahtr folded before Flop (didn't bet)
Seat 9: cubicroot (button) folded before Flop (didn't bet)



PokerStars Hand #227688734251:  Hold'em No Limit ($0.01/$0.02 USD) - 2021/06/19 2:05:26 PT [2021/06/19 5:05:26 ET]
Table 'Limburgia' 9-max Seat #1 is the button
Seat 1: Helwii ($2.03 in chips) 
Seat 2: johnni748 ($2.63 in chips) 
Seat 3: victordyfox ($1.54 in chips) 
Seat 4: MA551VE ($2.05 in chips) 
Seat 5: Dorex2007 ($1.91 in chips) 
Seat 6: KINO19821990 ($0.90 in chips) 
Seat 7: DIAMORF ($1.61 in chips) 
Seat 8: Yahtr ($2 in chips) 
Seat 9: cubicroot ($0.89 in chips) 
johnni748: posts small blind $0.01
victordyfox: posts big blind $0.02
*** HOLE CARDS ***
Dealt to Dorex2007 [4h 6h]
MA551VE: folds 
Dorex2007: folds 
KINO19821990: folds 
DIAMORF: calls $0.02
Yahtr: folds 
cubicroot: raises $0.04 to $0.06
Helwii: folds 
johnni748: calls $0.05
victordyfox: folds 
DIAMORF: folds 
*** FLOP *** [2s Ks 3c]
victordyfox leaves the table
johnni748: checks 
cubicroot: bets $0.15
johnni748: folds 
Uncalled bet ($0.15) returned to cubicroot
cubicroot collected $0.15 from pot
cubicroot: doesn't show hand 
*** SUMMARY ***
Total pot $0.16 | Rake $0.01 
Board [2s Ks 3c]
Seat 1: Helwii (button) folded before Flop (didn't bet)
Seat 2: johnni748 (small blind) folded on the Flop
Seat 3: victordyfox (big blind) folded before Flop
Seat 4: MA551VE folded before Flop (didn't bet)
Seat 5: Dorex2007 folded before Flop (didn't bet)
Seat 6: KINO19821990 folded before Flop (didn't bet)
Seat 7: DIAMORF folded before Flop
Seat 8: Yahtr folded before Flop (didn't bet)
Seat 9: cubicroot collected ($0.15)



PokerStars Hand #227688739626:  Hold'em No Limit ($0.01/$0.02 USD) - 2021/06/19 2:05:55 PT [2021/06/19 5:05:55 ET]
Table 'Limburgia' 9-max Seat #2 is the button
Seat 1: Helwii ($2.03 in chips) 
Seat 2: johnni748 ($2.57 in chips) 
Seat 4: MA551VE ($2.05 in chips) 
Seat 5: Dorex2007 ($1.91 in chips) 
Seat 6: KINO19821990 ($0.90 in chips) 
Seat 7: DIAMORF ($1.59 in chips) 
Seat 8: Yahtr ($2 in chips) 
Seat 9: cubicroot ($0.98 in chips) 
MA551VE: posts small blind $0.01
Dorex2007: posts big blind $0.02
*** HOLE CARDS ***
Dealt to Dorex2007 [6d Jh]
TheHunger_JH joins the table at seat #3 
KINO19821990: folds 
DIAMORF: calls $0.02
Yahtr: folds 
cubicroot: folds 
Helwii: calls $0.02
johnni748: calls $0.02
MA551VE: calls $0.01
Dorex2007: checks 
*** FLOP *** [5d 9h Ts]
MA551VE: checks 
Dorex2007: checks 
DIAMORF: checks 
Helwii: bets $0.02
johnni748: raises $0.07 to $0.09
MA551VE: folds 
Dorex2007: folds 
DIAMORF: folds 
Helwii: folds 
Uncalled bet ($0.07) returned to johnni748
johnni748 collected $0.14 from pot
johnni748: doesn't show hand 
*** SUMMARY ***
Total pot $0.14 | Rake $0 
Board [5d 9h Ts]
Seat 1: Helwii folded on the Flop
Seat 2: johnni748 (button) collected ($0.14)
Seat 4: MA551VE (small blind) folded on the Flop
Seat 5: Dorex2007 (big blind) folded on the Flop
Seat 6: KINO19821990 folded before Flop (didn't bet)
Seat 7: DIAMORF folded on the Flop
Seat 8: Yahtr folded before Flop (didn't bet)
Seat 9: cubicroot folded before Flop (didn't bet)



PokerStars Hand #227688755128:  Hold'em No Limit ($0.01/$0.02 USD) - 2021/06/19 2:07:16 PT [2021/06/19 5:07:16 ET]
Table 'Limburgia' 9-max Seat #4 is the button
Seat 1: Helwii ($1.99 in chips) 
Seat 2: johnni748 ($2.67 in chips) 
Seat 4: MA551VE ($2.03 in chips) 
Seat 5: Dorex2007 ($1.89 in chips) 
Seat 6: KINO19821990 ($0.90 in chips) 
Seat 7: DIAMORF ($1.57 in chips) 
Seat 8: Yahtr ($2 in chips) 
Seat 9: cubicroot ($0.98 in chips) 
Dorex2007: posts small blind $0.01
KINO19821990: posts big blind $0.02
TheHunger_JH: sits out 
*** HOLE CARDS ***
Dealt to Dorex2007 [8h 6d]
DIAMORF: calls $0.02
Yahtr: raises $0.04 to $0.06
cubicroot: folds 
Helwii: folds 
johnni748: calls $0.06
MA551VE: folds 
Dorex2007: folds 
KINO19821990: calls $0.04
DIAMORF: calls $0.04
*** FLOP *** [8d 9d Ts]
KINO19821990: checks 
DIAMORF: checks 
Yahtr: checks 
johnni748: checks 
*** TURN *** [8d 9d Ts] [As]
KINO19821990: checks 
DIAMORF: checks 
Yahtr: bets $0.16
johnni748: folds 
KINO19821990: calls $0.16
DIAMORF: folds 
*** RIVER *** [8d 9d Ts As] [Jc]
KINO19821990: checks 
Yahtr: checks 
*** SHOW DOWN ***
KINO19821990: shows [Ks 5s] (high card Ace)
Yahtr: shows [Kh Ac] (a pair of Aces)
Yahtr collected $0.55 from pot
*** SUMMARY ***
Total pot $0.57 | Rake $0.02 
Board [8d 9d Ts As Jc]
Seat 1: Helwii folded before Flop (didn't bet)
Seat 2: johnni748 folded on the Turn
Seat 4: MA551VE (button) folded before Flop (didn't bet)
Seat 5: Dorex2007 (small blind) folded before Flop
Seat 6: KINO19821990 (big blind) showed [Ks 5s] and lost with high card Ace
Seat 7: DIAMORF folded on the Turn
Seat 8: Yahtr showed [Kh Ac] and won ($0.55) with a pair of Aces
Seat 9: cubicroot folded before Flop (didn't bet)



PokerStars Hand #227688772447:  Hold'em No Limit ($0.01/$0.02 USD) - 2021/06/19 2:08:47 PT [2021/06/19 5:08:47 ET]
Table 'Limburgia' 9-max Seat #5 is the button
Seat 1: Helwii ($1.99 in chips) 
Seat 2: johnni748 ($2.61 in chips) 
Seat 4: MA551VE ($2.03 in chips) 
Seat 5: Dorex2007 ($1.88 in chips) 
Seat 6: KINO19821990 ($0.68 in chips) 
Seat 7: DIAMORF ($1.51 in chips) 
Seat 8: Yahtr ($2.33 in chips) 
Seat 9: cubicroot ($0.98 in chips) 
KINO19821990: posts small blind $0.01
DIAMORF: posts big blind $0.02
TheHunger_JH: sits out 
*** HOLE CARDS ***
Dealt to Dorex2007 [9h 3h]
Yahtr: folds 
cubicroot: folds 
Helwii: folds 
johnni748: raises $0.04 to $0.06
MA551VE: folds 
Dorex2007: folds 
KINO19821990: folds 
DIAMORF: calls $0.04
*** FLOP *** [7c Qs 5s]
DIAMORF: checks 
johnni748: bets $0.13
DIAMORF: raises $0.13 to $0.26
johnni748: folds 
Uncalled bet ($0.13) returned to DIAMORF
DIAMORF collected $0.38 from pot
*** SUMMARY ***
Total pot $0.39 | Rake $0.01 
Board [7c Qs 5s]
Seat 1: Helwii folded before Flop (didn't bet)
Seat 2: johnni748 folded on the Flop
Seat 4: MA551VE folded before Flop (didn't bet)
Seat 5: Dorex2007 (button) folded before Flop (didn't bet)
Seat 6: KINO19821990 (small blind) folded before Flop
Seat 7: DIAMORF (big blind) collected ($0.38)
Seat 8: Yahtr folded before Flop (didn't bet)
Seat 9: cubicroot folded before Flop (didn't bet)



PokerStars Hand #227688778780:  Hold'em No Limit ($0.01/$0.02 USD) - 2021/06/19 2:09:21 PT [2021/06/19 5:09:21 ET]
Table 'Limburgia' 9-max Seat #6 is the button
Seat 1: Helwii ($1.99 in chips) 
Seat 2: johnni748 ($2.42 in chips) 
Seat 4: MA551VE ($2.03 in chips) 
Seat 5: Dorex2007 ($1.88 in chips) 
Seat 6: KINO19821990 ($0.67 in chips) 
Seat 7: DIAMORF ($1.70 in chips) 
Seat 8: Yahtr ($2.33 in chips) 
Seat 9: cubicroot ($0.98 in chips) 
DIAMORF: posts small blind $0.01
Yahtr: posts big blind $0.02
TheHunger_JH: sits out 
*** HOLE CARDS ***
Dealt to Dorex2007 [7s 2h]
cubicroot: raises $0.02 to $0.04
Helwii: calls $0.04
johnni748: raises $0.06 to $0.10
MA551VE: folds 
Dorex2007: folds 
KINO19821990: folds 
DIAMORF: calls $0.09
Yahtr: folds 
cubicroot: calls $0.06
Helwii: calls $0.06
*** FLOP *** [5c 6d 8s]
DIAMORF: checks 
cubicroot: bets $0.04
Helwii: folds 
johnni748: calls $0.04
DIAMORF: calls $0.04
*** TURN *** [5c 6d 8s] [7d]
DIAMORF: checks 
cubicroot: bets $0.26
johnni748: raises $2.02 to $2.28 and is all-in
DIAMORF: folds 
cubicroot: calls $0.58 and is all-in
Uncalled bet ($1.44) returned to johnni748
*** RIVER *** [5c 6d 8s 7d] [3h]
*** SHOW DOWN ***
cubicroot: shows [8h 8d] (three of a kind, Eights)
johnni748: shows [9c Th] (a straight, Six to Ten)
johnni748 cashed out the hand for $1.63 | Cash Out Fee $0.02
*** SUMMARY ***
Total pot $2.22 | Rake $0.08 
Board [5c 6d 8s 7d 3h]
Seat 1: Helwii folded on the Flop
Seat 2: johnni748 showed [9c Th] and won ($2.14) with a straight, Six to Ten (pot not awarded as player cashed out)
Seat 4: MA551VE folded before Flop (didn't bet)
Seat 5: Dorex2007 folded before Flop (didn't bet)
Seat 6: KINO19821990 (button) folded before Flop (didn't bet)
Seat 7: DIAMORF (small blind) folded on the Turn
Seat 8: Yahtr (big blind) folded before Flop
Seat 9: cubicroot showed [8h 8d] and lost with three of a kind, Eights



PokerStars Hand #227688796086:  Hold'em No Limit ($0.01/$0.02 USD) - 2021/06/19 2:10:53 PT [2021/06/19 5:10:53 ET]
Table 'Limburgia' 9-max Seat #7 is the button
Seat 1: Helwii ($1.89 in chips) 
Seat 2: johnni748 ($3.07 in chips) 
Seat 4: MA551VE ($2.03 in chips) 
Seat 5: Dorex2007 ($1.88 in chips) 
Seat 6: KINO19821990 ($0.67 in chips) 
Seat 7: DIAMORF ($1.56 in chips) 
Seat 8: Yahtr ($2.31 in chips) 
Yahtr: posts small blind $0.01
Helwii: posts big blind $0.02
TheHunger_JH: sits out 
*** HOLE CARDS ***
Dealt to Dorex2007 [8h 8d]
johnni748: folds 
MA551VE: folds 
Dorex2007: calls $0.02
KINO19821990: raises $0.02 to $0.04
DIAMORF: calls $0.04
Yahtr: folds 
Helwii: folds 
Dorex2007: calls $0.02
*** FLOP *** [5c 2d 9h]
Dorex2007: checks 
KINO19821990: checks 
DIAMORF: checks 
*** TURN *** [5c 2d 9h] [6s]
Dorex2007: bets $0.09
KINO19821990: folds 
DIAMORF: calls $0.09
*** RIVER *** [5c 2d 9h 6s] [5d]
Dorex2007: bets $0.21
DIAMORF: folds 
Uncalled bet ($0.21) returned to Dorex2007
Dorex2007 collected $0.32 from pot
Dorex2007: doesn't show hand 
*** SUMMARY ***
Total pot $0.33 | Rake $0.01 
Board [5c 2d 9h 6s 5d]
Seat 1: Helwii (big blind) folded before Flop
Seat 2: johnni748 folded before Flop (didn't bet)
Seat 4: MA551VE folded before Flop (didn't bet)
Seat 5: Dorex2007 collected ($0.32)
Seat 6: KINO19821990 folded on the Turn
Seat 7: DIAMORF (button) folded on the River
Seat 8: Yahtr (small blind) folded before Flop



PokerStars Hand #227688804556:  Hold'em No Limit ($0.01/$0.02 USD) - 2021/06/19 2:11:38 PT [2021/06/19 5:11:38 ET]
Table 'Limburgia' 9-max Seat #8 is the button
Seat 1: Helwii ($1.87 in chips) 
Seat 2: johnni748 ($3.07 in chips) 
Seat 4: MA551VE ($2.03 in chips) 
Seat 5: Dorex2007 ($2.07 in chips) 
Seat 6: KINO19821990 ($0.63 in chips) 
Seat 7: DIAMORF ($1.43 in chips) 
Seat 8: Yahtr ($2.30 in chips) 
Helwii: posts small blind $0.01
johnni748: posts big blind $0.02
TheHunger_JH: sits out 
*** HOLE CARDS ***
Dealt to Dorex2007 [As 5d]
MA551VE: folds 
Dorex2007: folds 
KINO19821990: folds 
DIAMORF: folds 
Yahtr: folds 
Helwii: calls $0.01
johnni748: checks 
*** FLOP *** [6c Jc Tc]
Helwii: checks 
johnni748: bets $0.02
Helwii: calls $0.02
*** TURN *** [6c Jc Tc] [3h]
Helwii: checks 
johnni748: checks 
*** RIVER *** [6c Jc Tc 3h] [9s]
Helwii: checks 
johnni748: checks 
*** SHOW DOWN ***
Helwii: shows [8d Ac] (high card Ace)
johnni748: mucks hand 
Helwii collected $0.08 from pot
*** SUMMARY ***
Total pot $0.08 | Rake $0 
Board [6c Jc Tc 3h 9s]
Seat 1: Helwii (small blind) showed [8d Ac] and won ($0.08) with high card Ace
Seat 2: johnni748 (big blind) mucked [2s Ah]
Seat 4: MA551VE folded before Flop (didn't bet)
Seat 5: Dorex2007 folded before Flop (didn't bet)
Seat 6: KINO19821990 folded before Flop (didn't bet)
Seat 7: DIAMORF folded before Flop (didn't bet)
Seat 8: Yahtr (button) folded before Flop (didn't bet)



PokerStars Hand #227688812052:  Hold'em No Limit ($0.01/$0.02 USD) - 2021/06/19 2:12:18 PT [2021/06/19 5:12:18 ET]
Table 'Limburgia' 9-max Seat #1 is the button
Seat 1: Helwii ($1.91 in chips) 
Seat 2: johnni748 ($3.03 in chips) 
Seat 3: TheHunger_JH ($2 in chips) 
Seat 4: MA551VE ($2.03 in chips) 
Seat 5: Dorex2007 ($2.07 in chips) 
Seat 6: KINO19821990 ($0.63 in chips) 
Seat 7: DIAMORF ($1.43 in chips) 
Seat 8: Yahtr ($2.30 in chips) 
johnni748: posts small blind $0.01
TheHunger_JH: posts big blind $0.02
cubicroot: sits out 
*** HOLE CARDS ***
Dealt to Dorex2007 [Qc 4c]
MA551VE: folds 
Dorex2007: folds 
KINO19821990: raises $0.02 to $0.04
DIAMORF: folds 
Yahtr: folds 
Helwii: folds 
johnni748: folds 
TheHunger_JH: folds 
Uncalled bet ($0.02) returned to KINO19821990
KINO19821990 collected $0.05 from pot
KINO19821990: doesn't show hand 
*** SUMMARY ***
Total pot $0.05 | Rake $0 
Seat 1: Helwii (button) folded before Flop (didn't bet)
Seat 2: johnni748 (small blind) folded before Flop
Seat 3: TheHunger_JH (big blind) folded before Flop
Seat 4: MA551VE folded before Flop (didn't bet)
Seat 5: Dorex2007 folded before Flop (didn't bet)
Seat 6: KINO19821990 collected ($0.05)
Seat 7: DIAMORF folded before Flop (didn't bet)
Seat 8: Yahtr folded before Flop (didn't bet)



PokerStars Hand #227688816816:  Hold'em No Limit ($0.01/$0.02 USD) - 2021/06/19 2:12:43 PT [2021/06/19 5:12:43 ET]
Table 'Limburgia' 9-max Seat #2 is the button
Seat 1: Helwii ($1.91 in chips) 
Seat 2: johnni748 ($3.02 in chips) 
Seat 3: TheHunger_JH ($1.98 in chips) 
Seat 4: MA551VE ($2.03 in chips) 
Seat 5: Dorex2007 ($2.07 in chips) 
Seat 6: KINO19821990 ($0.66 in chips) 
Seat 7: DIAMORF ($1.43 in chips) 
Seat 8: Yahtr ($2.30 in chips) 
TheHunger_JH: posts small blind $0.01
MA551VE: posts big blind $0.02
cubicroot: sits out 
*** HOLE CARDS ***
Dealt to Dorex2007 [Ac 7d]
Dorex2007: folds 
KINO19821990: folds 
DIAMORF: folds 
Yahtr: folds 
Helwii: folds 
johnni748: calls $0.02
TheHunger_JH: calls $0.01
MA551VE: checks 
*** FLOP *** [As Td Jh]
TheHunger_JH: checks 
MA551VE: checks 
johnni748: checks 
*** TURN *** [As Td Jh] [7h]
TheHunger_JH: bets $0.04
MA551VE: folds 
johnni748: folds 
Uncalled bet ($0.04) returned to TheHunger_JH
TheHunger_JH collected $0.06 from pot
TheHunger_JH: doesn't show hand 
*** SUMMARY ***
Total pot $0.06 | Rake $0 
Board [As Td Jh 7h]
Seat 1: Helwii folded before Flop (didn't bet)
Seat 2: johnni748 (button) folded on the Turn
Seat 3: TheHunger_JH (small blind) collected ($0.06)
Seat 4: MA551VE (big blind) folded on the Turn
Seat 5: Dorex2007 folded before Flop (didn't bet)
Seat 6: KINO19821990 folded before Flop (didn't bet)
Seat 7: DIAMORF folded before Flop (didn't bet)
Seat 8: Yahtr folded before Flop (didn't bet)



PokerStars Hand #227688826215:  Hold'em No Limit ($0.01/$0.02 USD) - 2021/06/19 2:13:32 PT [2021/06/19 5:13:32 ET]
Table 'Limburgia' 9-max Seat #3 is the button
Seat 1: Helwii ($1.91 in chips) 
Seat 2: johnni748 ($3 in chips) 
Seat 3: TheHunger_JH ($2.02 in chips) 
Seat 4: MA551VE ($2.01 in chips) 
Seat 5: Dorex2007 ($2.07 in chips) 
Seat 6: KINO19821990 ($0.66 in chips) 
Seat 7: DIAMORF ($1.43 in chips) 
Seat 8: Yahtr ($2.30 in chips) 
MA551VE: posts small blind $0.01
Dorex2007: posts big blind $0.02
cubicroot: sits out 
*** HOLE CARDS ***
Dealt to Dorex2007 [2h Kh]
KINO19821990: folds 
DIAMORF: calls $0.02
Yahtr: calls $0.02
Helwii: folds 
johnni748: folds 
TheHunger_JH: folds 
johnni748 leaves the table
MA551VE: calls $0.01
Dorex2007: checks 
*** FLOP *** [7h Ad Tc]
MA551VE: checks 
Dorex2007: checks 
DIAMORF: bets $0.04
Yahtr: calls $0.04
MA551VE: folds 
Dorex2007: folds 
*** TURN *** [7h Ad Tc] [8h]
cubicroot is disconnected 
DIAMORF: bets $0.08
Yahtr: folds 
Uncalled bet ($0.08) returned to DIAMORF
DIAMORF collected $0.15 from pot
*** SUMMARY ***
Total pot $0.16 | Rake $0.01 
Board [7h Ad Tc 8h]
Seat 1: Helwii folded before Flop (didn't bet)
Seat 2: johnni748 folded before Flop (didn't bet)
Seat 3: TheHunger_JH (button) folded before Flop (didn't bet)
Seat 4: MA551VE (small blind) folded on the Flop
Seat 5: Dorex2007 (big blind) folded on the Flop
Seat 6: KINO19821990 folded before Flop (didn't bet)
Seat 7: DIAMORF collected ($0.15)
Seat 8: Yahtr folded on the Turn



PokerStars Hand #227688852598:  Hold'em No Limit ($0.01/$0.02 USD) - 2021/06/19 2:15:06 PT [2021/06/19 5:15:06 ET]
Table 'Limburgia' 9-max Seat #4 is the button
Seat 1: Helwii ($1.91 in chips) 
Seat 3: TheHunger_JH ($2.02 in chips) 
Seat 4: MA551VE ($2 in chips) 
Seat 5: Dorex2007 ($2.05 in chips) 
Seat 6: KINO19821990 ($0.66 in chips) 
Seat 7: DIAMORF ($1.52 in chips) 
Seat 8: Yahtr ($2.24 in chips) 
Dorex2007: posts small blind $0.01
KINO19821990: posts big blind $0.02
cubicroot is connected 
cubicroot: sits out 
*** HOLE CARDS ***
Dealt to Dorex2007 [8c 4s]
DIAMORF: calls $0.02
Yahtr: folds 
Helwii: folds 
TheHunger_JH: folds 
MA551VE: folds 
Dorex2007: folds 
KINO19821990: checks 
*** FLOP *** [6c 2h 4c]
KINO19821990: checks 
DIAMORF: checks 
*** TURN *** [6c 2h 4c] [9s]
KINO19821990: bets $0.05
DIAMORF: folds 
Uncalled bet ($0.05) returned to KINO19821990
KINO19821990 collected $0.05 from pot
KINO19821990: doesn't show hand 
*** SUMMARY ***
Total pot $0.05 | Rake $0 
Board [6c 2h 4c 9s]
Seat 1: Helwii folded before Flop (didn't bet)
Seat 3: TheHunger_JH folded before Flop (didn't bet)
Seat 4: MA551VE (button) folded before Flop (didn't bet)
Seat 5: Dorex2007 (small blind) folded before Flop
Seat 6: KINO19821990 (big blind) collected ($0.05)
Seat 7: DIAMORF folded on the Turn
Seat 8: Yahtr folded before Flop (didn't bet)



PokerStars Hand #227688862440:  Hold'em No Limit ($0.01/$0.02 USD) - 2021/06/19 2:15:58 PT [2021/06/19 5:15:58 ET]
Table 'Limburgia' 9-max Seat #5 is the button
Seat 1: Helwii ($1.91 in chips) 
Seat 3: TheHunger_JH ($2.02 in chips) 
Seat 4: MA551VE ($2 in chips) 
Seat 5: Dorex2007 ($2.04 in chips) 
Seat 6: KINO19821990 ($0.69 in chips) 
Seat 7: DIAMORF ($1.50 in chips) 
Seat 8: Yahtr ($2.24 in chips) 
KINO19821990: posts small blind $0.01
DIAMORF: posts big blind $0.02
cubicroot: sits out 
*** HOLE CARDS ***
Dealt to Dorex2007 [2h 3c]
Yahtr: raises $0.04 to $0.06
Helwii: folds 
TheHunger_JH: folds 
MA551VE: folds 
Dorex2007: folds 
KINO19821990: folds 
DIAMORF: folds 
Uncalled bet ($0.04) returned to Yahtr
Yahtr collected $0.05 from pot
Yahtr: doesn't show hand 
*** SUMMARY ***
Total pot $0.05 | Rake $0 
Seat 1: Helwii folded before Flop (didn't bet)
Seat 3: TheHunger_JH folded before Flop (didn't bet)
Seat 4: MA551VE folded before Flop (didn't bet)
Seat 5: Dorex2007 (button) folded before Flop (didn't bet)
Seat 6: KINO19821990 (small blind) folded before Flop
Seat 7: DIAMORF (big blind) folded before Flop
Seat 8: Yahtr collected ($0.05)



PokerStars Hand #227688865422:  Hold'em No Limit ($0.01/$0.02 USD) - 2021/06/19 2:16:14 PT [2021/06/19 5:16:14 ET]
Table 'Limburgia' 9-max Seat #6 is the button
Seat 1: Helwii ($1.91 in chips) 
Seat 3: TheHunger_JH ($2.02 in chips) 
Seat 4: MA551VE ($2 in chips) 
Seat 5: Dorex2007 ($2.04 in chips) 
Seat 6: KINO19821990 ($0.68 in chips) 
Seat 7: DIAMORF ($1.48 in chips) 
Seat 8: Yahtr ($2.27 in chips) 
DIAMORF: posts small blind $0.01
Yahtr: posts big blind $0.02
cubicroot: sits out 
*** HOLE CARDS ***
Dealt to Dorex2007 [4c 5h]
Helwii: folds 
TheHunger_JH: folds 
MA551VE: folds 
Dorex2007: folds 
KINO19821990: raises $0.02 to $0.04
DIAMORF: folds 
karo@as1000 joins the table at seat #2 
Yahtr: calls $0.02
*** FLOP *** [4d Ah 3c]
Yahtr: checks 
KINO19821990: bets $0.04
Yahtr: calls $0.04
*** TURN *** [4d Ah 3c] [6s]
Yahtr: checks 
KINO19821990: checks 
*** RIVER *** [4d Ah 3c 6s] [Qd]
Yahtr: checks 
KINO19821990: checks 
*** SHOW DOWN ***
Yahtr: shows [7c 4h] (a pair of Fours)
KINO19821990: mucks hand 
Yahtr collected $0.16 from pot
*** SUMMARY ***
Total pot $0.17 | Rake $0.01 
Board [4d Ah 3c 6s Qd]
Seat 1: Helwii folded before Flop (didn't bet)
Seat 3: TheHunger_JH folded before Flop (didn't bet)
Seat 4: MA551VE folded before Flop (didn't bet)
Seat 5: Dorex2007 folded before Flop (didn't bet)
Seat 6: KINO19821990 (button) mucked [Jc Ts]
Seat 7: DIAMORF (small blind) folded before Flop
Seat 8: Yahtr (big blind) showed [7c 4h] and won ($0.16) with a pair of Fours



PokerStars Hand #227688872575:  Hold'em No Limit ($0.01/$0.02 USD) - 2021/06/19 2:16:51 PT [2021/06/19 5:16:51 ET]
Table 'Limburgia' 9-max Seat #7 is the button
Seat 1: Helwii ($1.91 in chips) 
Seat 2: karo@as1000 ($1.60 in chips) 
Seat 3: TheHunger_JH ($2.02 in chips) 
Seat 4: MA551VE ($2 in chips) 
Seat 5: Dorex2007 ($2.04 in chips) 
Seat 6: KINO19821990 ($0.60 in chips) 
Seat 7: DIAMORF ($1.47 in chips) 
Seat 8: Yahtr ($2.35 in chips) 
Seat 9: cubicroot ($1 in chips) 
Yahtr: posts small blind $0.01
cubicroot: posts big blind $0.02
karo@as1000: posts big blind $0.02
*** HOLE CARDS ***
Dealt to Dorex2007 [4s Qh]
Helwii: folds 
karo@as1000: checks 
TheHunger_JH: calls $0.02
MA551VE: calls $0.02
Dorex2007: folds 
KINO19821990: folds 
DIAMORF: folds 
Yahtr: folds 
cubicroot: checks 
*** FLOP *** [8c 7s 8d]
cubicroot: checks 
karo@as1000: bets $0.02
TheHunger_JH: calls $0.02
MA551VE: folds 
cubicroot: calls $0.02
*** TURN *** [8c 7s 8d] [9c]
cubicroot: checks 
karo@as1000: bets $0.02
TheHunger_JH: calls $0.02
cubicroot: raises $0.02 to $0.04
karo@as1000: raises $0.02 to $0.06
TheHunger_JH: calls $0.04
cubicroot: calls $0.02
*** RIVER *** [8c 7s 8d 9c] [6s]
cubicroot: checks 
karo@as1000: bets $0.02
TheHunger_JH: calls $0.02
cubicroot: raises $0.38 to $0.40
karo@as1000: folds 
TheHunger_JH: folds 
Uncalled bet ($0.38) returned to cubicroot
cubicroot collected $0.38 from pot
cubicroot: doesn't show hand 
*** SUMMARY ***
Total pot $0.39 | Rake $0.01 
Board [8c 7s 8d 9c 6s]
Seat 1: Helwii folded before Flop (didn't bet)
Seat 2: karo@as1000 folded on the River
Seat 3: TheHunger_JH folded on the River
Seat 4: MA551VE folded on the Flop
Seat 5: Dorex2007 folded before Flop (didn't bet)
Seat 6: KINO19821990 folded before Flop (didn't bet)
Seat 7: DIAMORF (button) folded before Flop (didn't bet)
Seat 8: Yahtr (small blind) folded before Flop
Seat 9: cubicroot (big blind) collected ($0.38)



PokerStars Hand #227688888141:  Hold'em No Limit ($0.01/$0.02 USD) - 2021/06/19 2:18:12 PT [2021/06/19 5:18:12 ET]
Table 'Limburgia' 9-max Seat #8 is the button
Seat 1: Helwii ($1.91 in chips) 
Seat 2: karo@as1000 ($1.48 in chips) 
Seat 3: TheHunger_JH ($1.90 in chips) 
Seat 4: MA551VE ($2 in chips) 
Seat 5: Dorex2007 ($2.04 in chips) 
Seat 6: KINO19821990 ($0.60 in chips) 
Seat 7: DIAMORF ($1.47 in chips) 
Seat 8: Yahtr ($2.34 in chips) 
Seat 9: cubicroot ($1.26 in chips) 
cubicroot: posts small blind $0.01
Helwii: posts big blind $0.02
*** HOLE CARDS ***
Dealt to Dorex2007 [2s Qd]
karo@as1000: calls $0.02
TheHunger_JH: folds 
MA551VE: folds 
Dorex2007: folds 
KINO19821990: folds 
DIAMORF: folds 
Yahtr: raises $0.03 to $0.05
cubicroot: folds 
Helwii: folds 
karo@as1000: folds 
Uncalled bet ($0.03) returned to Yahtr
Yahtr collected $0.07 from pot
Yahtr: doesn't show hand 
*** SUMMARY ***
Total pot $0.07 | Rake $0 
Seat 1: Helwii (big blind) folded before Flop
Seat 2: karo@as1000 folded before Flop
Seat 3: TheHunger_JH folded before Flop (didn't bet)
Seat 4: MA551VE folded before Flop (didn't bet)
Seat 5: Dorex2007 folded before Flop (didn't bet)
Seat 6: KINO19821990 folded before Flop (didn't bet)
Seat 7: DIAMORF folded before Flop (didn't bet)
Seat 8: Yahtr (button) collected ($0.07)
Seat 9: cubicroot (small blind) folded before Flop



PokerStars Hand #227688893451:  Hold'em No Limit ($0.01/$0.02 USD) - 2021/06/19 2:18:40 PT [2021/06/19 5:18:40 ET]
Table 'Limburgia' 9-max Seat #9 is the button
Seat 1: Helwii ($1.89 in chips) 
Seat 2: karo@as1000 ($1.46 in chips) 
Seat 3: TheHunger_JH ($1.90 in chips) 
Seat 4: MA551VE ($2 in chips) 
Seat 5: Dorex2007 ($2.04 in chips) 
Seat 6: KINO19821990 ($0.60 in chips) 
Seat 7: DIAMORF ($1.47 in chips) 
Seat 8: Yahtr ($2.39 in chips) 
Seat 9: cubicroot ($1.25 in chips) 
Helwii: posts small blind $0.01
karo@as1000: posts big blind $0.02
*** HOLE CARDS ***
Dealt to Dorex2007 [6h 5s]
TheHunger_JH: raises $0.04 to $0.06
MA551VE: folds 
Dorex2007: folds 
KINO19821990: raises $0.54 to $0.60 and is all-in
DIAMORF: folds 
Yahtr: folds 
cubicroot: folds 
Helwii: folds 
karo@as1000: calls $0.58
TheHunger_JH: folds 
*** FLOP *** [9s 7c Kc]
*** TURN *** [9s 7c Kc] [8h]
*** RIVER *** [9s 7c Kc 8h] [4h]
*** SHOW DOWN ***
karo@as1000: shows [Kd Ac] (a pair of Kings)
KINO19821990: shows [6c 6s] (a pair of Sixes)
karo@as1000 collected $1.23 from pot
*** SUMMARY ***
Total pot $1.27 | Rake $0.04 
Board [9s 7c Kc 8h 4h]
Seat 1: Helwii (small blind) folded before Flop
Seat 2: karo@as1000 (big blind) showed [Kd Ac] and won ($1.23) with a pair of Kings
Seat 3: TheHunger_JH folded before Flop
Seat 4: MA551VE folded before Flop (didn't bet)
Seat 5: Dorex2007 folded before Flop (didn't bet)
Seat 6: KINO19821990 showed [6c 6s] and lost with a pair of Sixes
Seat 7: DIAMORF folded before Flop (didn't bet)
Seat 8: Yahtr folded before Flop (didn't bet)
Seat 9: cubicroot (button) folded before Flop (didn't bet)



PokerStars Hand #227688900914:  Hold'em No Limit ($0.01/$0.02 USD) - 2021/06/19 2:19:19 PT [2021/06/19 5:19:19 ET]
Table 'Limburgia' 9-max Seat #1 is the button
Seat 1: Helwii ($1.88 in chips) 
Seat 2: karo@as1000 ($2.09 in chips) 
Seat 3: TheHunger_JH ($1.84 in chips) 
Seat 4: MA551VE ($2 in chips) 
Seat 5: Dorex2007 ($2.04 in chips) 
Seat 7: DIAMORF ($1.47 in chips) 
Seat 8: Yahtr ($2.39 in chips) 
Seat 9: cubicroot ($1.25 in chips) 
karo@as1000: posts small blind $0.01
TheHunger_JH: posts big blind $0.02
*** HOLE CARDS ***
Dealt to Dorex2007 [2c Kc]
MA551VE: folds 
Dorex2007: folds 
DIAMORF: calls $0.02
Yahtr: folds 
cubicroot has timed out
cubicroot: folds 
Helwii: folds 
karo@as1000: calls $0.01
TheHunger_JH: checks 
*** FLOP *** [Th Ah Qh]
karo@as1000: checks 
TheHunger_JH: checks 
DIAMORF: checks 
*** TURN *** [Th Ah Qh] [5c]
karo@as1000: checks 
TheHunger_JH: checks 
DIAMORF: bets $0.06
karo@as1000: folds 
TheHunger_JH: folds 
Uncalled bet ($0.06) returned to DIAMORF
DIAMORF collected $0.06 from pot
*** SUMMARY ***
Total pot $0.06 | Rake $0 
Board [Th Ah Qh 5c]
Seat 1: Helwii (button) folded before Flop (didn't bet)
Seat 2: karo@as1000 (small blind) folded on the Turn
Seat 3: TheHunger_JH (big blind) folded on the Turn
Seat 4: MA551VE folded before Flop (didn't bet)
Seat 5: Dorex2007 folded before Flop (didn't bet)
Seat 7: DIAMORF collected ($0.06)
Seat 8: Yahtr folded before Flop (didn't bet)
Seat 9: cubicroot folded before Flop (didn't bet)



PokerStars Hand #227688910671:  Hold'em No Limit ($0.01/$0.02 USD) - 2021/06/19 2:20:09 PT [2021/06/19 5:20:09 ET]
Table 'Limburgia' 9-max Seat #2 is the button
Seat 1: Helwii ($1.88 in chips) 
Seat 2: karo@as1000 ($2.07 in chips) 
Seat 3: TheHunger_JH ($1.82 in chips) 
Seat 4: MA551VE ($2 in chips) 
Seat 5: Dorex2007 ($2.04 in chips) 
Seat 7: DIAMORF ($1.51 in chips) 
Seat 8: Yahtr ($2.39 in chips) 
Seat 9: cubicroot ($1.25 in chips) 
TheHunger_JH: posts small blind $0.01
MA551VE: posts big blind $0.02
*** HOLE CARDS ***
Dealt to Dorex2007 [Qd Qs]
Dorex2007: raises $0.04 to $0.06
DIAMORF: folds 
Yahtr: folds 
cubicroot: folds 
Helwii: folds 
karo@as1000: folds 
TheHunger_JH: folds 
MA551VE: calls $0.04
*** FLOP *** [As 2h 2s]
MA551VE: checks 
Dorex2007: checks 
*** TURN *** [As 2h 2s] [4s]
MA551VE: checks 
Dorex2007: bets $0.07
MA551VE: folds 
Uncalled bet ($0.07) returned to Dorex2007
MA551VE leaves the table
Dorex2007 collected $0.13 from pot
Dorex2007: doesn't show hand 
*** SUMMARY ***
Total pot $0.13 | Rake $0 
Board [As 2h 2s 4s]
Seat 1: Helwii folded before Flop (didn't bet)
Seat 2: karo@as1000 (button) folded before Flop (didn't bet)
Seat 3: TheHunger_JH (small blind) folded before Flop
Seat 4: MA551VE (big blind) folded on the Turn
Seat 5: Dorex2007 collected ($0.13)
Seat 7: DIAMORF folded before Flop (didn't bet)
Seat 8: Yahtr folded before Flop (didn't bet)
Seat 9: cubicroot folded before Flop (didn't bet)



PokerStars Hand #227688919890:  Hold'em No Limit ($0.01/$0.02 USD) - 2021/06/19 2:20:56 PT [2021/06/19 5:20:56 ET]
Table 'Limburgia' 9-max Seat #3 is the button
Seat 1: Helwii ($1.88 in chips) 
Seat 2: karo@as1000 ($2.07 in chips) 
Seat 3: TheHunger_JH ($1.81 in chips) 
Seat 5: Dorex2007 ($2.11 in chips) 
Seat 7: DIAMORF ($1.51 in chips) 
Seat 8: Yahtr ($2.39 in chips) 
Seat 9: cubicroot ($1.25 in chips) 
Dorex2007: posts small blind $0.01
DIAMORF: posts big blind $0.02
*** HOLE CARDS ***
Dealt to Dorex2007 [3s 2c]
omar121865 joins the table at seat #4 
Yahtr: folds 
cubicroot has timed out
cubicroot: folds 
Helwii: folds 
karo@as1000: raises $0.02 to $0.04
TheHunger_JH: folds 
Dorex2007: folds 
DIAMORF: folds 
Uncalled bet ($0.02) returned to karo@as1000
karo@as1000 collected $0.05 from pot
karo@as1000: doesn't show hand 
*** SUMMARY ***
Total pot $0.05 | Rake $0 
Seat 1: Helwii folded before Flop (didn't bet)
Seat 2: karo@as1000 collected ($0.05)
Seat 3: TheHunger_JH (button) folded before Flop (didn't bet)
Seat 5: Dorex2007 (small blind) folded before Flop
Seat 7: DIAMORF (big blind) folded before Flop
Seat 8: Yahtr folded before Flop (didn't bet)
Seat 9: cubicroot folded before Flop (didn't bet)



PokerStars Hand #227688925363:  Hold'em No Limit ($0.01/$0.02 USD) - 2021/06/19 2:21:25 PT [2021/06/19 5:21:25 ET]
Table 'Limburgia' 9-max Seat #5 is the button
Seat 1: Helwii ($1.88 in chips) 
Seat 2: karo@as1000 ($2.10 in chips) 
Seat 3: TheHunger_JH ($1.81 in chips) 
Seat 4: omar121865 ($1.60 in chips) 
Seat 5: Dorex2007 ($2.10 in chips) 
Seat 7: DIAMORF ($1.49 in chips) 
Seat 8: Yahtr ($2.39 in chips) 
DIAMORF: posts small blind $0.01
Yahtr: posts big blind $0.02
omar121865: posts big blind $0.02
*** HOLE CARDS ***
Dealt to Dorex2007 [Ts Th]
Helwii: folds 
karo@as1000: raises $0.02 to $0.04
TheHunger_JH: folds 
omar121865: folds 
Dorex2007: calls $0.04
DIAMORF: folds 
Yahtr: calls $0.02
*** FLOP *** [6c 8s Qc]
Yahtr: checks 
karo@as1000: checks 
Dorex2007: bets $0.09
Yahtr: folds 
karo@as1000: folds 
Uncalled bet ($0.09) returned to Dorex2007
Dorex2007 collected $0.14 from pot
Dorex2007: doesn't show hand 
*** SUMMARY ***
Total pot $0.15 | Rake $0.01 
Board [6c 8s Qc]
Seat 1: Helwii folded before Flop (didn't bet)
Seat 2: karo@as1000 folded on the Flop
Seat 3: TheHunger_JH folded before Flop (didn't bet)
Seat 4: omar121865 folded before Flop (didn't bet)
Seat 5: Dorex2007 (button) collected ($0.14)
Seat 7: DIAMORF (small blind) folded before Flop
Seat 8: Yahtr (big blind) folded on the Flop



PokerStars Hand #227688931196:  Hold'em No Limit ($0.01/$0.02 USD) - 2021/06/19 2:21:55 PT [2021/06/19 5:21:55 ET]
Table 'Limburgia' 9-max Seat #7 is the button
Seat 1: Helwii ($1.88 in chips) 
Seat 2: karo@as1000 ($2.06 in chips) 
Seat 3: TheHunger_JH ($1.81 in chips) 
Seat 4: omar121865 ($1.58 in chips) 
Seat 5: Dorex2007 ($2.20 in chips) 
Seat 7: DIAMORF ($1.48 in chips) 
Seat 8: Yahtr ($2.35 in chips) 
Yahtr: posts small blind $0.01
Helwii: posts big blind $0.02
*** HOLE CARDS ***
Dealt to Dorex2007 [Ac 2h]
karo@as1000: calls $0.02
TheHunger_JH: folds 
omar121865: folds 
Dorex2007: folds 
DIAMORF: calls $0.02
Yahtr: folds 
Helwii: checks 
*** FLOP *** [Tc Kc 9d]
Helwii: checks 
karo@as1000: checks 
DIAMORF: checks 
*** TURN *** [Tc Kc 9d] [4s]
Helwii: bets $0.02
karo@as1000: calls $0.02
DIAMORF: calls $0.02
*** RIVER *** [Tc Kc 9d 4s] [3d]
Helwii: bets $0.13
karo@as1000: folds 
DIAMORF: folds 
Uncalled bet ($0.13) returned to Helwii
Helwii collected $0.13 from pot
Helwii: doesn't show hand 
*** SUMMARY ***
Total pot $0.13 | Rake $0 
Board [Tc Kc 9d 4s 3d]
Seat 1: Helwii (big blind) collected ($0.13)
Seat 2: karo@as1000 folded on the River
Seat 3: TheHunger_JH folded before Flop (didn't bet)
Seat 4: omar121865 folded before Flop (didn't bet)
Seat 5: Dorex2007 folded before Flop (didn't bet)
Seat 7: DIAMORF (button) folded on the River
Seat 8: Yahtr (small blind) folded before Flop



PokerStars Hand #227688938647:  Hold'em No Limit ($0.01/$0.02 USD) - 2021/06/19 2:22:34 PT [2021/06/19 5:22:34 ET]
Table 'Limburgia' 9-max Seat #8 is the button
Seat 1: Helwii ($1.97 in chips) 
Seat 2: karo@as1000 ($2.02 in chips) 
Seat 3: TheHunger_JH ($1.81 in chips) 
Seat 4: omar121865 ($1.58 in chips) 
Seat 5: Dorex2007 ($2.20 in chips) 
Seat 7: DIAMORF ($1.44 in chips) 
Seat 8: Yahtr ($2.34 in chips) 
Helwii: posts small blind $0.01
karo@as1000: posts big blind $0.02
*** HOLE CARDS ***
Dealt to Dorex2007 [4d Ks]
TheHunger_JH: folds 
omar121865: folds 
Dorex2007: folds 
DIAMORF: folds 
Yahtr: raises $0.04 to $0.06
Helwii: folds 
karo@as1000: folds 
Uncalled bet ($0.04) returned to Yahtr
Yahtr collected $0.05 from pot
Yahtr: doesn't show hand 
*** SUMMARY ***
Total pot $0.05 | Rake $0 
Seat 1: Helwii (small blind) folded before Flop
Seat 2: karo@as1000 (big blind) folded before Flop
Seat 3: TheHunger_JH folded before Flop (didn't bet)
Seat 4: omar121865 folded before Flop (didn't bet)
Seat 5: Dorex2007 folded before Flop (didn't bet)
Seat 7: DIAMORF folded before Flop (didn't bet)
Seat 8: Yahtr (button) collected ($0.05)



PokerStars Hand #227688941358:  Hold'em No Limit ($0.01/$0.02 USD) - 2021/06/19 2:22:48 PT [2021/06/19 5:22:48 ET]
Table 'Limburgia' 9-max Seat #1 is the button
Seat 1: Helwii ($1.96 in chips) 
Seat 2: karo@as1000 ($2 in chips) 
Seat 3: TheHunger_JH ($1.81 in chips) 
Seat 4: omar121865 ($1.58 in chips) 
Seat 5: Dorex2007 ($2.20 in chips) 
Seat 7: DIAMORF ($1.44 in chips) 
Seat 8: Yahtr ($2.37 in chips) 
karo@as1000: posts small blind $0.01
TheHunger_JH: posts big blind $0.02
cubicroot: sits out 
*** HOLE CARDS ***
Dealt to Dorex2007 [4d 9h]
omar121865: folds 
Dorex2007: folds 
DIAMORF: folds 
Yahtr: raises $0.04 to $0.06
Helwii: folds 
karo@as1000: folds 
TheHunger_JH: calls $0.04
*** FLOP *** [6h 5h 3d]
TheHunger_JH: checks 
Yahtr: bets $0.08
TheHunger_JH: folds 
Uncalled bet ($0.08) returned to Yahtr
Yahtr collected $0.13 from pot
Yahtr: doesn't show hand 
*** SUMMARY ***
Total pot $0.13 | Rake $0 
Board [6h 5h 3d]
Seat 1: Helwii (button) folded before Flop (didn't bet)
Seat 2: karo@as1000 (small blind) folded before Flop
Seat 3: TheHunger_JH (big blind) folded on the Flop
Seat 4: omar121865 folded before Flop (didn't bet)
Seat 5: Dorex2007 folded before Flop (didn't bet)
Seat 7: DIAMORF folded before Flop (didn't bet)
Seat 8: Yahtr collected ($0.13)



PokerStars Hand #227688948213:  Hold'em No Limit ($0.01/$0.02 USD) - 2021/06/19 2:23:24 PT [2021/06/19 5:23:24 ET]
Table 'Limburgia' 9-max Seat #2 is the button
Seat 1: Helwii ($1.96 in chips) 
Seat 2: karo@as1000 ($1.99 in chips) 
Seat 3: TheHunger_JH ($1.75 in chips) 
Seat 4: omar121865 ($1.58 in chips) 
Seat 5: Dorex2007 ($2.20 in chips) 
Seat 7: DIAMORF ($1.44 in chips) 
Seat 8: Yahtr ($2.44 in chips) 
TheHunger_JH: posts small blind $0.01
omar121865: posts big blind $0.02
cubicroot: sits out 
*** HOLE CARDS ***
Dealt to Dorex2007 [8s 9d]
Dorex2007: folds 
DIAMORF: calls $0.02
Yahtr: folds 
Helwii: calls $0.02
karo@as1000: calls $0.02
TheHunger_JH: folds 
omar121865: checks 
*** FLOP *** [7h 3h Ks]
omar121865: checks 
DIAMORF: checks 
Helwii: checks 
karo@as1000: checks 
*** TURN *** [7h 3h Ks] [3s]
omar121865: bets $0.05
DIAMORF: folds 
Helwii: folds 
karo@as1000: folds 
Uncalled bet ($0.05) returned to omar121865
omar121865 collected $0.09 from pot
omar121865: doesn't show hand 
*** SUMMARY ***
Total pot $0.09 | Rake $0 
Board [7h 3h Ks 3s]
Seat 1: Helwii folded on the Turn
Seat 2: karo@as1000 (button) folded on the Turn
Seat 3: TheHunger_JH (small blind) folded before Flop
Seat 4: omar121865 (big blind) collected ($0.09)
Seat 5: Dorex2007 folded before Flop (didn't bet)
Seat 7: DIAMORF folded on the Turn
Seat 8: Yahtr folded before Flop (didn't bet)



