PokerStars Hand #237870241032:  Hold'em No Limit ($0.02/$0.05 USD) - 2022/08/08 12:25:11 PT [2022/08/08 15:25:11 ET]
Table 'Polaris III' 9-max Seat #3 is the button
Seat 1: MrK_Leuven ($5.07 in chips) 
Seat 2: Dorex2007 ($5 in chips) 
Seat 3: hallucinations ($11.49 in chips) 
Seat 5: captain 014 ($2.08 in chips) 
Seat 6: Bellizz ($6.86 in chips) 
Seat 7: 8lemurcatta8 ($5.30 in chips) 
Seat 8: beatlepool ($5.44 in chips) 
Seat 9: Count Mole ($6.78 in chips) 
captain 014: posts small blind $0.02
Bellizz: posts big blind $0.05
Dorex2007: posts big blind $0.05
*** HOLE CARDS ***
Dealt to Dorex2007 [5h Ks]
8lemurcatta8: folds 
beatlepool: folds 
Count Mole: folds 
MrK_Leuven: folds 
Dorex2007 has timed out
Dorex2007: checks 
hallucinations: folds 
captain 014: folds 
Bellizz: checks 
*** FLOP *** [8c Js 2c]
Bellizz: bets $0.05
Dorex2007: folds 
Uncalled bet ($0.05) returned to Bellizz
Bellizz collected $0.12 from pot
Bellizz: doesn't show hand 
*** SUMMARY ***
Total pot $0.12 | Rake $0 
Board [8c Js 2c]
Seat 1: MrK_Leuven folded before Flop (didn't bet)
Seat 2: Dorex2007 folded on the Flop (didn't bet)
Seat 3: hallucinations (button) folded before Flop (didn't bet)
Seat 5: captain 014 (small blind) folded before Flop
Seat 6: Bellizz (big blind) collected ($0.12)
Seat 7: 8lemurcatta8 folded before Flop (didn't bet)
Seat 8: beatlepool folded before Flop (didn't bet)
Seat 9: Count Mole folded before Flop (didn't bet)



PokerStars Hand #237870263192:  Hold'em No Limit ($0.02/$0.05 USD) - 2022/08/08 12:26:06 PT [2022/08/08 15:26:06 ET]
Table 'Polaris III' 9-max Seat #5 is the button
Seat 1: MrK_Leuven ($5.07 in chips) 
Seat 2: Dorex2007 ($5 in chips) 
Seat 3: hallucinations ($11.49 in chips) 
Seat 5: captain 014 ($2.06 in chips) 
Seat 6: Bellizz ($6.93 in chips) 
Seat 7: 8lemurcatta8 ($5.30 in chips) 
Seat 8: beatlepool ($5.44 in chips) 
Seat 9: Count Mole ($6.78 in chips) 
Bellizz: posts small blind $0.02
8lemurcatta8: posts big blind $0.05
CasinoReal46: sits out 
*** HOLE CARDS ***
Dealt to Dorex2007 [6h 9s]
beatlepool: folds 
Count Mole: folds 
MrK_Leuven: folds 
Dorex2007: folds 
hallucinations: raises $0.10 to $0.15
captain 014: folds 
Bellizz: calls $0.13
8lemurcatta8: folds 
*** FLOP *** [Qd As 3d]
Bellizz: bets $0.17
hallucinations: folds 
Uncalled bet ($0.17) returned to Bellizz
Bellizz collected $0.34 from pot
Bellizz: doesn't show hand 
*** SUMMARY ***
Total pot $0.35 | Rake $0.01 
Board [Qd As 3d]
Seat 1: MrK_Leuven folded before Flop (didn't bet)
Seat 2: Dorex2007 folded before Flop (didn't bet)
Seat 3: hallucinations folded on the Flop
Seat 5: captain 014 (button) folded before Flop (didn't bet)
Seat 6: Bellizz (small blind) collected ($0.34)
Seat 7: 8lemurcatta8 (big blind) folded before Flop
Seat 8: beatlepool folded before Flop (didn't bet)
Seat 9: Count Mole folded before Flop (didn't bet)



PokerStars Hand #237870274340:  Hold'em No Limit ($0.02/$0.05 USD) - 2022/08/08 12:26:34 PT [2022/08/08 15:26:34 ET]
Table 'Polaris III' 9-max Seat #6 is the button
Seat 1: MrK_Leuven ($5.07 in chips) 
Seat 2: Dorex2007 ($5 in chips) 
Seat 3: hallucinations ($11.34 in chips) 
Seat 4: CasinoReal46 ($2.95 in chips) 
Seat 5: captain 014 ($2.06 in chips) 
Seat 6: Bellizz ($7.12 in chips) 
Seat 7: 8lemurcatta8 ($5.25 in chips) 
Seat 8: beatlepool ($5.44 in chips) 
Seat 9: Count Mole ($6.78 in chips) 
8lemurcatta8: posts small blind $0.02
beatlepool: posts big blind $0.05
CasinoReal46: posts big blind $0.05
*** HOLE CARDS ***
Dealt to Dorex2007 [2h 3c]
Count Mole: folds 
MrK_Leuven: folds 
Dorex2007: folds 
hallucinations: raises $0.15 to $0.20
CasinoReal46: folds 
captain 014: raises $0.52 to $0.72
Bellizz: raises $1.76 to $2.48
8lemurcatta8: folds 
beatlepool: folds 
hallucinations: folds 
captain 014: calls $1.34 and is all-in
Uncalled bet ($0.42) returned to Bellizz
*** FLOP *** [2s 5s 6c]
*** TURN *** [2s 5s 6c] [2d]
*** RIVER *** [2s 5s 6c 2d] [Kh]
*** SHOW DOWN ***
captain 014: shows [7h 7c] (two pair, Sevens and Deuces)
Bellizz: shows [As 3h] (a pair of Deuces)
captain 014 collected $4.26 from pot
Bellizz cashed out the hand for $1.26 | Cash Out Fee $0.01
*** SUMMARY ***
Total pot $4.44 | Rake $0.18 
Board [2s 5s 6c 2d Kh]
Seat 1: MrK_Leuven folded before Flop (didn't bet)
Seat 2: Dorex2007 folded before Flop (didn't bet)
Seat 3: hallucinations folded before Flop
Seat 4: CasinoReal46 folded before Flop (didn't bet)
Seat 5: captain 014 showed [7h 7c] and won ($4.26) with two pair, Sevens and Deuces
Seat 6: Bellizz (button) showed [As 3h] and lost with a pair of Deuces (cashed out).
Seat 7: 8lemurcatta8 (small blind) folded before Flop
Seat 8: beatlepool (big blind) folded before Flop
Seat 9: Count Mole folded before Flop (didn't bet)



PokerStars Hand #237870292890:  Hold'em No Limit ($0.02/$0.05 USD) - 2022/08/08 12:27:21 PT [2022/08/08 15:27:21 ET]
Table 'Polaris III' 9-max Seat #7 is the button
Seat 1: MrK_Leuven ($5.07 in chips) 
Seat 2: Dorex2007 ($5 in chips) 
Seat 3: hallucinations ($11.14 in chips) 
Seat 4: CasinoReal46 ($2.90 in chips) 
Seat 5: captain 014 ($4.26 in chips) 
Seat 6: Bellizz ($6.32 in chips) 
Seat 7: 8lemurcatta8 ($5.23 in chips) 
Seat 8: beatlepool ($5.39 in chips) 
Seat 9: Count Mole ($6.78 in chips) 
beatlepool: posts small blind $0.02
Count Mole: posts big blind $0.05
*** HOLE CARDS ***
Dealt to Dorex2007 [2h 6c]
MrK_Leuven: folds 
Dorex2007: folds 
hallucinations: folds 
CasinoReal46: folds 
captain 014: folds 
Bellizz: folds 
8lemurcatta8: folds 
beatlepool: folds 
Uncalled bet ($0.03) returned to Count Mole
Count Mole collected $0.04 from pot
Count Mole: doesn't show hand 
*** SUMMARY ***
Total pot $0.04 | Rake $0 
Seat 1: MrK_Leuven folded before Flop (didn't bet)
Seat 2: Dorex2007 folded before Flop (didn't bet)
Seat 3: hallucinations folded before Flop (didn't bet)
Seat 4: CasinoReal46 folded before Flop (didn't bet)
Seat 5: captain 014 folded before Flop (didn't bet)
Seat 6: Bellizz folded before Flop (didn't bet)
Seat 7: 8lemurcatta8 (button) folded before Flop (didn't bet)
Seat 8: beatlepool (small blind) folded before Flop
Seat 9: Count Mole (big blind) collected ($0.04)



PokerStars Hand #237870298456:  Hold'em No Limit ($0.02/$0.05 USD) - 2022/08/08 12:27:35 PT [2022/08/08 15:27:35 ET]
Table 'Polaris III' 9-max Seat #8 is the button
Seat 1: MrK_Leuven ($5.07 in chips) 
Seat 2: Dorex2007 ($5 in chips) 
Seat 3: hallucinations ($11.14 in chips) 
Seat 4: CasinoReal46 ($2.90 in chips) 
Seat 5: captain 014 ($4.26 in chips) 
Seat 6: Bellizz ($6.32 in chips) 
Seat 7: 8lemurcatta8 ($5.23 in chips) 
Seat 8: beatlepool ($5.37 in chips) 
Seat 9: Count Mole ($6.80 in chips) 
Count Mole: posts small blind $0.02
MrK_Leuven: posts big blind $0.05
*** HOLE CARDS ***
Dealt to Dorex2007 [5s Ad]
Dorex2007: folds 
hallucinations: calls $0.05
CasinoReal46: folds 
captain 014: folds 
Bellizz: folds 
8lemurcatta8: folds 
beatlepool: folds 
beatlepool leaves the table
Count Mole: folds 
MrK_Leuven: checks 
*** FLOP *** [7c 4s Jd]
MrK_Leuven: checks 
hallucinations: bets $0.06
WinSM6 joins the table at seat #8 
MrK_Leuven: folds 
Uncalled bet ($0.06) returned to hallucinations
hallucinations collected $0.12 from pot
hallucinations: doesn't show hand 
*** SUMMARY ***
Total pot $0.12 | Rake $0 
Board [7c 4s Jd]
Seat 1: MrK_Leuven (big blind) folded on the Flop
Seat 2: Dorex2007 folded before Flop (didn't bet)
Seat 3: hallucinations collected ($0.12)
Seat 4: CasinoReal46 folded before Flop (didn't bet)
Seat 5: captain 014 folded before Flop (didn't bet)
Seat 6: Bellizz folded before Flop (didn't bet)
Seat 7: 8lemurcatta8 folded before Flop (didn't bet)
Seat 8: beatlepool (button) folded before Flop (didn't bet)
Seat 9: Count Mole (small blind) folded before Flop



PokerStars Hand #237870315548:  Hold'em No Limit ($0.02/$0.05 USD) - 2022/08/08 12:28:18 PT [2022/08/08 15:28:18 ET]
Table 'Polaris III' 9-max Seat #9 is the button
Seat 1: MrK_Leuven ($5.02 in chips) 
Seat 2: Dorex2007 ($5 in chips) 
Seat 3: hallucinations ($11.21 in chips) 
Seat 4: CasinoReal46 ($2.90 in chips) 
Seat 5: captain 014 ($4.26 in chips) 
Seat 6: Bellizz ($6.32 in chips) 
Seat 7: 8lemurcatta8 ($5.23 in chips) 
Seat 9: Count Mole ($6.78 in chips) 
MrK_Leuven: posts small blind $0.02
Dorex2007: posts big blind $0.05
WinSM6: sits out 
*** HOLE CARDS ***
Dealt to Dorex2007 [Qc 9d]
hallucinations: folds 
CasinoReal46: folds 
captain 014: folds 
Bellizz: raises $0.05 to $0.10
8lemurcatta8: folds 
Count Mole: folds 
MrK_Leuven: folds 
Dorex2007: folds 
Uncalled bet ($0.05) returned to Bellizz
Bellizz collected $0.12 from pot
Bellizz: doesn't show hand 
*** SUMMARY ***
Total pot $0.12 | Rake $0 
Seat 1: MrK_Leuven (small blind) folded before Flop
Seat 2: Dorex2007 (big blind) folded before Flop
Seat 3: hallucinations folded before Flop (didn't bet)
Seat 4: CasinoReal46 folded before Flop (didn't bet)
Seat 5: captain 014 folded before Flop (didn't bet)
Seat 6: Bellizz collected ($0.12)
Seat 7: 8lemurcatta8 folded before Flop (didn't bet)
Seat 9: Count Mole (button) folded before Flop (didn't bet)



PokerStars Hand #237870324082:  Hold'em No Limit ($0.02/$0.05 USD) - 2022/08/08 12:28:39 PT [2022/08/08 15:28:39 ET]
Table 'Polaris III' 9-max Seat #1 is the button
Seat 1: MrK_Leuven ($5 in chips) 
Seat 2: Dorex2007 ($5 in chips) 
Seat 3: hallucinations ($11.21 in chips) 
Seat 4: CasinoReal46 ($2.90 in chips) 
Seat 5: captain 014 ($4.26 in chips) 
Seat 6: Bellizz ($6.39 in chips) 
Seat 7: 8lemurcatta8 ($5.23 in chips) 
Seat 9: Count Mole ($6.78 in chips) 
Dorex2007: posts small blind $0.02
hallucinations: posts big blind $0.05
WinSM6: sits out 
*** HOLE CARDS ***
Dealt to Dorex2007 [5h Ad]
CasinoReal46: folds 
captain 014: folds 
Bellizz: raises $0.05 to $0.10
8lemurcatta8: folds 
Count Mole: folds 
MrK_Leuven: folds 
Dorex2007: folds 
hallucinations: folds 
Uncalled bet ($0.05) returned to Bellizz
Bellizz collected $0.12 from pot
Bellizz: doesn't show hand 
*** SUMMARY ***
Total pot $0.12 | Rake $0 
Seat 1: MrK_Leuven (button) folded before Flop (didn't bet)
Seat 2: Dorex2007 (small blind) folded before Flop
Seat 3: hallucinations (big blind) folded before Flop
Seat 4: CasinoReal46 folded before Flop (didn't bet)
Seat 5: captain 014 folded before Flop (didn't bet)
Seat 6: Bellizz collected ($0.12)
Seat 7: 8lemurcatta8 folded before Flop (didn't bet)
Seat 9: Count Mole folded before Flop (didn't bet)



PokerStars Hand #237870331801:  Hold'em No Limit ($0.02/$0.05 USD) - 2022/08/08 12:28:58 PT [2022/08/08 15:28:58 ET]
Table 'Polaris III' 9-max Seat #2 is the button
Seat 1: MrK_Leuven ($5 in chips) 
Seat 2: Dorex2007 ($5 in chips) 
Seat 3: hallucinations ($11.16 in chips) 
Seat 5: captain 014 ($4.26 in chips) 
Seat 6: Bellizz ($6.46 in chips) 
Seat 7: 8lemurcatta8 ($5.23 in chips) 
Seat 9: Count Mole ($6.78 in chips) 
hallucinations: posts small blind $0.02
CasinoReal46: is sitting out 
captain 014: posts big blind $0.05
WinSM6: sits out 
*** HOLE CARDS ***
Dealt to Dorex2007 [9h Ad]
Bellizz: raises $0.05 to $0.10
8lemurcatta8: folds 
Count Mole: folds 
MrK_Leuven: folds 
Dorex2007: folds 
hallucinations: calls $0.08
captain 014: folds 
*** FLOP *** [4d Qh Js]
hallucinations: checks 
Bellizz: checks 
*** TURN *** [4d Qh Js] [3h]
hallucinations: bets $0.15
Bellizz: calls $0.15
*** RIVER *** [4d Qh Js 3h] [5c]
hallucinations: bets $0.35
Bellizz: raises $1.23 to $1.58
hallucinations: folds 
Uncalled bet ($1.23) returned to Bellizz
Bellizz collected $1.20 from pot
Bellizz: doesn't show hand 
*** SUMMARY ***
Total pot $1.25 | Rake $0.05 
Board [4d Qh Js 3h 5c]
Seat 1: MrK_Leuven folded before Flop (didn't bet)
Seat 2: Dorex2007 (button) folded before Flop (didn't bet)
Seat 3: hallucinations (small blind) folded on the River
Seat 5: captain 014 (big blind) folded before Flop
Seat 6: Bellizz collected ($1.20)
Seat 7: 8lemurcatta8 folded before Flop (didn't bet)
Seat 9: Count Mole folded before Flop (didn't bet)



PokerStars Hand #237870349429:  Hold'em No Limit ($0.02/$0.05 USD) - 2022/08/08 12:29:42 PT [2022/08/08 15:29:42 ET]
Table 'Polaris III' 9-max Seat #3 is the button
Seat 1: MrK_Leuven ($5 in chips) 
Seat 2: Dorex2007 ($5 in chips) 
Seat 3: hallucinations ($10.56 in chips) 
Seat 5: captain 014 ($4.21 in chips) 
Seat 6: Bellizz ($7.06 in chips) 
Seat 7: 8lemurcatta8 ($5.23 in chips) 
Seat 9: Count Mole ($6.78 in chips) 
captain 014: posts small blind $0.02
Bellizz: posts big blind $0.05
WinSM6: sits out 
*** HOLE CARDS ***
Dealt to Dorex2007 [Tc 3c]
8lemurcatta8: folds 
Count Mole: folds 
MrK_Leuven: raises $0.15 to $0.20
Dorex2007: folds 
hallucinations: folds 
captain 014: folds 
Bellizz: folds 
Uncalled bet ($0.15) returned to MrK_Leuven
MrK_Leuven collected $0.12 from pot
MrK_Leuven: doesn't show hand 
*** SUMMARY ***
Total pot $0.12 | Rake $0 
Seat 1: MrK_Leuven collected ($0.12)
Seat 2: Dorex2007 folded before Flop (didn't bet)
Seat 3: hallucinations (button) folded before Flop (didn't bet)
Seat 5: captain 014 (small blind) folded before Flop
Seat 6: Bellizz (big blind) folded before Flop
Seat 7: 8lemurcatta8 folded before Flop (didn't bet)
Seat 9: Count Mole folded before Flop (didn't bet)



PokerStars Hand #237870353755:  Hold'em No Limit ($0.02/$0.05 USD) - 2022/08/08 12:29:53 PT [2022/08/08 15:29:53 ET]
Table 'Polaris III' 9-max Seat #5 is the button
Seat 1: MrK_Leuven ($5.07 in chips) 
Seat 2: Dorex2007 ($5 in chips) 
Seat 3: hallucinations ($10.56 in chips) 
Seat 4: CasinoReal46 ($2.90 in chips) 
Seat 5: captain 014 ($4.19 in chips) 
Seat 6: Bellizz ($7.01 in chips) 
Seat 7: 8lemurcatta8 ($5.23 in chips) 
Seat 9: Count Mole ($6.78 in chips) 
Bellizz: posts small blind $0.02
8lemurcatta8: posts big blind $0.05
WinSM6: sits out 
CasinoReal46: posts small & big blinds $0.07
*** HOLE CARDS ***
Dealt to Dorex2007 [9d Jc]
Count Mole: folds 
MrK_Leuven: folds 
Dorex2007: folds 
hallucinations: calls $0.05
CasinoReal46: checks 
captain 014: folds 
Bellizz: raises $0.05 to $0.10
8lemurcatta8: folds 
hallucinations: calls $0.05
CasinoReal46: folds 
*** FLOP *** [5h Ks Ah]
Bellizz: bets $0.15
hallucinations: calls $0.15
*** TURN *** [5h Ks Ah] [5c]
Bellizz: checks 
hallucinations: bets $0.29
Bellizz: folds 
Uncalled bet ($0.29) returned to hallucinations
hallucinations collected $0.59 from pot
hallucinations: doesn't show hand 
*** SUMMARY ***
Total pot $0.62 | Rake $0.03 
Board [5h Ks Ah 5c]
Seat 1: MrK_Leuven folded before Flop (didn't bet)
Seat 2: Dorex2007 folded before Flop (didn't bet)
Seat 3: hallucinations collected ($0.59)
Seat 4: CasinoReal46 folded before Flop (didn't bet)
Seat 5: captain 014 (button) folded before Flop (didn't bet)
Seat 6: Bellizz (small blind) folded on the Turn
Seat 7: 8lemurcatta8 (big blind) folded before Flop
Seat 9: Count Mole folded before Flop (didn't bet)



PokerStars Hand #237870381216:  Hold'em No Limit ($0.02/$0.05 USD) - 2022/08/08 12:30:28 PT [2022/08/08 15:30:28 ET]
Table 'Polaris III' 9-max Seat #6 is the button
Seat 1: MrK_Leuven ($5.07 in chips) 
Seat 2: Dorex2007 ($5 in chips) 
Seat 3: hallucinations ($10.90 in chips) 
Seat 4: CasinoReal46 ($2.83 in chips) 
Seat 5: captain 014 ($4.19 in chips) 
Seat 6: Bellizz ($6.76 in chips) 
Seat 7: 8lemurcatta8 ($5.18 in chips) 
Seat 8: WinSM6 ($5 in chips) 
Seat 9: Count Mole ($6.78 in chips) 
8lemurcatta8: posts small blind $0.02
WinSM6: posts big blind $0.05
*** HOLE CARDS ***
Dealt to Dorex2007 [Kc Qc]
Count Mole: folds 
MrK_Leuven: folds 
Dorex2007: raises $0.10 to $0.15
hallucinations: calls $0.15
CasinoReal46: folds 
captain 014: folds 
Bellizz: folds 
8lemurcatta8: folds 
WinSM6: folds 
*** FLOP *** [Th Js Ks]
Dorex2007: bets $0.17
hallucinations: calls $0.17
*** TURN *** [Th Js Ks] [Tc]
Dorex2007: bets $0.45
hallucinations: folds 
Uncalled bet ($0.45) returned to Dorex2007
Dorex2007 collected $0.68 from pot
Dorex2007: doesn't show hand 
*** SUMMARY ***
Total pot $0.71 | Rake $0.03 
Board [Th Js Ks Tc]
Seat 1: MrK_Leuven folded before Flop (didn't bet)
Seat 2: Dorex2007 collected ($0.68)
Seat 3: hallucinations folded on the Turn
Seat 4: CasinoReal46 folded before Flop (didn't bet)
Seat 5: captain 014 folded before Flop (didn't bet)
Seat 6: Bellizz (button) folded before Flop (didn't bet)
Seat 7: 8lemurcatta8 (small blind) folded before Flop
Seat 8: WinSM6 (big blind) folded before Flop
Seat 9: Count Mole folded before Flop (didn't bet)



PokerStars Hand #237870402877:  Hold'em No Limit ($0.02/$0.05 USD) - 2022/08/08 12:31:23 PT [2022/08/08 15:31:23 ET]
Table 'Polaris III' 9-max Seat #7 is the button
Seat 1: MrK_Leuven ($5.07 in chips) 
Seat 2: Dorex2007 ($5.36 in chips) 
Seat 3: hallucinations ($10.58 in chips) 
Seat 4: CasinoReal46 ($2.83 in chips) 
Seat 5: captain 014 ($4.19 in chips) 
Seat 6: Bellizz ($6.76 in chips) 
Seat 7: 8lemurcatta8 ($5.16 in chips) 
Seat 8: WinSM6 ($4.95 in chips) 
Seat 9: Count Mole ($6.78 in chips) 
WinSM6: posts small blind $0.02
Count Mole: posts big blind $0.05
*** HOLE CARDS ***
Dealt to Dorex2007 [Qd 7s]
MrK_Leuven: folds 
Dorex2007: folds 
hallucinations: folds 
CasinoReal46: folds 
captain 014: folds 
Bellizz: folds 
8lemurcatta8: folds 
WinSM6: raises $0.10 to $0.15
Count Mole: folds 
Uncalled bet ($0.10) returned to WinSM6
WinSM6 collected $0.10 from pot
WinSM6: doesn't show hand 
*** SUMMARY ***
Total pot $0.10 | Rake $0 
Seat 1: MrK_Leuven folded before Flop (didn't bet)
Seat 2: Dorex2007 folded before Flop (didn't bet)
Seat 3: hallucinations folded before Flop (didn't bet)
Seat 4: CasinoReal46 folded before Flop (didn't bet)
Seat 5: captain 014 folded before Flop (didn't bet)
Seat 6: Bellizz folded before Flop (didn't bet)
Seat 7: 8lemurcatta8 (button) folded before Flop (didn't bet)
Seat 8: WinSM6 (small blind) collected ($0.10)
Seat 9: Count Mole (big blind) folded before Flop



PokerStars Hand #237870412543:  Hold'em No Limit ($0.02/$0.05 USD) - 2022/08/08 12:31:47 PT [2022/08/08 15:31:47 ET]
Table 'Polaris III' 9-max Seat #8 is the button
Seat 1: MrK_Leuven ($5.07 in chips) 
Seat 2: Dorex2007 ($5.36 in chips) 
Seat 3: hallucinations ($10.58 in chips) 
Seat 4: CasinoReal46 ($2.83 in chips) 
Seat 5: captain 014 ($4.19 in chips) 
Seat 6: Bellizz ($6.76 in chips) 
Seat 7: 8lemurcatta8 ($5.16 in chips) 
Seat 8: WinSM6 ($5 in chips) 
Seat 9: Count Mole ($6.73 in chips) 
Count Mole: posts small blind $0.02
MrK_Leuven: posts big blind $0.05
*** HOLE CARDS ***
Dealt to Dorex2007 [2c Ah]
Dorex2007 has timed out
Dorex2007: folds 
hallucinations: calls $0.05
CasinoReal46: folds 
captain 014: folds 
Bellizz: folds 
8lemurcatta8: folds 
WinSM6: folds 
Count Mole: folds 
MrK_Leuven: checks 
*** FLOP *** [As 7d Th]
MrK_Leuven: checks 
hallucinations: bets $0.06
MrK_Leuven: folds 
Uncalled bet ($0.06) returned to hallucinations
hallucinations collected $0.12 from pot
hallucinations: doesn't show hand 
*** SUMMARY ***
Total pot $0.12 | Rake $0 
Board [As 7d Th]
Seat 1: MrK_Leuven (big blind) folded on the Flop
Seat 2: Dorex2007 folded before Flop (didn't bet)
Seat 3: hallucinations collected ($0.12)
Seat 4: CasinoReal46 folded before Flop (didn't bet)
Seat 5: captain 014 folded before Flop (didn't bet)
Seat 6: Bellizz folded before Flop (didn't bet)
Seat 7: 8lemurcatta8 folded before Flop (didn't bet)
Seat 8: WinSM6 (button) folded before Flop (didn't bet)
Seat 9: Count Mole (small blind) folded before Flop



PokerStars Hand #237878475251:  Hold'em No Limit ($0.02/$0.05 USD) - 2022/08/08 20:07:12 PT [2022/08/08 23:07:12 ET]
Table 'Polaris III' 9-max Seat #5 is the button
Seat 1: FrightFranky ($6.66 in chips) 
Seat 2: enixblr ($8.99 in chips) 
Seat 3: Templar85 ($5.13 in chips) 
Seat 4: Dorex2007 ($5 in chips) 
Seat 5: Manuelito180 ($16.83 in chips) 
Seat 7: vinhneji ($4 in chips) 
Seat 8: iamcatita ($5.60 in chips) 
Seat 9: okure-okure2 ($5.81 in chips) 
vinhneji: posts small blind $0.02
iamcatita: posts big blind $0.05
Dorex2007: posts big blind $0.05
*** HOLE CARDS ***
Dealt to Dorex2007 [8d 7d]
okure-okure2: folds 
FrightFranky: folds 
enixblr: folds 
Templar85: folds 
Dorex2007: checks 
Manuelito180: folds 
vinhneji: calls $0.03
iamcatita: checks 
*** FLOP *** [6c Ks 6d]
vinhneji: checks 
iamcatita: checks 
Dorex2007: checks 
*** TURN *** [6c Ks 6d] [4c]
vinhneji: bets $0.05
iamcatita: folds 
Dorex2007: calls $0.05
*** RIVER *** [6c Ks 6d 4c] [7h]
vinhneji: checks 
Dorex2007: checks 
*** SHOW DOWN ***
vinhneji: shows [5s 5d] (two pair, Sixes and Fives)
Dorex2007: shows [8d 7d] (two pair, Sevens and Sixes)
Dorex2007 collected $0.24 from pot
*** SUMMARY ***
Total pot $0.25 | Rake $0.01 
Board [6c Ks 6d 4c 7h]
Seat 1: FrightFranky folded before Flop (didn't bet)
Seat 2: enixblr folded before Flop (didn't bet)
Seat 3: Templar85 folded before Flop (didn't bet)
Seat 4: Dorex2007 showed [8d 7d] and won ($0.24) with two pair, Sevens and Sixes
Seat 5: Manuelito180 (button) folded before Flop (didn't bet)
Seat 7: vinhneji (small blind) showed [5s 5d] and lost with two pair, Sixes and Fives
Seat 8: iamcatita (big blind) folded on the Turn
Seat 9: okure-okure2 folded before Flop (didn't bet)



PokerStars Hand #237878483636:  Hold'em No Limit ($0.02/$0.05 USD) - 2022/08/08 20:08:04 PT [2022/08/08 23:08:04 ET]
Table 'Polaris III' 9-max Seat #7 is the button
Seat 1: FrightFranky ($6.66 in chips) 
Seat 2: enixblr ($8.99 in chips) 
Seat 3: Templar85 ($5.13 in chips) 
Seat 4: Dorex2007 ($5.14 in chips) 
Seat 5: Manuelito180 ($16.83 in chips) 
Seat 7: vinhneji ($4 in chips) 
Seat 8: iamcatita ($5.55 in chips) 
Seat 9: okure-okure2 ($5.81 in chips) 
iamcatita: posts small blind $0.02
okure-okure2: posts big blind $0.05
*** HOLE CARDS ***
Dealt to Dorex2007 [Ks Th]
FrightFranky: folds 
enixblr: folds 
Templar85: raises $0.10 to $0.15
Dorex2007: folds 
Manuelito180: calls $0.15
vinhneji: folds 
iamcatita: calls $0.13
okure-okure2: folds 
*** FLOP *** [8c 2h Jd]
iamcatita: checks 
Templar85: checks 
Manuelito180: bets $0.24
iamcatita: folds 
Templar85: folds 
Uncalled bet ($0.24) returned to Manuelito180
Manuelito180 collected $0.48 from pot
Manuelito180: doesn't show hand 
*** SUMMARY ***
Total pot $0.50 | Rake $0.02 
Board [8c 2h Jd]
Seat 1: FrightFranky folded before Flop (didn't bet)
Seat 2: enixblr folded before Flop (didn't bet)
Seat 3: Templar85 folded on the Flop
Seat 4: Dorex2007 folded before Flop (didn't bet)
Seat 5: Manuelito180 collected ($0.48)
Seat 7: vinhneji (button) folded before Flop (didn't bet)
Seat 8: iamcatita (small blind) folded on the Flop
Seat 9: okure-okure2 (big blind) folded before Flop



PokerStars Hand #237878490532:  Hold'em No Limit ($0.02/$0.05 USD) - 2022/08/08 20:08:47 PT [2022/08/08 23:08:47 ET]
Table 'Polaris III' 9-max Seat #8 is the button
Seat 1: FrightFranky ($6.66 in chips) 
Seat 2: enixblr ($8.99 in chips) 
Seat 3: Templar85 ($5 in chips) 
Seat 4: Dorex2007 ($5.14 in chips) 
Seat 5: Manuelito180 ($17.16 in chips) 
Seat 7: vinhneji ($4 in chips) 
Seat 8: iamcatita ($5.40 in chips) 
Seat 9: okure-okure2 ($5.76 in chips) 
okure-okure2: posts small blind $0.02
FrightFranky: posts big blind $0.05
*** HOLE CARDS ***
Dealt to Dorex2007 [Js 5h]
enixblr: folds 
Templar85: folds 
Dorex2007: folds 
Manuelito180: folds 
vinhneji has timed out
vinhneji: folds 
iamcatita: folds 
okure-okure2: folds 
Uncalled bet ($0.03) returned to FrightFranky
FrightFranky collected $0.04 from pot
FrightFranky: doesn't show hand 
*** SUMMARY ***
Total pot $0.04 | Rake $0 
Seat 1: FrightFranky (big blind) collected ($0.04)
Seat 2: enixblr folded before Flop (didn't bet)
Seat 3: Templar85 folded before Flop (didn't bet)
Seat 4: Dorex2007 folded before Flop (didn't bet)
Seat 5: Manuelito180 folded before Flop (didn't bet)
Seat 7: vinhneji folded before Flop (didn't bet)
Seat 8: iamcatita (button) folded before Flop (didn't bet)
Seat 9: okure-okure2 (small blind) folded before Flop



PokerStars Hand #237878496728:  Hold'em No Limit ($0.02/$0.05 USD) - 2022/08/08 20:09:26 PT [2022/08/08 23:09:26 ET]
Table 'Polaris III' 9-max Seat #9 is the button
Seat 1: FrightFranky ($6.68 in chips) 
Seat 2: enixblr ($8.99 in chips) 
Seat 3: Templar85 ($5 in chips) 
Seat 4: Dorex2007 ($5.14 in chips) 
Seat 5: Manuelito180 ($17.16 in chips) 
Seat 8: iamcatita ($5.40 in chips) 
Seat 9: okure-okure2 ($5.74 in chips) 
FrightFranky: posts small blind $0.02
enixblr: posts big blind $0.05
*** HOLE CARDS ***
Dealt to Dorex2007 [2c Qd]
Templar85: folds 
vinhneji is disconnected 
Dorex2007: folds 
Manuelito180: raises $0.10 to $0.15
iamcatita: folds 
okure-okure2: folds 
FrightFranky: folds 
enixblr: folds 
Uncalled bet ($0.10) returned to Manuelito180
Manuelito180 collected $0.12 from pot
Manuelito180: doesn't show hand 
*** SUMMARY ***
Total pot $0.12 | Rake $0 
Seat 1: FrightFranky (small blind) folded before Flop
Seat 2: enixblr (big blind) folded before Flop
Seat 3: Templar85 folded before Flop (didn't bet)
Seat 4: Dorex2007 folded before Flop (didn't bet)
Seat 5: Manuelito180 collected ($0.12)
Seat 8: iamcatita folded before Flop (didn't bet)
Seat 9: okure-okure2 (button) folded before Flop (didn't bet)



PokerStars Hand #237878500416:  Hold'em No Limit ($0.02/$0.05 USD) - 2022/08/08 20:09:49 PT [2022/08/08 23:09:49 ET]
Table 'Polaris III' 9-max Seat #1 is the button
Seat 1: FrightFranky ($6.66 in chips) 
Seat 2: enixblr ($8.94 in chips) 
Seat 3: Templar85 ($5 in chips) 
Seat 4: Dorex2007 ($5.14 in chips) 
Seat 5: Manuelito180 ($17.23 in chips) 
Seat 8: iamcatita ($5.40 in chips) 
Seat 9: okure-okure2 ($5.74 in chips) 
enixblr: posts small blind $0.02
Templar85: posts big blind $0.05
*** HOLE CARDS ***
Dealt to Dorex2007 [3d Ac]
Dorex2007: folds 
Manuelito180: folds 
iamcatita: folds 
okure-okure2: folds 
FrightFranky: raises $0.10 to $0.15
enixblr: folds 
Templar85: calls $0.10
*** FLOP *** [7d 8h 2d]
Templar85: checks 
FrightFranky: bets $0.16
Templar85: folds 
Uncalled bet ($0.16) returned to FrightFranky
FrightFranky collected $0.31 from pot
FrightFranky: doesn't show hand 
*** SUMMARY ***
Total pot $0.32 | Rake $0.01 
Board [7d 8h 2d]
Seat 1: FrightFranky (button) collected ($0.31)
Seat 2: enixblr (small blind) folded before Flop
Seat 3: Templar85 (big blind) folded on the Flop
Seat 4: Dorex2007 folded before Flop (didn't bet)
Seat 5: Manuelito180 folded before Flop (didn't bet)
Seat 8: iamcatita folded before Flop (didn't bet)
Seat 9: okure-okure2 folded before Flop (didn't bet)



PokerStars Hand #237878505029:  Hold'em No Limit ($0.02/$0.05 USD) - 2022/08/08 20:10:18 PT [2022/08/08 23:10:18 ET]
Table 'Polaris III' 9-max Seat #2 is the button
Seat 1: FrightFranky ($6.82 in chips) 
Seat 2: enixblr ($8.92 in chips) 
Seat 3: Templar85 ($5 in chips) 
Seat 4: Dorex2007 ($5.14 in chips) 
Seat 5: Manuelito180 ($17.23 in chips) 
Seat 8: iamcatita ($5.40 in chips) 
Seat 9: okure-okure2 ($5.74 in chips) 
Templar85: posts small blind $0.02
Dorex2007: posts big blind $0.05
LuckyManCF67: sits out 
*** HOLE CARDS ***
Dealt to Dorex2007 [2d Qh]
Manuelito180: raises $0.10 to $0.15
iamcatita: folds 
okure-okure2: folds 
FrightFranky: folds 
enixblr: folds 
Templar85: folds 
Dorex2007: folds 
Uncalled bet ($0.10) returned to Manuelito180
Manuelito180 collected $0.12 from pot
Manuelito180: doesn't show hand 
*** SUMMARY ***
Total pot $0.12 | Rake $0 
Seat 1: FrightFranky folded before Flop (didn't bet)
Seat 2: enixblr (button) folded before Flop (didn't bet)
Seat 3: Templar85 (small blind) folded before Flop
Seat 4: Dorex2007 (big blind) folded before Flop
Seat 5: Manuelito180 collected ($0.12)
Seat 8: iamcatita folded before Flop (didn't bet)
Seat 9: okure-okure2 folded before Flop (didn't bet)



PokerStars Hand #237878508527:  Hold'em No Limit ($0.02/$0.05 USD) - 2022/08/08 20:10:41 PT [2022/08/08 23:10:41 ET]
Table 'Polaris III' 9-max Seat #3 is the button
Seat 1: FrightFranky ($6.82 in chips) 
Seat 2: enixblr ($8.92 in chips) 
Seat 3: Templar85 ($5 in chips) 
Seat 4: Dorex2007 ($5.09 in chips) 
Seat 5: Manuelito180 ($17.30 in chips) 
Seat 8: iamcatita ($5.40 in chips) 
Seat 9: okure-okure2 ($5.74 in chips) 
Dorex2007: posts small blind $0.02
Manuelito180: posts big blind $0.05
LuckyManCF67: sits out 
*** HOLE CARDS ***
Dealt to Dorex2007 [Jh 7d]
iamcatita: calls $0.05
okure-okure2: raises $0.11 to $0.16
FrightFranky: folds 
enixblr: folds 
Templar85: folds 
Dorex2007: folds 
Manuelito180: calls $0.11
iamcatita: calls $0.11
*** FLOP *** [3d 4h 3h]
Manuelito180: checks 
iamcatita: bets $0.15
okure-okure2: calls $0.15
Manuelito180: calls $0.15
*** TURN *** [3d 4h 3h] [4s]
Manuelito180: checks 
iamcatita: bets $0.19
okure-okure2: folds 
Manuelito180: calls $0.19
*** RIVER *** [3d 4h 3h 4s] [5c]
Manuelito180: checks 
iamcatita: checks 
*** SHOW DOWN ***
Manuelito180: shows [Qh Jc] (two pair, Fours and Threes)
iamcatita: shows [7s 7c] (two pair, Sevens and Fours)
iamcatita collected $1.27 from pot
*** SUMMARY ***
Total pot $1.33 | Rake $0.06 
Board [3d 4h 3h 4s 5c]
Seat 1: FrightFranky folded before Flop (didn't bet)
Seat 2: enixblr folded before Flop (didn't bet)
Seat 3: Templar85 (button) folded before Flop (didn't bet)
Seat 4: Dorex2007 (small blind) folded before Flop
Seat 5: Manuelito180 (big blind) showed [Qh Jc] and lost with two pair, Fours and Threes
Seat 8: iamcatita showed [7s 7c] and won ($1.27) with two pair, Sevens and Fours
Seat 9: okure-okure2 folded on the Turn



PokerStars Hand #237878521746:  Hold'em No Limit ($0.02/$0.05 USD) - 2022/08/08 20:12:04 PT [2022/08/08 23:12:04 ET]
Table 'Polaris III' 9-max Seat #4 is the button
Seat 1: FrightFranky ($6.82 in chips) 
Seat 2: enixblr ($8.92 in chips) 
Seat 3: Templar85 ($5 in chips) 
Seat 4: Dorex2007 ($5.07 in chips) 
Seat 5: Manuelito180 ($16.80 in chips) 
Seat 6: LuckyManCF67 ($2.94 in chips) 
Seat 8: iamcatita ($6.17 in chips) 
Seat 9: okure-okure2 ($5.43 in chips) 
Manuelito180: posts small blind $0.02
LuckyManCF67: posts big blind $0.05
*** HOLE CARDS ***
Dealt to Dorex2007 [8c 5s]
iamcatita: folds 
okure-okure2: raises $0.09 to $0.14
FrightFranky: folds 
enixblr: folds 
Templar85: folds 
Dorex2007: folds 
Manuelito180: folds 
LuckyManCF67: calls $0.09
*** FLOP *** [Ts 5h 9h]
LuckyManCF67: checks 
okure-okure2: bets $0.14
LuckyManCF67: calls $0.14
*** TURN *** [Ts 5h 9h] [3c]
LuckyManCF67: checks 
okure-okure2: bets $0.28
LuckyManCF67: folds 
Uncalled bet ($0.28) returned to okure-okure2
okure-okure2 collected $0.56 from pot
okure-okure2: doesn't show hand 
*** SUMMARY ***
Total pot $0.58 | Rake $0.02 
Board [Ts 5h 9h 3c]
Seat 1: FrightFranky folded before Flop (didn't bet)
Seat 2: enixblr folded before Flop (didn't bet)
Seat 3: Templar85 folded before Flop (didn't bet)
Seat 4: Dorex2007 (button) folded before Flop (didn't bet)
Seat 5: Manuelito180 (small blind) folded before Flop
Seat 6: LuckyManCF67 (big blind) folded on the Turn
Seat 8: iamcatita folded before Flop (didn't bet)
Seat 9: okure-okure2 collected ($0.56)



PokerStars Hand #237878529109:  Hold'em No Limit ($0.02/$0.05 USD) - 2022/08/08 20:12:50 PT [2022/08/08 23:12:50 ET]
Table 'Polaris III' 9-max Seat #5 is the button
Seat 1: FrightFranky ($6.82 in chips) 
Seat 2: enixblr ($8.92 in chips) 
Seat 3: Templar85 ($5 in chips) 
Seat 4: Dorex2007 ($5.07 in chips) 
Seat 5: Manuelito180 ($16.78 in chips) 
Seat 6: LuckyManCF67 ($2.66 in chips) 
Seat 7: vinhneji ($4 in chips) 
Seat 8: iamcatita ($6.17 in chips) 
Seat 9: okure-okure2 ($5.71 in chips) 
LuckyManCF67: posts small blind $0.02
vinhneji: posts big blind $0.05
*** HOLE CARDS ***
Dealt to Dorex2007 [Ac 6c]
iamcatita: calls $0.05
okure-okure2: folds 
FrightFranky: folds 
enixblr: folds 
Templar85: raises $0.15 to $0.20
Dorex2007: folds 
Manuelito180: folds 
LuckyManCF67: calls $0.18
vinhneji: folds 
iamcatita: folds 
*** FLOP *** [Qd 9c 9s]
LuckyManCF67: checks 
Templar85: bets $0.24
LuckyManCF67: folds 
Uncalled bet ($0.24) returned to Templar85
Templar85 collected $0.48 from pot
Templar85: doesn't show hand 
*** SUMMARY ***
Total pot $0.50 | Rake $0.02 
Board [Qd 9c 9s]
Seat 1: FrightFranky folded before Flop (didn't bet)
Seat 2: enixblr folded before Flop (didn't bet)
Seat 3: Templar85 collected ($0.48)
Seat 4: Dorex2007 folded before Flop (didn't bet)
Seat 5: Manuelito180 (button) folded before Flop (didn't bet)
Seat 6: LuckyManCF67 (small blind) folded on the Flop
Seat 7: vinhneji (big blind) folded before Flop
Seat 8: iamcatita folded before Flop
Seat 9: okure-okure2 folded before Flop (didn't bet)



PokerStars Hand #237878541730:  Hold'em No Limit ($0.02/$0.05 USD) - 2022/08/08 20:14:09 PT [2022/08/08 23:14:09 ET]
Table 'Polaris III' 9-max Seat #6 is the button
Seat 1: FrightFranky ($6.82 in chips) 
Seat 2: enixblr ($8.92 in chips) 
Seat 3: Templar85 ($5.28 in chips) 
Seat 4: Dorex2007 ($5.07 in chips) 
Seat 5: Manuelito180 ($16.78 in chips) 
Seat 6: LuckyManCF67 ($2.46 in chips) 
Seat 7: vinhneji ($4 in chips) 
Seat 8: iamcatita ($6.12 in chips) 
Seat 9: okure-okure2 ($5.71 in chips) 
vinhneji: posts small blind $0.02
iamcatita: posts big blind $0.05
*** HOLE CARDS ***
Dealt to Dorex2007 [2s Ts]
okure-okure2: folds 
FrightFranky: folds 
enixblr: folds 
Templar85: folds 
Dorex2007: folds 
Manuelito180: folds 
LuckyManCF67: raises $0.10 to $0.15
vinhneji: folds 
iamcatita: calls $0.10
*** FLOP *** [7c Qd Kc]
iamcatita: checks 
okure-okure2 leaves the table
LuckyManCF67: bets $0.15
iamcatita: calls $0.15
*** TURN *** [7c Qd Kc] [9c]
iamcatita: bets $0.22
LuckyManCF67: calls $0.22
*** RIVER *** [7c Qd Kc 9c] [Qh]
iamcatita: bets $0.20
LuckyManCF67: calls $0.20
*** SHOW DOWN ***
iamcatita: shows [Th Js] (a straight, Nine to King)
LuckyManCF67: mucks hand 
iamcatita collected $1.40 from pot
*** SUMMARY ***
Total pot $1.46 | Rake $0.06 
Board [7c Qd Kc 9c Qh]
Seat 1: FrightFranky folded before Flop (didn't bet)
Seat 2: enixblr folded before Flop (didn't bet)
Seat 3: Templar85 folded before Flop (didn't bet)
Seat 4: Dorex2007 folded before Flop (didn't bet)
Seat 5: Manuelito180 folded before Flop (didn't bet)
Seat 6: LuckyManCF67 (button) mucked [4c 4s]
Seat 7: vinhneji (small blind) folded before Flop
Seat 8: iamcatita (big blind) showed [Th Js] and won ($1.40) with a straight, Nine to King
Seat 9: okure-okure2 folded before Flop (didn't bet)



PokerStars Hand #237878550609:  Hold'em No Limit ($0.02/$0.05 USD) - 2022/08/08 20:15:06 PT [2022/08/08 23:15:06 ET]
Table 'Polaris III' 9-max Seat #7 is the button
Seat 1: FrightFranky ($6.82 in chips) 
Seat 2: enixblr ($8.92 in chips) 
Seat 3: Templar85 ($5.28 in chips) 
Seat 4: Dorex2007 ($5.07 in chips) 
Seat 5: Manuelito180 ($16.78 in chips) 
Seat 6: LuckyManCF67 ($1.74 in chips) 
Seat 7: vinhneji ($4 in chips) 
Seat 8: iamcatita ($6.80 in chips) 
iamcatita: posts small blind $0.02
FrightFranky: posts big blind $0.05
*** HOLE CARDS ***
Dealt to Dorex2007 [Kd Th]
enixblr: folds 
Templar85: folds 
Dorex2007: calls $0.05
Manuelito180: folds 
LuckyManCF67: raises $1.69 to $1.74 and is all-in
Maldini Moments joins the table at seat #9 
vinhneji: folds 
iamcatita: folds 
FrightFranky: folds 
Dorex2007: folds 
Uncalled bet ($1.69) returned to LuckyManCF67
LuckyManCF67 collected $0.17 from pot
*** SUMMARY ***
Total pot $0.17 | Rake $0 
Seat 1: FrightFranky (big blind) folded before Flop
Seat 2: enixblr folded before Flop (didn't bet)
Seat 3: Templar85 folded before Flop (didn't bet)
Seat 4: Dorex2007 folded before Flop
Seat 5: Manuelito180 folded before Flop (didn't bet)
Seat 6: LuckyManCF67 collected ($0.17)
Seat 7: vinhneji (button) folded before Flop (didn't bet)
Seat 8: iamcatita (small blind) folded before Flop



PokerStars Hand #237878557318:  Hold'em No Limit ($0.02/$0.05 USD) - 2022/08/08 20:15:48 PT [2022/08/08 23:15:48 ET]
Table 'Polaris III' 9-max Seat #8 is the button
Seat 1: FrightFranky ($6.77 in chips) 
Seat 2: enixblr ($8.92 in chips) 
Seat 3: Templar85 ($5.28 in chips) 
Seat 4: Dorex2007 ($5.02 in chips) 
Seat 5: Manuelito180 ($16.78 in chips) 
Seat 6: LuckyManCF67 ($1.86 in chips) 
Seat 7: vinhneji ($4 in chips) 
Seat 8: iamcatita ($6.78 in chips) 
FrightFranky: posts small blind $0.02
enixblr: posts big blind $0.05
*** HOLE CARDS ***
Dealt to Dorex2007 [Qd 5d]
Templar85: folds 
Dorex2007: folds 
Manuelito180: raises $0.10 to $0.15
LuckyManCF67: calls $0.15
vinhneji: folds 
iamcatita: calls $0.15
FrightFranky: folds 
enixblr: calls $0.10
*** FLOP *** [3d 2s 9c]
enixblr: checks 
Maldini Moments leaves the table
Manuelito180: checks 
LuckyManCF67: bets $0.29
iamcatita: folds 
enixblr: folds 
Manuelito180: calls $0.29
*** TURN *** [3d 2s 9c] [4c]
Manuelito180: checks 
LuckyManCF67: bets $1.42 and is all-in
Manuelito180: folds 
Uncalled bet ($1.42) returned to LuckyManCF67
LuckyManCF67 collected $1.15 from pot
*** SUMMARY ***
Total pot $1.20 | Rake $0.05 
Board [3d 2s 9c 4c]
Seat 1: FrightFranky (small blind) folded before Flop
Seat 2: enixblr (big blind) folded on the Flop
Seat 3: Templar85 folded before Flop (didn't bet)
Seat 4: Dorex2007 folded before Flop (didn't bet)
Seat 5: Manuelito180 folded on the Turn
Seat 6: LuckyManCF67 collected ($1.15)
Seat 7: vinhneji folded before Flop (didn't bet)
Seat 8: iamcatita (button) folded on the Flop



PokerStars Hand #237878572633:  Hold'em No Limit ($0.02/$0.05 USD) - 2022/08/08 20:17:06 PT [2022/08/08 23:17:06 ET]
Table 'Polaris III' 9-max Seat #1 is the button
Seat 1: FrightFranky ($6.75 in chips) 
Seat 2: enixblr ($8.77 in chips) 
Seat 3: Templar85 ($5.28 in chips) 
Seat 4: Dorex2007 ($5.02 in chips) 
Seat 5: Manuelito180 ($16.34 in chips) 
Seat 6: LuckyManCF67 ($2.57 in chips) 
Seat 7: vinhneji ($4 in chips) 
Seat 8: iamcatita ($6.63 in chips) 
enixblr: posts small blind $0.02
Templar85: posts big blind $0.05
*** HOLE CARDS ***
Dealt to Dorex2007 [8h 9s]
Andresinho46 joins the table at seat #9 
Dorex2007 has timed out
Dorex2007: folds 
Manuelito180: raises $0.10 to $0.15
LuckyManCF67: folds 
vinhneji has timed out
vinhneji: folds 
iamcatita: folds 
FrightFranky: folds 
enixblr: folds 
Templar85: folds 
Uncalled bet ($0.10) returned to Manuelito180
Manuelito180 collected $0.12 from pot
Manuelito180: doesn't show hand 
*** SUMMARY ***
Total pot $0.12 | Rake $0 
Seat 1: FrightFranky (button) folded before Flop (didn't bet)
Seat 2: enixblr (small blind) folded before Flop
Seat 3: Templar85 (big blind) folded before Flop
Seat 4: Dorex2007 folded before Flop (didn't bet)
Seat 5: Manuelito180 collected ($0.12)
Seat 6: LuckyManCF67 folded before Flop (didn't bet)
Seat 7: vinhneji folded before Flop (didn't bet)
Seat 8: iamcatita folded before Flop (didn't bet)



PokerStars Hand #237878580573:  Hold'em No Limit ($0.02/$0.05 USD) - 2022/08/08 20:17:56 PT [2022/08/08 23:17:56 ET]
Table 'Polaris III' 9-max Seat #2 is the button
Seat 1: FrightFranky ($6.75 in chips) 
Seat 2: enixblr ($8.75 in chips) 
Seat 3: Templar85 ($5.23 in chips) 
Seat 4: Dorex2007 ($5.02 in chips) 
Seat 5: Manuelito180 ($16.41 in chips) 
Seat 6: LuckyManCF67 ($2.57 in chips) 
Seat 8: iamcatita ($6.63 in chips) 
Templar85: posts small blind $0.02
Dorex2007: posts big blind $0.05
Andresinho46: sits out 
*** HOLE CARDS ***
Dealt to Dorex2007 [7d 7h]
Manuelito180: folds 
LuckyManCF67: folds 
iamcatita: calls $0.05
vinhneji is disconnected 
FrightFranky: folds 
enixblr: raises $0.15 to $0.20
Templar85: folds 
Dorex2007: folds 
iamcatita: calls $0.15
*** FLOP *** [6d 2s 6h]
iamcatita: bets $0.15
enixblr: raises $0.25 to $0.40
iamcatita: calls $0.25
*** TURN *** [6d 2s 6h] [Qd]
iamcatita: checks 
enixblr: bets $0.45
iamcatita: folds 
Uncalled bet ($0.45) returned to enixblr
enixblr collected $1.22 from pot
enixblr: doesn't show hand 
*** SUMMARY ***
Total pot $1.27 | Rake $0.05 
Board [6d 2s 6h Qd]
Seat 1: FrightFranky folded before Flop (didn't bet)
Seat 2: enixblr (button) collected ($1.22)
Seat 3: Templar85 (small blind) folded before Flop
Seat 4: Dorex2007 (big blind) folded before Flop
Seat 5: Manuelito180 folded before Flop (didn't bet)
Seat 6: LuckyManCF67 folded before Flop (didn't bet)
Seat 8: iamcatita folded on the Turn



PokerStars Hand #237878587443:  Hold'em No Limit ($0.02/$0.05 USD) - 2022/08/08 20:18:40 PT [2022/08/08 23:18:40 ET]
Table 'Polaris III' 9-max Seat #3 is the button
Seat 1: FrightFranky ($6.75 in chips) 
Seat 2: enixblr ($9.37 in chips) 
Seat 3: Templar85 ($5.21 in chips) 
Seat 4: Dorex2007 ($5 in chips) 
Seat 5: Manuelito180 ($16.41 in chips) 
Seat 6: LuckyManCF67 ($2.57 in chips) 
Seat 8: iamcatita ($6.03 in chips) 
Dorex2007: posts small blind $0.02
Manuelito180: posts big blind $0.05
Andresinho46: sits out 
*** HOLE CARDS ***
Dealt to Dorex2007 [9s Ac]
LuckyManCF67 has timed out
LuckyManCF67: folds 
iamcatita: calls $0.05
FrightFranky: folds 
enixblr: folds 
Templar85: folds 
Dorex2007: calls $0.03
Manuelito180: checks 
*** FLOP *** [Ts 5d 6d]
Dorex2007: checks 
Manuelito180: checks 
iamcatita: checks 
*** TURN *** [Ts 5d 6d] [Td]
Dorex2007: checks 
Manuelito180: checks 
iamcatita: checks 
*** RIVER *** [Ts 5d 6d Td] [3h]
Dorex2007: checks 
Manuelito180: checks 
iamcatita: bets $0.28
Dorex2007: folds 
Manuelito180: folds 
Uncalled bet ($0.28) returned to iamcatita
iamcatita collected $0.14 from pot
*** SUMMARY ***
Total pot $0.15 | Rake $0.01 
Board [Ts 5d 6d Td 3h]
Seat 1: FrightFranky folded before Flop (didn't bet)
Seat 2: enixblr folded before Flop (didn't bet)
Seat 3: Templar85 (button) folded before Flop (didn't bet)
Seat 4: Dorex2007 (small blind) folded on the River
Seat 5: Manuelito180 (big blind) folded on the River
Seat 6: LuckyManCF67 folded before Flop (didn't bet)
Seat 8: iamcatita collected ($0.14)



PokerStars Hand #237878603575:  Hold'em No Limit ($0.02/$0.05 USD) - 2022/08/08 20:20:22 PT [2022/08/08 23:20:22 ET]
Table 'Polaris III' 9-max Seat #4 is the button
Seat 1: FrightFranky ($6.75 in chips) 
Seat 2: enixblr ($9.37 in chips) 
Seat 3: Templar85 ($5.21 in chips) 
Seat 4: Dorex2007 ($5 in chips) 
Seat 5: Manuelito180 ($16.36 in chips) 
Seat 8: iamcatita ($6.12 in chips) 
Manuelito180: posts small blind $0.02
iamcatita: posts big blind $0.05
Andresinho46: sits out 
*** HOLE CARDS ***
Dealt to Dorex2007 [Ts Qh]
FrightFranky: folds 
enixblr: folds 
Templar85: folds 
Dorex2007: folds 
Manuelito180: calls $0.03
iamcatita: checks 
*** FLOP *** [4h 2d Ad]
Manuelito180: checks 
iamcatita: bets $0.10
LuckyManCF67 is disconnected 
Manuelito180: folds 
Uncalled bet ($0.10) returned to iamcatita
iamcatita collected $0.10 from pot
*** SUMMARY ***
Total pot $0.10 | Rake $0 
Board [4h 2d Ad]
Seat 1: FrightFranky folded before Flop (didn't bet)
Seat 2: enixblr folded before Flop (didn't bet)
Seat 3: Templar85 folded before Flop (didn't bet)
Seat 4: Dorex2007 (button) folded before Flop (didn't bet)
Seat 5: Manuelito180 (small blind) folded on the Flop
Seat 8: iamcatita (big blind) collected ($0.10)



PokerStars Hand #237878611064:  Hold'em No Limit ($0.02/$0.05 USD) - 2022/08/08 20:21:10 PT [2022/08/08 23:21:10 ET]
Table 'Polaris III' 9-max Seat #5 is the button
Seat 1: FrightFranky ($6.75 in chips) 
Seat 2: enixblr ($9.37 in chips) 
Seat 3: Templar85 ($5.21 in chips) 
Seat 4: Dorex2007 ($5 in chips) 
Seat 5: Manuelito180 ($16.31 in chips) 
Seat 8: iamcatita ($6.17 in chips) 
Seat 9: Andresinho46 ($5 in chips) 
iamcatita: posts small blind $0.02
Andresinho46: posts big blind $0.05
*** HOLE CARDS ***
Dealt to Dorex2007 [4d 4h]
FrightFranky: folds 
enixblr: raises $0.07 to $0.12
Templar85: folds 
Dorex2007: calls $0.12
Manuelito180: folds 
iamcatita: folds 
Andresinho46: folds 
*** FLOP *** [Qs 5s Kc]
enixblr: bets $0.20
Dorex2007: folds 
Uncalled bet ($0.20) returned to enixblr
enixblr collected $0.30 from pot
enixblr: doesn't show hand 
*** SUMMARY ***
Total pot $0.31 | Rake $0.01 
Board [Qs 5s Kc]
Seat 1: FrightFranky folded before Flop (didn't bet)
Seat 2: enixblr collected ($0.30)
Seat 3: Templar85 folded before Flop (didn't bet)
Seat 4: Dorex2007 folded on the Flop
Seat 5: Manuelito180 (button) folded before Flop (didn't bet)
Seat 8: iamcatita (small blind) folded before Flop
Seat 9: Andresinho46 (big blind) folded before Flop



PokerStars Hand #237878613937:  Hold'em No Limit ($0.02/$0.05 USD) - 2022/08/08 20:21:28 PT [2022/08/08 23:21:28 ET]
Table 'Polaris III' 9-max Seat #8 is the button
Seat 1: FrightFranky ($6.75 in chips) 
Seat 2: enixblr ($9.55 in chips) 
Seat 3: Templar85 ($5.21 in chips) 
Seat 4: Dorex2007 ($5 in chips) 
Seat 5: Manuelito180 ($16.31 in chips) 
Seat 8: iamcatita ($6.15 in chips) 
Seat 9: Andresinho46 ($5 in chips) 
Andresinho46: posts small blind $0.02
FrightFranky: posts big blind $0.05
*** HOLE CARDS ***
Dealt to Dorex2007 [5d 8c]
enixblr: folds 
Templar85: raises $0.10 to $0.15
Dorex2007: folds 
Manuelito180: calls $0.15
iamcatita: calls $0.15
Andresinho46: raises $0.45 to $0.60
FrightFranky: folds 
Templar85: folds 
Manuelito180: folds 
iamcatita: folds 
Uncalled bet ($0.45) returned to Andresinho46
Andresinho46 collected $0.65 from pot
Andresinho46: doesn't show hand 
*** SUMMARY ***
Total pot $0.65 | Rake $0 
Seat 1: FrightFranky (big blind) folded before Flop
Seat 2: enixblr folded before Flop (didn't bet)
Seat 3: Templar85 folded before Flop
Seat 4: Dorex2007 folded before Flop (didn't bet)
Seat 5: Manuelito180 folded before Flop
Seat 8: iamcatita (button) folded before Flop
Seat 9: Andresinho46 (small blind) collected ($0.65)



PokerStars Hand #237878621025:  Hold'em No Limit ($0.02/$0.05 USD) - 2022/08/08 20:22:14 PT [2022/08/08 23:22:14 ET]
Table 'Polaris III' 9-max Seat #9 is the button
Seat 1: FrightFranky ($6.70 in chips) 
Seat 2: enixblr ($9.55 in chips) 
Seat 3: Templar85 ($5.06 in chips) 
Seat 4: Dorex2007 ($5 in chips) 
Seat 5: Manuelito180 ($16.16 in chips) 
Seat 8: iamcatita ($6 in chips) 
Seat 9: Andresinho46 ($5.50 in chips) 
FrightFranky: posts small blind $0.02
enixblr: posts big blind $0.05
*** HOLE CARDS ***
Dealt to Dorex2007 [4d Jc]
Templar85: folds 
Dorex2007: folds 
Manuelito180: folds 
iamcatita: folds 
Andresinho46: folds 
FrightFranky: raises $0.10 to $0.15
enixblr: calls $0.10
*** FLOP *** [Js 5c 5s]
FrightFranky: bets $0.15
enixblr: raises $0.25 to $0.40
FrightFranky: folds 
Uncalled bet ($0.25) returned to enixblr
enixblr collected $0.58 from pot
enixblr: doesn't show hand 
*** SUMMARY ***
Total pot $0.60 | Rake $0.02 
Board [Js 5c 5s]
Seat 1: FrightFranky (small blind) folded on the Flop
Seat 2: enixblr (big blind) collected ($0.58)
Seat 3: Templar85 folded before Flop (didn't bet)
Seat 4: Dorex2007 folded before Flop (didn't bet)
Seat 5: Manuelito180 folded before Flop (didn't bet)
Seat 8: iamcatita folded before Flop (didn't bet)
Seat 9: Andresinho46 (button) folded before Flop (didn't bet)



PokerStars Hand #237878627561:  Hold'em No Limit ($0.02/$0.05 USD) - 2022/08/08 20:22:55 PT [2022/08/08 23:22:55 ET]
Table 'Polaris III' 9-max Seat #1 is the button
Seat 1: FrightFranky ($6.40 in chips) 
Seat 2: enixblr ($9.83 in chips) 
Seat 3: Templar85 ($5.06 in chips) 
Seat 4: Dorex2007 ($5 in chips) 
Seat 5: Manuelito180 ($16.16 in chips) 
Seat 8: iamcatita ($6 in chips) 
Seat 9: Andresinho46 ($5.50 in chips) 
enixblr: posts small blind $0.02
Templar85: posts big blind $0.05
*** HOLE CARDS ***
Dealt to Dorex2007 [Ad 8c]
Dorex2007: folds 
Manuelito180: folds 
iamcatita: folds 
Andresinho46: folds 
FrightFranky: folds 
enixblr: raises $0.10 to $0.15
Templar85: folds 
Uncalled bet ($0.10) returned to enixblr
enixblr collected $0.10 from pot
enixblr: doesn't show hand 
*** SUMMARY ***
Total pot $0.10 | Rake $0 
Seat 1: FrightFranky (button) folded before Flop (didn't bet)
Seat 2: enixblr (small blind) collected ($0.10)
Seat 3: Templar85 (big blind) folded before Flop
Seat 4: Dorex2007 folded before Flop (didn't bet)
Seat 5: Manuelito180 folded before Flop (didn't bet)
Seat 8: iamcatita folded before Flop (didn't bet)
Seat 9: Andresinho46 folded before Flop (didn't bet)



PokerStars Hand #237878630905:  Hold'em No Limit ($0.02/$0.05 USD) - 2022/08/08 20:23:17 PT [2022/08/08 23:23:17 ET]
Table 'Polaris III' 9-max Seat #2 is the button
Seat 1: FrightFranky ($6.40 in chips) 
Seat 2: enixblr ($9.88 in chips) 
Seat 3: Templar85 ($5.01 in chips) 
Seat 4: Dorex2007 ($5 in chips) 
Seat 5: Manuelito180 ($16.16 in chips) 
Seat 8: iamcatita ($6 in chips) 
Seat 9: Andresinho46 ($5.50 in chips) 
Templar85: posts small blind $0.02
Dorex2007: posts big blind $0.05
*** HOLE CARDS ***
Dealt to Dorex2007 [7s Kd]
Manuelito180: folds 
iamcatita: folds 
Andresinho46: folds 
FrightFranky: folds 
enixblr: folds 
Templar85: raises $0.10 to $0.15
Dorex2007: folds 
Uncalled bet ($0.10) returned to Templar85
Templar85 collected $0.10 from pot
Templar85: doesn't show hand 
*** SUMMARY ***
Total pot $0.10 | Rake $0 
Seat 1: FrightFranky folded before Flop (didn't bet)
Seat 2: enixblr (button) folded before Flop (didn't bet)
Seat 3: Templar85 (small blind) collected ($0.10)
Seat 4: Dorex2007 (big blind) folded before Flop
Seat 5: Manuelito180 folded before Flop (didn't bet)
Seat 8: iamcatita folded before Flop (didn't bet)
Seat 9: Andresinho46 folded before Flop (didn't bet)



PokerStars Hand #237878633906:  Hold'em No Limit ($0.02/$0.05 USD) - 2022/08/08 20:23:36 PT [2022/08/08 23:23:36 ET]
Table 'Polaris III' 9-max Seat #3 is the button
Seat 1: FrightFranky ($6.40 in chips) 
Seat 2: enixblr ($9.88 in chips) 
Seat 3: Templar85 ($5.06 in chips) 
Seat 4: Dorex2007 ($5 in chips) 
Seat 5: Manuelito180 ($16.16 in chips) 
Seat 8: iamcatita ($6 in chips) 
Seat 9: Andresinho46 ($5.50 in chips) 
Dorex2007: posts small blind $0.02
Manuelito180: posts big blind $0.05
*** HOLE CARDS ***
Dealt to Dorex2007 [Td 4d]
iamcatita: calls $0.05
Andresinho46: folds 
FrightFranky: folds 
enixblr: folds 
Templar85: raises $0.15 to $0.20
Dorex2007: folds 
Manuelito180: folds 
iamcatita: calls $0.15
*** FLOP *** [Jh 2h Kd]
iamcatita: checks 
Templar85: bets $0.22
iamcatita: folds 
Uncalled bet ($0.22) returned to Templar85
Templar85 collected $0.45 from pot
Templar85: doesn't show hand 
*** SUMMARY ***
Total pot $0.47 | Rake $0.02 
Board [Jh 2h Kd]
Seat 1: FrightFranky folded before Flop (didn't bet)
Seat 2: enixblr folded before Flop (didn't bet)
Seat 3: Templar85 (button) collected ($0.45)
Seat 4: Dorex2007 (small blind) folded before Flop
Seat 5: Manuelito180 (big blind) folded before Flop
Seat 8: iamcatita folded on the Flop
Seat 9: Andresinho46 folded before Flop (didn't bet)



PokerStars Hand #237878638604:  Hold'em No Limit ($0.02/$0.05 USD) - 2022/08/08 20:24:06 PT [2022/08/08 23:24:06 ET]
Table 'Polaris III' 9-max Seat #4 is the button
Seat 1: FrightFranky ($6.40 in chips) 
Seat 2: enixblr ($9.88 in chips) 
Seat 3: Templar85 ($5.31 in chips) 
Seat 4: Dorex2007 ($5 in chips) 
Seat 5: Manuelito180 ($16.11 in chips) 
Seat 8: iamcatita ($5.80 in chips) 
Seat 9: Andresinho46 ($5.50 in chips) 
Manuelito180: posts small blind $0.02
iamcatita: posts big blind $0.05
*** HOLE CARDS ***
Dealt to Dorex2007 [Kd Td]
Andresinho46: folds 
FrightFranky: folds 
enixblr: folds 
Templar85: folds 
Dorex2007: calls $0.05
Manuelito180: raises $0.10 to $0.15
iamcatita: folds 
Dorex2007: calls $0.10
*** FLOP *** [3h 5d 7s]
Manuelito180: checks 
Dorex2007: checks 
*** TURN *** [3h 5d 7s] [4d]
Manuelito180: bets $0.17
Dorex2007: calls $0.17
*** RIVER *** [3h 5d 7s 4d] [3d]
Manuelito180: bets $0.33
Dorex2007: calls $0.33
*** SHOW DOWN ***
Manuelito180: shows [Ah Jd] (a pair of Threes)
Dorex2007: shows [Kd Td] (a flush, King high)
Dorex2007 collected $1.29 from pot
*** SUMMARY ***
Total pot $1.35 | Rake $0.06 
Board [3h 5d 7s 4d 3d]
Seat 1: FrightFranky folded before Flop (didn't bet)
Seat 2: enixblr folded before Flop (didn't bet)
Seat 3: Templar85 folded before Flop (didn't bet)
Seat 4: Dorex2007 (button) showed [Kd Td] and won ($1.29) with a flush, King high
Seat 5: Manuelito180 (small blind) showed [Ah Jd] and lost with a pair of Threes
Seat 8: iamcatita (big blind) folded before Flop
Seat 9: Andresinho46 folded before Flop (didn't bet)



PokerStars Hand #237878648135:  Hold'em No Limit ($0.02/$0.05 USD) - 2022/08/08 20:25:08 PT [2022/08/08 23:25:08 ET]
Table 'Polaris III' 9-max Seat #5 is the button
Seat 1: FrightFranky ($6.40 in chips) 
Seat 2: enixblr ($9.88 in chips) 
Seat 3: Templar85 ($5.31 in chips) 
Seat 4: Dorex2007 ($5.64 in chips) 
Seat 5: Manuelito180 ($15.46 in chips) 
Seat 8: iamcatita ($5.75 in chips) 
Seat 9: Andresinho46 ($5.50 in chips) 
iamcatita: posts small blind $0.02
Andresinho46: posts big blind $0.05
*** HOLE CARDS ***
Dealt to Dorex2007 [8c 7c]
FrightFranky: folds 
enixblr: folds 
Templar85: folds 
Dorex2007: folds 
Manuelito180: folds 
iamcatita: calls $0.03
Andresinho46: raises $0.15 to $0.20
iamcatita: calls $0.15
*** FLOP *** [7h 4s Qs]
iamcatita: checks 
Andresinho46: bets $0.19
iamcatita: folds 
Uncalled bet ($0.19) returned to Andresinho46
Andresinho46 collected $0.38 from pot
Andresinho46: doesn't show hand 
*** SUMMARY ***
Total pot $0.40 | Rake $0.02 
Board [7h 4s Qs]
Seat 1: FrightFranky folded before Flop (didn't bet)
Seat 2: enixblr folded before Flop (didn't bet)
Seat 3: Templar85 folded before Flop (didn't bet)
Seat 4: Dorex2007 folded before Flop (didn't bet)
Seat 5: Manuelito180 (button) folded before Flop (didn't bet)
Seat 8: iamcatita (small blind) folded on the Flop
Seat 9: Andresinho46 (big blind) collected ($0.38)



PokerStars Hand #237878653466:  Hold'em No Limit ($0.02/$0.05 USD) - 2022/08/08 20:25:42 PT [2022/08/08 23:25:42 ET]
Table 'Polaris III' 9-max Seat #8 is the button
Seat 1: FrightFranky ($6.40 in chips) 
Seat 2: enixblr ($9.88 in chips) 
Seat 3: Templar85 ($5.31 in chips) 
Seat 4: Dorex2007 ($5.64 in chips) 
Seat 5: Manuelito180 ($15.46 in chips) 
Seat 8: iamcatita ($5.55 in chips) 
Seat 9: Andresinho46 ($5.68 in chips) 
Andresinho46: posts small blind $0.02
FrightFranky: posts big blind $0.05
*** HOLE CARDS ***
Dealt to Dorex2007 [9c Jd]
enixblr: folds 
Templar85: folds 
Dorex2007: folds 
Manuelito180: folds 
iamcatita: calls $0.05
Andresinho46: calls $0.03
FrightFranky: checks 
*** FLOP *** [7c Kh 5h]
Andresinho46: checks 
FrightFranky: checks 
iamcatita: bets $0.10
Andresinho46: calls $0.10
FrightFranky: calls $0.10
*** TURN *** [7c Kh 5h] [2h]
Andresinho46: checks 
FrightFranky: checks 
iamcatita: bets $0.10
Andresinho46: folds 
FrightFranky: folds 
Uncalled bet ($0.10) returned to iamcatita
iamcatita collected $0.43 from pot
*** SUMMARY ***
Total pot $0.45 | Rake $0.02 
Board [7c Kh 5h 2h]
Seat 1: FrightFranky (big blind) folded on the Turn
Seat 2: enixblr folded before Flop (didn't bet)
Seat 3: Templar85 folded before Flop (didn't bet)
Seat 4: Dorex2007 folded before Flop (didn't bet)
Seat 5: Manuelito180 folded before Flop (didn't bet)
Seat 8: iamcatita (button) collected ($0.43)
Seat 9: Andresinho46 (small blind) folded on the Turn



PokerStars Hand #237878660249:  Hold'em No Limit ($0.02/$0.05 USD) - 2022/08/08 20:26:26 PT [2022/08/08 23:26:26 ET]
Table 'Polaris III' 9-max Seat #9 is the button
Seat 1: FrightFranky ($6.25 in chips) 
Seat 2: enixblr ($9.88 in chips) 
Seat 3: Templar85 ($5.31 in chips) 
Seat 4: Dorex2007 ($5.64 in chips) 
Seat 5: Manuelito180 ($15.46 in chips) 
Seat 8: iamcatita ($5.83 in chips) 
Seat 9: Andresinho46 ($5.53 in chips) 
FrightFranky: posts small blind $0.02
enixblr: posts big blind $0.05
*** HOLE CARDS ***
Dealt to Dorex2007 [8d Ks]
Templar85: folds 
Dorex2007: folds 
Manuelito180: raises $0.10 to $0.15
iamcatita: folds 
Andresinho46: folds 
FrightFranky: folds 
enixblr: folds 
Uncalled bet ($0.10) returned to Manuelito180
Manuelito180 collected $0.12 from pot
*** SUMMARY ***
Total pot $0.12 | Rake $0 
Seat 1: FrightFranky (small blind) folded before Flop
Seat 2: enixblr (big blind) folded before Flop
Seat 3: Templar85 folded before Flop (didn't bet)
Seat 4: Dorex2007 folded before Flop (didn't bet)
Seat 5: Manuelito180 collected ($0.12)
Seat 8: iamcatita folded before Flop (didn't bet)
Seat 9: Andresinho46 (button) folded before Flop (didn't bet)



PokerStars Hand #237878663605:  Hold'em No Limit ($0.02/$0.05 USD) - 2022/08/08 20:26:48 PT [2022/08/08 23:26:48 ET]
Table 'Polaris III' 9-max Seat #1 is the button
Seat 1: FrightFranky ($6.23 in chips) 
Seat 2: enixblr ($9.83 in chips) 
Seat 3: Templar85 ($5.31 in chips) 
Seat 4: Dorex2007 ($5.64 in chips) 
Seat 5: Manuelito180 ($15.53 in chips) 
Seat 8: iamcatita ($5.83 in chips) 
Seat 9: Andresinho46 ($5.53 in chips) 
enixblr: posts small blind $0.02
Templar85: posts big blind $0.05
*** HOLE CARDS ***
Dealt to Dorex2007 [7d Jd]
Dorex2007: folds 
Manuelito180: folds 
iamcatita: folds 
Andresinho46: folds 
FrightFranky: raises $0.10 to $0.15
enixblr: folds 
Templar85: calls $0.10
*** FLOP *** [5h 7h Kd]
Templar85: checks 
FrightFranky: bets $0.16
Templar85: folds 
Uncalled bet ($0.16) returned to FrightFranky
FrightFranky collected $0.31 from pot
FrightFranky: doesn't show hand 
*** SUMMARY ***
Total pot $0.32 | Rake $0.01 
Board [5h 7h Kd]
Seat 1: FrightFranky (button) collected ($0.31)
Seat 2: enixblr (small blind) folded before Flop
Seat 3: Templar85 (big blind) folded on the Flop
Seat 4: Dorex2007 folded before Flop (didn't bet)
Seat 5: Manuelito180 folded before Flop (didn't bet)
Seat 8: iamcatita folded before Flop (didn't bet)
Seat 9: Andresinho46 folded before Flop (didn't bet)



PokerStars Hand #237878671233:  Hold'em No Limit ($0.02/$0.05 USD) - 2022/08/08 20:27:36 PT [2022/08/08 23:27:36 ET]
Table 'Polaris III' 9-max Seat #2 is the button
Seat 1: FrightFranky ($6.39 in chips) 
Seat 2: enixblr ($9.81 in chips) 
Seat 3: Templar85 ($5.16 in chips) 
Seat 4: Dorex2007 ($5.64 in chips) 
Seat 5: Manuelito180 ($15.53 in chips) 
Seat 8: iamcatita ($5.83 in chips) 
Seat 9: Andresinho46 ($5.53 in chips) 
Templar85: posts small blind $0.02
Dorex2007: posts big blind $0.05
*** HOLE CARDS ***
Dealt to Dorex2007 [Td 3d]
Manuelito180: folds 
iamcatita: folds 
Andresinho46: folds 
FrightFranky: folds 
enixblr: raises $0.05 to $0.10
Templar85: folds 
Dorex2007: folds 
Uncalled bet ($0.05) returned to enixblr
enixblr collected $0.12 from pot
enixblr: doesn't show hand 
*** SUMMARY ***
Total pot $0.12 | Rake $0 
Seat 1: FrightFranky folded before Flop (didn't bet)
Seat 2: enixblr (button) collected ($0.12)
Seat 3: Templar85 (small blind) folded before Flop
Seat 4: Dorex2007 (big blind) folded before Flop
Seat 5: Manuelito180 folded before Flop (didn't bet)
Seat 8: iamcatita folded before Flop (didn't bet)
Seat 9: Andresinho46 folded before Flop (didn't bet)



PokerStars Hand #237878674415:  Hold'em No Limit ($0.02/$0.05 USD) - 2022/08/08 20:27:57 PT [2022/08/08 23:27:57 ET]
Table 'Polaris III' 9-max Seat #3 is the button
Seat 1: FrightFranky ($6.39 in chips) 
Seat 2: enixblr ($9.88 in chips) 
Seat 3: Templar85 ($5.14 in chips) 
Seat 4: Dorex2007 ($5.59 in chips) 
Seat 5: Manuelito180 ($15.53 in chips) 
Seat 8: iamcatita ($5.83 in chips) 
Seat 9: Andresinho46 ($5.53 in chips) 
Dorex2007: posts small blind $0.02
Manuelito180: posts big blind $0.05
*** HOLE CARDS ***
Dealt to Dorex2007 [Jh Js]
iamcatita: folds 
Andresinho46: folds 
FrightFranky: folds 
vinhneji leaves the table
enixblr: raises $0.07 to $0.12
Templar85: folds 
Dorex2007: calls $0.10
Manuelito180: raises $0.38 to $0.50
enixblr: folds 
Dorex2007: raises $5.09 to $5.59 and is all-in
Manuelito180: folds 
Uncalled bet ($5.09) returned to Dorex2007
Dorex2007 collected $1.12 from pot
Dorex2007: doesn't show hand 
*** SUMMARY ***
Total pot $1.12 | Rake $0 
Seat 1: FrightFranky folded before Flop (didn't bet)
Seat 2: enixblr folded before Flop
Seat 3: Templar85 (button) folded before Flop (didn't bet)
Seat 4: Dorex2007 (small blind) collected ($1.12)
Seat 5: Manuelito180 (big blind) folded before Flop
Seat 8: iamcatita folded before Flop (didn't bet)
Seat 9: Andresinho46 folded before Flop (didn't bet)



PokerStars Hand #237878692219:  Hold'em No Limit ($0.02/$0.05 USD) - 2022/08/08 20:28:52 PT [2022/08/08 23:28:52 ET]
Table 'Polaris III' 9-max Seat #4 is the button
Seat 1: FrightFranky ($6.39 in chips) 
Seat 2: enixblr ($9.76 in chips) 
Seat 3: Templar85 ($5.14 in chips) 
Seat 4: Dorex2007 ($6.21 in chips) 
Seat 5: Manuelito180 ($15.03 in chips) 
Seat 8: iamcatita ($5.83 in chips) 
Seat 9: Andresinho46 ($5.53 in chips) 
Manuelito180: posts small blind $0.02
iamcatita: posts big blind $0.05
*** HOLE CARDS ***
Dealt to Dorex2007 [Jh 2c]
Andresinho46: folds 
FrightFranky: folds 
enixblr: raises $0.07 to $0.12
Templar85: folds 
Dorex2007: folds 
Manuelito180: raises $0.33 to $0.45
wagerall1948 joins the table at seat #7 
iamcatita: folds 
enixblr: calls $0.33
*** FLOP *** [5c 9h 8c]
Manuelito180: bets $0.45
enixblr: folds 
Uncalled bet ($0.45) returned to Manuelito180
Manuelito180 collected $0.91 from pot
Manuelito180: doesn't show hand 
*** SUMMARY ***
Total pot $0.95 | Rake $0.04 
Board [5c 9h 8c]
Seat 1: FrightFranky folded before Flop (didn't bet)
Seat 2: enixblr folded on the Flop
Seat 3: Templar85 folded before Flop (didn't bet)
Seat 4: Dorex2007 (button) folded before Flop (didn't bet)
Seat 5: Manuelito180 (small blind) collected ($0.91)
Seat 8: iamcatita (big blind) folded before Flop
Seat 9: Andresinho46 folded before Flop (didn't bet)



PokerStars Hand #237878697007:  Hold'em No Limit ($0.02/$0.05 USD) - 2022/08/08 20:29:24 PT [2022/08/08 23:29:24 ET]
Table 'Polaris III' 9-max Seat #5 is the button
Seat 1: FrightFranky ($6.39 in chips) 
Seat 2: enixblr ($9.31 in chips) 
Seat 3: Templar85 ($5.14 in chips) 
Seat 4: Dorex2007 ($6.21 in chips) 
Seat 5: Manuelito180 ($15.49 in chips) 
Seat 8: iamcatita ($5.78 in chips) 
Seat 9: Andresinho46 ($5.53 in chips) 
iamcatita: posts small blind $0.02
Andresinho46: posts big blind $0.05
*** HOLE CARDS ***
Dealt to Dorex2007 [5s 7d]
FrightFranky: folds 
enixblr: folds 
Templar85: folds 
Dorex2007: folds 
Manuelito180: folds 
iamcatita: calls $0.03
Andresinho46: raises $0.15 to $0.20
iamcatita: folds 
Uncalled bet ($0.15) returned to Andresinho46
Andresinho46 collected $0.10 from pot
Andresinho46: doesn't show hand 
*** SUMMARY ***
Total pot $0.10 | Rake $0 
Seat 1: FrightFranky folded before Flop (didn't bet)
Seat 2: enixblr folded before Flop (didn't bet)
Seat 3: Templar85 folded before Flop (didn't bet)
Seat 4: Dorex2007 folded before Flop (didn't bet)
Seat 5: Manuelito180 (button) folded before Flop (didn't bet)
Seat 8: iamcatita (small blind) folded before Flop
Seat 9: Andresinho46 (big blind) collected ($0.10)



PokerStars Hand #237878703519:  Hold'em No Limit ($0.02/$0.05 USD) - 2022/08/08 20:29:47 PT [2022/08/08 23:29:47 ET]
Table 'Polaris III' 9-max Seat #8 is the button
Seat 1: FrightFranky ($6.39 in chips) 
Seat 2: enixblr ($9.31 in chips) 
Seat 3: Templar85 ($5.14 in chips) 
Seat 4: Dorex2007 ($6.21 in chips) 
Seat 5: Manuelito180 ($15.49 in chips) 
Seat 7: wagerall1948 ($5 in chips) 
Seat 8: iamcatita ($5.73 in chips) 
Seat 9: Andresinho46 ($5.58 in chips) 
Andresinho46: posts small blind $0.02
FrightFranky: posts big blind $0.05
wagerall1948: posts big blind $0.05
*** HOLE CARDS ***
Dealt to Dorex2007 [9d Jc]
enixblr: folds 
Templar85: folds 
Dorex2007: folds 
Manuelito180: folds 
wagerall1948: checks 
iamcatita: calls $0.05
Andresinho46: folds 
FrightFranky: checks 
*** FLOP *** [6h Jd 8s]
FrightFranky: checks 
wagerall1948: bets $0.15
iamcatita: folds 
FrightFranky: folds 
Uncalled bet ($0.15) returned to wagerall1948
wagerall1948 collected $0.16 from pot
*** SUMMARY ***
Total pot $0.17 | Rake $0.01 
Board [6h Jd 8s]
Seat 1: FrightFranky (big blind) folded on the Flop
Seat 2: enixblr folded before Flop (didn't bet)
Seat 3: Templar85 folded before Flop (didn't bet)
Seat 4: Dorex2007 folded before Flop (didn't bet)
Seat 5: Manuelito180 folded before Flop (didn't bet)
Seat 7: wagerall1948 collected ($0.16)
Seat 8: iamcatita (button) folded on the Flop
Seat 9: Andresinho46 (small blind) folded before Flop



PokerStars Hand #237878708404:  Hold'em No Limit ($0.02/$0.05 USD) - 2022/08/08 20:30:20 PT [2022/08/08 23:30:20 ET]
Table 'Polaris III' 9-max Seat #9 is the button
Seat 1: FrightFranky ($6.34 in chips) 
Seat 2: enixblr ($9.31 in chips) 
Seat 3: Templar85 ($5.14 in chips) 
Seat 4: Dorex2007 ($6.21 in chips) 
Seat 5: Manuelito180 ($15.49 in chips) 
Seat 7: wagerall1948 ($5.11 in chips) 
Seat 8: iamcatita ($5.68 in chips) 
Seat 9: Andresinho46 ($5.56 in chips) 
FrightFranky: posts small blind $0.02
enixblr: posts big blind $0.05
*** HOLE CARDS ***
Dealt to Dorex2007 [6d 2s]
Templar85: folds 
Dorex2007: folds 
Manuelito180: raises $0.10 to $0.15
wagerall1948: folds 
iamcatita: calls $0.15
Andresinho46: folds 
FrightFranky: folds 
enixblr: folds 
*** FLOP *** [Td 3h 7c]
LuckyManCF67 leaves the table
Manuelito180: checks 
iamcatita: bets $0.15
Manuelito180: folds 
Uncalled bet ($0.15) returned to iamcatita
iamcatita collected $0.35 from pot
*** SUMMARY ***
Total pot $0.37 | Rake $0.02 
Board [Td 3h 7c]
Seat 1: FrightFranky (small blind) folded before Flop
Seat 2: enixblr (big blind) folded before Flop
Seat 3: Templar85 folded before Flop (didn't bet)
Seat 4: Dorex2007 folded before Flop (didn't bet)
Seat 5: Manuelito180 folded on the Flop
Seat 7: wagerall1948 folded before Flop (didn't bet)
Seat 8: iamcatita collected ($0.35)
Seat 9: Andresinho46 (button) folded before Flop (didn't bet)



PokerStars Hand #237878715083:  Hold'em No Limit ($0.02/$0.05 USD) - 2022/08/08 20:31:04 PT [2022/08/08 23:31:04 ET]
Table 'Polaris III' 9-max Seat #1 is the button
Seat 1: FrightFranky ($6.32 in chips) 
Seat 2: enixblr ($9.26 in chips) 
Seat 3: Templar85 ($5.14 in chips) 
Seat 4: Dorex2007 ($6.21 in chips) 
Seat 5: Manuelito180 ($15.34 in chips) 
Seat 7: wagerall1948 ($5.11 in chips) 
Seat 8: iamcatita ($5.88 in chips) 
Seat 9: Andresinho46 ($5.56 in chips) 
enixblr: posts small blind $0.02
Templar85: posts big blind $0.05
*** HOLE CARDS ***
Dealt to Dorex2007 [2s 3h]
Dorex2007: folds 
Manuelito180: folds 
wagerall1948 has timed out
wagerall1948: folds 
iamcatita: folds 
Andresinho46: raises $0.10 to $0.15
FrightFranky: folds 
enixblr: folds 
Templar85: folds 
Uncalled bet ($0.10) returned to Andresinho46
Andresinho46 collected $0.12 from pot
Andresinho46: doesn't show hand 
*** SUMMARY ***
Total pot $0.12 | Rake $0 
Seat 1: FrightFranky (button) folded before Flop (didn't bet)
Seat 2: enixblr (small blind) folded before Flop
Seat 3: Templar85 (big blind) folded before Flop
Seat 4: Dorex2007 folded before Flop (didn't bet)
Seat 5: Manuelito180 folded before Flop (didn't bet)
Seat 7: wagerall1948 folded before Flop (didn't bet)
Seat 8: iamcatita folded before Flop (didn't bet)
Seat 9: Andresinho46 collected ($0.12)



PokerStars Hand #237878720313:  Hold'em No Limit ($0.02/$0.05 USD) - 2022/08/08 20:31:39 PT [2022/08/08 23:31:39 ET]
Table 'Polaris III' 9-max Seat #2 is the button
Seat 1: FrightFranky ($6.32 in chips) 
Seat 2: enixblr ($9.24 in chips) 
Seat 3: Templar85 ($5.09 in chips) 
Seat 4: Dorex2007 ($6.21 in chips) 
Seat 5: Manuelito180 ($15.34 in chips) 
Seat 7: wagerall1948 ($5.11 in chips) 
Seat 8: iamcatita ($5.88 in chips) 
Seat 9: Andresinho46 ($5.63 in chips) 
Templar85: posts small blind $0.02
Dorex2007: posts big blind $0.05
*** HOLE CARDS ***
Dealt to Dorex2007 [5d Ah]
Manuelito180: folds 
wagerall1948 has timed out
wagerall1948: folds 
iamcatita: folds 
Andresinho46: folds 
FrightFranky: raises $0.10 to $0.15
enixblr: folds 
Templar85: folds 
Dorex2007: folds 
Uncalled bet ($0.10) returned to FrightFranky
FrightFranky collected $0.12 from pot
FrightFranky: doesn't show hand 
*** SUMMARY ***
Total pot $0.12 | Rake $0 
Seat 1: FrightFranky collected ($0.12)
Seat 2: enixblr (button) folded before Flop (didn't bet)
Seat 3: Templar85 (small blind) folded before Flop
Seat 4: Dorex2007 (big blind) folded before Flop
Seat 5: Manuelito180 folded before Flop (didn't bet)
Seat 7: wagerall1948 folded before Flop (didn't bet)
Seat 8: iamcatita folded before Flop (didn't bet)
Seat 9: Andresinho46 folded before Flop (didn't bet)



PokerStars Hand #237878725964:  Hold'em No Limit ($0.02/$0.05 USD) - 2022/08/08 20:32:16 PT [2022/08/08 23:32:16 ET]
Table 'Polaris III' 9-max Seat #3 is the button
Seat 1: FrightFranky ($6.39 in chips) 
Seat 2: enixblr ($9.24 in chips) 
Seat 3: Templar85 ($5.07 in chips) 
Seat 4: Dorex2007 ($6.16 in chips) 
Seat 5: Manuelito180 ($15.34 in chips) 
Seat 7: wagerall1948 ($5.11 in chips) 
Seat 8: iamcatita ($5.88 in chips) 
Seat 9: Andresinho46 ($5.63 in chips) 
Dorex2007: posts small blind $0.02
Manuelito180: posts big blind $0.05
*** HOLE CARDS ***
Dealt to Dorex2007 [8d Jc]
wagerall1948: folds 
iamcatita: calls $0.05
Andresinho46: raises $0.10 to $0.15
FrightFranky: folds 
enixblr: calls $0.15
Templar85: folds 
Dorex2007: folds 
Manuelito180: raises $0.45 to $0.60
iamcatita: folds 
Andresinho46: folds 
enixblr: calls $0.45
*** FLOP *** [6c 2d 3c]
Manuelito180: checks 
enixblr: bets $0.42
Manuelito180: calls $0.42
*** TURN *** [6c 2d 3c] [2c]
Manuelito180: checks 
enixblr: bets $0.67
Manuelito180: calls $0.67
*** RIVER *** [6c 2d 3c 2c] [Kc]
Manuelito180: bets $3
enixblr: folds 
Uncalled bet ($3) returned to Manuelito180
Manuelito180 collected $3.45 from pot
Manuelito180: doesn't show hand 
*** SUMMARY ***
Total pot $3.60 | Rake $0.15 
Board [6c 2d 3c 2c Kc]
Seat 1: FrightFranky folded before Flop (didn't bet)
Seat 2: enixblr folded on the River
Seat 3: Templar85 (button) folded before Flop (didn't bet)
Seat 4: Dorex2007 (small blind) folded before Flop
Seat 5: Manuelito180 (big blind) collected ($3.45)
Seat 7: wagerall1948 folded before Flop (didn't bet)
Seat 8: iamcatita folded before Flop
Seat 9: Andresinho46 folded before Flop



PokerStars Hand #237878739970:  Hold'em No Limit ($0.02/$0.05 USD) - 2022/08/08 20:33:48 PT [2022/08/08 23:33:48 ET]
Table 'Polaris III' 9-max Seat #4 is the button
Seat 1: FrightFranky ($6.39 in chips) 
Seat 2: enixblr ($7.55 in chips) 
Seat 3: Templar85 ($5.07 in chips) 
Seat 4: Dorex2007 ($6.14 in chips) 
Seat 5: Manuelito180 ($17.10 in chips) 
Seat 7: wagerall1948 ($5.11 in chips) 
Seat 8: iamcatita ($5.83 in chips) 
Seat 9: Andresinho46 ($5.48 in chips) 
Manuelito180: posts small blind $0.02
wagerall1948: posts big blind $0.05
*** HOLE CARDS ***
Dealt to Dorex2007 [6d 2s]
iamcatita: raises $0.08 to $0.13
Andresinho46: folds 
FrightFranky: calls $0.13
enixblr: folds 
Templar85: folds 
Dorex2007: folds 
Manuelito180: folds 
wagerall1948: calls $0.08
*** FLOP *** [4h 4d 8s]
wagerall1948: checks 
iamcatita: checks 
FrightFranky: bets $0.20
wagerall1948: folds 
iamcatita: folds 
Uncalled bet ($0.20) returned to FrightFranky
FrightFranky collected $0.39 from pot
FrightFranky: doesn't show hand 
*** SUMMARY ***
Total pot $0.41 | Rake $0.02 
Board [4h 4d 8s]
Seat 1: FrightFranky collected ($0.39)
Seat 2: enixblr folded before Flop (didn't bet)
Seat 3: Templar85 folded before Flop (didn't bet)
Seat 4: Dorex2007 (button) folded before Flop (didn't bet)
Seat 5: Manuelito180 (small blind) folded before Flop
Seat 7: wagerall1948 (big blind) folded on the Flop
Seat 8: iamcatita folded on the Flop
Seat 9: Andresinho46 folded before Flop (didn't bet)



PokerStars Hand #237878746033:  Hold'em No Limit ($0.02/$0.05 USD) - 2022/08/08 20:34:29 PT [2022/08/08 23:34:29 ET]
Table 'Polaris III' 9-max Seat #5 is the button
Seat 1: FrightFranky ($6.65 in chips) 
Seat 2: enixblr ($7.55 in chips) 
Seat 3: Templar85 ($5.07 in chips) 
Seat 4: Dorex2007 ($6.14 in chips) 
Seat 5: Manuelito180 ($17.08 in chips) 
Seat 7: wagerall1948 ($4.98 in chips) 
Seat 8: iamcatita ($5.70 in chips) 
Seat 9: Andresinho46 ($5.48 in chips) 
wagerall1948: posts small blind $0.02
iamcatita: posts big blind $0.05
*** HOLE CARDS ***
Dealt to Dorex2007 [6c 6h]
Andresinho46: folds 
FrightFranky: folds 
enixblr: raises $0.07 to $0.12
Templar85: folds 
Dorex2007: calls $0.12
Manuelito180: folds 
Count Mole joins the table at seat #6 
wagerall1948: folds 
iamcatita: calls $0.07
*** FLOP *** [7d 9c 2c]
iamcatita: checks 
enixblr: checks 
Dorex2007: bets $0.40
iamcatita: folds 
enixblr: folds 
Uncalled bet ($0.40) returned to Dorex2007
Dorex2007 collected $0.36 from pot
Dorex2007: doesn't show hand 
*** SUMMARY ***
Total pot $0.38 | Rake $0.02 
Board [7d 9c 2c]
Seat 1: FrightFranky folded before Flop (didn't bet)
Seat 2: enixblr folded on the Flop
Seat 3: Templar85 folded before Flop (didn't bet)
Seat 4: Dorex2007 collected ($0.36)
Seat 5: Manuelito180 (button) folded before Flop (didn't bet)
Seat 7: wagerall1948 (small blind) folded before Flop
Seat 8: iamcatita (big blind) folded on the Flop
Seat 9: Andresinho46 folded before Flop (didn't bet)



PokerStars Hand #237878753931:  Hold'em No Limit ($0.02/$0.05 USD) - 2022/08/08 20:35:21 PT [2022/08/08 23:35:21 ET]
Table 'Polaris III' 9-max Seat #7 is the button
Seat 1: FrightFranky ($6.65 in chips) 
Seat 2: enixblr ($7.43 in chips) 
Seat 3: Templar85 ($5.07 in chips) 
Seat 4: Dorex2007 ($6.38 in chips) 
Seat 5: Manuelito180 ($17.08 in chips) 
Seat 7: wagerall1948 ($4.96 in chips) 
Seat 8: iamcatita ($5.58 in chips) 
Seat 9: Andresinho46 ($5.48 in chips) 
iamcatita: posts small blind $0.02
Andresinho46: posts big blind $0.05
Count Mole: sits out 
*** HOLE CARDS ***
Dealt to Dorex2007 [6d 3h]
FrightFranky: folds 
enixblr: folds 
Templar85: raises $0.10 to $0.15
Dorex2007: folds 
Manuelito180: folds 
wagerall1948: folds 
iamcatita: folds 
Andresinho46: folds 
Uncalled bet ($0.10) returned to Templar85
Templar85 collected $0.12 from pot
Templar85: doesn't show hand 
*** SUMMARY ***
Total pot $0.12 | Rake $0 
Seat 1: FrightFranky folded before Flop (didn't bet)
Seat 2: enixblr folded before Flop (didn't bet)
Seat 3: Templar85 collected ($0.12)
Seat 4: Dorex2007 folded before Flop (didn't bet)
Seat 5: Manuelito180 folded before Flop (didn't bet)
Seat 7: wagerall1948 (button) folded before Flop (didn't bet)
Seat 8: iamcatita (small blind) folded before Flop
Seat 9: Andresinho46 (big blind) folded before Flop



PokerStars Hand #237878759198:  Hold'em No Limit ($0.02/$0.05 USD) - 2022/08/08 20:35:56 PT [2022/08/08 23:35:56 ET]
Table 'Polaris III' 9-max Seat #8 is the button
Seat 1: FrightFranky ($6.65 in chips) 
Seat 2: enixblr ($7.43 in chips) 
Seat 3: Templar85 ($5.14 in chips) 
Seat 4: Dorex2007 ($6.38 in chips) 
Seat 5: Manuelito180 ($17.08 in chips) 
Seat 7: wagerall1948 ($4.96 in chips) 
Seat 8: iamcatita ($5.56 in chips) 
Seat 9: Andresinho46 ($5.43 in chips) 
Andresinho46: posts small blind $0.02
FrightFranky: posts big blind $0.05
Count Mole: sits out 
*** HOLE CARDS ***
Dealt to Dorex2007 [Jc 6c]
enixblr: folds 
Templar85: folds 
Dorex2007: folds 
Manuelito180: raises $0.10 to $0.15
wagerall1948: folds 
iamcatita: folds 
wagerall1948 leaves the table
Andresinho46: folds 
FrightFranky: folds 
Uncalled bet ($0.10) returned to Manuelito180
Manuelito180 collected $0.12 from pot
Manuelito180: doesn't show hand 
*** SUMMARY ***
Total pot $0.12 | Rake $0 
Seat 1: FrightFranky (big blind) folded before Flop
Seat 2: enixblr folded before Flop (didn't bet)
Seat 3: Templar85 folded before Flop (didn't bet)
Seat 4: Dorex2007 folded before Flop (didn't bet)
Seat 5: Manuelito180 collected ($0.12)
Seat 7: wagerall1948 folded before Flop (didn't bet)
Seat 8: iamcatita (button) folded before Flop (didn't bet)
Seat 9: Andresinho46 (small blind) folded before Flop



PokerStars Hand #237878770793:  Hold'em No Limit ($0.02/$0.05 USD) - 2022/08/08 20:36:13 PT [2022/08/08 23:36:13 ET]
Table 'Polaris III' 9-max Seat #9 is the button
Seat 1: FrightFranky ($6.60 in chips) 
Seat 2: enixblr ($7.43 in chips) 
Seat 3: Templar85 ($5.14 in chips) 
Seat 4: Dorex2007 ($6.38 in chips) 
Seat 5: Manuelito180 ($17.15 in chips) 
Seat 8: iamcatita ($5.56 in chips) 
Seat 9: Andresinho46 ($5.41 in chips) 
FrightFranky: posts small blind $0.02
enixblr: posts big blind $0.05
Count Mole: sits out 
*** HOLE CARDS ***
Dealt to Dorex2007 [3h 3c]
Templar85: raises $0.10 to $0.15
Dorex2007: calls $0.15
Manuelito180: folds 
iamcatita: raises $0.15 to $0.30
Andresinho46: folds 
FrightFranky: folds 
enixblr: folds 
Templar85: calls $0.15
Dorex2007: calls $0.15
*** FLOP *** [2d 4h 9h]
Templar85: checks 
Dorex2007: checks 
iamcatita: bets $0.46
Templar85: folds 
Dorex2007: folds 
Uncalled bet ($0.46) returned to iamcatita
iamcatita collected $0.93 from pot
*** SUMMARY ***
Total pot $0.97 | Rake $0.04 
Board [2d 4h 9h]
Seat 1: FrightFranky (small blind) folded before Flop
Seat 2: enixblr (big blind) folded before Flop
Seat 3: Templar85 folded on the Flop
Seat 4: Dorex2007 folded on the Flop
Seat 5: Manuelito180 folded before Flop (didn't bet)
Seat 8: iamcatita collected ($0.93)
Seat 9: Andresinho46 (button) folded before Flop (didn't bet)



PokerStars Hand #237878779007:  Hold'em No Limit ($0.02/$0.05 USD) - 2022/08/08 20:37:08 PT [2022/08/08 23:37:08 ET]
Table 'Polaris III' 9-max Seat #1 is the button
Seat 1: FrightFranky ($6.58 in chips) 
Seat 2: enixblr ($7.38 in chips) 
Seat 3: Templar85 ($5 in chips) 
Seat 4: Dorex2007 ($6.08 in chips) 
Seat 5: Manuelito180 ($17.15 in chips) 
Seat 8: iamcatita ($6.19 in chips) 
Seat 9: Andresinho46 ($5.41 in chips) 
enixblr: posts small blind $0.02
Templar85: posts big blind $0.05
Count Mole: sits out 
*** HOLE CARDS ***
Dealt to Dorex2007 [4c 5c]
Dorex2007: folds 
Manuelito180: raises $0.10 to $0.15
iamcatita: folds 
Andresinho46: folds 
FrightFranky: folds 
enixblr: folds 
Templar85: folds 
Uncalled bet ($0.10) returned to Manuelito180
Manuelito180 collected $0.12 from pot
*** SUMMARY ***
Total pot $0.12 | Rake $0 
Seat 1: FrightFranky (button) folded before Flop (didn't bet)
Seat 2: enixblr (small blind) folded before Flop
Seat 3: Templar85 (big blind) folded before Flop
Seat 4: Dorex2007 folded before Flop (didn't bet)
Seat 5: Manuelito180 collected ($0.12)
Seat 8: iamcatita folded before Flop (didn't bet)
Seat 9: Andresinho46 folded before Flop (didn't bet)



PokerStars Hand #237878781668:  Hold'em No Limit ($0.02/$0.05 USD) - 2022/08/08 20:37:26 PT [2022/08/08 23:37:26 ET]
Table 'Polaris III' 9-max Seat #2 is the button
Seat 1: FrightFranky ($6.58 in chips) 
Seat 2: enixblr ($7.36 in chips) 
Seat 3: Templar85 ($5 in chips) 
Seat 4: Dorex2007 ($6.08 in chips) 
Seat 5: Manuelito180 ($17.22 in chips) 
Seat 8: iamcatita ($6.19 in chips) 
Seat 9: Andresinho46 ($5.41 in chips) 
Templar85: posts small blind $0.02
Dorex2007: posts big blind $0.05
Count Mole: sits out 
*** HOLE CARDS ***
Dealt to Dorex2007 [Kd 2h]
Manuelito180: raises $0.07 to $0.12
iamcatita: folds 
Andresinho46: folds 
FrightFranky: folds 
enixblr: folds 
Templar85: calls $0.10
Dorex2007: folds 
*** FLOP *** [Jd 7d 7c]
Templar85: checks 
Manuelito180: bets $0.05
Templar85: raises $0.19 to $0.24
Manuelito180: calls $0.19
*** TURN *** [Jd 7d 7c] [4h]
Templar85: checks 
Manuelito180: checks 
*** RIVER *** [Jd 7d 7c 4h] [4d]
Templar85: checks 
Manuelito180: checks 
*** SHOW DOWN ***
Templar85: shows [6h 6s] (two pair, Sevens and Sixes)
Manuelito180: shows [Jc Th] (two pair, Jacks and Sevens)
Manuelito180 collected $0.74 from pot
*** SUMMARY ***
Total pot $0.77 | Rake $0.03 
Board [Jd 7d 7c 4h 4d]
Seat 1: FrightFranky folded before Flop (didn't bet)
Seat 2: enixblr (button) folded before Flop (didn't bet)
Seat 3: Templar85 (small blind) showed [6h 6s] and lost with two pair, Sevens and Sixes
Seat 4: Dorex2007 (big blind) folded before Flop
Seat 5: Manuelito180 showed [Jc Th] and won ($0.74) with two pair, Jacks and Sevens
Seat 8: iamcatita folded before Flop (didn't bet)
Seat 9: Andresinho46 folded before Flop (didn't bet)



PokerStars Hand #237878790188:  Hold'em No Limit ($0.02/$0.05 USD) - 2022/08/08 20:38:23 PT [2022/08/08 23:38:23 ET]
Table 'Polaris III' 9-max Seat #3 is the button
Seat 1: FrightFranky ($6.58 in chips) 
Seat 2: enixblr ($7.36 in chips) 
Seat 3: Templar85 ($5 in chips) 
Seat 4: Dorex2007 ($6.03 in chips) 
Seat 5: Manuelito180 ($17.60 in chips) 
Seat 8: iamcatita ($6.19 in chips) 
Seat 9: Andresinho46 ($5.41 in chips) 
Dorex2007: posts small blind $0.02
Manuelito180: posts big blind $0.05
Count Mole: sits out 
*** HOLE CARDS ***
Dealt to Dorex2007 [4d Qs]
iamcatita: folds 
Andresinho46: folds 
FrightFranky: folds 
enixblr: folds 
Templar85: folds 
Dorex2007: folds 
Uncalled bet ($0.03) returned to Manuelito180
Manuelito180 collected $0.04 from pot
Manuelito180: doesn't show hand 
*** SUMMARY ***
Total pot $0.04 | Rake $0 
Seat 1: FrightFranky folded before Flop (didn't bet)
Seat 2: enixblr folded before Flop (didn't bet)
Seat 3: Templar85 (button) folded before Flop (didn't bet)
Seat 4: Dorex2007 (small blind) folded before Flop
Seat 5: Manuelito180 (big blind) collected ($0.04)
Seat 8: iamcatita folded before Flop (didn't bet)
Seat 9: Andresinho46 folded before Flop (didn't bet)



PokerStars Hand #237878794273:  Hold'em No Limit ($0.02/$0.05 USD) - 2022/08/08 20:38:50 PT [2022/08/08 23:38:50 ET]
Table 'Polaris III' 9-max Seat #4 is the button
Seat 1: FrightFranky ($6.58 in chips) 
Seat 2: enixblr ($7.36 in chips) 
Seat 3: Templar85 ($5 in chips) 
Seat 4: Dorex2007 ($6.01 in chips) 
Seat 5: Manuelito180 ($17.62 in chips) 
Seat 6: Count Mole ($5 in chips) 
Seat 8: iamcatita ($6.19 in chips) 
Seat 9: Andresinho46 ($5.41 in chips) 
Manuelito180: posts small blind $0.02
Count Mole: posts big blind $0.05
*** HOLE CARDS ***
Dealt to Dorex2007 [Ks Qc]
iamcatita: calls $0.05
Andresinho46: folds 
FrightFranky: folds 
enixblr has timed out
enixblr: folds 
Templar85: folds 
Dorex2007: calls $0.05
Manuelito180: calls $0.03
Count Mole: checks 
*** FLOP *** [6d 7h 5d]
Manuelito180: checks 
Count Mole: checks 
iamcatita: checks 
Dorex2007: checks 
*** TURN *** [6d 7h 5d] [Qs]
Manuelito180: checks 
Count Mole: bets $0.10
iamcatita: folds 
Dorex2007: folds 
Grellosos joins the table at seat #7 
Manuelito180: calls $0.10
*** RIVER *** [6d 7h 5d Qs] [Qd]
Manuelito180: checks 
Count Mole: bets $0.19
Manuelito180: calls $0.19
*** SHOW DOWN ***
Count Mole: shows [Qh 9h] (three of a kind, Queens)
Manuelito180: mucks hand 
Count Mole collected $0.75 from pot
*** SUMMARY ***
Total pot $0.78 | Rake $0.03 
Board [6d 7h 5d Qs Qd]
Seat 1: FrightFranky folded before Flop (didn't bet)
Seat 2: enixblr folded before Flop (didn't bet)
Seat 3: Templar85 folded before Flop (didn't bet)
Seat 4: Dorex2007 (button) folded on the Turn
Seat 5: Manuelito180 (small blind) mucked [Ah 6s]
Seat 6: Count Mole (big blind) showed [Qh 9h] and won ($0.75) with three of a kind, Queens
Seat 8: iamcatita folded on the Turn
Seat 9: Andresinho46 folded before Flop (didn't bet)



PokerStars Hand #237878807974:  Hold'em No Limit ($0.02/$0.05 USD) - 2022/08/08 20:40:21 PT [2022/08/08 23:40:21 ET]
Table 'Polaris III' 9-max Seat #5 is the button
Seat 1: FrightFranky ($6.58 in chips) 
Seat 2: enixblr ($7.36 in chips) 
Seat 3: Templar85 ($5 in chips) 
Seat 4: Dorex2007 ($5.96 in chips) 
Seat 5: Manuelito180 ($17.28 in chips) 
Seat 6: Count Mole ($5.41 in chips) 
Seat 7: Grellosos ($2.48 in chips) 
Seat 8: iamcatita ($6.14 in chips) 
Seat 9: Andresinho46 ($5.41 in chips) 
Count Mole: posts small blind $0.02
Grellosos: posts big blind $0.05
*** HOLE CARDS ***
Dealt to Dorex2007 [8d 7c]
iamcatita: calls $0.05
Andresinho46: folds 
FrightFranky: folds 
enixblr: folds 
Templar85: folds 
Dorex2007 has timed out
Dorex2007: folds 
Manuelito180: folds 
Count Mole: folds 
Grellosos: checks 
*** FLOP *** [2c Jh 4d]
Grellosos: checks 
iamcatita: bets $0.10
Grellosos: calls $0.10
*** TURN *** [2c Jh 4d] [Qh]
Grellosos: checks 
iamcatita: checks 
*** RIVER *** [2c Jh 4d Qh] [Jd]
Grellosos: bets $0.31
iamcatita: folds 
Uncalled bet ($0.31) returned to Grellosos
Grellosos collected $0.31 from pot
*** SUMMARY ***
Total pot $0.32 | Rake $0.01 
Board [2c Jh 4d Qh Jd]
Seat 1: FrightFranky folded before Flop (didn't bet)
Seat 2: enixblr folded before Flop (didn't bet)
Seat 3: Templar85 folded before Flop (didn't bet)
Seat 4: Dorex2007 folded before Flop (didn't bet)
Seat 5: Manuelito180 (button) folded before Flop (didn't bet)
Seat 6: Count Mole (small blind) folded before Flop
Seat 7: Grellosos (big blind) collected ($0.31)
Seat 8: iamcatita folded on the River
Seat 9: Andresinho46 folded before Flop (didn't bet)



PokerStars Hand #237878858979:  Hold'em No Limit ($0.02/$0.05 USD) - 2022/08/08 20:45:48 PT [2022/08/08 23:45:48 ET]
Table 'Polaris III' 9-max Seat #6 is the button
Seat 1: FrightFranky ($6.51 in chips) 
Seat 2: enixblr ($7.29 in chips) 
Seat 4: Dorex2007 ($5.96 in chips) 
Seat 5: Manuelito180 ($17.04 in chips) 
Seat 6: Count Mole ($6.42 in chips) 
Seat 7: Grellosos ($1.98 in chips) 
Seat 8: iamcatita ($5.64 in chips) 
Seat 9: Andresinho46 ($5.59 in chips) 
Grellosos: posts small blind $0.02
iamcatita: posts big blind $0.05
Templar85: sits out 
Dorex2007: posts small & big blinds $0.07
*** HOLE CARDS ***
Dealt to Dorex2007 [Td Qs]
Andresinho46: raises $0.10 to $0.15
FrightFranky: folds 
enixblr: calls $0.15
Dorex2007: calls $0.10
Manuelito180: folds 
Count Mole: folds 
Grellosos: folds 
iamcatita: folds 
*** FLOP *** [Qc 9h 5h]
Andresinho46: checks 
enixblr: checks 
Dorex2007: bets $0.52
Andresinho46: folds 
enixblr: folds 
Uncalled bet ($0.52) returned to Dorex2007
Dorex2007 collected $0.52 from pot
Dorex2007: doesn't show hand 
*** SUMMARY ***
Total pot $0.54 | Rake $0.02 
Board [Qc 9h 5h]
Seat 1: FrightFranky folded before Flop (didn't bet)
Seat 2: enixblr folded on the Flop
Seat 4: Dorex2007 collected ($0.52)
Seat 5: Manuelito180 folded before Flop (didn't bet)
Seat 6: Count Mole (button) folded before Flop (didn't bet)
Seat 7: Grellosos (small blind) folded before Flop
Seat 8: iamcatita (big blind) folded before Flop
Seat 9: Andresinho46 folded on the Flop



PokerStars Hand #237878865501:  Hold'em No Limit ($0.02/$0.05 USD) - 2022/08/08 20:46:34 PT [2022/08/08 23:46:34 ET]
Table 'Polaris III' 9-max Seat #7 is the button
Seat 1: FrightFranky ($6.51 in chips) 
Seat 2: enixblr ($7.14 in chips) 
Seat 4: Dorex2007 ($6.31 in chips) 
Seat 5: Manuelito180 ($17.04 in chips) 
Seat 6: Count Mole ($6.42 in chips) 
Seat 7: Grellosos ($1.96 in chips) 
Seat 8: iamcatita ($5.59 in chips) 
Seat 9: Andresinho46 ($5.44 in chips) 
iamcatita: posts small blind $0.02
Andresinho46: posts big blind $0.05
Templar85: sits out 
*** HOLE CARDS ***
Dealt to Dorex2007 [Js Ad]
FrightFranky: folds 
enixblr: folds 
Dorex2007: raises $0.05 to $0.10
Manuelito180: calls $0.10
Count Mole: folds 
Grellosos: folds 
iamcatita: folds 
Andresinho46: calls $0.05
*** FLOP *** [4c 6h Ah]
Andresinho46: checks 
Dorex2007: checks 
Templar85 leaves the table
Manuelito180: checks 
*** TURN *** [4c 6h Ah] [Ts]
Andresinho46: checks 
costica1949 joins the table at seat #3 
Dorex2007: bets $0.21
Manuelito180: calls $0.21
Andresinho46: folds 
*** RIVER *** [4c 6h Ah Ts] [7s]
Dorex2007: bets $0.35
Manuelito180: calls $0.35
*** SHOW DOWN ***
Dorex2007: shows [Js Ad] (a pair of Aces)
Manuelito180: mucks hand 
Dorex2007 collected $1.38 from pot
*** SUMMARY ***
Total pot $1.44 | Rake $0.06 
Board [4c 6h Ah Ts 7s]
Seat 1: FrightFranky folded before Flop (didn't bet)
Seat 2: enixblr folded before Flop (didn't bet)
Seat 4: Dorex2007 showed [Js Ad] and won ($1.38) with a pair of Aces
Seat 5: Manuelito180 mucked [Ks Th]
Seat 6: Count Mole folded before Flop (didn't bet)
Seat 7: Grellosos (button) folded before Flop (didn't bet)
Seat 8: iamcatita (small blind) folded before Flop
Seat 9: Andresinho46 (big blind) folded on the Turn



PokerStars Hand #237878874175:  Hold'em No Limit ($0.02/$0.05 USD) - 2022/08/08 20:47:37 PT [2022/08/08 23:47:37 ET]
Table 'Polaris III' 9-max Seat #8 is the button
Seat 1: FrightFranky ($6.51 in chips) 
Seat 2: enixblr ($7.14 in chips) 
Seat 4: Dorex2007 ($7.03 in chips) 
Seat 5: Manuelito180 ($16.38 in chips) 
Seat 6: Count Mole ($6.42 in chips) 
Seat 7: Grellosos ($1.96 in chips) 
Seat 8: iamcatita ($5.57 in chips) 
Seat 9: Andresinho46 ($5.34 in chips) 
Andresinho46: posts small blind $0.02
FrightFranky: posts big blind $0.05
costica1949: sits out 
*** HOLE CARDS ***
Dealt to Dorex2007 [Qh 6h]
enixblr: folds 
Dorex2007: folds 
Manuelito180: folds 
Count Mole: folds 
Grellosos: folds 
iamcatita: calls $0.05
Andresinho46: raises $0.15 to $0.20
FrightFranky: folds 
iamcatita: calls $0.15
*** FLOP *** [9c Ks 6s]
Andresinho46: bets $0.14
iamcatita: folds 
Uncalled bet ($0.14) returned to Andresinho46
Andresinho46 collected $0.43 from pot
Andresinho46: doesn't show hand 
*** SUMMARY ***
Total pot $0.45 | Rake $0.02 
Board [9c Ks 6s]
Seat 1: FrightFranky (big blind) folded before Flop
Seat 2: enixblr folded before Flop (didn't bet)
Seat 4: Dorex2007 folded before Flop (didn't bet)
Seat 5: Manuelito180 folded before Flop (didn't bet)
Seat 6: Count Mole folded before Flop (didn't bet)
Seat 7: Grellosos folded before Flop (didn't bet)
Seat 8: iamcatita (button) folded on the Flop
Seat 9: Andresinho46 (small blind) collected ($0.43)



PokerStars Hand #237878877707:  Hold'em No Limit ($0.02/$0.05 USD) - 2022/08/08 20:48:01 PT [2022/08/08 23:48:01 ET]
Table 'Polaris III' 9-max Seat #9 is the button
Seat 1: FrightFranky ($6.46 in chips) 
Seat 2: enixblr ($7.14 in chips) 
Seat 4: Dorex2007 ($7.03 in chips) 
Seat 5: Manuelito180 ($16.38 in chips) 
Seat 6: Count Mole ($6.42 in chips) 
Seat 7: Grellosos ($1.96 in chips) 
Seat 8: iamcatita ($5.37 in chips) 
Seat 9: Andresinho46 ($5.57 in chips) 
FrightFranky: posts small blind $0.02
enixblr: posts big blind $0.05
costica1949: sits out 
*** HOLE CARDS ***
Dealt to Dorex2007 [4c 8d]
Dorex2007: folds 
Manuelito180: raises $0.10 to $0.15
Count Mole: folds 
Grellosos: folds 
iamcatita: folds 
Andresinho46: folds 
FrightFranky: folds 
enixblr: folds 
Uncalled bet ($0.10) returned to Manuelito180
Manuelito180 collected $0.12 from pot
*** SUMMARY ***
Total pot $0.12 | Rake $0 
Seat 1: FrightFranky (small blind) folded before Flop
Seat 2: enixblr (big blind) folded before Flop
Seat 4: Dorex2007 folded before Flop (didn't bet)
Seat 5: Manuelito180 collected ($0.12)
Seat 6: Count Mole folded before Flop (didn't bet)
Seat 7: Grellosos folded before Flop (didn't bet)
Seat 8: iamcatita folded before Flop (didn't bet)
Seat 9: Andresinho46 (button) folded before Flop (didn't bet)



PokerStars Hand #237878881642:  Hold'em No Limit ($0.02/$0.05 USD) - 2022/08/08 20:48:29 PT [2022/08/08 23:48:29 ET]
Table 'Polaris III' 9-max Seat #1 is the button
Seat 1: FrightFranky ($6.44 in chips) 
Seat 2: enixblr ($7.09 in chips) 
Seat 3: costica1949 ($4 in chips) 
Seat 4: Dorex2007 ($7.03 in chips) 
Seat 5: Manuelito180 ($16.45 in chips) 
Seat 6: Count Mole ($6.42 in chips) 
Seat 7: Grellosos ($1.96 in chips) 
Seat 8: iamcatita ($5.37 in chips) 
Seat 9: Andresinho46 ($5.57 in chips) 
enixblr: posts small blind $0.02
costica1949: posts big blind $0.05
*** HOLE CARDS ***
Dealt to Dorex2007 [6c 3c]
Dorex2007 has timed out
Dorex2007: folds 
Manuelito180: folds 
Count Mole: folds 
Grellosos: folds 
iamcatita: folds 
Andresinho46: raises $0.10 to $0.15
FrightFranky: calls $0.15
enixblr: folds 
costica1949: folds 
*** FLOP *** [5s Kd 8s]
Andresinho46: bets $0.12
FrightFranky: folds 
Uncalled bet ($0.12) returned to Andresinho46
Andresinho46 collected $0.35 from pot
Andresinho46: doesn't show hand 
*** SUMMARY ***
Total pot $0.37 | Rake $0.02 
Board [5s Kd 8s]
Seat 1: FrightFranky (button) folded on the Flop
Seat 2: enixblr (small blind) folded before Flop
Seat 3: costica1949 (big blind) folded before Flop
Seat 4: Dorex2007 folded before Flop (didn't bet)
Seat 5: Manuelito180 folded before Flop (didn't bet)
Seat 6: Count Mole folded before Flop (didn't bet)
Seat 7: Grellosos folded before Flop (didn't bet)
Seat 8: iamcatita folded before Flop (didn't bet)
Seat 9: Andresinho46 collected ($0.35)



PokerStars Hand #237878896456:  Hold'em No Limit ($0.02/$0.05 USD) - 2022/08/08 20:50:14 PT [2022/08/08 23:50:14 ET]
Table 'Polaris III' 9-max Seat #5 is the button
Seat 1: FrightFranky ($6.29 in chips) 
Seat 2: enixblr ($7.07 in chips) 
Seat 3: costica1949 ($4 in chips) 
Seat 4: Dorex2007 ($7.03 in chips) 
Seat 5: Manuelito180 ($16.38 in chips) 
Seat 6: Count Mole ($6.37 in chips) 
Seat 8: iamcatita ($5.44 in chips) 
Seat 9: Andresinho46 ($5.77 in chips) 
Count Mole: posts small blind $0.02
iamcatita: posts big blind $0.05
Dorex2007: posts small & big blinds $0.07
*** HOLE CARDS ***
Dealt to Dorex2007 [Qh 3s]
Andresinho46: folds 
FrightFranky: folds 
enixblr: folds 
costica1949: folds 
Dorex2007: checks 
Manuelito180: folds 
Count Mole: folds 
iamcatita: checks 
*** FLOP *** [Ah 8s 5d]
iamcatita: checks 
Dorex2007: checks 
*** TURN *** [Ah 8s 5d] [2d]
iamcatita: bets $0.15
Dorex2007: folds 
Uncalled bet ($0.15) returned to iamcatita
iamcatita collected $0.13 from pot
*** SUMMARY ***
Total pot $0.14 | Rake $0.01 
Board [Ah 8s 5d 2d]
Seat 1: FrightFranky folded before Flop (didn't bet)
Seat 2: enixblr folded before Flop (didn't bet)
Seat 3: costica1949 folded before Flop (didn't bet)
Seat 4: Dorex2007 folded on the Turn (didn't bet)
Seat 5: Manuelito180 (button) folded before Flop (didn't bet)
Seat 6: Count Mole (small blind) folded before Flop
Seat 8: iamcatita (big blind) collected ($0.13)
Seat 9: Andresinho46 folded before Flop (didn't bet)



PokerStars Hand #237878900869:  Hold'em No Limit ($0.02/$0.05 USD) - 2022/08/08 20:50:45 PT [2022/08/08 23:50:45 ET]
Table 'Polaris III' 9-max Seat #6 is the button
Seat 1: FrightFranky ($6.29 in chips) 
Seat 2: enixblr ($7.07 in chips) 
Seat 3: costica1949 ($4 in chips) 
Seat 4: Dorex2007 ($6.96 in chips) 
Seat 5: Manuelito180 ($16.38 in chips) 
Seat 6: Count Mole ($6.35 in chips) 
Seat 8: iamcatita ($5.52 in chips) 
Seat 9: Andresinho46 ($5.77 in chips) 
iamcatita: posts small blind $0.02
Andresinho46: posts big blind $0.05
*** HOLE CARDS ***
Dealt to Dorex2007 [Jd 2c]
FrightFranky: raises $0.10 to $0.15
enixblr: folds 
costica1949: folds 
Dorex2007: folds 
Manuelito180: folds 
Count Mole: folds 
iamcatita: folds 
Andresinho46: folds 
Uncalled bet ($0.10) returned to FrightFranky
FrightFranky collected $0.12 from pot
FrightFranky: doesn't show hand 
*** SUMMARY ***
Total pot $0.12 | Rake $0 
Seat 1: FrightFranky collected ($0.12)
Seat 2: enixblr folded before Flop (didn't bet)
Seat 3: costica1949 folded before Flop (didn't bet)
Seat 4: Dorex2007 folded before Flop (didn't bet)
Seat 5: Manuelito180 folded before Flop (didn't bet)
Seat 6: Count Mole (button) folded before Flop (didn't bet)
Seat 8: iamcatita (small blind) folded before Flop
Seat 9: Andresinho46 (big blind) folded before Flop



PokerStars Hand #237878903007:  Hold'em No Limit ($0.02/$0.05 USD) - 2022/08/08 20:51:00 PT [2022/08/08 23:51:00 ET]
Table 'Polaris III' 9-max Seat #8 is the button
Seat 1: FrightFranky ($6.36 in chips) 
Seat 2: enixblr ($7.07 in chips) 
Seat 3: costica1949 ($4 in chips) 
Seat 4: Dorex2007 ($6.96 in chips) 
Seat 5: Manuelito180 ($16.38 in chips) 
Seat 6: Count Mole ($6.35 in chips) 
Seat 8: iamcatita ($5.50 in chips) 
Seat 9: Andresinho46 ($5.72 in chips) 
Andresinho46: posts small blind $0.02
FrightFranky: posts big blind $0.05
*** HOLE CARDS ***
Dealt to Dorex2007 [3h Jh]
enixblr: folds 
costica1949: folds 
Dorex2007: folds 
Manuelito180: raises $0.07 to $0.12
Count Mole: folds 
iamcatita: folds 
Andresinho46: folds 
FrightFranky: folds 
Uncalled bet ($0.07) returned to Manuelito180
Manuelito180 collected $0.12 from pot
Manuelito180: doesn't show hand 
*** SUMMARY ***
Total pot $0.12 | Rake $0 
Seat 1: FrightFranky (big blind) folded before Flop
Seat 2: enixblr folded before Flop (didn't bet)
Seat 3: costica1949 folded before Flop (didn't bet)
Seat 4: Dorex2007 folded before Flop (didn't bet)
Seat 5: Manuelito180 collected ($0.12)
Seat 6: Count Mole folded before Flop (didn't bet)
Seat 8: iamcatita (button) folded before Flop (didn't bet)
Seat 9: Andresinho46 (small blind) folded before Flop



PokerStars Hand #237878905202:  Hold'em No Limit ($0.02/$0.05 USD) - 2022/08/08 20:51:16 PT [2022/08/08 23:51:16 ET]
Table 'Polaris III' 9-max Seat #9 is the button
Seat 1: FrightFranky ($6.31 in chips) 
Seat 2: enixblr ($7.07 in chips) 
Seat 3: costica1949 ($4 in chips) 
Seat 4: Dorex2007 ($6.96 in chips) 
Seat 5: Manuelito180 ($16.45 in chips) 
Seat 6: Count Mole ($6.35 in chips) 
Seat 8: iamcatita ($5.50 in chips) 
Seat 9: Andresinho46 ($5.70 in chips) 
FrightFranky: posts small blind $0.02
enixblr: posts big blind $0.05
*** HOLE CARDS ***
Dealt to Dorex2007 [3s Ad]
costica1949: folds 
Dorex2007: folds 
Manuelito180: folds 
Count Mole: folds 
Grellosos is disconnected 
iamcatita: folds 
Andresinho46: raises $0.06 to $0.11
FrightFranky: folds 
enixblr: calls $0.06
*** FLOP *** [Qc 6d 9d]
enixblr: checks 
Andresinho46: checks 
*** TURN *** [Qc 6d 9d] [3h]
enixblr: checks 
Andresinho46: bets $0.15
enixblr: folds 
Uncalled bet ($0.15) returned to Andresinho46
Andresinho46 collected $0.23 from pot
Andresinho46: doesn't show hand 
*** SUMMARY ***
Total pot $0.24 | Rake $0.01 
Board [Qc 6d 9d 3h]
Seat 1: FrightFranky (small blind) folded before Flop
Seat 2: enixblr (big blind) folded on the Turn
Seat 3: costica1949 folded before Flop (didn't bet)
Seat 4: Dorex2007 folded before Flop (didn't bet)
Seat 5: Manuelito180 folded before Flop (didn't bet)
Seat 6: Count Mole folded before Flop (didn't bet)
Seat 8: iamcatita folded before Flop (didn't bet)
Seat 9: Andresinho46 (button) collected ($0.23)



PokerStars Hand #237878911581:  Hold'em No Limit ($0.02/$0.05 USD) - 2022/08/08 20:52:02 PT [2022/08/08 23:52:02 ET]
Table 'Polaris III' 9-max Seat #1 is the button
Seat 1: FrightFranky ($6.29 in chips) 
Seat 2: enixblr ($6.96 in chips) 
Seat 3: costica1949 ($4 in chips) 
Seat 4: Dorex2007 ($6.96 in chips) 
Seat 5: Manuelito180 ($16.45 in chips) 
Seat 6: Count Mole ($6.35 in chips) 
Seat 8: iamcatita ($5.50 in chips) 
Seat 9: Andresinho46 ($5.82 in chips) 
enixblr: posts small blind $0.02
costica1949: posts big blind $0.05
Grellosos: sits out 
*** HOLE CARDS ***
Dealt to Dorex2007 [9c Ah]
Dorex2007: folds 
Manuelito180: folds 
Count Mole: folds 
iamcatita: folds 
Andresinho46: folds 
FrightFranky: folds 
enixblr: raises $0.10 to $0.15
Grellosos leaves the table
costica1949: raises $3.85 to $4 and is all-in
enixblr: folds 
Uncalled bet ($3.85) returned to costica1949
costica1949 collected $0.30 from pot
*** SUMMARY ***
Total pot $0.30 | Rake $0 
Seat 1: FrightFranky (button) folded before Flop (didn't bet)
Seat 2: enixblr (small blind) folded before Flop
Seat 3: costica1949 (big blind) collected ($0.30)
Seat 4: Dorex2007 folded before Flop (didn't bet)
Seat 5: Manuelito180 folded before Flop (didn't bet)
Seat 6: Count Mole folded before Flop (didn't bet)
Seat 8: iamcatita folded before Flop (didn't bet)
Seat 9: Andresinho46 folded before Flop (didn't bet)



PokerStars Hand #237878915191:  Hold'em No Limit ($0.02/$0.05 USD) - 2022/08/08 20:52:28 PT [2022/08/08 23:52:28 ET]
Table 'Polaris III' 9-max Seat #2 is the button
Seat 1: FrightFranky ($6.29 in chips) 
Seat 2: enixblr ($6.81 in chips) 
Seat 3: costica1949 ($4.15 in chips) 
Seat 4: Dorex2007 ($6.96 in chips) 
Seat 5: Manuelito180 ($16.45 in chips) 
Seat 6: Count Mole ($6.35 in chips) 
Seat 8: iamcatita ($5.50 in chips) 
Seat 9: Andresinho46 ($5.82 in chips) 
costica1949: posts small blind $0.02
Dorex2007: posts big blind $0.05
*** HOLE CARDS ***
Dealt to Dorex2007 [Qs Jd]
Manuelito180: folds 
Count Mole: folds 
iamcatita: calls $0.05
Andresinho46: folds 
FrightFranky: folds 
enixblr: folds 
costica1949: folds 
lukkas12 joins the table at seat #7 
Dorex2007: checks 
*** FLOP *** [3h 9d 9s]
Dorex2007: checks 
iamcatita: checks 
*** TURN *** [3h 9d 9s] [Jc]
Dorex2007: checks 
iamcatita: bets $0.10
Dorex2007: calls $0.10
*** RIVER *** [3h 9d 9s Jc] [6c]
Dorex2007: checks 
iamcatita: checks 
*** SHOW DOWN ***
Dorex2007: shows [Qs Jd] (two pair, Jacks and Nines)
iamcatita: shows [Ad Js] (two pair, Jacks and Nines - Ace kicker)
iamcatita collected $0.31 from pot
*** SUMMARY ***
Total pot $0.32 | Rake $0.01 
Board [3h 9d 9s Jc 6c]
Seat 1: FrightFranky folded before Flop (didn't bet)
Seat 2: enixblr (button) folded before Flop (didn't bet)
Seat 3: costica1949 (small blind) folded before Flop
Seat 4: Dorex2007 (big blind) showed [Qs Jd] and lost with two pair, Jacks and Nines
Seat 5: Manuelito180 folded before Flop (didn't bet)
Seat 6: Count Mole folded before Flop (didn't bet)
Seat 8: iamcatita showed [Ad Js] and won ($0.31) with two pair, Jacks and Nines
Seat 9: Andresinho46 folded before Flop (didn't bet)



PokerStars Hand #237878919185:  Hold'em No Limit ($0.02/$0.05 USD) - 2022/08/08 20:52:56 PT [2022/08/08 23:52:56 ET]
Table 'Polaris III' 9-max Seat #3 is the button
Seat 1: FrightFranky ($6.29 in chips) 
Seat 2: enixblr ($6.81 in chips) 
Seat 3: costica1949 ($4.13 in chips) 
Seat 4: Dorex2007 ($6.81 in chips) 
Seat 5: Manuelito180 ($16.45 in chips) 
Seat 6: Count Mole ($6.35 in chips) 
Seat 7: lukkas12 ($6.08 in chips) 
Seat 8: iamcatita ($5.66 in chips) 
Seat 9: Andresinho46 ($5.82 in chips) 
Dorex2007: posts small blind $0.02
Manuelito180: posts big blind $0.05
lukkas12: posts big blind $0.05
*** HOLE CARDS ***
Dealt to Dorex2007 [Qd Ad]
Count Mole: folds 
lukkas12: checks 
iamcatita: folds 
Andresinho46: folds 
FrightFranky: raises $0.15 to $0.20
enixblr: folds 
costica1949: folds 
Dorex2007: calls $0.18
Manuelito180: calls $0.15
lukkas12: calls $0.15
*** FLOP *** [8d 5d Jh]
Dorex2007: checks 
Manuelito180: checks 
lukkas12: checks 
FrightFranky: bets $0.25
Dorex2007: calls $0.25
Manuelito180: calls $0.25
lukkas12: folds 
*** TURN *** [8d 5d Jh] [5h]
Dorex2007: bets $0.99
Manuelito180: folds 
FrightFranky: calls $0.99
*** RIVER *** [8d 5d Jh 5h] [Th]
Dorex2007: bets $2.25
FrightFranky: raises $2.60 to $4.85 and is all-in
Dorex2007: folds 
Uncalled bet ($2.60) returned to FrightFranky
FrightFranky collected $7.70 from pot
FrightFranky: doesn't show hand 
*** SUMMARY ***
Total pot $8.03 | Rake $0.33 
Board [8d 5d Jh 5h Th]
Seat 1: FrightFranky collected ($7.70)
Seat 2: enixblr folded before Flop (didn't bet)
Seat 3: costica1949 (button) folded before Flop (didn't bet)
Seat 4: Dorex2007 (small blind) folded on the River
Seat 5: Manuelito180 (big blind) folded on the Turn
Seat 6: Count Mole folded before Flop (didn't bet)
Seat 7: lukkas12 folded on the Flop
Seat 8: iamcatita folded before Flop (didn't bet)
Seat 9: Andresinho46 folded before Flop (didn't bet)



PokerStars Hand #237878944194:  Hold'em No Limit ($0.02/$0.05 USD) - 2022/08/08 20:54:54 PT [2022/08/08 23:54:54 ET]
Table 'Polaris III' 9-max Seat #4 is the button
Seat 1: FrightFranky ($10.30 in chips) 
Seat 2: enixblr ($6.81 in chips) 
Seat 3: costica1949 ($4.13 in chips) 
Seat 4: Dorex2007 ($5 in chips) 
Seat 5: Manuelito180 ($16 in chips) 
Seat 6: Count Mole ($6.35 in chips) 
Seat 7: lukkas12 ($5.88 in chips) 
Seat 8: iamcatita ($5.66 in chips) 
Seat 9: Andresinho46 ($5.82 in chips) 
Manuelito180: posts small blind $0.02
Count Mole: posts big blind $0.05
*** HOLE CARDS ***
Dealt to Dorex2007 [5d 2h]
lukkas12: calls $0.05
iamcatita: raises $0.11 to $0.16
Andresinho46: folds 
FrightFranky: folds 
enixblr: calls $0.16
costica1949: folds 
Dorex2007: folds 
Manuelito180: folds 
Count Mole: folds 
lukkas12: calls $0.11
*** FLOP *** [7c Ac Td]
lukkas12: checks 
iamcatita: bets $0.15
enixblr: folds 
lukkas12: calls $0.15
*** TURN *** [7c Ac Td] [Js]
lukkas12: checks 
iamcatita: bets $0.15
lukkas12: raises $1.11 to $1.26
iamcatita: folds 
Uncalled bet ($1.11) returned to lukkas12
lukkas12 collected $1.10 from pot
*** SUMMARY ***
Total pot $1.15 | Rake $0.05 
Board [7c Ac Td Js]
Seat 1: FrightFranky folded before Flop (didn't bet)
Seat 2: enixblr folded on the Flop
Seat 3: costica1949 folded before Flop (didn't bet)
Seat 4: Dorex2007 (button) folded before Flop (didn't bet)
Seat 5: Manuelito180 (small blind) folded before Flop
Seat 6: Count Mole (big blind) folded before Flop
Seat 7: lukkas12 collected ($1.10)
Seat 8: iamcatita folded on the Turn
Seat 9: Andresinho46 folded before Flop (didn't bet)



PokerStars Hand #237878956370:  Hold'em No Limit ($0.02/$0.05 USD) - 2022/08/08 20:56:36 PT [2022/08/08 23:56:36 ET]
Table 'Polaris III' 9-max Seat #5 is the button
Seat 1: FrightFranky ($10.30 in chips) 
Seat 2: enixblr ($6.65 in chips) 
Seat 3: costica1949 ($4.13 in chips) 
Seat 4: Dorex2007 ($5 in chips) 
Seat 5: Manuelito180 ($15.98 in chips) 
Seat 6: Count Mole ($6.30 in chips) 
Seat 7: lukkas12 ($6.52 in chips) 
Seat 8: iamcatita ($5.20 in chips) 
Seat 9: Andresinho46 ($5.82 in chips) 
Count Mole: posts small blind $0.02
lukkas12: posts big blind $0.05
*** HOLE CARDS ***
Dealt to Dorex2007 [Qc 2c]
iamcatita: folds 
Andresinho46: folds 
FrightFranky: folds 
enixblr: folds 
costica1949: folds 
Dorex2007: folds 
Manuelito180: folds 
Count Mole: folds 
Uncalled bet ($0.03) returned to lukkas12
lukkas12 collected $0.04 from pot
*** SUMMARY ***
Total pot $0.04 | Rake $0 
Seat 1: FrightFranky folded before Flop (didn't bet)
Seat 2: enixblr folded before Flop (didn't bet)
Seat 3: costica1949 folded before Flop (didn't bet)
Seat 4: Dorex2007 folded before Flop (didn't bet)
Seat 5: Manuelito180 (button) folded before Flop (didn't bet)
Seat 6: Count Mole (small blind) folded before Flop
Seat 7: lukkas12 (big blind) collected ($0.04)
Seat 8: iamcatita folded before Flop (didn't bet)
Seat 9: Andresinho46 folded before Flop (didn't bet)



PokerStars Hand #237878958838:  Hold'em No Limit ($0.02/$0.05 USD) - 2022/08/08 20:56:58 PT [2022/08/08 23:56:58 ET]
Table 'Polaris III' 9-max Seat #6 is the button
Seat 1: FrightFranky ($10.30 in chips) 
Seat 2: enixblr ($6.65 in chips) 
Seat 3: costica1949 ($4.13 in chips) 
Seat 4: Dorex2007 ($5 in chips) 
Seat 5: Manuelito180 ($15.98 in chips) 
Seat 6: Count Mole ($6.28 in chips) 
Seat 7: lukkas12 ($6.54 in chips) 
Seat 8: iamcatita ($5.20 in chips) 
Seat 9: Andresinho46 ($5.82 in chips) 
lukkas12: posts small blind $0.02
iamcatita: posts big blind $0.05
*** HOLE CARDS ***
Dealt to Dorex2007 [4s Jh]
Andresinho46: folds 
FrightFranky: raises $0.10 to $0.15
enixblr: folds 
costica1949: folds 
Dorex2007: folds 
Manuelito180: folds 
Count Mole: folds 
lukkas12: folds 
iamcatita: calls $0.10
*** FLOP *** [4c 5s 8c]
iamcatita: checks 
FrightFranky: bets $0.16
iamcatita: folds 
Uncalled bet ($0.16) returned to FrightFranky
FrightFranky collected $0.31 from pot
FrightFranky: doesn't show hand 
*** SUMMARY ***
Total pot $0.32 | Rake $0.01 
Board [4c 5s 8c]
Seat 1: FrightFranky collected ($0.31)
Seat 2: enixblr folded before Flop (didn't bet)
Seat 3: costica1949 folded before Flop (didn't bet)
Seat 4: Dorex2007 folded before Flop (didn't bet)
Seat 5: Manuelito180 folded before Flop (didn't bet)
Seat 6: Count Mole (button) folded before Flop (didn't bet)
Seat 7: lukkas12 (small blind) folded before Flop
Seat 8: iamcatita (big blind) folded on the Flop
Seat 9: Andresinho46 folded before Flop (didn't bet)



PokerStars Hand #237878963899:  Hold'em No Limit ($0.02/$0.05 USD) - 2022/08/08 20:57:42 PT [2022/08/08 23:57:42 ET]
Table 'Polaris III' 9-max Seat #7 is the button
Seat 1: FrightFranky ($10.46 in chips) 
Seat 2: enixblr ($6.65 in chips) 
Seat 3: costica1949 ($4.13 in chips) 
Seat 4: Dorex2007 ($5 in chips) 
Seat 5: Manuelito180 ($15.98 in chips) 
Seat 6: Count Mole ($6.28 in chips) 
Seat 7: lukkas12 ($6.52 in chips) 
Seat 8: iamcatita ($5.05 in chips) 
Seat 9: Andresinho46 ($5.82 in chips) 
iamcatita: posts small blind $0.02
Andresinho46: posts big blind $0.05
*** HOLE CARDS ***
Dealt to Dorex2007 [9h 4d]
FrightFranky: folds 
enixblr: folds 
costica1949: folds 
Dorex2007: folds 
Manuelito180: raises $0.10 to $0.15
Count Mole: folds 
lukkas12: calls $0.15
iamcatita: folds 
Andresinho46: folds 
*** FLOP *** [Tc 4c 2s]
Manuelito180: bets $0.17
lukkas12: calls $0.17
*** TURN *** [Tc 4c 2s] [2d]
Manuelito180: checks 
lukkas12: bets $0.68
Manuelito180: folds 
Uncalled bet ($0.68) returned to lukkas12
lukkas12 collected $0.68 from pot
*** SUMMARY ***
Total pot $0.71 | Rake $0.03 
Board [Tc 4c 2s 2d]
Seat 1: FrightFranky folded before Flop (didn't bet)
Seat 2: enixblr folded before Flop (didn't bet)
Seat 3: costica1949 folded before Flop (didn't bet)
Seat 4: Dorex2007 folded before Flop (didn't bet)
Seat 5: Manuelito180 folded on the Turn
Seat 6: Count Mole folded before Flop (didn't bet)
Seat 7: lukkas12 (button) collected ($0.68)
Seat 8: iamcatita (small blind) folded before Flop
Seat 9: Andresinho46 (big blind) folded before Flop



PokerStars Hand #237878972570:  Hold'em No Limit ($0.02/$0.05 USD) - 2022/08/08 20:58:57 PT [2022/08/08 23:58:57 ET]
Table 'Polaris III' 9-max Seat #8 is the button
Seat 1: FrightFranky ($10.46 in chips) 
Seat 2: enixblr ($6.65 in chips) 
Seat 3: costica1949 ($4.13 in chips) 
Seat 4: Dorex2007 ($5 in chips) 
Seat 5: Manuelito180 ($15.66 in chips) 
Seat 6: Count Mole ($6.28 in chips) 
Seat 7: lukkas12 ($6.88 in chips) 
Seat 8: iamcatita ($5.03 in chips) 
Seat 9: Andresinho46 ($5.77 in chips) 
Andresinho46: posts small blind $0.02
FrightFranky: posts big blind $0.05
*** HOLE CARDS ***
Dealt to Dorex2007 [5h 4h]
enixblr: raises $0.07 to $0.12
costica1949: folds 
Dorex2007: folds 
Manuelito180: folds 
Count Mole: folds 
lukkas12: calls $0.12
iamcatita: folds 
Andresinho46: folds 
FrightFranky: calls $0.07
*** FLOP *** [4c 9c Qd]
FrightFranky: checks 
enixblr: bets $0.24
lukkas12: folds 
FrightFranky: raises $0.84 to $1.08
enixblr: folds 
Uncalled bet ($0.84) returned to FrightFranky
FrightFranky collected $0.82 from pot
FrightFranky: doesn't show hand 
*** SUMMARY ***
Total pot $0.86 | Rake $0.04 
Board [4c 9c Qd]
Seat 1: FrightFranky (big blind) collected ($0.82)
Seat 2: enixblr folded on the Flop
Seat 3: costica1949 folded before Flop (didn't bet)
Seat 4: Dorex2007 folded before Flop (didn't bet)
Seat 5: Manuelito180 folded before Flop (didn't bet)
Seat 6: Count Mole folded before Flop (didn't bet)
Seat 7: lukkas12 folded on the Flop
Seat 8: iamcatita (button) folded before Flop (didn't bet)
Seat 9: Andresinho46 (small blind) folded before Flop



PokerStars Hand #237878978842:  Hold'em No Limit ($0.02/$0.05 USD) - 2022/08/08 20:59:53 PT [2022/08/08 23:59:53 ET]
Table 'Polaris III' 9-max Seat #9 is the button
Seat 1: FrightFranky ($10.92 in chips) 
Seat 2: enixblr ($6.29 in chips) 
Seat 3: costica1949 ($4.13 in chips) 
Seat 4: Dorex2007 ($5 in chips) 
Seat 5: Manuelito180 ($15.66 in chips) 
Seat 6: Count Mole ($6.28 in chips) 
Seat 7: lukkas12 ($6.76 in chips) 
Seat 8: iamcatita ($5.03 in chips) 
Seat 9: Andresinho46 ($5.75 in chips) 
FrightFranky: posts small blind $0.02
enixblr: posts big blind $0.05
*** HOLE CARDS ***
Dealt to Dorex2007 [Ac 9d]
costica1949: folds 
Dorex2007: folds 
Manuelito180: folds 
Count Mole: folds 
lukkas12: folds 
iamcatita: folds 
Andresinho46: folds 
FrightFranky: folds 
Uncalled bet ($0.03) returned to enixblr
enixblr collected $0.04 from pot
enixblr: doesn't show hand 
*** SUMMARY ***
Total pot $0.04 | Rake $0 
Seat 1: FrightFranky (small blind) folded before Flop
Seat 2: enixblr (big blind) collected ($0.04)
Seat 3: costica1949 folded before Flop (didn't bet)
Seat 4: Dorex2007 folded before Flop (didn't bet)
Seat 5: Manuelito180 folded before Flop (didn't bet)
Seat 6: Count Mole folded before Flop (didn't bet)
Seat 7: lukkas12 folded before Flop (didn't bet)
Seat 8: iamcatita folded before Flop (didn't bet)
Seat 9: Andresinho46 (button) folded before Flop (didn't bet)



