PokerStars Hand #237446931750:  Hold'em No Limit ($0.02/$0.05 USD) - 2022/07/18 17:50:12 PT [2022/07/18 20:50:12 ET]
Table 'Kuiper III' 9-max Seat #1 is the button
Seat 1: Seco031 ($1.93 in chips) 
Seat 2: panKastus ($14.51 in chips) 
Seat 3: Jtc1931 ($6.88 in chips) 
Seat 4: VascoSerg ($5.19 in chips) 
Seat 6: Span405 ($4.31 in chips) 
Seat 7: nardo0373 ($4.96 in chips) 
Seat 8: sixquart ($5.28 in chips) 
Seat 9: Dorex2007 ($5 in chips) 
panKastus: posts small blind $0.02
Jtc1931: posts big blind $0.05
HELTON2017: sits out 
Dorex2007: posts big blind $0.05
*** HOLE CARDS ***
Dealt to Dorex2007 [Jd 6d]
VascoSerg: folds 
Span405: folds 
nardo0373: calls $0.05
sixquart: folds 
Dorex2007: checks 
Seco031: folds 
panKastus: folds 
Jtc1931: checks 
*** FLOP *** [Jh Ac 8c]
Jtc1931: checks 
nardo0373: bets $0.40
Dorex2007: folds 
Jtc1931: folds 
Uncalled bet ($0.40) returned to nardo0373
nardo0373 collected $0.16 from pot
*** SUMMARY ***
Total pot $0.17 | Rake $0.01 
Board [Jh Ac 8c]
Seat 1: Seco031 (button) folded before Flop (didn't bet)
Seat 2: panKastus (small blind) folded before Flop
Seat 3: Jtc1931 (big blind) folded on the Flop
Seat 4: VascoSerg folded before Flop (didn't bet)
Seat 6: Span405 folded before Flop (didn't bet)
Seat 7: nardo0373 collected ($0.16)
Seat 8: sixquart folded before Flop (didn't bet)
Seat 9: Dorex2007 folded on the Flop (didn't bet)



PokerStars Hand #237446941361:  Hold'em No Limit ($0.02/$0.05 USD) - 2022/07/18 17:50:55 PT [2022/07/18 20:50:55 ET]
Table 'Kuiper III' 9-max Seat #2 is the button
Seat 1: Seco031 ($1.93 in chips) 
Seat 2: panKastus ($14.49 in chips) 
Seat 3: Jtc1931 ($6.83 in chips) 
Seat 4: VascoSerg ($5.19 in chips) 
Seat 6: Span405 ($4.31 in chips) 
Seat 7: nardo0373 ($5.07 in chips) 
Seat 8: sixquart ($5.28 in chips) 
Seat 9: Dorex2007 ($5 in chips) 
Jtc1931: posts small blind $0.02
VascoSerg: posts big blind $0.05
HELTON2017: sits out 
*** HOLE CARDS ***
Dealt to Dorex2007 [4d 6c]
Span405: folds 
nardo0373: folds 
sixquart: raises $0.10 to $0.15
Dorex2007: folds 
Seco031: folds 
panKastus: folds 
Jtc1931: calls $0.13
VascoSerg: folds 
*** FLOP *** [4s 6d 8d]
Jtc1931: checks 
sixquart: bets $0.17
Jtc1931: calls $0.17
*** TURN *** [4s 6d 8d] [7d]
Jtc1931: checks 
sixquart: bets $0.33
Jtc1931: calls $0.33
*** RIVER *** [4s 6d 8d 7d] [4c]
Jtc1931: checks 
sixquart: checks 
*** SHOW DOWN ***
Jtc1931: shows [9h 9d] (two pair, Nines and Fours)
sixquart: shows [Th Ts] (two pair, Tens and Fours)
sixquart collected $1.29 from pot
*** SUMMARY ***
Total pot $1.35 | Rake $0.06 
Board [4s 6d 8d 7d 4c]
Seat 1: Seco031 folded before Flop (didn't bet)
Seat 2: panKastus (button) folded before Flop (didn't bet)
Seat 3: Jtc1931 (small blind) showed [9h 9d] and lost with two pair, Nines and Fours
Seat 4: VascoSerg (big blind) folded before Flop
Seat 6: Span405 folded before Flop (didn't bet)
Seat 7: nardo0373 folded before Flop (didn't bet)
Seat 8: sixquart showed [Th Ts] and won ($1.29) with two pair, Tens and Fours
Seat 9: Dorex2007 folded before Flop (didn't bet)



PokerStars Hand #237446957034:  Hold'em No Limit ($0.02/$0.05 USD) - 2022/07/18 17:52:05 PT [2022/07/18 20:52:05 ET]
Table 'Kuiper III' 9-max Seat #3 is the button
Seat 1: Seco031 ($1.93 in chips) 
Seat 2: panKastus ($14.49 in chips) 
Seat 3: Jtc1931 ($6.18 in chips) 
Seat 4: VascoSerg ($5.14 in chips) 
Seat 5: HELTON2017 ($2 in chips) 
Seat 6: Span405 ($4.31 in chips) 
Seat 7: nardo0373 ($5.07 in chips) 
Seat 8: sixquart ($5.92 in chips) 
Seat 9: Dorex2007 ($5 in chips) 
VascoSerg: posts small blind $0.02
HELTON2017: posts big blind $0.05
*** HOLE CARDS ***
Dealt to Dorex2007 [7s Jd]
Span405: folds 
nardo0373: folds 
sixquart: folds 
Dorex2007: folds 
Seco031: calls $0.05
panKastus: folds 
Jtc1931: raises $0.15 to $0.20
VascoSerg: folds 
HELTON2017: calls $0.15
Seco031: calls $0.15
*** FLOP *** [2s Tc 7d]
HELTON2017: bets $0.59
Seco031: folds 
Jtc1931: calls $0.59
*** TURN *** [2s Tc 7d] [Kc]
HELTON2017: checks 
Jtc1931: checks 
*** RIVER *** [2s Tc 7d Kc] [3s]
HELTON2017: bets $1.21 and is all-in
Jtc1931: folds 
Uncalled bet ($1.21) returned to HELTON2017
HELTON2017 collected $1.73 from pot
*** SUMMARY ***
Total pot $1.80 | Rake $0.07 
Board [2s Tc 7d Kc 3s]
Seat 1: Seco031 folded on the Flop
Seat 2: panKastus folded before Flop (didn't bet)
Seat 3: Jtc1931 (button) folded on the River
Seat 4: VascoSerg (small blind) folded before Flop
Seat 5: HELTON2017 (big blind) collected ($1.73)
Seat 6: Span405 folded before Flop (didn't bet)
Seat 7: nardo0373 folded before Flop (didn't bet)
Seat 8: sixquart folded before Flop (didn't bet)
Seat 9: Dorex2007 folded before Flop (didn't bet)



PokerStars Hand #237446986352:  Hold'em No Limit ($0.02/$0.05 USD) - 2022/07/18 17:54:14 PT [2022/07/18 20:54:14 ET]
Table 'Kuiper III' 9-max Seat #4 is the button
Seat 1: Seco031 ($1.73 in chips) 
Seat 2: panKastus ($14.49 in chips) 
Seat 3: Jtc1931 ($5.39 in chips) 
Seat 4: VascoSerg ($5.12 in chips) 
Seat 5: HELTON2017 ($2.94 in chips) 
Seat 6: Span405 ($4.31 in chips) 
Seat 7: nardo0373 ($5.07 in chips) 
Seat 8: sixquart ($5.92 in chips) 
Seat 9: Dorex2007 ($5 in chips) 
HELTON2017: posts small blind $0.02
Span405: posts big blind $0.05
*** HOLE CARDS ***
Dealt to Dorex2007 [Js Qs]
nardo0373: folds 
sixquart: folds 
Dorex2007: raises $0.05 to $0.10
Seco031: folds 
panKastus: folds 
Jtc1931: folds 
VascoSerg: folds 
HELTON2017: folds 
Span405: calls $0.05
*** FLOP *** [Th 5s Ac]
Span405: checks 
Dorex2007: checks 
*** TURN *** [Th 5s Ac] [2h]
Span405: checks 
Dorex2007: checks 
*** RIVER *** [Th 5s Ac 2h] [4s]
Span405: bets $0.20
Dorex2007: folds 
Uncalled bet ($0.20) returned to Span405
Span405 collected $0.21 from pot
*** SUMMARY ***
Total pot $0.22 | Rake $0.01 
Board [Th 5s Ac 2h 4s]
Seat 1: Seco031 folded before Flop (didn't bet)
Seat 2: panKastus folded before Flop (didn't bet)
Seat 3: Jtc1931 folded before Flop (didn't bet)
Seat 4: VascoSerg (button) folded before Flop (didn't bet)
Seat 5: HELTON2017 (small blind) folded before Flop
Seat 6: Span405 (big blind) collected ($0.21)
Seat 7: nardo0373 folded before Flop (didn't bet)
Seat 8: sixquart folded before Flop (didn't bet)
Seat 9: Dorex2007 folded on the River



PokerStars Hand #237447000756:  Hold'em No Limit ($0.02/$0.05 USD) - 2022/07/18 17:55:22 PT [2022/07/18 20:55:22 ET]
Table 'Kuiper III' 9-max Seat #5 is the button
Seat 1: Seco031 ($1.73 in chips) 
Seat 2: panKastus ($14.49 in chips) 
Seat 3: Jtc1931 ($5.39 in chips) 
Seat 4: VascoSerg ($5.12 in chips) 
Seat 5: HELTON2017 ($2.92 in chips) 
Seat 6: Span405 ($4.42 in chips) 
Seat 7: nardo0373 ($5.07 in chips) 
Seat 8: sixquart ($5.92 in chips) 
Seat 9: Dorex2007 ($5 in chips) 
Span405: posts small blind $0.02
nardo0373: posts big blind $0.05
*** HOLE CARDS ***
Dealt to Dorex2007 [Kh Js]
sixquart: folds 
Dorex2007: folds 
Seco031: calls $0.05
panKastus: folds 
Jtc1931: folds 
VascoSerg: folds 
HELTON2017: raises $0.05 to $0.10
Span405: folds 
nardo0373 has timed out
nardo0373: folds 
Seco031: calls $0.05
*** FLOP *** [3s 2s 5c]
Seco031: checks 
HELTON2017: bets $0.26
Seco031: folds 
Uncalled bet ($0.26) returned to HELTON2017
HELTON2017 collected $0.26 from pot
*** SUMMARY ***
Total pot $0.27 | Rake $0.01 
Board [3s 2s 5c]
Seat 1: Seco031 folded on the Flop
Seat 2: panKastus folded before Flop (didn't bet)
Seat 3: Jtc1931 folded before Flop (didn't bet)
Seat 4: VascoSerg folded before Flop (didn't bet)
Seat 5: HELTON2017 (button) collected ($0.26)
Seat 6: Span405 (small blind) folded before Flop
Seat 7: nardo0373 (big blind) folded before Flop
Seat 8: sixquart folded before Flop (didn't bet)
Seat 9: Dorex2007 folded before Flop (didn't bet)



PokerStars Hand #237447021728:  Hold'em No Limit ($0.02/$0.05 USD) - 2022/07/18 17:56:45 PT [2022/07/18 20:56:45 ET]
Table 'Kuiper III' 9-max Seat #6 is the button
Seat 1: Seco031 ($1.63 in chips) 
Seat 2: panKastus ($14.49 in chips) 
Seat 3: Jtc1931 ($5.39 in chips) 
Seat 4: VascoSerg ($5.12 in chips) 
Seat 5: HELTON2017 ($3.08 in chips) 
Seat 6: Span405 ($4.40 in chips) 
Seat 7: nardo0373 ($5.02 in chips) 
Seat 8: sixquart ($5.92 in chips) 
Seat 9: Dorex2007 ($5 in chips) 
nardo0373: posts small blind $0.02
sixquart: posts big blind $0.05
*** HOLE CARDS ***
Dealt to Dorex2007 [6s 7s]
Dorex2007: folds 
Seco031: folds 
panKastus: folds 
Jtc1931: folds 
VascoSerg: folds 
HELTON2017: folds 
Span405: folds 
nardo0373 has timed out
nardo0373: folds 
Uncalled bet ($0.03) returned to sixquart
sixquart collected $0.04 from pot
*** SUMMARY ***
Total pot $0.04 | Rake $0 
Seat 1: Seco031 folded before Flop (didn't bet)
Seat 2: panKastus folded before Flop (didn't bet)
Seat 3: Jtc1931 folded before Flop (didn't bet)
Seat 4: VascoSerg folded before Flop (didn't bet)
Seat 5: HELTON2017 folded before Flop (didn't bet)
Seat 6: Span405 (button) folded before Flop (didn't bet)
Seat 7: nardo0373 (small blind) folded before Flop
Seat 8: sixquart (big blind) collected ($0.04)
Seat 9: Dorex2007 folded before Flop (didn't bet)



PokerStars Hand #237447026427:  Hold'em No Limit ($0.02/$0.05 USD) - 2022/07/18 17:57:11 PT [2022/07/18 20:57:11 ET]
Table 'Kuiper III' 9-max Seat #7 is the button
Seat 1: Seco031 ($1.63 in chips) 
Seat 2: panKastus ($14.49 in chips) 
Seat 3: Jtc1931 ($5.39 in chips) 
Seat 4: VascoSerg ($5.12 in chips) 
Seat 5: HELTON2017 ($3.08 in chips) 
Seat 6: Span405 ($4.40 in chips) 
Seat 7: nardo0373 ($5 in chips) 
Seat 8: sixquart ($5.94 in chips) 
Seat 9: Dorex2007 ($5 in chips) 
sixquart: posts small blind $0.02
Dorex2007: posts big blind $0.05
*** HOLE CARDS ***
Dealt to Dorex2007 [Kc As]
Seco031: calls $0.05
panKastus: folds 
Jtc1931: folds 
VascoSerg: folds 
HELTON2017: calls $0.05
Span405: raises $0.20 to $0.25
nardo0373: folds 
nardo0373 leaves the table
sixquart: folds 
Dorex2007: calls $0.20
Seco031: folds 
tmek11 joins the table at seat #7 
HELTON2017: calls $0.20
*** FLOP *** [3c 4d Td]
Dorex2007: checks 
HELTON2017: bets $0.79
Span405: folds 
Dorex2007: folds 
Uncalled bet ($0.79) returned to HELTON2017
HELTON2017 collected $0.79 from pot
*** SUMMARY ***
Total pot $0.82 | Rake $0.03 
Board [3c 4d Td]
Seat 1: Seco031 folded before Flop
Seat 2: panKastus folded before Flop (didn't bet)
Seat 3: Jtc1931 folded before Flop (didn't bet)
Seat 4: VascoSerg folded before Flop (didn't bet)
Seat 5: HELTON2017 collected ($0.79)
Seat 6: Span405 folded on the Flop
Seat 7: nardo0373 (button) folded before Flop (didn't bet)
Seat 8: sixquart (small blind) folded before Flop
Seat 9: Dorex2007 (big blind) folded on the Flop



PokerStars Hand #237447034670:  Hold'em No Limit ($0.02/$0.05 USD) - 2022/07/18 17:57:56 PT [2022/07/18 20:57:56 ET]
Table 'Kuiper III' 9-max Seat #8 is the button
Seat 1: Seco031 ($1.58 in chips) 
Seat 2: panKastus ($14.49 in chips) 
Seat 3: Jtc1931 ($5.39 in chips) 
Seat 4: VascoSerg ($5.12 in chips) 
Seat 5: HELTON2017 ($3.62 in chips) 
Seat 6: Span405 ($4.15 in chips) 
Seat 8: sixquart ($5.92 in chips) 
Seat 9: Dorex2007 ($5 in chips) 
Dorex2007: posts small blind $0.02
Seco031: posts big blind $0.05
tmek11: sits out 
*** HOLE CARDS ***
Dealt to Dorex2007 [Jh 8h]
panKastus: folds 
Jtc1931: folds 
VascoSerg: folds 
HELTON2017: folds 
Span405: folds 
sixquart: folds 
Dorex2007: raises $0.05 to $0.10
Seco031: calls $0.05
*** FLOP *** [7h 6h Ts]
Dorex2007: bets $0.13
Seco031: calls $0.13
*** TURN *** [7h 6h Ts] [2d]
Dorex2007: bets $0.22
Seco031: calls $0.22
*** RIVER *** [7h 6h Ts 2d] [Ks]
Dorex2007: checks 
Seco031: checks 
*** SHOW DOWN ***
Dorex2007: shows [Jh 8h] (high card King)
Seco031: shows [Ah 6d] (a pair of Sixes)
Seco031 collected $0.86 from pot
*** SUMMARY ***
Total pot $0.90 | Rake $0.04 
Board [7h 6h Ts 2d Ks]
Seat 1: Seco031 (big blind) showed [Ah 6d] and won ($0.86) with a pair of Sixes
Seat 2: panKastus folded before Flop (didn't bet)
Seat 3: Jtc1931 folded before Flop (didn't bet)
Seat 4: VascoSerg folded before Flop (didn't bet)
Seat 5: HELTON2017 folded before Flop (didn't bet)
Seat 6: Span405 folded before Flop (didn't bet)
Seat 8: sixquart (button) folded before Flop (didn't bet)
Seat 9: Dorex2007 (small blind) showed [Jh 8h] and lost with high card King



PokerStars Hand #237447040401:  Hold'em No Limit ($0.02/$0.05 USD) - 2022/07/18 17:58:27 PT [2022/07/18 20:58:27 ET]
Table 'Kuiper III' 9-max Seat #9 is the button
Seat 1: Seco031 ($1.99 in chips) 
Seat 2: panKastus ($14.49 in chips) 
Seat 3: Jtc1931 ($5.39 in chips) 
Seat 4: VascoSerg ($5.12 in chips) 
Seat 5: HELTON2017 ($3.62 in chips) 
Seat 6: Span405 ($4.15 in chips) 
Seat 7: tmek11 ($5 in chips) 
Seat 8: sixquart ($5.92 in chips) 
Seat 9: Dorex2007 ($5 in chips) 
Seco031: posts small blind $0.02
panKastus: posts big blind $0.05
tmek11: posts big blind $0.05
*** HOLE CARDS ***
Dealt to Dorex2007 [8c 7h]
Jtc1931: folds 
VascoSerg: folds 
HELTON2017: raises $0.17 to $0.22
Span405: folds 
tmek11: calls $0.17
sixquart: folds 
Dorex2007: folds 
Seco031: folds 
panKastus: folds 
*** FLOP *** [Ks Ad 4s]
HELTON2017: bets $0.49
tmek11: calls $0.49
*** TURN *** [Ks Ad 4s] [Qd]
HELTON2017: checks 
tmek11: bets $0.71
HELTON2017: calls $0.71
*** RIVER *** [Ks Ad 4s Qd] [Ts]
HELTON2017: bets $2.20 and is all-in
tmek11: calls $2.20
*** SHOW DOWN ***
HELTON2017: shows [Jd Kh] (a straight, Ten to Ace)
tmek11: shows [5s 9s] (a flush, King high)
tmek11 collected $7.01 from pot
*** SUMMARY ***
Total pot $7.31 | Rake $0.30 
Board [Ks Ad 4s Qd Ts]
Seat 1: Seco031 (small blind) folded before Flop
Seat 2: panKastus (big blind) folded before Flop
Seat 3: Jtc1931 folded before Flop (didn't bet)
Seat 4: VascoSerg folded before Flop (didn't bet)
Seat 5: HELTON2017 showed [Jd Kh] and lost with a straight, Ten to Ace
Seat 6: Span405 folded before Flop (didn't bet)
Seat 7: tmek11 showed [5s 9s] and won ($7.01) with a flush, King high
Seat 8: sixquart folded before Flop (didn't bet)
Seat 9: Dorex2007 (button) folded before Flop (didn't bet)



PokerStars Hand #237447052135:  Hold'em No Limit ($0.02/$0.05 USD) - 2022/07/18 17:59:31 PT [2022/07/18 20:59:31 ET]
Table 'Kuiper III' 9-max Seat #1 is the button
Seat 1: Seco031 ($1.97 in chips) 
Seat 2: panKastus ($14.44 in chips) 
Seat 3: Jtc1931 ($5.39 in chips) 
Seat 4: VascoSerg ($5.12 in chips) 
Seat 6: Span405 ($4.15 in chips) 
Seat 7: tmek11 ($8.39 in chips) 
Seat 8: sixquart ($5.92 in chips) 
Seat 9: Dorex2007 ($5 in chips) 
panKastus: posts small blind $0.02
Jtc1931: posts big blind $0.05
*** HOLE CARDS ***
Dealt to Dorex2007 [As Ac]
VascoSerg: folds 
Span405: raises $0.10 to $0.15
tmek11: folds 
sixquart: calls $0.15
Dorex2007: raises $0.10 to $0.25
Seco031: folds 
panKastus: folds 
Jtc1931: folds 
Span405: calls $0.10
sixquart: calls $0.10
*** FLOP *** [2d Qh 5s]
Span405: checks 
sixquart: checks 
Dorex2007: bets $0.79
Span405: folds 
sixquart: calls $0.79
*** TURN *** [2d Qh 5s] [Qc]
sixquart: checks 
Dorex2007: bets $0.65
sixquart: raises $0.65 to $1.30
Dorex2007: folds 
Uncalled bet ($0.65) returned to sixquart
sixquart collected $3.55 from pot
*** SUMMARY ***
Total pot $3.70 | Rake $0.15 
Board [2d Qh 5s Qc]
Seat 1: Seco031 (button) folded before Flop (didn't bet)
Seat 2: panKastus (small blind) folded before Flop
Seat 3: Jtc1931 (big blind) folded before Flop
Seat 4: VascoSerg folded before Flop (didn't bet)
Seat 6: Span405 folded on the Flop
Seat 7: tmek11 folded before Flop (didn't bet)
Seat 8: sixquart collected ($3.55)
Seat 9: Dorex2007 folded on the Turn



PokerStars Hand #237447077054:  Hold'em No Limit ($0.02/$0.05 USD) - 2022/07/18 18:01:30 PT [2022/07/18 21:01:30 ET]
Table 'Kuiper III' 9-max Seat #2 is the button
Seat 1: Seco031 ($1.97 in chips) 
Seat 2: panKastus ($14.42 in chips) 
Seat 3: Jtc1931 ($5.34 in chips) 
Seat 4: VascoSerg ($5.12 in chips) 
Seat 5: HELTON2017 ($4 in chips) 
Seat 6: Span405 ($3.90 in chips) 
Seat 7: tmek11 ($8.39 in chips) 
Seat 8: sixquart ($7.78 in chips) 
Seat 9: Dorex2007 ($5 in chips) 
Jtc1931: posts small blind $0.02
VascoSerg: posts big blind $0.05
*** HOLE CARDS ***
Dealt to Dorex2007 [Kd Js]
HELTON2017: folds 
Span405: folds 
tmek11: folds 
sixquart: folds 
Dorex2007: calls $0.05
Seco031: calls $0.05
panKastus: folds 
Jtc1931: folds 
VascoSerg: raises $0.25 to $0.30
Dorex2007: folds 
Seco031: calls $0.25
*** FLOP *** [4c 9h 5c]
VascoSerg: bets $0.48
Seco031: folds 
Uncalled bet ($0.48) returned to VascoSerg
VascoSerg collected $0.64 from pot
*** SUMMARY ***
Total pot $0.67 | Rake $0.03 
Board [4c 9h 5c]
Seat 1: Seco031 folded on the Flop
Seat 2: panKastus (button) folded before Flop (didn't bet)
Seat 3: Jtc1931 (small blind) folded before Flop
Seat 4: VascoSerg (big blind) collected ($0.64)
Seat 5: HELTON2017 folded before Flop (didn't bet)
Seat 6: Span405 folded before Flop (didn't bet)
Seat 7: tmek11 folded before Flop (didn't bet)
Seat 8: sixquart folded before Flop (didn't bet)
Seat 9: Dorex2007 folded before Flop



PokerStars Hand #237447085631:  Hold'em No Limit ($0.02/$0.05 USD) - 2022/07/18 18:02:10 PT [2022/07/18 21:02:10 ET]
Table 'Kuiper III' 9-max Seat #3 is the button
Seat 1: Seco031 ($1.67 in chips) 
Seat 2: panKastus ($14.42 in chips) 
Seat 3: Jtc1931 ($5.32 in chips) 
Seat 4: VascoSerg ($5.46 in chips) 
Seat 5: HELTON2017 ($4 in chips) 
Seat 6: Span405 ($3.90 in chips) 
Seat 7: tmek11 ($8.39 in chips) 
Seat 8: sixquart ($7.78 in chips) 
Seat 9: Dorex2007 ($5 in chips) 
VascoSerg: posts small blind $0.02
HELTON2017: posts big blind $0.05
*** HOLE CARDS ***
Dealt to Dorex2007 [9c Ad]
Span405: folds 
tmek11: folds 
sixquart: folds 
Dorex2007: folds 
Seco031: calls $0.05
panKastus: folds 
Jtc1931: raises $0.15 to $0.20
VascoSerg: calls $0.18
HELTON2017: calls $0.15
Seco031: folds 
*** FLOP *** [2h Jh 4s]
VascoSerg: checks 
HELTON2017: bets $0.62
Jtc1931: folds 
VascoSerg: folds 
Uncalled bet ($0.62) returned to HELTON2017
HELTON2017 collected $0.62 from pot
*** SUMMARY ***
Total pot $0.65 | Rake $0.03 
Board [2h Jh 4s]
Seat 1: Seco031 folded before Flop
Seat 2: panKastus folded before Flop (didn't bet)
Seat 3: Jtc1931 (button) folded on the Flop
Seat 4: VascoSerg (small blind) folded on the Flop
Seat 5: HELTON2017 (big blind) collected ($0.62)
Seat 6: Span405 folded before Flop (didn't bet)
Seat 7: tmek11 folded before Flop (didn't bet)
Seat 8: sixquart folded before Flop (didn't bet)
Seat 9: Dorex2007 folded before Flop (didn't bet)



PokerStars Hand #237447098448:  Hold'em No Limit ($0.02/$0.05 USD) - 2022/07/18 18:02:58 PT [2022/07/18 21:02:58 ET]
Table 'Kuiper III' 9-max Seat #4 is the button
Seat 1: Seco031 ($1.62 in chips) 
Seat 2: panKastus ($14.42 in chips) 
Seat 3: Jtc1931 ($5.12 in chips) 
Seat 4: VascoSerg ($5.26 in chips) 
Seat 5: HELTON2017 ($4.42 in chips) 
Seat 6: Span405 ($3.90 in chips) 
Seat 7: tmek11 ($8.39 in chips) 
Seat 8: sixquart ($7.78 in chips) 
Seat 9: Dorex2007 ($5 in chips) 
HELTON2017: posts small blind $0.02
Span405: posts big blind $0.05
*** HOLE CARDS ***
Dealt to Dorex2007 [9h Ad]
tmek11: raises $0.10 to $0.15
sixquart: folds 
Dorex2007: folds 
Seco031: folds 
panKastus: folds 
Jtc1931: folds 
Jtc1931 leaves the table
VascoSerg: folds 
HELTON2017: folds 
Span405: folds 
Uncalled bet ($0.10) returned to tmek11
tmek11 collected $0.12 from pot
*** SUMMARY ***
Total pot $0.12 | Rake $0 
Seat 1: Seco031 folded before Flop (didn't bet)
Seat 2: panKastus folded before Flop (didn't bet)
Seat 3: Jtc1931 folded before Flop (didn't bet)
Seat 4: VascoSerg (button) folded before Flop (didn't bet)
Seat 5: HELTON2017 (small blind) folded before Flop
Seat 6: Span405 (big blind) folded before Flop
Seat 7: tmek11 collected ($0.12)
Seat 8: sixquart folded before Flop (didn't bet)
Seat 9: Dorex2007 folded before Flop (didn't bet)



PokerStars Hand #237447102195:  Hold'em No Limit ($0.02/$0.05 USD) - 2022/07/18 18:03:15 PT [2022/07/18 21:03:15 ET]
Table 'Kuiper III' 9-max Seat #5 is the button
Seat 1: Seco031 ($1.62 in chips) 
Seat 2: panKastus ($14.42 in chips) 
Seat 4: VascoSerg ($5.26 in chips) 
Seat 5: HELTON2017 ($4.40 in chips) 
Seat 6: Span405 ($3.85 in chips) 
Seat 7: tmek11 ($8.46 in chips) 
Seat 8: sixquart ($7.78 in chips) 
Seat 9: Dorex2007 ($5 in chips) 
Span405: posts small blind $0.02
tmek11: posts big blind $0.05
*** HOLE CARDS ***
Dealt to Dorex2007 [5d 3d]
sixquart: folds 
Dorex2007: folds 
Seco031: calls $0.05
panKastus: folds 
VascoSerg: calls $0.05
HELTON2017: folds 
Span405: folds 
tmek11: checks 
*** FLOP *** [Jh Tc Kh]
tmek11: checks 
Seco031: checks 
VascoSerg: bets $0.11
tmek11: folds 
Seco031: calls $0.11
*** TURN *** [Jh Tc Kh] [4d]
Seco031: checks 
VascoSerg: checks 
*** RIVER *** [Jh Tc Kh 4d] [Ac]
Seco031: checks 
dumebel joins the table at seat #3 
VascoSerg: bets $0.25
Seco031: calls $0.25
*** SHOW DOWN ***
VascoSerg: shows [Qc Th] (a straight, Ten to Ace)
Seco031: mucks hand 
VascoSerg collected $0.85 from pot
*** SUMMARY ***
Total pot $0.89 | Rake $0.04 
Board [Jh Tc Kh 4d Ac]
Seat 1: Seco031 mucked [Ad 5h]
Seat 2: panKastus folded before Flop (didn't bet)
Seat 4: VascoSerg showed [Qc Th] and won ($0.85) with a straight, Ten to Ace
Seat 5: HELTON2017 (button) folded before Flop (didn't bet)
Seat 6: Span405 (small blind) folded before Flop
Seat 7: tmek11 (big blind) folded on the Flop
Seat 8: sixquart folded before Flop (didn't bet)
Seat 9: Dorex2007 folded before Flop (didn't bet)



PokerStars Hand #237447116207:  Hold'em No Limit ($0.02/$0.05 USD) - 2022/07/18 18:04:20 PT [2022/07/18 21:04:20 ET]
Table 'Kuiper III' 9-max Seat #6 is the button
Seat 1: Seco031 ($1.21 in chips) 
Seat 2: panKastus ($14.42 in chips) 
Seat 4: VascoSerg ($5.70 in chips) 
Seat 5: HELTON2017 ($4.40 in chips) 
Seat 6: Span405 ($3.83 in chips) 
Seat 7: tmek11 ($8.41 in chips) 
Seat 8: sixquart ($7.78 in chips) 
Seat 9: Dorex2007 ($5 in chips) 
tmek11: posts small blind $0.02
sixquart: posts big blind $0.05
dumebel: sits out 
*** HOLE CARDS ***
Dealt to Dorex2007 [Jd 6s]
Dorex2007 has timed out
Dorex2007: folds 
Seco031: calls $0.05
panKastus: folds 
VascoSerg: folds 
HELTON2017: calls $0.05
Span405: folds 
tmek11: folds 
sixquart: raises $0.20 to $0.25
Seco031: folds 
HELTON2017: calls $0.20
*** FLOP *** [7s 8h Qc]
sixquart: bets $0.15
HELTON2017: folds 
Uncalled bet ($0.15) returned to sixquart
sixquart collected $0.55 from pot
*** SUMMARY ***
Total pot $0.57 | Rake $0.02 
Board [7s 8h Qc]
Seat 1: Seco031 folded before Flop
Seat 2: panKastus folded before Flop (didn't bet)
Seat 4: VascoSerg folded before Flop (didn't bet)
Seat 5: HELTON2017 folded on the Flop
Seat 6: Span405 (button) folded before Flop (didn't bet)
Seat 7: tmek11 (small blind) folded before Flop
Seat 8: sixquart (big blind) collected ($0.55)
Seat 9: Dorex2007 folded before Flop (didn't bet)



PokerStars Hand #237447126598:  Hold'em No Limit ($0.02/$0.05 USD) - 2022/07/18 18:05:08 PT [2022/07/18 21:05:08 ET]
Table 'Kuiper III' 9-max Seat #7 is the button
Seat 1: Seco031 ($1.16 in chips) 
Seat 2: panKastus ($14.42 in chips) 
Seat 3: dumebel ($4 in chips) 
Seat 4: VascoSerg ($5.70 in chips) 
Seat 5: HELTON2017 ($4.15 in chips) 
Seat 6: Span405 ($3.83 in chips) 
Seat 7: tmek11 ($8.39 in chips) 
Seat 8: sixquart ($8.08 in chips) 
Seat 9: Dorex2007 ($5 in chips) 
sixquart: posts small blind $0.02
Dorex2007: posts big blind $0.05
dumebel: posts big blind $0.05
*** HOLE CARDS ***
Dealt to Dorex2007 [6c 5c]
Seco031: folds 
panKastus: folds 
dumebel: raises $0.10 to $0.15
VascoSerg: folds 
HELTON2017: raises $0.10 to $0.25
Span405: folds 
tmek11: folds 
sixquart: calls $0.23
Dorex2007: folds 
dumebel: calls $0.10
*** FLOP *** [Jd Th Jc]
sixquart: bets $0.20
dumebel: raises $0.50 to $0.70
HELTON2017: folds 
sixquart: calls $0.50
*** TURN *** [Jd Th Jc] [3s]
sixquart: checks 
dumebel: checks 
*** RIVER *** [Jd Th Jc 3s] [Js]
sixquart: checks 
dumebel: bets $1.05
sixquart: folds 
Uncalled bet ($1.05) returned to dumebel
dumebel collected $2.11 from pot
*** SUMMARY ***
Total pot $2.20 | Rake $0.09 
Board [Jd Th Jc 3s Js]
Seat 1: Seco031 folded before Flop (didn't bet)
Seat 2: panKastus folded before Flop (didn't bet)
Seat 3: dumebel collected ($2.11)
Seat 4: VascoSerg folded before Flop (didn't bet)
Seat 5: HELTON2017 folded on the Flop
Seat 6: Span405 folded before Flop (didn't bet)
Seat 7: tmek11 (button) folded before Flop (didn't bet)
Seat 8: sixquart (small blind) folded on the River
Seat 9: Dorex2007 (big blind) folded before Flop



PokerStars Hand #237447152712:  Hold'em No Limit ($0.02/$0.05 USD) - 2022/07/18 18:06:27 PT [2022/07/18 21:06:27 ET]
Table 'Kuiper III' 9-max Seat #8 is the button
Seat 1: Seco031 ($1.16 in chips) 
Seat 2: panKastus ($14.42 in chips) 
Seat 3: dumebel ($5.16 in chips) 
Seat 4: VascoSerg ($5.70 in chips) 
Seat 5: HELTON2017 ($3.90 in chips) 
Seat 6: Span405 ($3.83 in chips) 
Seat 7: tmek11 ($8.39 in chips) 
Seat 8: sixquart ($7.13 in chips) 
Seat 9: Dorex2007 ($5 in chips) 
Dorex2007: posts small blind $0.02
Seco031: posts big blind $0.05
*** HOLE CARDS ***
Dealt to Dorex2007 [4s Kc]
panKastus: folds 
dumebel: raises $0.10 to $0.15
VascoSerg: folds 
HELTON2017: folds 
Span405: folds 
tmek11: calls $0.15
sixquart: folds 
Dorex2007: folds 
Seco031: calls $0.10
*** FLOP *** [2s 8h 9h]
Seco031: checks 
dumebel: checks 
tmek11: bets $0.45
Seco031: folds 
dumebel: folds 
Uncalled bet ($0.45) returned to tmek11
tmek11 collected $0.45 from pot
*** SUMMARY ***
Total pot $0.47 | Rake $0.02 
Board [2s 8h 9h]
Seat 1: Seco031 (big blind) folded on the Flop
Seat 2: panKastus folded before Flop (didn't bet)
Seat 3: dumebel folded on the Flop
Seat 4: VascoSerg folded before Flop (didn't bet)
Seat 5: HELTON2017 folded before Flop (didn't bet)
Seat 6: Span405 folded before Flop (didn't bet)
Seat 7: tmek11 collected ($0.45)
Seat 8: sixquart (button) folded before Flop (didn't bet)
Seat 9: Dorex2007 (small blind) folded before Flop



PokerStars Hand #237447161753:  Hold'em No Limit ($0.02/$0.05 USD) - 2022/07/18 18:07:09 PT [2022/07/18 21:07:09 ET]
Table 'Kuiper III' 9-max Seat #9 is the button
Seat 1: Seco031 ($1.01 in chips) 
Seat 2: panKastus ($14.42 in chips) 
Seat 3: dumebel ($5.01 in chips) 
Seat 4: VascoSerg ($5.70 in chips) 
Seat 5: HELTON2017 ($3.90 in chips) 
Seat 6: Span405 ($3.83 in chips) 
Seat 7: tmek11 ($8.69 in chips) 
Seat 8: sixquart ($7.13 in chips) 
Seat 9: Dorex2007 ($5 in chips) 
Seco031: posts small blind $0.02
panKastus: posts big blind $0.05
*** HOLE CARDS ***
Dealt to Dorex2007 [4d 8s]
dumebel: raises $0.10 to $0.15
VascoSerg: calls $0.15
HELTON2017: raises $0.10 to $0.25
Span405: folds 
tmek11: folds 
sixquart: folds 
Dorex2007: folds 
Seco031: folds 
panKastus: folds 
dumebel: calls $0.10
VascoSerg: calls $0.10
*** FLOP *** [3h Ah 2h]
dumebel: checks 
VascoSerg: checks 
HELTON2017: bets $0.79
dumebel: folds 
VascoSerg: folds 
Uncalled bet ($0.79) returned to HELTON2017
HELTON2017 collected $0.79 from pot
*** SUMMARY ***
Total pot $0.82 | Rake $0.03 
Board [3h Ah 2h]
Seat 1: Seco031 (small blind) folded before Flop
Seat 2: panKastus (big blind) folded before Flop
Seat 3: dumebel folded on the Flop
Seat 4: VascoSerg folded on the Flop
Seat 5: HELTON2017 collected ($0.79)
Seat 6: Span405 folded before Flop (didn't bet)
Seat 7: tmek11 folded before Flop (didn't bet)
Seat 8: sixquart folded before Flop (didn't bet)
Seat 9: Dorex2007 (button) folded before Flop (didn't bet)



PokerStars Hand #237447172054:  Hold'em No Limit ($0.02/$0.05 USD) - 2022/07/18 18:07:56 PT [2022/07/18 21:07:56 ET]
Table 'Kuiper III' 9-max Seat #1 is the button
Seat 1: Seco031 ($0.99 in chips) 
Seat 2: panKastus ($14.37 in chips) 
Seat 3: dumebel ($4.76 in chips) 
Seat 4: VascoSerg ($5.45 in chips) 
Seat 5: HELTON2017 ($4.44 in chips) 
Seat 6: Span405 ($3.83 in chips) 
Seat 7: tmek11 ($8.69 in chips) 
Seat 8: sixquart ($7.13 in chips) 
Seat 9: Dorex2007 ($5 in chips) 
panKastus: posts small blind $0.02
dumebel: posts big blind $0.05
*** HOLE CARDS ***
Dealt to Dorex2007 [3d 4s]
VascoSerg: folds 
HELTON2017: folds 
Span405: folds 
tmek11: folds 
sixquart: raises $0.10 to $0.15
Dorex2007: folds 
Seco031: folds 
panKastus: folds 
dumebel: calls $0.10
*** FLOP *** [Qs Qd Qc]
dumebel: checks 
sixquart: bets $0.15
dumebel: calls $0.15
*** TURN *** [Qs Qd Qc] [4d]
dumebel: checks 
sixquart: checks 
*** RIVER *** [Qs Qd Qc 4d] [5h]
dumebel: bets $0.29
sixquart: raises $0.59 to $0.88
dumebel: folds 
Uncalled bet ($0.59) returned to sixquart
sixquart collected $1.15 from pot
*** SUMMARY ***
Total pot $1.20 | Rake $0.05 
Board [Qs Qd Qc 4d 5h]
Seat 1: Seco031 (button) folded before Flop (didn't bet)
Seat 2: panKastus (small blind) folded before Flop
Seat 3: dumebel (big blind) folded on the River
Seat 4: VascoSerg folded before Flop (didn't bet)
Seat 5: HELTON2017 folded before Flop (didn't bet)
Seat 6: Span405 folded before Flop (didn't bet)
Seat 7: tmek11 folded before Flop (didn't bet)
Seat 8: sixquart collected ($1.15)
Seat 9: Dorex2007 folded before Flop (didn't bet)



PokerStars Hand #237447187764:  Hold'em No Limit ($0.02/$0.05 USD) - 2022/07/18 18:08:43 PT [2022/07/18 21:08:43 ET]
Table 'Kuiper III' 9-max Seat #2 is the button
Seat 1: Seco031 ($0.99 in chips) 
Seat 2: panKastus ($14.35 in chips) 
Seat 3: dumebel ($4.17 in chips) 
Seat 4: VascoSerg ($5.45 in chips) 
Seat 5: HELTON2017 ($4.44 in chips) 
Seat 6: Span405 ($3.83 in chips) 
Seat 7: tmek11 ($8.69 in chips) 
Seat 8: sixquart ($7.69 in chips) 
Seat 9: Dorex2007 ($5 in chips) 
dumebel: posts small blind $0.02
VascoSerg: posts big blind $0.05
*** HOLE CARDS ***
Dealt to Dorex2007 [3c 7d]
HELTON2017: folds 
Span405: folds 
tmek11: folds 
sixquart: folds 
Dorex2007: folds 
Seco031: raises $0.10 to $0.15
panKastus: folds 
dumebel: folds 
VascoSerg: folds 
Uncalled bet ($0.10) returned to Seco031
Seco031 collected $0.12 from pot
*** SUMMARY ***
Total pot $0.12 | Rake $0 
Seat 1: Seco031 collected ($0.12)
Seat 2: panKastus (button) folded before Flop (didn't bet)
Seat 3: dumebel (small blind) folded before Flop
Seat 4: VascoSerg (big blind) folded before Flop
Seat 5: HELTON2017 folded before Flop (didn't bet)
Seat 6: Span405 folded before Flop (didn't bet)
Seat 7: tmek11 folded before Flop (didn't bet)
Seat 8: sixquart folded before Flop (didn't bet)
Seat 9: Dorex2007 folded before Flop (didn't bet)



PokerStars Hand #237447192302:  Hold'em No Limit ($0.02/$0.05 USD) - 2022/07/18 18:09:03 PT [2022/07/18 21:09:03 ET]
Table 'Kuiper III' 9-max Seat #3 is the button
Seat 1: Seco031 ($1.06 in chips) 
Seat 2: panKastus ($14.35 in chips) 
Seat 3: dumebel ($4.15 in chips) 
Seat 4: VascoSerg ($5.40 in chips) 
Seat 5: HELTON2017 ($4.44 in chips) 
Seat 6: Span405 ($3.83 in chips) 
Seat 7: tmek11 ($8.69 in chips) 
Seat 8: sixquart ($7.69 in chips) 
Seat 9: Dorex2007 ($5 in chips) 
VascoSerg: posts small blind $0.02
HELTON2017: posts big blind $0.05
*** HOLE CARDS ***
Dealt to Dorex2007 [3h 6d]
Span405: folds 
tmek11: raises $0.10 to $0.15
sixquart: folds 
Dorex2007: folds 
Seco031: folds 
panKastus: folds 
dumebel: folds 
VascoSerg: folds 
HELTON2017: folds 
Uncalled bet ($0.10) returned to tmek11
tmek11 collected $0.12 from pot
*** SUMMARY ***
Total pot $0.12 | Rake $0 
Seat 1: Seco031 folded before Flop (didn't bet)
Seat 2: panKastus folded before Flop (didn't bet)
Seat 3: dumebel (button) folded before Flop (didn't bet)
Seat 4: VascoSerg (small blind) folded before Flop
Seat 5: HELTON2017 (big blind) folded before Flop
Seat 6: Span405 folded before Flop (didn't bet)
Seat 7: tmek11 collected ($0.12)
Seat 8: sixquart folded before Flop (didn't bet)
Seat 9: Dorex2007 folded before Flop (didn't bet)



PokerStars Hand #237447199724:  Hold'em No Limit ($0.02/$0.05 USD) - 2022/07/18 18:09:38 PT [2022/07/18 21:09:38 ET]
Table 'Kuiper III' 9-max Seat #4 is the button
Seat 1: Seco031 ($1.06 in chips) 
Seat 2: panKastus ($14.35 in chips) 
Seat 3: dumebel ($4.15 in chips) 
Seat 4: VascoSerg ($5.38 in chips) 
Seat 5: HELTON2017 ($4.39 in chips) 
Seat 6: Span405 ($3.83 in chips) 
Seat 7: tmek11 ($8.76 in chips) 
Seat 8: sixquart ($7.69 in chips) 
Seat 9: Dorex2007 ($5 in chips) 
HELTON2017: posts small blind $0.02
Span405: posts big blind $0.05
*** HOLE CARDS ***
Dealt to Dorex2007 [6c 7s]
tmek11: raises $0.10 to $0.15
sixquart: folds 
Dorex2007 has timed out
Dorex2007: folds 
Seco031: calls $0.15
panKastus: folds 
dumebel: folds 
VascoSerg: folds 
HELTON2017: folds 
Span405: calls $0.10
*** FLOP *** [Qc Qs 2d]
Span405: checks 
tmek11: checks 
Seco031: checks 
*** TURN *** [Qc Qs 2d] [2c]
Span405: checks 
tmek11: checks 
Seco031: checks 
*** RIVER *** [Qc Qs 2d 2c] [Qd]
Span405: checks 
tmek11: bets $0.45
Seco031: calls $0.45
Span405: folds 
*** SHOW DOWN ***
tmek11: shows [8d Jd] (a full house, Queens full of Deuces)
Seco031: shows [Jc Ad] (a full house, Queens full of Deuces)
tmek11 collected $0.66 from pot
Seco031 collected $0.65 from pot
*** SUMMARY ***
Total pot $1.37 | Rake $0.06 
Board [Qc Qs 2d 2c Qd]
Seat 1: Seco031 showed [Jc Ad] and won ($0.65) with a full house, Queens full of Deuces
Seat 2: panKastus folded before Flop (didn't bet)
Seat 3: dumebel folded before Flop (didn't bet)
Seat 4: VascoSerg (button) folded before Flop (didn't bet)
Seat 5: HELTON2017 (small blind) folded before Flop
Seat 6: Span405 (big blind) folded on the River
Seat 7: tmek11 showed [8d Jd] and won ($0.66) with a full house, Queens full of Deuces
Seat 8: sixquart folded before Flop (didn't bet)
Seat 9: Dorex2007 folded before Flop (didn't bet)



PokerStars Hand #237447218863:  Hold'em No Limit ($0.02/$0.05 USD) - 2022/07/18 18:11:01 PT [2022/07/18 21:11:01 ET]
Table 'Kuiper III' 9-max Seat #5 is the button
Seat 1: Seco031 ($1.11 in chips) 
Seat 2: panKastus ($14.35 in chips) 
Seat 3: dumebel ($4.15 in chips) 
Seat 4: VascoSerg ($5.38 in chips) 
Seat 5: HELTON2017 ($4.37 in chips) 
Seat 6: Span405 ($3.68 in chips) 
Seat 7: tmek11 ($8.82 in chips) 
Seat 8: sixquart ($7.69 in chips) 
Seat 9: Dorex2007 ($5 in chips) 
Span405: posts small blind $0.02
tmek11: posts big blind $0.05
*** HOLE CARDS ***
Dealt to Dorex2007 [9c 2h]
sixquart: folds 
Dorex2007: folds 
Seco031: calls $0.05
panKastus: folds 
dumebel: folds 
VascoSerg: folds 
HELTON2017: raises $0.05 to $0.10
Span405: folds 
tmek11: calls $0.05
Seco031: calls $0.05
*** FLOP *** [2d 2s Ad]
tmek11: checks 
Seco031: checks 
HELTON2017: bets $0.31
tmek11: calls $0.31
Seco031: folds 
*** TURN *** [2d 2s Ad] [6h]
tmek11: checks 
HELTON2017: bets $0.05
tmek11: calls $0.05
*** RIVER *** [2d 2s Ad 6h] [3c]
tmek11: checks 
HELTON2017: bets $0.05
tmek11: calls $0.05
*** SHOW DOWN ***
HELTON2017: shows [Js 3s] (two pair, Threes and Deuces)
tmek11: shows [7h As] (two pair, Aces and Deuces)
tmek11 collected $1.09 from pot
*** SUMMARY ***
Total pot $1.14 | Rake $0.05 
Board [2d 2s Ad 6h 3c]
Seat 1: Seco031 folded on the Flop
Seat 2: panKastus folded before Flop (didn't bet)
Seat 3: dumebel folded before Flop (didn't bet)
Seat 4: VascoSerg folded before Flop (didn't bet)
Seat 5: HELTON2017 (button) showed [Js 3s] and lost with two pair, Threes and Deuces
Seat 6: Span405 (small blind) folded before Flop
Seat 7: tmek11 (big blind) showed [7h As] and won ($1.09) with two pair, Aces and Deuces
Seat 8: sixquart folded before Flop (didn't bet)
Seat 9: Dorex2007 folded before Flop (didn't bet)



PokerStars Hand #237447230664:  Hold'em No Limit ($0.02/$0.05 USD) - 2022/07/18 18:11:56 PT [2022/07/18 21:11:56 ET]
Table 'Kuiper III' 9-max Seat #6 is the button
Seat 1: Seco031 ($1.01 in chips) 
Seat 2: panKastus ($14.35 in chips) 
Seat 3: dumebel ($4.15 in chips) 
Seat 4: VascoSerg ($5.38 in chips) 
Seat 5: HELTON2017 ($3.86 in chips) 
Seat 6: Span405 ($3.66 in chips) 
Seat 7: tmek11 ($9.40 in chips) 
Seat 8: sixquart ($7.69 in chips) 
Seat 9: Dorex2007 ($5 in chips) 
tmek11: posts small blind $0.02
sixquart: posts big blind $0.05
*** HOLE CARDS ***
Dealt to Dorex2007 [Ah 9c]
Dorex2007: folds 
Seco031: folds 
panKastus: folds 
dumebel: raises $0.10 to $0.15
VascoSerg: folds 
HELTON2017: raises $0.10 to $0.25
Span405: folds 
tmek11: calls $0.23
sixquart: folds 
dumebel: raises $3.80 to $4.05
HELTON2017: calls $3.61 and is all-in
tmek11: calls $3.80
*** FLOP *** [4s Tc 2d]
tmek11: checks 
dumebel: bets $0.10 and is all-in
tmek11: calls $0.10
*** TURN *** [4s Tc 2d] [4h]
*** RIVER *** [4s Tc 2d 4h] [Qc]
*** SHOW DOWN ***
tmek11: shows [8d 8s] (two pair, Eights and Fours)
dumebel: shows [Qh Ac] (two pair, Queens and Fours)
HELTON2017: shows [Ts As] (two pair, Tens and Fours)
dumebel cashed out the hand for $1.66 | Cash Out Fee $0.02
*** SUMMARY ***
Total pot $12.21 Main pot $11.15. Side pot $0.55. | Rake $0.51 
Board [4s Tc 2d 4h Qc]
Seat 1: Seco031 folded before Flop (didn't bet)
Seat 2: panKastus folded before Flop (didn't bet)
Seat 3: dumebel showed [Qh Ac] and won ($11.70) with two pair, Queens and Fours (pot not awarded as player cashed out)
Seat 4: VascoSerg folded before Flop (didn't bet)
Seat 5: HELTON2017 showed [Ts As] and lost with two pair, Tens and Fours
Seat 6: Span405 (button) folded before Flop (didn't bet)
Seat 7: tmek11 (small blind) showed [8d 8s] and lost with two pair, Eights and Fours
Seat 8: sixquart (big blind) folded before Flop
Seat 9: Dorex2007 folded before Flop (didn't bet)



PokerStars Hand #237447242023:  Hold'em No Limit ($0.02/$0.05 USD) - 2022/07/18 18:12:48 PT [2022/07/18 21:12:48 ET]
Table 'Kuiper III' 9-max Seat #7 is the button
Seat 1: Seco031 ($1.01 in chips) 
Seat 2: panKastus ($14.35 in chips) 
Seat 3: dumebel ($1.66 in chips) 
Seat 4: VascoSerg ($5.38 in chips) 
Seat 6: Span405 ($3.66 in chips) 
Seat 7: tmek11 ($5.25 in chips) 
Seat 8: sixquart ($7.64 in chips) 
Seat 9: Dorex2007 ($5 in chips) 
sixquart: posts small blind $0.02
Dorex2007: posts big blind $0.05
*** HOLE CARDS ***
Dealt to Dorex2007 [Js 8c]
Seco031: folds 
panKastus: folds 
dumebel has timed out
dumebel: folds 
VascoSerg: folds 
HELTON2017 is disconnected 
Span405: raises $0.10 to $0.15
tmek11: calls $0.15
sixquart: folds 
Dorex2007: folds 
*** FLOP *** [7d 6c 3h]
Span405: checks 
tmek11: bets $0.17
Span405: calls $0.17
*** TURN *** [7d 6c 3h] [4s]
Span405: checks 
tmek11: bets $0.34
Span405: folds 
Uncalled bet ($0.34) returned to tmek11
tmek11 collected $0.68 from pot
*** SUMMARY ***
Total pot $0.71 | Rake $0.03 
Board [7d 6c 3h 4s]
Seat 1: Seco031 folded before Flop (didn't bet)
Seat 2: panKastus folded before Flop (didn't bet)
Seat 3: dumebel folded before Flop (didn't bet)
Seat 4: VascoSerg folded before Flop (didn't bet)
Seat 6: Span405 folded on the Turn
Seat 7: tmek11 (button) collected ($0.68)
Seat 8: sixquart (small blind) folded before Flop
Seat 9: Dorex2007 (big blind) folded before Flop



PokerStars Hand #237447260466:  Hold'em No Limit ($0.02/$0.05 USD) - 2022/07/18 18:13:53 PT [2022/07/18 21:13:53 ET]
Table 'Kuiper III' 9-max Seat #8 is the button
Seat 1: Seco031 ($1.01 in chips) 
Seat 2: panKastus ($14.35 in chips) 
Seat 3: dumebel ($1.66 in chips) 
Seat 4: VascoSerg ($5.38 in chips) 
Seat 6: Span405 ($3.34 in chips) 
Seat 7: tmek11 ($5.61 in chips) 
Seat 8: sixquart ($7.62 in chips) 
Seat 9: Dorex2007 ($5 in chips) 
Dorex2007: posts small blind $0.02
Seco031: posts big blind $0.05
*** HOLE CARDS ***
Dealt to Dorex2007 [8c 7d]
panKastus: raises $0.05 to $0.10
dumebel: folds 
VascoSerg: folds 
Span405: folds 
tmek11: raises $0.05 to $0.15
sixquart: calls $0.15
Dorex2007: folds 
Seco031: calls $0.10
panKastus: calls $0.05
*** FLOP *** [7h 6s 5s]
Seco031: checks 
panKastus: checks 
tmek11: bets $0.29
sixquart: folds 
Seco031: folds 
panKastus: calls $0.29
*** TURN *** [7h 6s 5s] [9h]
panKastus: checks 
tmek11: bets $0.57
panKastus: folds 
Uncalled bet ($0.57) returned to tmek11
tmek11 collected $1.15 from pot
*** SUMMARY ***
Total pot $1.20 | Rake $0.05 
Board [7h 6s 5s 9h]
Seat 1: Seco031 (big blind) folded on the Flop
Seat 2: panKastus folded on the Turn
Seat 3: dumebel folded before Flop (didn't bet)
Seat 4: VascoSerg folded before Flop (didn't bet)
Seat 6: Span405 folded before Flop (didn't bet)
Seat 7: tmek11 collected ($1.15)
Seat 8: sixquart (button) folded on the Flop
Seat 9: Dorex2007 (small blind) folded before Flop



PokerStars Hand #237447270158:  Hold'em No Limit ($0.02/$0.05 USD) - 2022/07/18 18:14:39 PT [2022/07/18 21:14:39 ET]
Table 'Kuiper III' 9-max Seat #9 is the button
Seat 1: Seco031 ($0.86 in chips) 
Seat 2: panKastus ($13.91 in chips) 
Seat 3: dumebel ($1.66 in chips) 
Seat 4: VascoSerg ($5.38 in chips) 
Seat 6: Span405 ($3.34 in chips) 
Seat 7: tmek11 ($6.32 in chips) 
Seat 8: sixquart ($7.47 in chips) 
Seat 9: Dorex2007 ($5 in chips) 
Seco031: posts small blind $0.02
panKastus: posts big blind $0.05
*** HOLE CARDS ***
Dealt to Dorex2007 [7h 6c]
dumebel: raises $0.10 to $0.15
VascoSerg: folds 
Span405: folds 
tmek11: calls $0.15
sixquart: raises $0.30 to $0.45
Dorex2007: folds 
Seco031: calls $0.43
panKastus: folds 
dumebel: calls $0.30
tmek11: folds 
*** FLOP *** [5s 7s 4h]
Seco031: checks 
dumebel: bets $1.21 and is all-in
sixquart: calls $1.21
Seco031: folds 
*** TURN *** [5s 7s 4h] [Kc]
*** RIVER *** [5s 7s 4h Kc] [3c]
*** SHOW DOWN ***
dumebel: shows [Jh Kh] (a pair of Kings)
sixquart: shows [Qs Qh] (a pair of Queens)
dumebel collected $3.81 from pot
sixquart cashed out the hand for $3.13 | Cash Out Fee $0.03
*** SUMMARY ***
Total pot $3.97 | Rake $0.16 
Board [5s 7s 4h Kc 3c]
Seat 1: Seco031 (small blind) folded on the Flop
Seat 2: panKastus (big blind) folded before Flop
Seat 3: dumebel showed [Jh Kh] and won ($3.81) with a pair of Kings
Seat 4: VascoSerg folded before Flop (didn't bet)
Seat 6: Span405 folded before Flop (didn't bet)
Seat 7: tmek11 folded before Flop
Seat 8: sixquart showed [Qs Qh] and lost with a pair of Queens (cashed out).
Seat 9: Dorex2007 (button) folded before Flop (didn't bet)



PokerStars Hand #237447282560:  Hold'em No Limit ($0.02/$0.05 USD) - 2022/07/18 18:15:37 PT [2022/07/18 21:15:37 ET]
Table 'Kuiper III' 9-max Seat #1 is the button
Seat 1: Seco031 ($0.41 in chips) 
Seat 2: panKastus ($13.86 in chips) 
Seat 3: dumebel ($3.81 in chips) 
Seat 4: VascoSerg ($5.38 in chips) 
Seat 6: Span405 ($3.34 in chips) 
Seat 7: tmek11 ($6.17 in chips) 
Seat 8: sixquart ($8.94 in chips) 
Seat 9: Dorex2007 ($5 in chips) 
panKastus: posts small blind $0.02
dumebel: posts big blind $0.05
*** HOLE CARDS ***
Dealt to Dorex2007 [7s Th]
VascoSerg: folds 
Span405: raises $0.10 to $0.15
tmek11: folds 
sixquart: folds 
Dorex2007: folds 
Seco031: folds 
panKastus: folds 
dumebel: folds 
Uncalled bet ($0.10) returned to Span405
Span405 collected $0.12 from pot
*** SUMMARY ***
Total pot $0.12 | Rake $0 
Seat 1: Seco031 (button) folded before Flop (didn't bet)
Seat 2: panKastus (small blind) folded before Flop
Seat 3: dumebel (big blind) folded before Flop
Seat 4: VascoSerg folded before Flop (didn't bet)
Seat 6: Span405 collected ($0.12)
Seat 7: tmek11 folded before Flop (didn't bet)
Seat 8: sixquart folded before Flop (didn't bet)
Seat 9: Dorex2007 folded before Flop (didn't bet)



PokerStars Hand #237447287526:  Hold'em No Limit ($0.02/$0.05 USD) - 2022/07/18 18:16:00 PT [2022/07/18 21:16:00 ET]
Table 'Kuiper III' 9-max Seat #2 is the button
Seat 1: Seco031 ($0.41 in chips) 
Seat 2: panKastus ($13.84 in chips) 
Seat 3: dumebel ($3.76 in chips) 
Seat 4: VascoSerg ($5.38 in chips) 
Seat 6: Span405 ($3.41 in chips) 
Seat 7: tmek11 ($6.17 in chips) 
Seat 8: sixquart ($8.94 in chips) 
Seat 9: Dorex2007 ($5 in chips) 
dumebel: posts small blind $0.02
VascoSerg: posts big blind $0.05
*** HOLE CARDS ***
Dealt to Dorex2007 [2h 3s]
Span405: raises $0.10 to $0.15
tmek11: calls $0.15
sixquart: calls $0.15
Dorex2007: folds 
Seco031: raises $0.26 to $0.41 and is all-in
panKastus: folds 
dumebel: raises $3.35 to $3.76 and is all-in
VascoSerg: folds 
Span405: folds 
tmek11: folds 
sixquart: folds 
Uncalled bet ($3.35) returned to dumebel
*** FLOP *** [4s 9d 2c]
*** TURN *** [4s 9d 2c] [6s]
*** RIVER *** [4s 9d 2c 6s] [Qs]
*** SHOW DOWN ***
dumebel: shows [5h Ah] (high card Ace)
Seco031: shows [Td Qh] (a pair of Queens)
Seco031 collected $1.27 from pot
*** SUMMARY ***
Total pot $1.32 | Rake $0.05 
Board [4s 9d 2c 6s Qs]
Seat 1: Seco031 showed [Td Qh] and won ($1.27) with a pair of Queens
Seat 2: panKastus (button) folded before Flop (didn't bet)
Seat 3: dumebel (small blind) showed [5h Ah] and lost with high card Ace
Seat 4: VascoSerg (big blind) folded before Flop
Seat 6: Span405 folded before Flop
Seat 7: tmek11 folded before Flop
Seat 8: sixquart folded before Flop
Seat 9: Dorex2007 folded before Flop (didn't bet)



PokerStars Hand #237447297708:  Hold'em No Limit ($0.02/$0.05 USD) - 2022/07/18 18:16:49 PT [2022/07/18 21:16:49 ET]
Table 'Kuiper III' 9-max Seat #3 is the button
Seat 1: Seco031 ($1.27 in chips) 
Seat 2: panKastus ($13.84 in chips) 
Seat 3: dumebel ($3.35 in chips) 
Seat 4: VascoSerg ($5.33 in chips) 
Seat 6: Span405 ($3.26 in chips) 
Seat 7: tmek11 ($6.02 in chips) 
Seat 8: sixquart ($8.79 in chips) 
Seat 9: Dorex2007 ($5 in chips) 
VascoSerg: posts small blind $0.02
Span405: posts big blind $0.05
*** HOLE CARDS ***
Dealt to Dorex2007 [8s Ad]
tmek11: folds 
sixquart: folds 
Dorex2007: folds 
Seco031: folds 
panKastus: folds 
dumebel: folds 
VascoSerg: folds 
Uncalled bet ($0.03) returned to Span405
Span405 collected $0.04 from pot
*** SUMMARY ***
Total pot $0.04 | Rake $0 
Seat 1: Seco031 folded before Flop (didn't bet)
Seat 2: panKastus folded before Flop (didn't bet)
Seat 3: dumebel (button) folded before Flop (didn't bet)
Seat 4: VascoSerg (small blind) folded before Flop
Seat 6: Span405 (big blind) collected ($0.04)
Seat 7: tmek11 folded before Flop (didn't bet)
Seat 8: sixquart folded before Flop (didn't bet)
Seat 9: Dorex2007 folded before Flop (didn't bet)



PokerStars Hand #237447302031:  Hold'em No Limit ($0.02/$0.05 USD) - 2022/07/18 18:17:09 PT [2022/07/18 21:17:09 ET]
Table 'Kuiper III' 9-max Seat #4 is the button
Seat 1: Seco031 ($1.27 in chips) 
Seat 2: panKastus ($13.84 in chips) 
Seat 3: dumebel ($3.35 in chips) 
Seat 4: VascoSerg ($5.31 in chips) 
Seat 6: Span405 ($3.28 in chips) 
Seat 7: tmek11 ($6.02 in chips) 
Seat 8: sixquart ($8.79 in chips) 
Seat 9: Dorex2007 ($5 in chips) 
Span405: posts small blind $0.02
tmek11: posts big blind $0.05
*** HOLE CARDS ***
Dealt to Dorex2007 [8s 4s]
sixquart: folds 
Dorex2007: folds 
Seco031: calls $0.05
panKastus: folds 
dumebel: folds 
VascoSerg: folds 
Span405: raises $0.15 to $0.20
tmek11: calls $0.15
Seco031: folds 
*** FLOP *** [9s 6h Tc]
Span405: checks 
tmek11: bets $0.21
Span405: calls $0.21
*** TURN *** [9s 6h Tc] [3c]
Span405: checks 
tmek11: bets $0.83
Span405: folds 
Uncalled bet ($0.83) returned to tmek11
tmek11 collected $0.83 from pot
*** SUMMARY ***
Total pot $0.87 | Rake $0.04 
Board [9s 6h Tc 3c]
Seat 1: Seco031 folded before Flop
Seat 2: panKastus folded before Flop (didn't bet)
Seat 3: dumebel folded before Flop (didn't bet)
Seat 4: VascoSerg (button) folded before Flop (didn't bet)
Seat 6: Span405 (small blind) folded on the Turn
Seat 7: tmek11 (big blind) collected ($0.83)
Seat 8: sixquart folded before Flop (didn't bet)
Seat 9: Dorex2007 folded before Flop (didn't bet)



PokerStars Hand #237447315408:  Hold'em No Limit ($0.02/$0.05 USD) - 2022/07/18 18:18:12 PT [2022/07/18 21:18:12 ET]
Table 'Kuiper III' 9-max Seat #6 is the button
Seat 1: Seco031 ($1.22 in chips) 
Seat 2: panKastus ($13.84 in chips) 
Seat 3: dumebel ($3.35 in chips) 
Seat 4: VascoSerg ($5.31 in chips) 
Seat 6: Span405 ($2.87 in chips) 
Seat 7: tmek11 ($6.44 in chips) 
Seat 8: sixquart ($8.79 in chips) 
Seat 9: Dorex2007 ($5 in chips) 
tmek11: posts small blind $0.02
sixquart: posts big blind $0.05
*** HOLE CARDS ***
Dealt to Dorex2007 [3c 2d]
Dorex2007: folds 
Seco031: calls $0.05
panKastus: folds 
dumebel: folds 
VascoSerg: folds 
Span405: raises $0.15 to $0.20
tmek11: folds 
sixquart: folds 
Seco031: calls $0.15
*** FLOP *** [4s 4d 2c]
Seco031: checks 
Span405: checks 
*** TURN *** [4s 4d 2c] [Jh]
Seco031: bets $1.02 and is all-in
Span405: folds 
Uncalled bet ($1.02) returned to Seco031
Seco031 collected $0.45 from pot
*** SUMMARY ***
Total pot $0.47 | Rake $0.02 
Board [4s 4d 2c Jh]
Seat 1: Seco031 collected ($0.45)
Seat 2: panKastus folded before Flop (didn't bet)
Seat 3: dumebel folded before Flop (didn't bet)
Seat 4: VascoSerg folded before Flop (didn't bet)
Seat 6: Span405 (button) folded on the Turn
Seat 7: tmek11 (small blind) folded before Flop
Seat 8: sixquart (big blind) folded before Flop
Seat 9: Dorex2007 folded before Flop (didn't bet)



PokerStars Hand #237447335019:  Hold'em No Limit ($0.02/$0.05 USD) - 2022/07/18 18:19:12 PT [2022/07/18 21:19:12 ET]
Table 'Kuiper III' 9-max Seat #7 is the button
Seat 1: Seco031 ($1.47 in chips) 
Seat 2: panKastus ($13.84 in chips) 
Seat 3: dumebel ($3.35 in chips) 
Seat 4: VascoSerg ($5.31 in chips) 
Seat 6: Span405 ($2.67 in chips) 
Seat 7: tmek11 ($6.42 in chips) 
Seat 8: sixquart ($8.74 in chips) 
Seat 9: Dorex2007 ($5 in chips) 
sixquart: posts small blind $0.02
Dorex2007: posts big blind $0.05
*** HOLE CARDS ***
Dealt to Dorex2007 [9c 3h]
Seco031: calls $0.05
panKastus: folds 
dumebel: folds 
VascoSerg: folds 
Span405: folds 
tmek11: raises $0.10 to $0.15
sixquart: folds 
Dorex2007: folds 
Seco031: calls $0.10
*** FLOP *** [4c 9s Js]
Span405 leaves the table
Seco031: checks 
tmek11: bets $0.35
Seco031: calls $0.35
*** TURN *** [4c 9s Js] [2s]
Seco031: checks 
tmek11: bets $0.51
Seco031: folds 
Uncalled bet ($0.51) returned to tmek11
tmek11 collected $1.03 from pot
*** SUMMARY ***
Total pot $1.07 | Rake $0.04 
Board [4c 9s Js 2s]
Seat 1: Seco031 folded on the Turn
Seat 2: panKastus folded before Flop (didn't bet)
Seat 3: dumebel folded before Flop (didn't bet)
Seat 4: VascoSerg folded before Flop (didn't bet)
Seat 6: Span405 folded before Flop (didn't bet)
Seat 7: tmek11 (button) collected ($1.03)
Seat 8: sixquart (small blind) folded before Flop
Seat 9: Dorex2007 (big blind) folded before Flop



PokerStars Hand #237447345847:  Hold'em No Limit ($0.02/$0.05 USD) - 2022/07/18 18:20:03 PT [2022/07/18 21:20:03 ET]
Table 'Kuiper III' 9-max Seat #8 is the button
Seat 1: Seco031 ($0.97 in chips) 
Seat 2: panKastus ($13.84 in chips) 
Seat 3: dumebel ($3.35 in chips) 
Seat 4: VascoSerg ($5.31 in chips) 
Seat 7: tmek11 ($6.95 in chips) 
Seat 8: sixquart ($8.72 in chips) 
Seat 9: Dorex2007 ($5 in chips) 
Dorex2007: posts small blind $0.02
Seco031: posts big blind $0.05
*** HOLE CARDS ***
Dealt to Dorex2007 [Jh Qs]
panKastus: folds 
dumebel: folds 
VascoSerg: folds 
tutanpoker joins the table at seat #6 
tmek11: raises $0.10 to $0.15
sixquart: folds 
Dorex2007: folds 
Seco031: calls $0.10
*** FLOP *** [8d Qd Td]
Seco031: checks 
tmek11: bets $0.15
Seco031: calls $0.15
*** TURN *** [8d Qd Td] [Ac]
Seco031: checks 
tmek11: checks 
*** RIVER *** [8d Qd Td Ac] [3d]
Seco031: checks 
tmek11: checks 
*** SHOW DOWN ***
Seco031: shows [As Qh] (two pair, Aces and Queens)
tmek11: mucks hand 
Seco031 collected $0.59 from pot
*** SUMMARY ***
Total pot $0.62 | Rake $0.03 
Board [8d Qd Td Ac 3d]
Seat 1: Seco031 (big blind) showed [As Qh] and won ($0.59) with two pair, Aces and Queens
Seat 2: panKastus folded before Flop (didn't bet)
Seat 3: dumebel folded before Flop (didn't bet)
Seat 4: VascoSerg folded before Flop (didn't bet)
Seat 7: tmek11 mucked [8h 7h]
Seat 8: sixquart (button) folded before Flop (didn't bet)
Seat 9: Dorex2007 (small blind) folded before Flop



PokerStars Hand #237447354600:  Hold'em No Limit ($0.02/$0.05 USD) - 2022/07/18 18:20:44 PT [2022/07/18 21:20:44 ET]
Table 'Kuiper III' 9-max Seat #9 is the button
Seat 1: Seco031 ($1.26 in chips) 
Seat 2: panKastus ($13.84 in chips) 
Seat 3: dumebel ($3.35 in chips) 
Seat 4: VascoSerg ($5.31 in chips) 
Seat 7: tmek11 ($6.65 in chips) 
Seat 8: sixquart ($8.72 in chips) 
Seat 9: Dorex2007 ($5 in chips) 
Seco031: posts small blind $0.02
panKastus: posts big blind $0.05
tutanpoker: sits out 
*** HOLE CARDS ***
Dealt to Dorex2007 [6d 4h]
dumebel: folds 
VascoSerg: folds 
tmek11: raises $0.10 to $0.15
sixquart: folds 
Dorex2007: folds 
Seco031: folds 
panKastus: folds 
Uncalled bet ($0.10) returned to tmek11
tmek11 collected $0.12 from pot
*** SUMMARY ***
Total pot $0.12 | Rake $0 
Seat 1: Seco031 (small blind) folded before Flop
Seat 2: panKastus (big blind) folded before Flop
Seat 3: dumebel folded before Flop (didn't bet)
Seat 4: VascoSerg folded before Flop (didn't bet)
Seat 7: tmek11 collected ($0.12)
Seat 8: sixquart folded before Flop (didn't bet)
Seat 9: Dorex2007 (button) folded before Flop (didn't bet)



PokerStars Hand #237447357692:  Hold'em No Limit ($0.02/$0.05 USD) - 2022/07/18 18:20:58 PT [2022/07/18 21:20:58 ET]
Table 'Kuiper III' 9-max Seat #1 is the button
Seat 1: Seco031 ($1.24 in chips) 
Seat 2: panKastus ($13.79 in chips) 
Seat 3: dumebel ($3.35 in chips) 
Seat 4: VascoSerg ($5.31 in chips) 
Seat 7: tmek11 ($6.72 in chips) 
Seat 8: sixquart ($8.72 in chips) 
Seat 9: Dorex2007 ($5 in chips) 
panKastus: posts small blind $0.02
dumebel: posts big blind $0.05
tutanpoker: sits out 
*** HOLE CARDS ***
Dealt to Dorex2007 [7d Ts]
VascoSerg: folds 
tmek11: folds 
sixquart: folds 
Dorex2007: folds 
Seco031: folds 
panKastus: calls $0.03
dumebel: raises $0.10 to $0.15
panKastus: calls $0.10
*** FLOP *** [2s 9s 2c]
panKastus: checks 
dumebel: bets $0.14
panKastus: calls $0.14
*** TURN *** [2s 9s 2c] [4h]
panKastus: checks 
dumebel: bets $0.28
panKastus: calls $0.28
*** RIVER *** [2s 9s 2c 4h] [Ks]
panKastus: checks 
dumebel: bets $0.75
panKastus: folds 
Uncalled bet ($0.75) returned to dumebel
dumebel collected $1.09 from pot
*** SUMMARY ***
Total pot $1.14 | Rake $0.05 
Board [2s 9s 2c 4h Ks]
Seat 1: Seco031 (button) folded before Flop (didn't bet)
Seat 2: panKastus (small blind) folded on the River
Seat 3: dumebel (big blind) collected ($1.09)
Seat 4: VascoSerg folded before Flop (didn't bet)
Seat 7: tmek11 folded before Flop (didn't bet)
Seat 8: sixquart folded before Flop (didn't bet)
Seat 9: Dorex2007 folded before Flop (didn't bet)



PokerStars Hand #237447365564:  Hold'em No Limit ($0.02/$0.05 USD) - 2022/07/18 18:21:35 PT [2022/07/18 21:21:35 ET]
Table 'Kuiper III' 9-max Seat #2 is the button
Seat 1: Seco031 ($1.24 in chips) 
Seat 2: panKastus ($13.22 in chips) 
Seat 3: dumebel ($3.87 in chips) 
Seat 4: VascoSerg ($5.31 in chips) 
Seat 7: tmek11 ($6.72 in chips) 
Seat 8: sixquart ($8.72 in chips) 
Seat 9: Dorex2007 ($5 in chips) 
dumebel: posts small blind $0.02
VascoSerg: posts big blind $0.05
tutanpoker: sits out 
*** HOLE CARDS ***
Dealt to Dorex2007 [4s 4h]
tmek11: raises $0.10 to $0.15
sixquart: folds 
Dorex2007: folds 
Seco031: folds 
panKastus: folds 
dumebel: calls $0.13
VascoSerg: calls $0.10
*** FLOP *** [Qh Jh 9h]
dumebel: checks 
VascoSerg: checks 
tmek11: bets $0.21
dumebel: folds 
VascoSerg: folds 
Uncalled bet ($0.21) returned to tmek11
tmek11 collected $0.43 from pot
*** SUMMARY ***
Total pot $0.45 | Rake $0.02 
Board [Qh Jh 9h]
Seat 1: Seco031 folded before Flop (didn't bet)
Seat 2: panKastus (button) folded before Flop (didn't bet)
Seat 3: dumebel (small blind) folded on the Flop
Seat 4: VascoSerg (big blind) folded on the Flop
Seat 7: tmek11 collected ($0.43)
Seat 8: sixquart folded before Flop (didn't bet)
Seat 9: Dorex2007 folded before Flop (didn't bet)



PokerStars Hand #237447374050:  Hold'em No Limit ($0.02/$0.05 USD) - 2022/07/18 18:22:15 PT [2022/07/18 21:22:15 ET]
Table 'Kuiper III' 9-max Seat #3 is the button
Seat 1: Seco031 ($1.24 in chips) 
Seat 2: panKastus ($13.22 in chips) 
Seat 3: dumebel ($3.72 in chips) 
Seat 4: VascoSerg ($5.16 in chips) 
Seat 6: tutanpoker ($5 in chips) 
Seat 7: tmek11 ($7 in chips) 
Seat 8: sixquart ($8.72 in chips) 
Seat 9: Dorex2007 ($5 in chips) 
VascoSerg: posts small blind $0.02
tutanpoker: posts big blind $0.05
*** HOLE CARDS ***
Dealt to Dorex2007 [3c 7h]
tmek11: folds 
sixquart: folds 
Dorex2007: folds 
Seco031: folds 
panKastus: raises $0.10 to $0.15
dumebel: calls $0.15
VascoSerg: folds 
tutanpoker: folds 
*** FLOP *** [5c Kd 3h]
panKastus: bets $0.19
dumebel: calls $0.19
*** TURN *** [5c Kd 3h] [Ac]
panKastus: checks 
dumebel: checks 
*** RIVER *** [5c Kd 3h Ac] [4c]
panKastus: bets $0.50
dumebel: calls $0.50
*** SHOW DOWN ***
panKastus: shows [Ad 2d] (a straight, Ace to Five)
dumebel: mucks hand 
panKastus collected $1.68 from pot
*** SUMMARY ***
Total pot $1.75 | Rake $0.07 
Board [5c Kd 3h Ac 4c]
Seat 1: Seco031 folded before Flop (didn't bet)
Seat 2: panKastus showed [Ad 2d] and won ($1.68) with a straight, Ace to Five
Seat 3: dumebel (button) mucked [5d 6d]
Seat 4: VascoSerg (small blind) folded before Flop
Seat 6: tutanpoker (big blind) folded before Flop
Seat 7: tmek11 folded before Flop (didn't bet)
Seat 8: sixquart folded before Flop (didn't bet)
Seat 9: Dorex2007 folded before Flop (didn't bet)



PokerStars Hand #237447383867:  Hold'em No Limit ($0.02/$0.05 USD) - 2022/07/18 18:23:02 PT [2022/07/18 21:23:02 ET]
Table 'Kuiper III' 9-max Seat #4 is the button
Seat 1: Seco031 ($1.24 in chips) 
Seat 2: panKastus ($14.06 in chips) 
Seat 3: dumebel ($2.88 in chips) 
Seat 4: VascoSerg ($5.14 in chips) 
Seat 6: tutanpoker ($4.95 in chips) 
Seat 7: tmek11 ($7 in chips) 
Seat 8: sixquart ($8.72 in chips) 
Seat 9: Dorex2007 ($5 in chips) 
tutanpoker: posts small blind $0.02
tmek11: posts big blind $0.05
*** HOLE CARDS ***
Dealt to Dorex2007 [7c 4s]
sixquart: folds 
Dorex2007 has timed out
Dorex2007: folds 
Seco031: calls $0.05
panKastus: folds 
dumebel: folds 
VascoSerg: folds 
tutanpoker: calls $0.03
tmek11: checks 
*** FLOP *** [Th 3c 9s]
tutanpoker: checks 
tmek11: checks 
Seco031: checks 
*** TURN *** [Th 3c 9s] [8s]
tutanpoker: checks 
tmek11: checks 
Seco031: bets $0.15
tutanpoker: folds 
tmek11: calls $0.15
*** RIVER *** [Th 3c 9s 8s] [Ac]
tmek11: bets $0.21
Seco031: raises $0.83 to $1.04 and is all-in
tmek11: folds 
Uncalled bet ($0.83) returned to Seco031
Seco031 collected $0.83 from pot
*** SUMMARY ***
Total pot $0.87 | Rake $0.04 
Board [Th 3c 9s 8s Ac]
Seat 1: Seco031 collected ($0.83)
Seat 2: panKastus folded before Flop (didn't bet)
Seat 3: dumebel folded before Flop (didn't bet)
Seat 4: VascoSerg (button) folded before Flop (didn't bet)
Seat 6: tutanpoker (small blind) folded on the Turn
Seat 7: tmek11 (big blind) folded on the River
Seat 8: sixquart folded before Flop (didn't bet)
Seat 9: Dorex2007 folded before Flop (didn't bet)



PokerStars Hand #237447397922:  Hold'em No Limit ($0.02/$0.05 USD) - 2022/07/18 18:24:09 PT [2022/07/18 21:24:09 ET]
Table 'Kuiper III' 9-max Seat #6 is the button
Seat 1: Seco031 ($1.66 in chips) 
Seat 2: panKastus ($14.06 in chips) 
Seat 3: dumebel ($2.88 in chips) 
Seat 4: VascoSerg ($5.14 in chips) 
Seat 6: tutanpoker ($4.90 in chips) 
Seat 7: tmek11 ($6.59 in chips) 
Seat 8: sixquart ($8.72 in chips) 
Seat 9: Dorex2007 ($5 in chips) 
tmek11: posts small blind $0.02
sixquart: posts big blind $0.05
HELTON2017: sits out 
*** HOLE CARDS ***
Dealt to Dorex2007 [4s 8s]
Dorex2007: folds 
Seco031: folds 
panKastus: folds 
dumebel: folds 
VascoSerg: folds 
tutanpoker: folds 
tmek11: folds 
Uncalled bet ($0.03) returned to sixquart
sixquart collected $0.04 from pot
*** SUMMARY ***
Total pot $0.04 | Rake $0 
Seat 1: Seco031 folded before Flop (didn't bet)
Seat 2: panKastus folded before Flop (didn't bet)
Seat 3: dumebel folded before Flop (didn't bet)
Seat 4: VascoSerg folded before Flop (didn't bet)
Seat 6: tutanpoker (button) folded before Flop (didn't bet)
Seat 7: tmek11 (small blind) folded before Flop
Seat 8: sixquart (big blind) collected ($0.04)
Seat 9: Dorex2007 folded before Flop (didn't bet)



PokerStars Hand #237447401150:  Hold'em No Limit ($0.02/$0.05 USD) - 2022/07/18 18:24:24 PT [2022/07/18 21:24:24 ET]
Table 'Kuiper III' 9-max Seat #7 is the button
Seat 1: Seco031 ($1.66 in chips) 
Seat 2: panKastus ($14.06 in chips) 
Seat 3: dumebel ($2.88 in chips) 
Seat 4: VascoSerg ($5.14 in chips) 
Seat 6: tutanpoker ($4.90 in chips) 
Seat 7: tmek11 ($6.57 in chips) 
Seat 8: sixquart ($8.74 in chips) 
Seat 9: Dorex2007 ($5 in chips) 
sixquart: posts small blind $0.02
Dorex2007: posts big blind $0.05
HELTON2017: sits out 
*** HOLE CARDS ***
Dealt to Dorex2007 [9s 2c]
Seco031 has timed out
Seco031: folds 
panKastus: folds 
dumebel: raises $0.10 to $0.15
VascoSerg: folds 
tutanpoker: folds 
tmek11: folds 
sixquart: folds 
Dorex2007: folds 
Uncalled bet ($0.10) returned to dumebel
dumebel collected $0.12 from pot
*** SUMMARY ***
Total pot $0.12 | Rake $0 
Seat 1: Seco031 folded before Flop (didn't bet)
Seat 2: panKastus folded before Flop (didn't bet)
Seat 3: dumebel collected ($0.12)
Seat 4: VascoSerg folded before Flop (didn't bet)
Seat 6: tutanpoker folded before Flop (didn't bet)
Seat 7: tmek11 (button) folded before Flop (didn't bet)
Seat 8: sixquart (small blind) folded before Flop
Seat 9: Dorex2007 (big blind) folded before Flop



PokerStars Hand #237447407105:  Hold'em No Limit ($0.02/$0.05 USD) - 2022/07/18 18:24:53 PT [2022/07/18 21:24:53 ET]
Table 'Kuiper III' 9-max Seat #8 is the button
Seat 1: Seco031 ($1.66 in chips) 
Seat 2: panKastus ($14.06 in chips) 
Seat 3: dumebel ($2.95 in chips) 
Seat 4: VascoSerg ($5.14 in chips) 
Seat 6: tutanpoker ($4.90 in chips) 
Seat 7: tmek11 ($6.57 in chips) 
Seat 8: sixquart ($8.72 in chips) 
Seat 9: Dorex2007 ($5 in chips) 
Dorex2007: posts small blind $0.02
Seco031: posts big blind $0.05
HELTON2017: sits out 
*** HOLE CARDS ***
Dealt to Dorex2007 [5h 2h]
panKastus: folds 
dumebel: folds 
VascoSerg: folds 
tutanpoker: folds 
tmek11: raises $0.10 to $0.15
sixquart: calls $0.15
Dorex2007: folds 
Seco031: folds 
*** FLOP *** [Ts 7h 2c]
tmek11: bets $0.15
sixquart: calls $0.15
*** TURN *** [Ts 7h 2c] [Th]
tmek11: bets $0.30
sixquart: calls $0.30
*** RIVER *** [Ts 7h 2c Th] [3h]
tmek11: bets $0.61
sixquart: calls $0.61
*** SHOW DOWN ***
tmek11: shows [As Qd] (a pair of Tens)
sixquart: shows [Qc Qs] (two pair, Queens and Tens)
sixquart collected $2.39 from pot
*** SUMMARY ***
Total pot $2.49 | Rake $0.10 
Board [Ts 7h 2c Th 3h]
Seat 1: Seco031 (big blind) folded before Flop
Seat 2: panKastus folded before Flop (didn't bet)
Seat 3: dumebel folded before Flop (didn't bet)
Seat 4: VascoSerg folded before Flop (didn't bet)
Seat 6: tutanpoker folded before Flop (didn't bet)
Seat 7: tmek11 showed [As Qd] and lost with a pair of Tens
Seat 8: sixquart (button) showed [Qc Qs] and won ($2.39) with two pair, Queens and Tens
Seat 9: Dorex2007 (small blind) folded before Flop



PokerStars Hand #237447418535:  Hold'em No Limit ($0.02/$0.05 USD) - 2022/07/18 18:25:48 PT [2022/07/18 21:25:48 ET]
Table 'Kuiper III' 9-max Seat #9 is the button
Seat 1: Seco031 ($1.61 in chips) 
Seat 2: panKastus ($14.06 in chips) 
Seat 3: dumebel ($2.95 in chips) 
Seat 4: VascoSerg ($5.14 in chips) 
Seat 5: HELTON2017 ($5 in chips) 
Seat 6: tutanpoker ($4.90 in chips) 
Seat 7: tmek11 ($5.36 in chips) 
Seat 8: sixquart ($9.90 in chips) 
Seat 9: Dorex2007 ($5 in chips) 
Seco031: posts small blind $0.02
panKastus: posts big blind $0.05
HELTON2017: posts small & big blinds $0.07
*** HOLE CARDS ***
Dealt to Dorex2007 [6c Ts]
dumebel: raises $0.10 to $0.15
VascoSerg: folds 
HELTON2017: raises $0.10 to $0.25
tutanpoker: folds 
tmek11: folds 
sixquart: folds 
Dorex2007: folds 
Seco031: folds 
panKastus: folds 
dumebel: calls $0.10
*** FLOP *** [Tc 7d 3d]
dumebel: bets $0.28
HELTON2017: raises $0.28 to $0.56
dumebel: calls $0.28
*** TURN *** [Tc 7d 3d] [As]
dumebel: checks 
HELTON2017: bets $1.64
dumebel: raises $0.50 to $2.14 and is all-in
HELTON2017: folds 
Uncalled bet ($0.50) returned to dumebel
dumebel collected $4.78 from pot
*** SUMMARY ***
Total pot $4.99 | Rake $0.21 
Board [Tc 7d 3d As]
Seat 1: Seco031 (small blind) folded before Flop
Seat 2: panKastus (big blind) folded before Flop
Seat 3: dumebel collected ($4.78)
Seat 4: VascoSerg folded before Flop (didn't bet)
Seat 5: HELTON2017 folded on the Turn
Seat 6: tutanpoker folded before Flop (didn't bet)
Seat 7: tmek11 folded before Flop (didn't bet)
Seat 8: sixquart folded before Flop (didn't bet)
Seat 9: Dorex2007 (button) folded before Flop (didn't bet)



PokerStars Hand #237447433927:  Hold'em No Limit ($0.02/$0.05 USD) - 2022/07/18 18:27:01 PT [2022/07/18 21:27:01 ET]
Table 'Kuiper III' 9-max Seat #1 is the button
Seat 1: Seco031 ($1.59 in chips) 
Seat 2: panKastus ($14.01 in chips) 
Seat 3: dumebel ($5.28 in chips) 
Seat 4: VascoSerg ($5.14 in chips) 
Seat 5: HELTON2017 ($2.53 in chips) 
Seat 6: tutanpoker ($4.90 in chips) 
Seat 7: tmek11 ($5.36 in chips) 
Seat 8: sixquart ($9.90 in chips) 
Seat 9: Dorex2007 ($5 in chips) 
panKastus: posts small blind $0.02
dumebel: posts big blind $0.05
*** HOLE CARDS ***
Dealt to Dorex2007 [6s Ks]
VascoSerg: raises $0.10 to $0.15
HELTON2017: calls $0.15
tutanpoker has timed out
tutanpoker: folds 
tmek11: calls $0.15
sixquart: folds 
Dorex2007: folds 
Seco031: calls $0.15
panKastus: folds 
dumebel: calls $0.10
*** FLOP *** [8c 4s Jd]
dumebel: checks 
VascoSerg: checks 
HELTON2017: bets $2.38 and is all-in
tmek11: folds 
Seco031: folds 
dumebel: folds 
VascoSerg: folds 
Uncalled bet ($2.38) returned to HELTON2017
HELTON2017 collected $0.74 from pot
*** SUMMARY ***
Total pot $0.77 | Rake $0.03 
Board [8c 4s Jd]
Seat 1: Seco031 (button) folded on the Flop
Seat 2: panKastus (small blind) folded before Flop
Seat 3: dumebel (big blind) folded on the Flop
Seat 4: VascoSerg folded on the Flop
Seat 5: HELTON2017 collected ($0.74)
Seat 6: tutanpoker folded before Flop (didn't bet)
Seat 7: tmek11 folded on the Flop
Seat 8: sixquart folded before Flop (didn't bet)
Seat 9: Dorex2007 folded before Flop (didn't bet)



PokerStars Hand #237447457602:  Hold'em No Limit ($0.02/$0.05 USD) - 2022/07/18 18:28:07 PT [2022/07/18 21:28:07 ET]
Table 'Kuiper III' 9-max Seat #2 is the button
Seat 1: Seco031 ($1.44 in chips) 
Seat 2: panKastus ($13.99 in chips) 
Seat 3: dumebel ($5.13 in chips) 
Seat 4: VascoSerg ($5 in chips) 
Seat 5: HELTON2017 ($3.12 in chips) 
Seat 6: tutanpoker ($4.90 in chips) 
Seat 7: tmek11 ($5.21 in chips) 
Seat 8: sixquart ($9.90 in chips) 
Seat 9: Dorex2007 ($5 in chips) 
dumebel: posts small blind $0.02
VascoSerg: posts big blind $0.05
*** HOLE CARDS ***
Dealt to Dorex2007 [Jh 2h]
HELTON2017: folds 
tutanpoker: folds 
tmek11: folds 
sixquart: folds 
Dorex2007: folds 
Seco031: folds 
panKastus: raises $0.10 to $0.15
dumebel: folds 
VascoSerg: raises $0.30 to $0.45
panKastus: calls $0.30
*** FLOP *** [4c 8d 4h]
VascoSerg: bets $0.66
panKastus: folds 
Uncalled bet ($0.66) returned to VascoSerg
VascoSerg collected $0.88 from pot
*** SUMMARY ***
Total pot $0.92 | Rake $0.04 
Board [4c 8d 4h]
Seat 1: Seco031 folded before Flop (didn't bet)
Seat 2: panKastus (button) folded on the Flop
Seat 3: dumebel (small blind) folded before Flop
Seat 4: VascoSerg (big blind) collected ($0.88)
Seat 5: HELTON2017 folded before Flop (didn't bet)
Seat 6: tutanpoker folded before Flop (didn't bet)
Seat 7: tmek11 folded before Flop (didn't bet)
Seat 8: sixquart folded before Flop (didn't bet)
Seat 9: Dorex2007 folded before Flop (didn't bet)



PokerStars Hand #237447465991:  Hold'em No Limit ($0.02/$0.05 USD) - 2022/07/18 18:28:47 PT [2022/07/18 21:28:47 ET]
Table 'Kuiper III' 9-max Seat #3 is the button
Seat 1: Seco031 ($1.44 in chips) 
Seat 2: panKastus ($13.54 in chips) 
Seat 3: dumebel ($5.11 in chips) 
Seat 4: VascoSerg ($5.43 in chips) 
Seat 5: HELTON2017 ($3.12 in chips) 
Seat 6: tutanpoker ($4.90 in chips) 
Seat 7: tmek11 ($5.21 in chips) 
Seat 8: sixquart ($9.90 in chips) 
Seat 9: Dorex2007 ($5 in chips) 
VascoSerg: posts small blind $0.02
HELTON2017: posts big blind $0.05
*** HOLE CARDS ***
Dealt to Dorex2007 [Jh 7s]
tutanpoker: folds 
tmek11: folds 
sixquart: folds 
Dorex2007: folds 
Seco031 has timed out
Seco031: folds 
panKastus: folds 
dumebel: raises $0.10 to $0.15
VascoSerg: folds 
HELTON2017: calls $0.10
*** FLOP *** [Qd 2h 4c]
HELTON2017: bets $0.05
dumebel: raises $0.21 to $0.26
HELTON2017: folds 
Uncalled bet ($0.21) returned to dumebel
dumebel collected $0.40 from pot
*** SUMMARY ***
Total pot $0.42 | Rake $0.02 
Board [Qd 2h 4c]
Seat 1: Seco031 folded before Flop (didn't bet)
Seat 2: panKastus folded before Flop (didn't bet)
Seat 3: dumebel (button) collected ($0.40)
Seat 4: VascoSerg (small blind) folded before Flop
Seat 5: HELTON2017 (big blind) folded on the Flop
Seat 6: tutanpoker folded before Flop (didn't bet)
Seat 7: tmek11 folded before Flop (didn't bet)
Seat 8: sixquart folded before Flop (didn't bet)
Seat 9: Dorex2007 folded before Flop (didn't bet)



PokerStars Hand #237447476039:  Hold'em No Limit ($0.02/$0.05 USD) - 2022/07/18 18:29:35 PT [2022/07/18 21:29:35 ET]
Table 'Kuiper III' 9-max Seat #4 is the button
Seat 2: panKastus ($13.54 in chips) 
Seat 3: dumebel ($5.31 in chips) 
Seat 4: VascoSerg ($5.41 in chips) 
Seat 5: HELTON2017 ($2.92 in chips) 
Seat 6: tutanpoker ($4.90 in chips) 
Seat 7: tmek11 ($5.21 in chips) 
Seat 8: sixquart ($9.90 in chips) 
Seat 9: Dorex2007 ($5 in chips) 
HELTON2017: posts small blind $0.02
tutanpoker: posts big blind $0.05
*** HOLE CARDS ***
Dealt to Dorex2007 [2s 6s]
tmek11: folds 
sixquart: folds 
Dorex2007 has timed out
Dorex2007: folds 
panKastus: folds 
dumebel: folds 
VascoSerg: folds 
HELTON2017: raises $2.87 to $2.92 and is all-in
tutanpoker has timed out
tutanpoker: folds 
Uncalled bet ($2.87) returned to HELTON2017
HELTON2017 collected $0.10 from pot
*** SUMMARY ***
Total pot $0.10 | Rake $0 
Seat 2: panKastus folded before Flop (didn't bet)
Seat 3: dumebel folded before Flop (didn't bet)
Seat 4: VascoSerg (button) folded before Flop (didn't bet)
Seat 5: HELTON2017 (small blind) collected ($0.10)
Seat 6: tutanpoker (big blind) folded before Flop
Seat 7: tmek11 folded before Flop (didn't bet)
Seat 8: sixquart folded before Flop (didn't bet)
Seat 9: Dorex2007 folded before Flop (didn't bet)



PokerStars Hand #237447488292:  Hold'em No Limit ($0.02/$0.05 USD) - 2022/07/18 18:30:36 PT [2022/07/18 21:30:36 ET]
Table 'Kuiper III' 9-max Seat #5 is the button
Seat 2: panKastus ($13.54 in chips) 
Seat 3: dumebel ($5.31 in chips) 
Seat 4: VascoSerg ($5.41 in chips) 
Seat 5: HELTON2017 ($2.97 in chips) 
Seat 7: tmek11 ($5.21 in chips) 
Seat 8: sixquart ($9.90 in chips) 
Seat 9: Dorex2007 ($5 in chips) 
tmek11: posts small blind $0.02
sixquart: posts big blind $0.05
*** HOLE CARDS ***
Dealt to Dorex2007 [Jc 2h]
Dorex2007: folds 
panKastus: folds 
dumebel: folds 
VascoSerg: raises $0.10 to $0.15
HELTON2017: folds 
tmek11: folds 
sixquart: calls $0.10
*** FLOP *** [Th 2s 5d]
sixquart: checks 
VascoSerg: bets $0.23
sixquart: folds 
Uncalled bet ($0.23) returned to VascoSerg
VascoSerg collected $0.31 from pot
*** SUMMARY ***
Total pot $0.32 | Rake $0.01 
Board [Th 2s 5d]
Seat 2: panKastus folded before Flop (didn't bet)
Seat 3: dumebel folded before Flop (didn't bet)
Seat 4: VascoSerg collected ($0.31)
Seat 5: HELTON2017 (button) folded before Flop (didn't bet)
Seat 7: tmek11 (small blind) folded before Flop
Seat 8: sixquart (big blind) folded on the Flop
Seat 9: Dorex2007 folded before Flop (didn't bet)



PokerStars Hand #237447494214:  Hold'em No Limit ($0.02/$0.05 USD) - 2022/07/18 18:31:05 PT [2022/07/18 21:31:05 ET]
Table 'Kuiper III' 9-max Seat #7 is the button
Seat 1: Seco031 ($1.44 in chips) 
Seat 2: panKastus ($13.54 in chips) 
Seat 3: dumebel ($5.31 in chips) 
Seat 4: VascoSerg ($5.57 in chips) 
Seat 5: HELTON2017 ($2.97 in chips) 
Seat 6: tutanpoker ($4.85 in chips) 
Seat 7: tmek11 ($5.19 in chips) 
Seat 8: sixquart ($9.75 in chips) 
Seat 9: Dorex2007 ($5 in chips) 
sixquart: posts small blind $0.02
Dorex2007: posts big blind $0.05
tutanpoker: posts small blind $0.02
*** HOLE CARDS ***
Dealt to Dorex2007 [4c Qh]
Seco031: folds 
panKastus: folds 
dumebel: folds 
VascoSerg: folds 
HELTON2017: folds 
tutanpoker: folds 
tmek11: folds 
sixquart: calls $0.03
Dorex2007: checks 
*** FLOP *** [Jh Ks 6h]
sixquart: bets $0.12
Dorex2007: folds 
Uncalled bet ($0.12) returned to sixquart
sixquart collected $0.12 from pot
*** SUMMARY ***
Total pot $0.12 | Rake $0 
Board [Jh Ks 6h]
Seat 1: Seco031 folded before Flop (didn't bet)
Seat 2: panKastus folded before Flop (didn't bet)
Seat 3: dumebel folded before Flop (didn't bet)
Seat 4: VascoSerg folded before Flop (didn't bet)
Seat 5: HELTON2017 folded before Flop (didn't bet)
Seat 6: tutanpoker folded before Flop (didn't bet)
Seat 7: tmek11 (button) folded before Flop (didn't bet)
Seat 8: sixquart (small blind) collected ($0.12)
Seat 9: Dorex2007 (big blind) folded on the Flop



PokerStars Hand #237447510237:  Hold'em No Limit ($0.02/$0.05 USD) - 2022/07/18 18:31:40 PT [2022/07/18 21:31:40 ET]
Table 'Kuiper III' 9-max Seat #8 is the button
Seat 1: Seco031 ($1.44 in chips) 
Seat 2: panKastus ($13.54 in chips) 
Seat 3: dumebel ($5.31 in chips) 
Seat 4: VascoSerg ($5.57 in chips) 
Seat 5: HELTON2017 ($2.97 in chips) 
Seat 6: tutanpoker ($4.83 in chips) 
Seat 7: tmek11 ($5.19 in chips) 
Seat 8: sixquart ($9.82 in chips) 
Seat 9: Dorex2007 ($5 in chips) 
Dorex2007: posts small blind $0.02
Seco031: posts big blind $0.05
*** HOLE CARDS ***
Dealt to Dorex2007 [7s Ts]
panKastus: folds 
dumebel: folds 
VascoSerg: folds 
HELTON2017: raises $0.05 to $0.10
tutanpoker: calls $0.10
tmek11: calls $0.10
sixquart: calls $0.10
Dorex2007: folds 
Seco031: raises $0.05 to $0.15
HELTON2017: calls $0.05
tutanpoker: calls $0.05
tmek11: calls $0.05
sixquart: calls $0.05
*** FLOP *** [Kh Td 6h]
Seco031: bets $1.29 and is all-in
HELTON2017: folds 
tutanpoker: folds 
tmek11: folds 
sixquart: folds 
Uncalled bet ($1.29) returned to Seco031
Seco031 collected $0.74 from pot
*** SUMMARY ***
Total pot $0.77 | Rake $0.03 
Board [Kh Td 6h]
Seat 1: Seco031 (big blind) collected ($0.74)
Seat 2: panKastus folded before Flop (didn't bet)
Seat 3: dumebel folded before Flop (didn't bet)
Seat 4: VascoSerg folded before Flop (didn't bet)
Seat 5: HELTON2017 folded on the Flop
Seat 6: tutanpoker folded on the Flop
Seat 7: tmek11 folded on the Flop
Seat 8: sixquart (button) folded on the Flop
Seat 9: Dorex2007 (small blind) folded before Flop



PokerStars Hand #237447521252:  Hold'em No Limit ($0.02/$0.05 USD) - 2022/07/18 18:32:35 PT [2022/07/18 21:32:35 ET]
Table 'Kuiper III' 9-max Seat #9 is the button
Seat 1: Seco031 ($2.03 in chips) 
Seat 3: dumebel ($5.31 in chips) 
Seat 4: VascoSerg ($5.57 in chips) 
Seat 5: HELTON2017 ($2.82 in chips) 
Seat 6: tutanpoker ($4.68 in chips) 
Seat 7: tmek11 ($5.04 in chips) 
Seat 8: sixquart ($9.67 in chips) 
Seat 9: Dorex2007 ($5 in chips) 
Seco031: posts small blind $0.02
panKastus: is sitting out 
panKastus leaves the table
dumebel: posts big blind $0.05
*** HOLE CARDS ***
Dealt to Dorex2007 [Ts Js]
VascoSerg: folds 
HELTON2017: raises $2.77 to $2.82 and is all-in
tutanpoker has timed out
tutanpoker: folds 
tmek11: folds 
sixquart: folds 
sixquart leaves the table
Dorex2007: folds 
Seco031: folds 
dumebel: folds 
Uncalled bet ($2.77) returned to HELTON2017
HELTON2017 collected $0.12 from pot
*** SUMMARY ***
Total pot $0.12 | Rake $0 
Seat 1: Seco031 (small blind) folded before Flop
Seat 3: dumebel (big blind) folded before Flop
Seat 4: VascoSerg folded before Flop (didn't bet)
Seat 5: HELTON2017 collected ($0.12)
Seat 6: tutanpoker folded before Flop (didn't bet)
Seat 7: tmek11 folded before Flop (didn't bet)
Seat 8: sixquart folded before Flop (didn't bet)
Seat 9: Dorex2007 (button) folded before Flop (didn't bet)



PokerStars Hand #237447527814:  Hold'em No Limit ($0.02/$0.05 USD) - 2022/07/18 18:33:08 PT [2022/07/18 21:33:08 ET]
Table 'Kuiper III' 9-max Seat #1 is the button
Seat 1: Seco031 ($2.01 in chips) 
Seat 3: dumebel ($5.26 in chips) 
Seat 4: VascoSerg ($5.57 in chips) 
Seat 5: HELTON2017 ($2.89 in chips) 
Seat 7: tmek11 ($5.04 in chips) 
Seat 9: Dorex2007 ($5 in chips) 
dumebel: posts small blind $0.02
VascoSerg: posts big blind $0.05
*** HOLE CARDS ***
Dealt to Dorex2007 [Th 6c]
HELTON2017: folds 
tmek11: folds 
Dorex2007: folds 
Seco031: calls $0.05
dumebel: raises $0.10 to $0.15
VascoSerg: folds 
Seco031: calls $0.10
*** FLOP *** [8d 9h 8h]
dumebel: checks 
Seco031: checks 
*** TURN *** [8d 9h 8h] [Qc]
dumebel: checks 
Seco031: checks 
*** RIVER *** [8d 9h 8h Qc] [Kd]
dumebel: checks 
Seco031: checks 
*** SHOW DOWN ***
dumebel: shows [3s As] (a pair of Eights)
Seco031: shows [5s Ah] (a pair of Eights)
dumebel collected $0.17 from pot
Seco031 collected $0.17 from pot
*** SUMMARY ***
Total pot $0.35 | Rake $0.01 
Board [8d 9h 8h Qc Kd]
Seat 1: Seco031 (button) showed [5s Ah] and won ($0.17) with a pair of Eights
Seat 3: dumebel (small blind) showed [3s As] and won ($0.17) with a pair of Eights
Seat 4: VascoSerg (big blind) folded before Flop
Seat 5: HELTON2017 folded before Flop (didn't bet)
Seat 7: tmek11 folded before Flop (didn't bet)
Seat 9: Dorex2007 folded before Flop (didn't bet)



PokerStars Hand #237447534279:  Hold'em No Limit ($0.02/$0.05 USD) - 2022/07/18 18:33:40 PT [2022/07/18 21:33:40 ET]
Table 'Kuiper III' 9-max Seat #3 is the button
Seat 1: Seco031 ($2.03 in chips) 
Seat 3: dumebel ($5.28 in chips) 
Seat 4: VascoSerg ($5.52 in chips) 
Seat 5: HELTON2017 ($2.89 in chips) 
Seat 7: tmek11 ($5.04 in chips) 
Seat 9: Dorex2007 ($5 in chips) 
VascoSerg: posts small blind $0.02
HELTON2017: posts big blind $0.05
*** HOLE CARDS ***
Dealt to Dorex2007 [4h 5s]
tmek11: folds 
Dorex2007: folds 
Seco031: folds 
dumebel: raises $0.12 to $0.17
VascoSerg: folds 
HELTON2017: folds 
Uncalled bet ($0.12) returned to dumebel
dumebel collected $0.12 from pot
*** SUMMARY ***
Total pot $0.12 | Rake $0 
Seat 1: Seco031 folded before Flop (didn't bet)
Seat 3: dumebel (button) collected ($0.12)
Seat 4: VascoSerg (small blind) folded before Flop
Seat 5: HELTON2017 (big blind) folded before Flop
Seat 7: tmek11 folded before Flop (didn't bet)
Seat 9: Dorex2007 folded before Flop (didn't bet)



PokerStars Hand #237447536657:  Hold'em No Limit ($0.02/$0.05 USD) - 2022/07/18 18:33:51 PT [2022/07/18 21:33:51 ET]
Table 'Kuiper III' 9-max Seat #4 is the button
Seat 1: Seco031 ($2.03 in chips) 
Seat 3: dumebel ($5.35 in chips) 
Seat 4: VascoSerg ($5.50 in chips) 
Seat 5: HELTON2017 ($2.84 in chips) 
Seat 6: tutanpoker ($4.68 in chips) 
Seat 7: tmek11 ($5.04 in chips) 
Seat 9: Dorex2007 ($5 in chips) 
HELTON2017: posts small blind $0.02
tutanpoker: posts big blind $0.05
*** HOLE CARDS ***
Dealt to Dorex2007 [Td Tc]
tmek11: folds 
Dorex2007: raises $0.05 to $0.10
Seco031: folds 
dumebel: calls $0.10
VascoSerg: raises $0.50 to $0.60
HELTON2017: folds 
tutanpoker: folds 
Dorex2007: folds 
dumebel: folds 
Uncalled bet ($0.50) returned to VascoSerg
VascoSerg collected $0.37 from pot
*** SUMMARY ***
Total pot $0.37 | Rake $0 
Seat 1: Seco031 folded before Flop (didn't bet)
Seat 3: dumebel folded before Flop
Seat 4: VascoSerg (button) collected ($0.37)
Seat 5: HELTON2017 (small blind) folded before Flop
Seat 6: tutanpoker (big blind) folded before Flop
Seat 7: tmek11 folded before Flop (didn't bet)
Seat 9: Dorex2007 folded before Flop



PokerStars Hand #237447543399:  Hold'em No Limit ($0.02/$0.05 USD) - 2022/07/18 18:34:25 PT [2022/07/18 21:34:25 ET]
Table 'Kuiper III' 9-max Seat #5 is the button
Seat 1: Seco031 ($2.03 in chips) 
Seat 3: dumebel ($5.25 in chips) 
Seat 4: VascoSerg ($5.77 in chips) 
Seat 5: HELTON2017 ($2.82 in chips) 
Seat 6: tutanpoker ($4.63 in chips) 
Seat 7: tmek11 ($5.04 in chips) 
Seat 9: Dorex2007 ($5 in chips) 
tutanpoker: posts small blind $0.02
tmek11: posts big blind $0.05
*** HOLE CARDS ***
Dealt to Dorex2007 [5h 8c]
Dorex2007: folds 
Seco031: folds 
dumebel: raises $0.10 to $0.15
VascoSerg: folds 
HELTON2017: raises $0.37 to $0.52
tutanpoker: folds 
tmek11: folds 
dumebel: calls $0.37
*** FLOP *** [4s As 2d]
dumebel: checks 
HELTON2017: bets $1.06
dumebel: raises $3.67 to $4.73 and is all-in
HELTON2017: calls $1.24 and is all-in
Uncalled bet ($2.43) returned to dumebel
DuduVB190 joins the table at seat #2 
*** TURN *** [4s As 2d] [Qs]
*** RIVER *** [4s As 2d Qs] [3d]
*** SHOW DOWN ***
dumebel: shows [Ah 2h] (two pair, Aces and Deuces)
HELTON2017: shows [Jh Kc] (high card Ace)
dumebel collected $5.47 from pot
*** SUMMARY ***
Total pot $5.71 | Rake $0.24 
Board [4s As 2d Qs 3d]
Seat 1: Seco031 folded before Flop (didn't bet)
Seat 3: dumebel showed [Ah 2h] and won ($5.47) with two pair, Aces and Deuces
Seat 4: VascoSerg folded before Flop (didn't bet)
Seat 5: HELTON2017 (button) showed [Jh Kc] and lost with high card Ace
Seat 6: tutanpoker (small blind) folded before Flop
Seat 7: tmek11 (big blind) folded before Flop
Seat 9: Dorex2007 folded before Flop (didn't bet)



PokerStars Hand #237447552629:  Hold'em No Limit ($0.02/$0.05 USD) - 2022/07/18 18:35:11 PT [2022/07/18 21:35:11 ET]
Table 'Kuiper III' 9-max Seat #6 is the button
Seat 1: Seco031 ($2.03 in chips) 
Seat 3: dumebel ($7.90 in chips) 
Seat 4: VascoSerg ($5.77 in chips) 
Seat 6: tutanpoker ($4.61 in chips) 
Seat 7: tmek11 ($4.99 in chips) 
Seat 9: Dorex2007 ($5 in chips) 
tmek11: posts small blind $0.02
Dorex2007: posts big blind $0.05
DuduVB190: sits out 
*** HOLE CARDS ***
Dealt to Dorex2007 [Jc 9c]
Seco031: folds 
HELTON2017 is disconnected 
dumebel has timed out
dumebel: folds 
VascoSerg: raises $0.10 to $0.15
tutanpoker: folds 
tmek11: folds 
Dorex2007: folds 
Uncalled bet ($0.10) returned to VascoSerg
VascoSerg collected $0.12 from pot
*** SUMMARY ***
Total pot $0.12 | Rake $0 
Seat 1: Seco031 folded before Flop (didn't bet)
Seat 3: dumebel folded before Flop (didn't bet)
Seat 4: VascoSerg collected ($0.12)
Seat 6: tutanpoker (button) folded before Flop (didn't bet)
Seat 7: tmek11 (small blind) folded before Flop
Seat 9: Dorex2007 (big blind) folded before Flop



PokerStars Hand #237447558477:  Hold'em No Limit ($0.02/$0.05 USD) - 2022/07/18 18:35:40 PT [2022/07/18 21:35:40 ET]
Table 'Kuiper III' 9-max Seat #7 is the button
Seat 1: Seco031 ($2.03 in chips) 
Seat 3: dumebel ($7.90 in chips) 
Seat 4: VascoSerg ($5.84 in chips) 
Seat 6: tutanpoker ($4.61 in chips) 
Seat 7: tmek11 ($4.97 in chips) 
Seat 9: Dorex2007 ($5 in chips) 
Dorex2007: posts small blind $0.02
Seco031: posts big blind $0.05
DuduVB190: sits out 
*** HOLE CARDS ***
Dealt to Dorex2007 [Ah Ks]
dumebel: raises $0.10 to $0.15
VascoSerg: folds 
tutanpoker: folds 
tmek11: calls $0.15
Dorex2007: calls $0.13
Seco031: raises $0.10 to $0.25
dumebel: calls $0.10
tmek11: calls $0.10
Dorex2007: calls $0.10
*** FLOP *** [2h Tc Qd]
Dorex2007: bets $0.64
Seco031: calls $0.64
dumebel: folds 
tmek11: folds 
*** TURN *** [2h Tc Qd] [2d]
Dorex2007: checks 
Seco031: checks 
*** RIVER *** [2h Tc Qd 2d] [6d]
Dorex2007: bets $0.80
Seco031: calls $0.80
*** SHOW DOWN ***
Dorex2007: shows [Ah Ks] (a pair of Deuces)
Seco031: shows [Kd Kc] (two pair, Kings and Deuces)
Seco031 collected $3.72 from pot
*** SUMMARY ***
Total pot $3.88 | Rake $0.16 
Board [2h Tc Qd 2d 6d]
Seat 1: Seco031 (big blind) showed [Kd Kc] and won ($3.72) with two pair, Kings and Deuces
Seat 3: dumebel folded on the Flop
Seat 4: VascoSerg folded before Flop (didn't bet)
Seat 6: tutanpoker folded before Flop (didn't bet)
Seat 7: tmek11 (button) folded on the Flop
Seat 9: Dorex2007 (small blind) showed [Ah Ks] and lost with a pair of Deuces



PokerStars Hand #237447572042:  Hold'em No Limit ($0.02/$0.05 USD) - 2022/07/18 18:36:45 PT [2022/07/18 21:36:45 ET]
Table 'Kuiper III' 9-max Seat #9 is the button
Seat 1: Seco031 ($4.06 in chips) 
Seat 2: DuduVB190 ($2.75 in chips) 
Seat 3: dumebel ($7.65 in chips) 
Seat 4: VascoSerg ($5.84 in chips) 
Seat 6: tutanpoker ($4.61 in chips) 
Seat 7: tmek11 ($4.72 in chips) 
Seat 9: Dorex2007 ($5 in chips) 
Seco031: posts small blind $0.02
DuduVB190: posts big blind $0.05
*** HOLE CARDS ***
Dealt to Dorex2007 [6d 9d]
dumebel: folds 
VascoSerg: folds 
TomazMuzzi joins the table at seat #8 
tutanpoker: calls $0.05
tmek11: folds 
Dorex2007: folds 
Seco031: folds 
DuduVB190: checks 
*** FLOP *** [5d Kc 6s]
DuduVB190: checks 
tutanpoker: bets $0.10
DuduVB190: calls $0.10
*** TURN *** [5d Kc 6s] [7h]
DuduVB190: checks 
tutanpoker: checks 
*** RIVER *** [5d Kc 6s 7h] [3h]
DuduVB190: checks 
tutanpoker: checks 
*** SHOW DOWN ***
DuduVB190: shows [2s Ks] (a pair of Kings)
tutanpoker: mucks hand 
DuduVB190 collected $0.31 from pot
*** SUMMARY ***
Total pot $0.32 | Rake $0.01 
Board [5d Kc 6s 7h 3h]
Seat 1: Seco031 (small blind) folded before Flop
Seat 2: DuduVB190 (big blind) showed [2s Ks] and won ($0.31) with a pair of Kings
Seat 3: dumebel folded before Flop (didn't bet)
Seat 4: VascoSerg folded before Flop (didn't bet)
Seat 6: tutanpoker mucked [5s Ac]
Seat 7: tmek11 folded before Flop (didn't bet)
Seat 9: Dorex2007 (button) folded before Flop (didn't bet)



PokerStars Hand #237447583455:  Hold'em No Limit ($0.02/$0.05 USD) - 2022/07/18 18:37:40 PT [2022/07/18 21:37:40 ET]
Table 'Kuiper III' 9-max Seat #1 is the button
Seat 1: Seco031 ($4.04 in chips) 
Seat 2: DuduVB190 ($2.91 in chips) 
Seat 3: dumebel ($7.65 in chips) 
Seat 4: VascoSerg ($5.84 in chips) 
Seat 6: tutanpoker ($4.46 in chips) 
Seat 7: tmek11 ($4.72 in chips) 
Seat 8: TomazMuzzi ($5 in chips) 
Seat 9: Dorex2007 ($5 in chips) 
DuduVB190: posts small blind $0.02
dumebel: posts big blind $0.05
TomazMuzzi: posts big blind $0.05
*** HOLE CARDS ***
Dealt to Dorex2007 [7d Kc]
VascoSerg: folds 
tutanpoker: raises $0.15 to $0.20
tmek11: calls $0.20
TomazMuzzi: raises $0.15 to $0.35
Dorex2007: folds 
Seco031: folds 
DuduVB190: calls $0.33
dumebel: folds 
tutanpoker: calls $0.15
tmek11: calls $0.15
*** FLOP *** [Qs Ks Tc]
DuduVB190: checks 
tutanpoker: checks 
tmek11: checks 
TomazMuzzi: bets $0.30
DuduVB190: calls $0.30
tutanpoker: calls $0.30
tmek11: raises $4.07 to $4.37 and is all-in
TomazMuzzi: raises $0.28 to $4.65 and is all-in
DuduVB190: folds 
tutanpoker: folds 
Uncalled bet ($0.28) returned to TomazMuzzi
*** TURN *** [Qs Ks Tc] [9c]
*** RIVER *** [Qs Ks Tc 9c] [Kh]
*** SHOW DOWN ***
tmek11: shows [3d Ac] (a pair of Kings)
TomazMuzzi: shows [Jc Ad] (a straight, Ten to Ace)
TomazMuzzi collected $10.34 from pot
*** SUMMARY ***
Total pot $10.79 | Rake $0.45 
Board [Qs Ks Tc 9c Kh]
Seat 1: Seco031 (button) folded before Flop (didn't bet)
Seat 2: DuduVB190 (small blind) folded on the Flop
Seat 3: dumebel (big blind) folded before Flop
Seat 4: VascoSerg folded before Flop (didn't bet)
Seat 6: tutanpoker folded on the Flop
Seat 7: tmek11 showed [3d Ac] and lost with a pair of Kings
Seat 8: TomazMuzzi showed [Jc Ad] and won ($10.34) with a straight, Ten to Ace
Seat 9: Dorex2007 folded before Flop (didn't bet)



PokerStars Hand #237447600091:  Hold'em No Limit ($0.02/$0.05 USD) - 2022/07/18 18:39:01 PT [2022/07/18 21:39:01 ET]
Table 'Kuiper III' 9-max Seat #2 is the button
Seat 1: Seco031 ($4.04 in chips) 
Seat 2: DuduVB190 ($2.26 in chips) 
Seat 3: dumebel ($7.60 in chips) 
Seat 4: VascoSerg ($5.84 in chips) 
Seat 6: tutanpoker ($3.81 in chips) 
Seat 8: TomazMuzzi ($10.62 in chips) 
Seat 9: Dorex2007 ($5 in chips) 
dumebel: posts small blind $0.02
VascoSerg: posts big blind $0.05
*** HOLE CARDS ***
Dealt to Dorex2007 [8c 7s]
tmek11 leaves the table
tutanpoker: folds 
TomazMuzzi: folds 
Dorex2007: folds 
Seco031: calls $0.05
DuduVB190: folds 
dumebel: calls $0.03
TomazMuzzi leaves the table
VascoSerg: checks 
*** FLOP *** [4d 4s 7c]
dumebel: checks 
VascoSerg: checks 
Seco031: checks 
*** TURN *** [4d 4s 7c] [6c]
dumebel: checks 
VascoSerg: checks 
Seco031: checks 
*** RIVER *** [4d 4s 7c 6c] [Kc]
dumebel: checks 
VascoSerg: checks 
Seco031: checks 
*** SHOW DOWN ***
dumebel: shows [Th 9c] (a pair of Fours)
VascoSerg: shows [Qh 8d] (a pair of Fours - King+Queen kicker)
Seco031: shows [2h Ac] (a pair of Fours - Ace kicker)
Seco031 collected $0.14 from pot
*** SUMMARY ***
Total pot $0.15 | Rake $0.01 
Board [4d 4s 7c 6c Kc]
Seat 1: Seco031 showed [2h Ac] and won ($0.14) with a pair of Fours
Seat 2: DuduVB190 (button) folded before Flop (didn't bet)
Seat 3: dumebel (small blind) showed [Th 9c] and lost with a pair of Fours
Seat 4: VascoSerg (big blind) showed [Qh 8d] and lost with a pair of Fours
Seat 6: tutanpoker folded before Flop (didn't bet)
Seat 8: TomazMuzzi folded before Flop (didn't bet)
Seat 9: Dorex2007 folded before Flop (didn't bet)



PokerStars Hand #237447609638:  Hold'em No Limit ($0.02/$0.05 USD) - 2022/07/18 18:39:47 PT [2022/07/18 21:39:47 ET]
Table 'Kuiper III' 9-max Seat #3 is the button
Seat 1: Seco031 ($4.13 in chips) 
Seat 2: DuduVB190 ($2.26 in chips) 
Seat 3: dumebel ($7.55 in chips) 
Seat 4: VascoSerg ($5.79 in chips) 
Seat 6: tutanpoker ($3.81 in chips) 
Seat 9: Dorex2007 ($5 in chips) 
VascoSerg: posts small blind $0.02
Herbert CNR joins the table at seat #7 
tutanpoker: posts big blind $0.05
*** HOLE CARDS ***
Dealt to Dorex2007 [5d 9s]
Dorex2007: folds 
Seco031: folds 
DuduVB190: calls $0.05
dumebel: raises $0.10 to $0.15
VascoSerg: folds 
tutanpoker: folds 
DuduVB190: calls $0.10
*** FLOP *** [Qs Kc 2d]
DuduVB190: checks 
dumebel: bets $0.17
Yqy147 joins the table at seat #8 
DuduVB190: calls $0.17
*** TURN *** [Qs Kc 2d] [4h]
DuduVB190: checks 
dumebel: bets $0.55
DuduVB190: folds 
Uncalled bet ($0.55) returned to dumebel
dumebel collected $0.68 from pot
*** SUMMARY ***
Total pot $0.71 | Rake $0.03 
Board [Qs Kc 2d 4h]
Seat 1: Seco031 folded before Flop (didn't bet)
Seat 2: DuduVB190 folded on the Turn
Seat 3: dumebel (button) collected ($0.68)
Seat 4: VascoSerg (small blind) folded before Flop
Seat 6: tutanpoker (big blind) folded before Flop
Seat 9: Dorex2007 folded before Flop (didn't bet)



PokerStars Hand #237447619255:  Hold'em No Limit ($0.02/$0.05 USD) - 2022/07/18 18:40:35 PT [2022/07/18 21:40:35 ET]
Table 'Kuiper III' 9-max Seat #4 is the button
Seat 1: Seco031 ($4.13 in chips) 
Seat 2: DuduVB190 ($1.94 in chips) 
Seat 3: dumebel ($7.91 in chips) 
Seat 4: VascoSerg ($5.77 in chips) 
Seat 6: tutanpoker ($5 in chips) 
Seat 7: Herbert CNR ($5 in chips) 
Seat 8: Yqy147 ($5 in chips) 
Seat 9: Dorex2007 ($5 in chips) 
tutanpoker: posts small blind $0.02
Herbert CNR: posts big blind $0.05
Yqy147: posts big blind $0.05
*** HOLE CARDS ***
Dealt to Dorex2007 [5d 7c]
Yqy147: raises $0.10 to $0.15
Dorex2007: folds 
Seco031: folds 
DuduVB190: calls $0.15
dumebel: folds 
VascoSerg: folds 
tutanpoker: folds 
Herbert CNR: folds 
*** FLOP *** [Qc Th 4s]
Yqy147: bets $0.17
DuduVB190: calls $0.17
*** TURN *** [Qc Th 4s] [Ac]
Yqy147: checks 
DuduVB190: bets $0.05
Yqy147: calls $0.05
*** RIVER *** [Qc Th 4s Ac] [3h]
Yqy147: checks 
DuduVB190: bets $0.39
Yqy147: calls $0.39
*** SHOW DOWN ***
DuduVB190: shows [Qd Jh] (a pair of Queens)
Yqy147: shows [Jc Qs] (a pair of Queens)
Yqy147 collected $0.76 from pot
DuduVB190 collected $0.76 from pot
*** SUMMARY ***
Total pot $1.59 | Rake $0.07 
Board [Qc Th 4s Ac 3h]
Seat 1: Seco031 folded before Flop (didn't bet)
Seat 2: DuduVB190 showed [Qd Jh] and won ($0.76) with a pair of Queens
Seat 3: dumebel folded before Flop (didn't bet)
Seat 4: VascoSerg (button) folded before Flop (didn't bet)
Seat 6: tutanpoker (small blind) folded before Flop
Seat 7: Herbert CNR (big blind) folded before Flop
Seat 8: Yqy147 showed [Jc Qs] and won ($0.76) with a pair of Queens
Seat 9: Dorex2007 folded before Flop (didn't bet)



PokerStars Hand #237447629802:  Hold'em No Limit ($0.02/$0.05 USD) - 2022/07/18 18:41:26 PT [2022/07/18 21:41:26 ET]
Table 'Kuiper III' 9-max Seat #6 is the button
Seat 1: Seco031 ($4.13 in chips) 
Seat 2: DuduVB190 ($1.94 in chips) 
Seat 3: dumebel ($7.91 in chips) 
Seat 4: VascoSerg ($5.77 in chips) 
Seat 6: tutanpoker ($4.98 in chips) 
Seat 7: Herbert CNR ($4.95 in chips) 
Seat 8: Yqy147 ($5 in chips) 
Seat 9: Dorex2007 ($5 in chips) 
Herbert CNR: posts small blind $0.02
Yqy147: posts big blind $0.05
*** HOLE CARDS ***
Dealt to Dorex2007 [4d 3c]
Dorex2007: folds 
Seco031: calls $0.05
DuduVB190: folds 
dumebel: folds 
VascoSerg: folds 
tutanpoker: calls $0.05
Herbert CNR: calls $0.03
Yqy147: checks 
*** FLOP *** [3d Tc Jd]
Herbert CNR: checks 
Yqy147: checks 
Seco031: checks 
tutanpoker has timed out
tutanpoker: checks 
*** TURN *** [3d Tc Jd] [Jh]
Herbert CNR: checks 
Yqy147: checks 
Seco031: bets $0.15
tutanpoker has timed out
tutanpoker: folds 
Herbert CNR: folds 
Yqy147: folds 
Uncalled bet ($0.15) returned to Seco031
Seco031 collected $0.19 from pot
*** SUMMARY ***
Total pot $0.20 | Rake $0.01 
Board [3d Tc Jd Jh]
Seat 1: Seco031 collected ($0.19)
Seat 2: DuduVB190 folded before Flop (didn't bet)
Seat 3: dumebel folded before Flop (didn't bet)
Seat 4: VascoSerg folded before Flop (didn't bet)
Seat 6: tutanpoker (button) folded on the Turn
Seat 7: Herbert CNR (small blind) folded on the Turn
Seat 8: Yqy147 (big blind) folded on the Turn
Seat 9: Dorex2007 folded before Flop (didn't bet)



PokerStars Hand #237447651142:  Hold'em No Limit ($0.02/$0.05 USD) - 2022/07/18 18:43:10 PT [2022/07/18 21:43:10 ET]
Table 'Kuiper III' 9-max Seat #7 is the button
Seat 1: Seco031 ($4.27 in chips) 
Seat 2: DuduVB190 ($1.94 in chips) 
Seat 3: dumebel ($7.91 in chips) 
Seat 4: VascoSerg ($5.77 in chips) 
Seat 7: Herbert CNR ($4.90 in chips) 
Seat 8: Yqy147 ($4.95 in chips) 
Seat 9: Dorex2007 ($5 in chips) 
Yqy147: posts small blind $0.02
Dorex2007: posts big blind $0.05
*** HOLE CARDS ***
Dealt to Dorex2007 [Kc 5h]
Seco031: calls $0.05
DuduVB190: calls $0.05
dumebel: raises $0.20 to $0.25
VascoSerg: folds 
Herbert CNR: folds 
Yqy147: folds 
Dorex2007: folds 
Seco031: calls $0.20
DuduVB190: calls $0.20
*** FLOP *** [7c 2d 4c]
Seco031: checks 
DuduVB190: checks 
dumebel: checks 
*** TURN *** [7c 2d 4c] [6s]
Seco031: checks 
DuduVB190: bets $1.69 and is all-in
dumebel: folds 
Seco031: folds 
Uncalled bet ($1.69) returned to DuduVB190
DuduVB190 collected $0.79 from pot
*** SUMMARY ***
Total pot $0.82 | Rake $0.03 
Board [7c 2d 4c 6s]
Seat 1: Seco031 folded on the Turn
Seat 2: DuduVB190 collected ($0.79)
Seat 3: dumebel folded on the Turn
Seat 4: VascoSerg folded before Flop (didn't bet)
Seat 7: Herbert CNR (button) folded before Flop (didn't bet)
Seat 8: Yqy147 (small blind) folded before Flop
Seat 9: Dorex2007 (big blind) folded before Flop



PokerStars Hand #237447661858:  Hold'em No Limit ($0.02/$0.05 USD) - 2022/07/18 18:44:03 PT [2022/07/18 21:44:03 ET]
Table 'Kuiper III' 9-max Seat #8 is the button
Seat 1: Seco031 ($4.02 in chips) 
Seat 2: DuduVB190 ($2.48 in chips) 
Seat 3: dumebel ($7.66 in chips) 
Seat 4: VascoSerg ($5.77 in chips) 
Seat 7: Herbert CNR ($4.90 in chips) 
Seat 8: Yqy147 ($4.93 in chips) 
Seat 9: Dorex2007 ($5 in chips) 
Dorex2007: posts small blind $0.02
Seco031: posts big blind $0.05
*** HOLE CARDS ***
Dealt to Dorex2007 [6c 7s]
DuduVB190: folds 
dumebel: raises $0.10 to $0.15
VascoSerg: folds 
Herbert CNR: folds 
Yqy147: raises $0.37 to $0.52
Dorex2007: folds 
Seco031: folds 
dumebel: calls $0.37
*** FLOP *** [3d 6s Td]
dumebel: checks 
Yqy147: bets $1.06
dumebel: raises $6.08 to $7.14 and is all-in
Yqy147: calls $3.35 and is all-in
Uncalled bet ($2.73) returned to dumebel
*** TURN *** [3d 6s Td] [4c]
*** RIVER *** [3d 6s Td 4c] [9c]
*** SHOW DOWN ***
dumebel: shows [9h 8d] (a pair of Nines)
Yqy147: shows [Jh Ah] (high card Ace)
dumebel collected $9.52 from pot
*** SUMMARY ***
Total pot $9.93 | Rake $0.41 
Board [3d 6s Td 4c 9c]
Seat 1: Seco031 (big blind) folded before Flop
Seat 2: DuduVB190 folded before Flop (didn't bet)
Seat 3: dumebel showed [9h 8d] and won ($9.52) with a pair of Nines
Seat 4: VascoSerg folded before Flop (didn't bet)
Seat 7: Herbert CNR folded before Flop (didn't bet)
Seat 8: Yqy147 (button) showed [Jh Ah] and lost with high card Ace
Seat 9: Dorex2007 (small blind) folded before Flop



PokerStars Hand #237447676389:  Hold'em No Limit ($0.02/$0.05 USD) - 2022/07/18 18:45:15 PT [2022/07/18 21:45:15 ET]
Table 'Kuiper III' 9-max Seat #9 is the button
Seat 1: Seco031 ($3.97 in chips) 
Seat 2: DuduVB190 ($2.48 in chips) 
Seat 3: dumebel ($12.25 in chips) 
Seat 4: VascoSerg ($5.77 in chips) 
Seat 7: Herbert CNR ($4.90 in chips) 
Seat 9: Dorex2007 ($5 in chips) 
Seco031: posts small blind $0.02
DuduVB190: posts big blind $0.05
*** HOLE CARDS ***
Dealt to Dorex2007 [6s Jc]
HELTON2017 leaves the table
dumebel: raises $0.10 to $0.15
Shevcuk joins the table at seat #5 
VascoSerg: folds 
Herbert CNR: calls $0.15
Dorex2007: folds 
Seco031: folds 
DuduVB190: folds 
*** FLOP *** [8h Kd Jh]
dumebel: checks 
Herbert CNR: checks 
*** TURN *** [8h Kd Jh] [7c]
dumebel: bets $0.17
Herbert CNR: folds 
Uncalled bet ($0.17) returned to dumebel
dumebel collected $0.35 from pot
*** SUMMARY ***
Total pot $0.37 | Rake $0.02 
Board [8h Kd Jh 7c]
Seat 1: Seco031 (small blind) folded before Flop
Seat 2: DuduVB190 (big blind) folded before Flop
Seat 3: dumebel collected ($0.35)
Seat 4: VascoSerg folded before Flop (didn't bet)
Seat 7: Herbert CNR folded on the Turn
Seat 9: Dorex2007 (button) folded before Flop (didn't bet)



PokerStars Hand #237447686196:  Hold'em No Limit ($0.02/$0.05 USD) - 2022/07/18 18:46:03 PT [2022/07/18 21:46:03 ET]
Table 'Kuiper III' 9-max Seat #1 is the button
Seat 1: Seco031 ($3.95 in chips) 
Seat 2: DuduVB190 ($2.43 in chips) 
Seat 3: dumebel ($12.45 in chips) 
Seat 4: VascoSerg ($5.77 in chips) 
Seat 7: Herbert CNR ($4.75 in chips) 
Seat 8: Yqy147 ($5 in chips) 
Seat 9: Dorex2007 ($5 in chips) 
DuduVB190: posts small blind $0.02
dumebel: posts big blind $0.05
Shevcuk: sits out 
*** HOLE CARDS ***
Dealt to Dorex2007 [Qd Jh]
VascoSerg: raises $0.10 to $0.15
Herbert CNR: folds 
Yqy147: raises $0.37 to $0.52
Dorex2007: folds 
Seco031: folds 
DuduVB190: calls $0.50
dumebel: calls $0.47
VascoSerg: calls $0.37
*** FLOP *** [7s Kc 7h]
DuduVB190: checks 
dumebel: checks 
VascoSerg: checks 
Yqy147: bets $1.99
DuduVB190: folds 
dumebel: folds 
VascoSerg: folds 
Uncalled bet ($1.99) returned to Yqy147
Yqy147 collected $1.99 from pot
*** SUMMARY ***
Total pot $2.08 | Rake $0.09 
Board [7s Kc 7h]
Seat 1: Seco031 (button) folded before Flop (didn't bet)
Seat 2: DuduVB190 (small blind) folded on the Flop
Seat 3: dumebel (big blind) folded on the Flop
Seat 4: VascoSerg folded on the Flop
Seat 7: Herbert CNR folded before Flop (didn't bet)
Seat 8: Yqy147 collected ($1.99)
Seat 9: Dorex2007 folded before Flop (didn't bet)



PokerStars Hand #237447697429:  Hold'em No Limit ($0.02/$0.05 USD) - 2022/07/18 18:46:59 PT [2022/07/18 21:46:59 ET]
Table 'Kuiper III' 9-max Seat #2 is the button
Seat 1: Seco031 ($3.95 in chips) 
Seat 2: DuduVB190 ($1.91 in chips) 
Seat 3: dumebel ($11.93 in chips) 
Seat 4: VascoSerg ($5.25 in chips) 
Seat 6: tutanpoker ($4.93 in chips) 
Seat 7: Herbert CNR ($4.75 in chips) 
Seat 8: Yqy147 ($6.47 in chips) 
Seat 9: Dorex2007 ($5 in chips) 
dumebel: posts small blind $0.02
VascoSerg: posts big blind $0.05
Shevcuk: sits out 
*** HOLE CARDS ***
Dealt to Dorex2007 [Kh 6c]
tutanpoker: raises $0.10 to $0.15
Herbert CNR: folds 
Yqy147: calls $0.15
Dorex2007: folds 
Seco031: calls $0.15
DuduVB190: folds 
dumebel: folds 
VascoSerg: folds 
*** FLOP *** [4s 8d 9h]
tutanpoker: bets $0.30
Yqy147: calls $0.30
Seco031: calls $0.30
*** TURN *** [4s 8d 9h] [Ac]
tutanpoker: bets $0.57
Yqy147: folds 
Seco031: folds 
Uncalled bet ($0.57) returned to tutanpoker
tutanpoker collected $1.36 from pot
*** SUMMARY ***
Total pot $1.42 | Rake $0.06 
Board [4s 8d 9h Ac]
Seat 1: Seco031 folded on the Turn
Seat 2: DuduVB190 (button) folded before Flop (didn't bet)
Seat 3: dumebel (small blind) folded before Flop
Seat 4: VascoSerg (big blind) folded before Flop
Seat 6: tutanpoker collected ($1.36)
Seat 7: Herbert CNR folded before Flop (didn't bet)
Seat 8: Yqy147 folded on the Turn
Seat 9: Dorex2007 folded before Flop (didn't bet)



PokerStars Hand #237447707640:  Hold'em No Limit ($0.02/$0.05 USD) - 2022/07/18 18:47:49 PT [2022/07/18 21:47:49 ET]
Table 'Kuiper III' 9-max Seat #3 is the button
Seat 1: Seco031 ($3.50 in chips) 
Seat 2: DuduVB190 ($1.91 in chips) 
Seat 3: dumebel ($11.91 in chips) 
Seat 4: VascoSerg ($5.20 in chips) 
Seat 5: Shevcuk ($5 in chips) 
Seat 6: tutanpoker ($5.84 in chips) 
Seat 7: Herbert CNR ($4.75 in chips) 
Seat 8: Yqy147 ($6.02 in chips) 
Seat 9: Dorex2007 ($5 in chips) 
VascoSerg: posts small blind $0.02
Shevcuk: posts big blind $0.05
*** HOLE CARDS ***
Dealt to Dorex2007 [Jh 9d]
tutanpoker: folds 
Herbert CNR: folds 
Yqy147: folds 
Dorex2007: folds 
Seco031: folds 
DuduVB190: calls $0.05
dumebel: raises $0.10 to $0.15
VascoSerg: folds 
Shevcuk: folds 
DuduVB190: calls $0.10
*** FLOP *** [Jd 5c 6h]
DuduVB190: checks 
dumebel: bets $0.25
DuduVB190: folds 
Uncalled bet ($0.25) returned to dumebel
dumebel collected $0.35 from pot
*** SUMMARY ***
Total pot $0.37 | Rake $0.02 
Board [Jd 5c 6h]
Seat 1: Seco031 folded before Flop (didn't bet)
Seat 2: DuduVB190 folded on the Flop
Seat 3: dumebel (button) collected ($0.35)
Seat 4: VascoSerg (small blind) folded before Flop
Seat 5: Shevcuk (big blind) folded before Flop
Seat 6: tutanpoker folded before Flop (didn't bet)
Seat 7: Herbert CNR folded before Flop (didn't bet)
Seat 8: Yqy147 folded before Flop (didn't bet)
Seat 9: Dorex2007 folded before Flop (didn't bet)



PokerStars Hand #237447724380:  Hold'em No Limit ($0.02/$0.05 USD) - 2022/07/18 18:48:31 PT [2022/07/18 21:48:31 ET]
Table 'Kuiper III' 9-max Seat #4 is the button
Seat 1: Seco031 ($3.50 in chips) 
Seat 2: DuduVB190 ($1.76 in chips) 
Seat 3: dumebel ($12.11 in chips) 
Seat 4: VascoSerg ($5.18 in chips) 
Seat 5: Shevcuk ($5 in chips) 
Seat 6: tutanpoker ($5.84 in chips) 
Seat 7: Herbert CNR ($4.75 in chips) 
Seat 8: Yqy147 ($6.02 in chips) 
Seat 9: Dorex2007 ($5 in chips) 
Shevcuk: posts small blind $0.02
tutanpoker: posts big blind $0.05
*** HOLE CARDS ***
Dealt to Dorex2007 [2d 8d]
Herbert CNR: folds 
Yqy147: folds 
Dorex2007: folds 
Seco031: folds 
DuduVB190: folds 
dumebel: raises $0.05 to $0.10
VascoSerg: folds 
Shevcuk: calls $0.08
tutanpoker: calls $0.05
*** FLOP *** [Th 9c Qd]
Shevcuk: checks 
tutanpoker: checks 
dumebel: checks 
*** TURN *** [Th 9c Qd] [8s]
Shevcuk: checks 
tutanpoker: checks 
dumebel: bets $0.14
Shevcuk: calls $0.14
tutanpoker: folds 
*** RIVER *** [Th 9c Qd 8s] [2h]
Shevcuk: checks 
dumebel: bets $0.05
Shevcuk: calls $0.05
*** SHOW DOWN ***
dumebel: shows [3h Ad] (high card Ace)
Shevcuk: shows [Qc 7c] (a pair of Queens)
Shevcuk collected $0.65 from pot
*** SUMMARY ***
Total pot $0.68 | Rake $0.03 
Board [Th 9c Qd 8s 2h]
Seat 1: Seco031 folded before Flop (didn't bet)
Seat 2: DuduVB190 folded before Flop (didn't bet)
Seat 3: dumebel showed [3h Ad] and lost with high card Ace
Seat 4: VascoSerg (button) folded before Flop (didn't bet)
Seat 5: Shevcuk (small blind) showed [Qc 7c] and won ($0.65) with a pair of Queens
Seat 6: tutanpoker (big blind) folded on the Turn
Seat 7: Herbert CNR folded before Flop (didn't bet)
Seat 8: Yqy147 folded before Flop (didn't bet)
Seat 9: Dorex2007 folded before Flop (didn't bet)



PokerStars Hand #237447746119:  Hold'em No Limit ($0.02/$0.05 USD) - 2022/07/18 18:50:19 PT [2022/07/18 21:50:19 ET]
Table 'Kuiper III' 9-max Seat #5 is the button
Seat 1: Seco031 ($3.50 in chips) 
Seat 2: DuduVB190 ($1.76 in chips) 
Seat 3: dumebel ($11.82 in chips) 
Seat 4: VascoSerg ($5.18 in chips) 
Seat 5: Shevcuk ($5.36 in chips) 
Seat 6: tutanpoker ($5.74 in chips) 
Seat 7: Herbert CNR ($4.75 in chips) 
Seat 8: Yqy147 ($6.02 in chips) 
Seat 9: Dorex2007 ($5 in chips) 
tutanpoker: posts small blind $0.02
Herbert CNR: posts big blind $0.05
*** HOLE CARDS ***
Dealt to Dorex2007 [4s 8h]
Yqy147: raises $0.05 to $0.10
Dorex2007: folds 
Seco031: folds 
DuduVB190: calls $0.10
dumebel: calls $0.10
VascoSerg: calls $0.10
Shevcuk: calls $0.10
tutanpoker: raises $0.90 to $1
Herbert CNR: folds 
Yqy147: folds 
DuduVB190: calls $0.90
dumebel: folds 
VascoSerg: folds 
Shevcuk: folds 
*** FLOP *** [Qh 5d 9h]
tutanpoker: bets $1
DuduVB190: calls $0.76 and is all-in
Uncalled bet ($0.24) returned to tutanpoker
*** TURN *** [Qh 5d 9h] [Jd]
*** RIVER *** [Qh 5d 9h Jd] [5s]
*** SHOW DOWN ***
tutanpoker: shows [Ah Ad] (two pair, Aces and Fives)
DuduVB190: shows [8s Qc] (two pair, Queens and Fives)
tutanpoker collected $3.81 from pot
DuduVB190 cashed out the hand for $0.77 | Cash Out Fee $0.01
*** SUMMARY ***
Total pot $3.97 | Rake $0.16 
Board [Qh 5d 9h Jd 5s]
Seat 1: Seco031 folded before Flop (didn't bet)
Seat 2: DuduVB190 showed [8s Qc] and lost with two pair, Queens and Fives (cashed out).
Seat 3: dumebel folded before Flop
Seat 4: VascoSerg folded before Flop
Seat 5: Shevcuk (button) folded before Flop
Seat 6: tutanpoker (small blind) showed [Ah Ad] and won ($3.81) with two pair, Aces and Fives
Seat 7: Herbert CNR (big blind) folded before Flop
Seat 8: Yqy147 folded before Flop
Seat 9: Dorex2007 folded before Flop (didn't bet)



PokerStars Hand #237447761053:  Hold'em No Limit ($0.02/$0.05 USD) - 2022/07/18 18:51:34 PT [2022/07/18 21:51:34 ET]
Table 'Kuiper III' 9-max Seat #6 is the button
Seat 1: Seco031 ($3.50 in chips) 
Seat 2: DuduVB190 ($0.77 in chips) 
Seat 3: dumebel ($11.72 in chips) 
Seat 4: VascoSerg ($5.08 in chips) 
Seat 5: Shevcuk ($5.26 in chips) 
Seat 6: tutanpoker ($7.79 in chips) 
Seat 7: Herbert CNR ($4.70 in chips) 
Seat 8: Yqy147 ($5.92 in chips) 
Seat 9: Dorex2007 ($5 in chips) 
Herbert CNR: posts small blind $0.02
Yqy147: posts big blind $0.05
*** HOLE CARDS ***
Dealt to Dorex2007 [Jh 9h]
Dorex2007: folds 
Seco031: calls $0.05
DuduVB190: calls $0.05
dumebel: folds 
VascoSerg: folds 
Shevcuk: folds 
tutanpoker: raises $0.15 to $0.20
Herbert CNR: calls $0.18
Yqy147: calls $0.15
Seco031: folds 
DuduVB190: calls $0.15
*** FLOP *** [4s 5d 4h]
Herbert CNR: bets $0.20
Yqy147: raises $5.52 to $5.72 and is all-in
DuduVB190: folds 
tutanpoker: folds 
Herbert CNR: folds 
Uncalled bet ($5.52) returned to Yqy147
Yqy147 collected $1.20 from pot
*** SUMMARY ***
Total pot $1.25 | Rake $0.05 
Board [4s 5d 4h]
Seat 1: Seco031 folded before Flop
Seat 2: DuduVB190 folded on the Flop
Seat 3: dumebel folded before Flop (didn't bet)
Seat 4: VascoSerg folded before Flop (didn't bet)
Seat 5: Shevcuk folded before Flop (didn't bet)
Seat 6: tutanpoker (button) folded on the Flop
Seat 7: Herbert CNR (small blind) folded on the Flop
Seat 8: Yqy147 (big blind) collected ($1.20)
Seat 9: Dorex2007 folded before Flop (didn't bet)



PokerStars Hand #237447772577:  Hold'em No Limit ($0.02/$0.05 USD) - 2022/07/18 18:52:31 PT [2022/07/18 21:52:31 ET]
Table 'Kuiper III' 9-max Seat #7 is the button
Seat 1: Seco031 ($3.45 in chips) 
Seat 2: DuduVB190 ($0.57 in chips) 
Seat 3: dumebel ($11.72 in chips) 
Seat 4: VascoSerg ($5.08 in chips) 
Seat 5: Shevcuk ($5.26 in chips) 
Seat 6: tutanpoker ($7.59 in chips) 
Seat 7: Herbert CNR ($4.30 in chips) 
Seat 8: Yqy147 ($6.72 in chips) 
Seat 9: Dorex2007 ($5 in chips) 
Yqy147: posts small blind $0.02
Dorex2007: posts big blind $0.05
*** HOLE CARDS ***
Dealt to Dorex2007 [Qd 7c]
Seco031: calls $0.05
DuduVB190: raises $0.52 to $0.57 and is all-in
dumebel: folds 
VascoSerg: folds 
Shevcuk has timed out
Shevcuk: folds 
tutanpoker: folds 
Herbert CNR: folds 
Yqy147: folds 
Dorex2007: folds 
Seco031: calls $0.52
*** FLOP *** [Ad 9d Js]
*** TURN *** [Ad 9d Js] [Kd]
*** RIVER *** [Ad 9d Js Kd] [2s]
*** SHOW DOWN ***
Seco031: shows [As 9h] (two pair, Aces and Nines)
DuduVB190: shows [Ks Qh] (a pair of Kings)
Seco031 collected $1.16 from pot
*** SUMMARY ***
Total pot $1.21 | Rake $0.05 
Board [Ad 9d Js Kd 2s]
Seat 1: Seco031 showed [As 9h] and won ($1.16) with two pair, Aces and Nines
Seat 2: DuduVB190 showed [Ks Qh] and lost with a pair of Kings
Seat 3: dumebel folded before Flop (didn't bet)
Seat 4: VascoSerg folded before Flop (didn't bet)
Seat 5: Shevcuk folded before Flop (didn't bet)
Seat 6: tutanpoker folded before Flop (didn't bet)
Seat 7: Herbert CNR (button) folded before Flop (didn't bet)
Seat 8: Yqy147 (small blind) folded before Flop
Seat 9: Dorex2007 (big blind) folded before Flop



PokerStars Hand #237447785945:  Hold'em No Limit ($0.02/$0.05 USD) - 2022/07/18 18:53:38 PT [2022/07/18 21:53:38 ET]
Table 'Kuiper III' 9-max Seat #8 is the button
Seat 1: Seco031 ($4.04 in chips) 
Seat 3: dumebel ($11.72 in chips) 
Seat 4: VascoSerg ($5.08 in chips) 
Seat 6: tutanpoker ($7.59 in chips) 
Seat 7: Herbert CNR ($4.30 in chips) 
Seat 8: Yqy147 ($6.70 in chips) 
Seat 9: Dorex2007 ($5 in chips) 
Dorex2007: posts small blind $0.02
Seco031: posts big blind $0.05
*** HOLE CARDS ***
Dealt to Dorex2007 [7c Ts]
dumebel: folds 
VascoSerg: folds 
tutanpoker: folds 
Herbert CNR: folds 
Yqy147: raises $0.10 to $0.15
Dorex2007: folds 
Seco031: calls $0.10
*** FLOP *** [Kh 3h 6d]
Seco031: checks 
Yqy147: checks 
*** TURN *** [Kh 3h 6d] [Js]
Seco031: checks 
DuduVB190 is disconnected 
Yqy147: checks 
*** RIVER *** [Kh 3h 6d Js] [2s]
Seco031: bets $0.05
Yqy147: folds 
Uncalled bet ($0.05) returned to Seco031
Seco031 collected $0.31 from pot
*** SUMMARY ***
Total pot $0.32 | Rake $0.01 
Board [Kh 3h 6d Js 2s]
Seat 1: Seco031 (big blind) collected ($0.31)
Seat 3: dumebel folded before Flop (didn't bet)
Seat 4: VascoSerg folded before Flop (didn't bet)
Seat 6: tutanpoker folded before Flop (didn't bet)
Seat 7: Herbert CNR folded before Flop (didn't bet)
Seat 8: Yqy147 (button) folded on the River
Seat 9: Dorex2007 (small blind) folded before Flop



PokerStars Hand #237447792529:  Hold'em No Limit ($0.02/$0.05 USD) - 2022/07/18 18:54:11 PT [2022/07/18 21:54:11 ET]
Table 'Kuiper III' 9-max Seat #9 is the button
Seat 1: Seco031 ($4.20 in chips) 
Seat 3: dumebel ($11.72 in chips) 
Seat 4: VascoSerg ($5.08 in chips) 
Seat 5: Shevcuk ($5.26 in chips) 
Seat 6: tutanpoker ($7.59 in chips) 
Seat 7: Herbert CNR ($4.30 in chips) 
Seat 8: Yqy147 ($6.55 in chips) 
Seat 9: Dorex2007 ($5 in chips) 
Seco031: posts small blind $0.02
dumebel: posts big blind $0.05
*** HOLE CARDS ***
Dealt to Dorex2007 [3c 9c]
VascoSerg: folds 
Shevcuk has timed out
Shevcuk: folds 
tutanpoker: calls $0.05
Herbert CNR: folds 
Yqy147: raises $0.17 to $0.22
Dorex2007: folds 
Seco031: calls $0.20
dumebel: folds 
DuduVB190 leaves the table
tutanpoker: folds 
*** FLOP *** [Ts 2d 3s]
Seco031: checks 
Yqy147: checks 
*** TURN *** [Ts 2d 3s] [Ks]
Chapeee joins the table at seat #2 
Seco031: checks 
Yqy147: bets $0.26
Seco031: folds 
Uncalled bet ($0.26) returned to Yqy147
Yqy147 collected $0.52 from pot
*** SUMMARY ***
Total pot $0.54 | Rake $0.02 
Board [Ts 2d 3s Ks]
Seat 1: Seco031 (small blind) folded on the Turn
Seat 3: dumebel (big blind) folded before Flop
Seat 4: VascoSerg folded before Flop (didn't bet)
Seat 5: Shevcuk folded before Flop (didn't bet)
Seat 6: tutanpoker folded before Flop
Seat 7: Herbert CNR folded before Flop (didn't bet)
Seat 8: Yqy147 collected ($0.52)
Seat 9: Dorex2007 (button) folded before Flop (didn't bet)



PokerStars Hand #237447801744:  Hold'em No Limit ($0.02/$0.05 USD) - 2022/07/18 18:54:58 PT [2022/07/18 21:54:58 ET]
Table 'Kuiper III' 9-max Seat #1 is the button
Seat 1: Seco031 ($3.98 in chips) 
Seat 3: dumebel ($11.67 in chips) 
Seat 4: VascoSerg ($5.08 in chips) 
Seat 5: Shevcuk ($5.26 in chips) 
Seat 6: tutanpoker ($7.54 in chips) 
Seat 7: Herbert CNR ($4.30 in chips) 
Seat 8: Yqy147 ($6.85 in chips) 
Seat 9: Dorex2007 ($5 in chips) 
dumebel: posts small blind $0.02
VascoSerg: posts big blind $0.05
*** HOLE CARDS ***
Dealt to Dorex2007 [7d 3d]
Shevcuk: folds 
tutanpoker: folds 
Herbert CNR: folds 
Yqy147: folds 
Dorex2007: folds 
Seco031: folds 
dumebel: raises $0.10 to $0.15
VascoSerg: folds 
Uncalled bet ($0.10) returned to dumebel
dumebel collected $0.10 from pot
*** SUMMARY ***
Total pot $0.10 | Rake $0 
Seat 1: Seco031 (button) folded before Flop (didn't bet)
Seat 3: dumebel (small blind) collected ($0.10)
Seat 4: VascoSerg (big blind) folded before Flop
Seat 5: Shevcuk folded before Flop (didn't bet)
Seat 6: tutanpoker folded before Flop (didn't bet)
Seat 7: Herbert CNR folded before Flop (didn't bet)
Seat 8: Yqy147 folded before Flop (didn't bet)
Seat 9: Dorex2007 folded before Flop (didn't bet)



PokerStars Hand #237447805947:  Hold'em No Limit ($0.02/$0.05 USD) - 2022/07/18 18:55:23 PT [2022/07/18 21:55:23 ET]
Table 'Kuiper III' 9-max Seat #3 is the button
Seat 1: Seco031 ($3.98 in chips) 
Seat 3: dumebel ($11.72 in chips) 
Seat 4: VascoSerg ($5.03 in chips) 
Seat 5: Shevcuk ($5.26 in chips) 
Seat 6: tutanpoker ($7.54 in chips) 
Seat 7: Herbert CNR ($4.30 in chips) 
Seat 8: Yqy147 ($6.85 in chips) 
Seat 9: Dorex2007 ($5 in chips) 
VascoSerg: posts small blind $0.02
Shevcuk: posts big blind $0.05
Chapeee: sits out 
*** HOLE CARDS ***
Dealt to Dorex2007 [Ah 3d]
tutanpoker has timed out
tutanpoker: folds 
Herbert CNR: folds 
Yqy147: folds 
Dorex2007: folds 
Seco031: calls $0.05
dumebel: folds 
VascoSerg: folds 
Shevcuk: checks 
*** FLOP *** [4s 8d Jh]
Shevcuk: checks 
Seco031: bets $0.20
Shevcuk: folds 
Uncalled bet ($0.20) returned to Seco031
Seco031 collected $0.12 from pot
*** SUMMARY ***
Total pot $0.12 | Rake $0 
Board [4s 8d Jh]
Seat 1: Seco031 collected ($0.12)
Seat 3: dumebel (button) folded before Flop (didn't bet)
Seat 4: VascoSerg (small blind) folded before Flop
Seat 5: Shevcuk (big blind) folded on the Flop
Seat 6: tutanpoker folded before Flop (didn't bet)
Seat 7: Herbert CNR folded before Flop (didn't bet)
Seat 8: Yqy147 folded before Flop (didn't bet)
Seat 9: Dorex2007 folded before Flop (didn't bet)



PokerStars Hand #237447811489:  Hold'em No Limit ($0.02/$0.05 USD) - 2022/07/18 18:55:59 PT [2022/07/18 21:55:59 ET]
Table 'Kuiper III' 9-max Seat #4 is the button
Seat 1: Seco031 ($4.05 in chips) 
Seat 3: dumebel ($11.72 in chips) 
Seat 4: VascoSerg ($5.01 in chips) 
Seat 5: Shevcuk ($5.21 in chips) 
Seat 6: tutanpoker ($7.54 in chips) 
Seat 7: Herbert CNR ($4.30 in chips) 
Seat 8: Yqy147 ($6.85 in chips) 
Seat 9: Dorex2007 ($5 in chips) 
Shevcuk: posts small blind $0.02
tutanpoker: posts big blind $0.05
Chapeee: sits out 
*** HOLE CARDS ***
Dealt to Dorex2007 [9h 6h]
Herbert CNR: folds 
Yqy147: folds 
Dorex2007: folds 
Seco031: folds 
dumebel: folds 
VascoSerg: raises $0.10 to $0.15
Shevcuk: folds 
tutanpoker is connected 
tutanpoker: calls $0.10
*** FLOP *** [Ks 3c 7d]
tutanpoker: checks 
VascoSerg: bets $0.21
tutanpoker: folds 
Uncalled bet ($0.21) returned to VascoSerg
VascoSerg collected $0.31 from pot
*** SUMMARY ***
Total pot $0.32 | Rake $0.01 
Board [Ks 3c 7d]
Seat 1: Seco031 folded before Flop (didn't bet)
Seat 3: dumebel folded before Flop (didn't bet)
Seat 4: VascoSerg (button) collected ($0.31)
Seat 5: Shevcuk (small blind) folded before Flop
Seat 6: tutanpoker (big blind) folded on the Flop
Seat 7: Herbert CNR folded before Flop (didn't bet)
Seat 8: Yqy147 folded before Flop (didn't bet)
Seat 9: Dorex2007 folded before Flop (didn't bet)



PokerStars Hand #237447819299:  Hold'em No Limit ($0.02/$0.05 USD) - 2022/07/18 18:56:49 PT [2022/07/18 21:56:49 ET]
Table 'Kuiper III' 9-max Seat #5 is the button
Seat 1: Seco031 ($4.05 in chips) 
Seat 3: dumebel ($11.72 in chips) 
Seat 4: VascoSerg ($5.17 in chips) 
Seat 5: Shevcuk ($5.19 in chips) 
Seat 6: tutanpoker ($7.39 in chips) 
Seat 7: Herbert CNR ($4.30 in chips) 
Seat 8: Yqy147 ($6.85 in chips) 
Seat 9: Dorex2007 ($5 in chips) 
tutanpoker: posts small blind $0.02
Herbert CNR: posts big blind $0.05
Chapeee: sits out 
*** HOLE CARDS ***
Dealt to Dorex2007 [7d 6d]
Yqy147: folds 
Dorex2007: folds 
Seco031: raises $0.05 to $0.10
dumebel: folds 
VascoSerg: folds 
Shevcuk: folds 
tutanpoker: calls $0.08
Herbert CNR: calls $0.05
*** FLOP *** [Jd Ts Qs]
tutanpoker: bets $0.05
Herbert CNR: calls $0.05
Seco031: calls $0.05
*** TURN *** [Jd Ts Qs] [Qh]
tutanpoker: checks 
Herbert CNR: bets $0.15
Seco031: calls $0.15
tutanpoker: folds 
*** RIVER *** [Jd Ts Qs Qh] [8h]
Herbert CNR: checks 
Seco031: checks 
*** SHOW DOWN ***
Herbert CNR: shows [Kc Td] (two pair, Queens and Tens)
Seco031: mucks hand 
Herbert CNR collected $0.72 from pot
*** SUMMARY ***
Total pot $0.75 | Rake $0.03 
Board [Jd Ts Qs Qh 8h]
Seat 1: Seco031 mucked [As 2s]
Seat 3: dumebel folded before Flop (didn't bet)
Seat 4: VascoSerg folded before Flop (didn't bet)
Seat 5: Shevcuk (button) folded before Flop (didn't bet)
Seat 6: tutanpoker (small blind) folded on the Turn
Seat 7: Herbert CNR (big blind) showed [Kc Td] and won ($0.72) with two pair, Queens and Tens
Seat 8: Yqy147 folded before Flop (didn't bet)
Seat 9: Dorex2007 folded before Flop (didn't bet)



PokerStars Hand #237447830024:  Hold'em No Limit ($0.02/$0.05 USD) - 2022/07/18 18:57:55 PT [2022/07/18 21:57:55 ET]
Table 'Kuiper III' 9-max Seat #6 is the button
Seat 1: Seco031 ($3.75 in chips) 
Seat 3: dumebel ($11.72 in chips) 
Seat 4: VascoSerg ($5.17 in chips) 
Seat 5: Shevcuk ($5.19 in chips) 
Seat 6: tutanpoker ($7.24 in chips) 
Seat 7: Herbert CNR ($4.72 in chips) 
Seat 8: Yqy147 ($6.85 in chips) 
Seat 9: Dorex2007 ($5 in chips) 
Herbert CNR: posts small blind $0.02
Yqy147: posts big blind $0.05
Chapeee: sits out 
*** HOLE CARDS ***
Dealt to Dorex2007 [2d 2s]
Dorex2007: raises $0.05 to $0.10
Seco031: calls $0.10
dumebel: raises $0.15 to $0.25
VascoSerg: folds 
Shevcuk: folds 
tutanpoker: calls $0.25
Herbert CNR: folds 
Yqy147: folds 
Dorex2007: calls $0.15
Seco031: calls $0.15
*** FLOP *** [7c Ts Qh]
Dorex2007: checks 
Seco031: checks 
dumebel: bets $0.75
tutanpoker: calls $0.75
Dorex2007: folds 
Seco031: calls $0.75
*** TURN *** [7c Ts Qh] [Th]
Seco031: checks 
dumebel: checks 
tutanpoker: checks 
*** RIVER *** [7c Ts Qh Th] [Jc]
Seco031: checks 
dumebel: checks 
tutanpoker: checks 
*** SHOW DOWN ***
Seco031: shows [Kd Ks] (two pair, Kings and Tens)
dumebel: mucks hand 
tutanpoker: mucks hand 
Seco031 collected $3.18 from pot
*** SUMMARY ***
Total pot $3.32 | Rake $0.14 
Board [7c Ts Qh Th Jc]
Seat 1: Seco031 showed [Kd Ks] and won ($3.18) with two pair, Kings and Tens
Seat 3: dumebel mucked [8h 8c]
Seat 4: VascoSerg folded before Flop (didn't bet)
Seat 5: Shevcuk folded before Flop (didn't bet)
Seat 6: tutanpoker (button) mucked [Kc Js]
Seat 7: Herbert CNR (small blind) folded before Flop
Seat 8: Yqy147 (big blind) folded before Flop
Seat 9: Dorex2007 folded on the Flop



PokerStars Hand #237447851302:  Hold'em No Limit ($0.02/$0.05 USD) - 2022/07/18 18:59:26 PT [2022/07/18 21:59:26 ET]
Table 'Kuiper III' 9-max Seat #7 is the button
Seat 1: Seco031 ($5.93 in chips) 
Seat 3: dumebel ($10.72 in chips) 
Seat 4: VascoSerg ($5.17 in chips) 
Seat 5: Shevcuk ($5.19 in chips) 
Seat 6: tutanpoker ($6.24 in chips) 
Seat 7: Herbert CNR ($4.70 in chips) 
Seat 8: Yqy147 ($6.80 in chips) 
Seat 9: Dorex2007 ($5 in chips) 
Yqy147: posts small blind $0.02
Dorex2007: posts big blind $0.05
Chapeee: sits out 
*** HOLE CARDS ***
Dealt to Dorex2007 [5c Qs]
Seco031: folds 
dumebel: raises $0.05 to $0.10
VascoSerg: folds 
Shevcuk: folds 
tutanpoker: folds 
Herbert CNR: folds 
Yqy147: raises $0.40 to $0.50
Dorex2007: folds 
dumebel: calls $0.40
*** FLOP *** [6h 7h 3d]
Yqy147: bets $0.50
dumebel: calls $0.50
*** TURN *** [6h 7h 3d] [8d]
Yqy147: bets $5.80 and is all-in
dumebel: calls $5.80
*** RIVER *** [6h 7h 3d 8d] [5h]
*** SHOW DOWN ***
Yqy147: shows [Ad 4d] (a straight, Four to Eight)
dumebel: shows [3h Kh] (a flush, King high)
dumebel collected $13.08 from pot
*** SUMMARY ***
Total pot $13.65 | Rake $0.57 
Board [6h 7h 3d 8d 5h]
Seat 1: Seco031 folded before Flop (didn't bet)
Seat 3: dumebel showed [3h Kh] and won ($13.08) with a flush, King high
Seat 4: VascoSerg folded before Flop (didn't bet)
Seat 5: Shevcuk folded before Flop (didn't bet)
Seat 6: tutanpoker folded before Flop (didn't bet)
Seat 7: Herbert CNR (button) folded before Flop (didn't bet)
Seat 8: Yqy147 (small blind) showed [Ad 4d] and lost with a straight, Four to Eight
Seat 9: Dorex2007 (big blind) folded before Flop



PokerStars Hand #237447859000:  Hold'em No Limit ($0.02/$0.05 USD) - 2022/07/18 19:00:14 PT [2022/07/18 22:00:14 ET]
Table 'Kuiper III' 9-max Seat #9 is the button
Seat 1: Seco031 ($5.93 in chips) 
Seat 2: Chapeee ($5 in chips) 
Seat 3: dumebel ($17 in chips) 
Seat 4: VascoSerg ($5.17 in chips) 
Seat 5: Shevcuk ($5.19 in chips) 
Seat 6: tutanpoker ($6.24 in chips) 
Seat 7: Herbert CNR ($4.70 in chips) 
Seat 9: Dorex2007 ($5 in chips) 
Seco031: posts small blind $0.02
Chapeee: posts big blind $0.05
*** HOLE CARDS ***
Dealt to Dorex2007 [7c Th]
dumebel: folds 
VascoSerg: folds 
Shevcuk: folds 
tutanpoker: raises $0.10 to $0.15
Herbert CNR: folds 
Dorex2007: folds 
Seco031: calls $0.13
Yqy147 leaves the table
Chapeee: folds 
*** FLOP *** [9s Jc 6s]
Seco031: checks 
tutanpoker: bets $0.20
Seco031: folds 
Uncalled bet ($0.20) returned to tutanpoker
tutanpoker collected $0.34 from pot
*** SUMMARY ***
Total pot $0.35 | Rake $0.01 
Board [9s Jc 6s]
Seat 1: Seco031 (small blind) folded on the Flop
Seat 2: Chapeee (big blind) folded before Flop
Seat 3: dumebel folded before Flop (didn't bet)
Seat 4: VascoSerg folded before Flop (didn't bet)
Seat 5: Shevcuk folded before Flop (didn't bet)
Seat 6: tutanpoker collected ($0.34)
Seat 7: Herbert CNR folded before Flop (didn't bet)
Seat 9: Dorex2007 (button) folded before Flop (didn't bet)



PokerStars Hand #237447868310:  Hold'em No Limit ($0.02/$0.05 USD) - 2022/07/18 19:01:07 PT [2022/07/18 22:01:07 ET]
Table 'Kuiper III' 9-max Seat #1 is the button
Seat 1: Seco031 ($5.78 in chips) 
Seat 2: Chapeee ($5 in chips) 
Seat 3: dumebel ($17 in chips) 
Seat 4: VascoSerg ($5.17 in chips) 
Seat 5: Shevcuk ($5.19 in chips) 
Seat 6: tutanpoker ($6.43 in chips) 
Seat 7: Herbert CNR ($4.70 in chips) 
Seat 9: Dorex2007 ($5 in chips) 
Chapeee: posts small blind $0.02
dumebel: posts big blind $0.05
*** HOLE CARDS ***
Dealt to Dorex2007 [7c 5d]
VascoSerg: folds 
Shevcuk: folds 
tutanpoker: folds 
Herbert CNR: folds 
Dorex2007: folds 
Seco031: calls $0.05
Chapeee: raises $0.15 to $0.20
dumebel: calls $0.15
Seco031: calls $0.15
*** FLOP *** [Ts 9s Jc]
Chapeee: checks 
dumebel: bets $0.29
Seco031: folds 
Chapeee: calls $0.29
*** TURN *** [Ts 9s Jc] [4h]
Chapeee: checks 
Iara Lala joins the table at seat #8 
dumebel: bets $0.56
Chapeee: folds 
Uncalled bet ($0.56) returned to dumebel
dumebel collected $1.13 from pot
*** SUMMARY ***
Total pot $1.18 | Rake $0.05 
Board [Ts 9s Jc 4h]
Seat 1: Seco031 (button) folded on the Flop
Seat 2: Chapeee (small blind) folded on the Turn
Seat 3: dumebel (big blind) collected ($1.13)
Seat 4: VascoSerg folded before Flop (didn't bet)
Seat 5: Shevcuk folded before Flop (didn't bet)
Seat 6: tutanpoker folded before Flop (didn't bet)
Seat 7: Herbert CNR folded before Flop (didn't bet)
Seat 9: Dorex2007 folded before Flop (didn't bet)



PokerStars Hand #237447879087:  Hold'em No Limit ($0.02/$0.05 USD) - 2022/07/18 19:02:03 PT [2022/07/18 22:02:03 ET]
Table 'Kuiper III' 9-max Seat #2 is the button
Seat 1: Seco031 ($5.58 in chips) 
Seat 2: Chapeee ($5 in chips) 
Seat 3: dumebel ($17.64 in chips) 
Seat 4: VascoSerg ($5.17 in chips) 
Seat 5: Shevcuk ($5.19 in chips) 
Seat 6: tutanpoker ($6.43 in chips) 
Seat 7: Herbert CNR ($4.70 in chips) 
Seat 9: Dorex2007 ($5 in chips) 
dumebel: posts small blind $0.02
VascoSerg: posts big blind $0.05
Iara Lala: sits out 
*** HOLE CARDS ***
Dealt to Dorex2007 [2h 5c]
Shevcuk: folds 
tutanpoker has timed out
tutanpoker: folds 
Herbert CNR: folds 
Dorex2007: folds 
Seco031: calls $0.05
Chapeee: raises $0.15 to $0.20
dumebel: folds 
VascoSerg: folds 
Seco031: calls $0.15
*** FLOP *** [Js 4c 3d]
Seco031: checks 
Chapeee: bets $0.18
Seco031: calls $0.18
*** TURN *** [Js 4c 3d] [Jh]
Seco031: checks 
Chapeee: checks 
*** RIVER *** [Js 4c 3d Jh] [5s]
Seco031: bets $0.25
Chapeee: folds 
Uncalled bet ($0.25) returned to Seco031
Seco031 collected $0.80 from pot
*** SUMMARY ***
Total pot $0.83 | Rake $0.03 
Board [Js 4c 3d Jh 5s]
Seat 1: Seco031 collected ($0.80)
Seat 2: Chapeee (button) folded on the River
Seat 3: dumebel (small blind) folded before Flop
Seat 4: VascoSerg (big blind) folded before Flop
Seat 5: Shevcuk folded before Flop (didn't bet)
Seat 6: tutanpoker folded before Flop (didn't bet)
Seat 7: Herbert CNR folded before Flop (didn't bet)
Seat 9: Dorex2007 folded before Flop (didn't bet)



PokerStars Hand #237447900105:  Hold'em No Limit ($0.02/$0.05 USD) - 2022/07/18 19:03:27 PT [2022/07/18 22:03:27 ET]
Table 'Kuiper III' 9-max Seat #3 is the button
Seat 1: Seco031 ($6 in chips) 
Seat 2: Chapeee ($5 in chips) 
Seat 3: dumebel ($17.62 in chips) 
Seat 4: VascoSerg ($5.12 in chips) 
Seat 5: Shevcuk ($5.19 in chips) 
Seat 6: tutanpoker ($6.43 in chips) 
Seat 7: Herbert CNR ($4.70 in chips) 
Seat 9: Dorex2007 ($5 in chips) 
VascoSerg: posts small blind $0.02
Shevcuk: posts big blind $0.05
Iara Lala: sits out 
*** HOLE CARDS ***
Dealt to Dorex2007 [4d 5h]
tutanpoker has timed out
tutanpoker: folds 
Herbert CNR: folds 
Dorex2007: folds 
Seco031: folds 
Chapeee: folds 
dumebel: raises $0.10 to $0.15
VascoSerg: folds 
Shevcuk: calls $0.10
*** FLOP *** [2h 7s 7d]
Shevcuk: checks 
dumebel: checks 
*** TURN *** [2h 7s 7d] [Qd]
Shevcuk: bets $0.25
dumebel: folds 
Uncalled bet ($0.25) returned to Shevcuk
Shevcuk collected $0.31 from pot
*** SUMMARY ***
Total pot $0.32 | Rake $0.01 
Board [2h 7s 7d Qd]
Seat 1: Seco031 folded before Flop (didn't bet)
Seat 2: Chapeee folded before Flop (didn't bet)
Seat 3: dumebel (button) folded on the Turn
Seat 4: VascoSerg (small blind) folded before Flop
Seat 5: Shevcuk (big blind) collected ($0.31)
Seat 6: tutanpoker folded before Flop (didn't bet)
Seat 7: Herbert CNR folded before Flop (didn't bet)
Seat 9: Dorex2007 folded before Flop (didn't bet)



PokerStars Hand #237447908543:  Hold'em No Limit ($0.02/$0.05 USD) - 2022/07/18 19:04:11 PT [2022/07/18 22:04:11 ET]
Table 'Kuiper III' 9-max Seat #4 is the button
Seat 1: Seco031 ($6 in chips) 
Seat 2: Chapeee ($5 in chips) 
Seat 3: dumebel ($17.47 in chips) 
Seat 4: VascoSerg ($5.10 in chips) 
Seat 5: Shevcuk ($5.35 in chips) 
Seat 7: Herbert CNR ($4.70 in chips) 
Seat 9: Dorex2007 ($5 in chips) 
Shevcuk: posts small blind $0.02
Herbert CNR: posts big blind $0.05
Iara Lala: sits out 
*** HOLE CARDS ***
Dealt to Dorex2007 [Qh 6d]
Dorex2007: folds 
Seco031: raises $0.05 to $0.10
Chapeee: folds 
dumebel: folds 
VascoSerg: folds 
Shevcuk: folds 
Herbert CNR: folds 
Uncalled bet ($0.05) returned to Seco031
Seco031 collected $0.12 from pot
*** SUMMARY ***
Total pot $0.12 | Rake $0 
Seat 1: Seco031 collected ($0.12)
Seat 2: Chapeee folded before Flop (didn't bet)
Seat 3: dumebel folded before Flop (didn't bet)
Seat 4: VascoSerg (button) folded before Flop (didn't bet)
Seat 5: Shevcuk (small blind) folded before Flop
Seat 7: Herbert CNR (big blind) folded before Flop
Seat 9: Dorex2007 folded before Flop (didn't bet)



