PokerStars Hand #227047482757:  Hold'em No Limit ($0.01/$0.02 USD) - 2021/05/24 23:23:00 PT [2021/05/25 2:23:00 ET]
Table 'Anubis III' 9-max Seat #5 is the button
Seat 1: Evgenij247 ($2.69 in chips) 
Seat 2: Tavrus32 ($2.29 in chips) 
Seat 3: Pajkeeee ($2.21 in chips) 
Seat 4: shuhrat19744 ($2.85 in chips) 
Seat 5: deileon ($1.15 in chips) 
Seat 6: bloody55hawk ($0.80 in chips) 
Seat 7: Dorex2007 ($2 in chips) 
Seat 8: vkorgik ($1.28 in chips) 
Seat 9: Kupec Danila ($1.61 in chips) 
bloody55hawk: posts small blind $0.01
Dorex2007: posts big blind $0.02
*** HOLE CARDS ***
Dealt to Dorex2007 [Ts Th]
vkorgik: folds 
Kupec Danila: folds 
Evgenij247: folds 
Tavrus32: raises $0.04 to $0.06
Pajkeeee: folds 
shuhrat19744: folds 
deileon: folds 
bloody55hawk: folds 
Dorex2007: calls $0.04
*** FLOP *** [3h 7c 9c]
Dorex2007: bets $0.09
Tavrus32: folds 
Uncalled bet ($0.09) returned to Dorex2007
Dorex2007 collected $0.13 from pot
Dorex2007: doesn't show hand 
*** SUMMARY ***
Total pot $0.13 | Rake $0 
Board [3h 7c 9c]
Seat 1: Evgenij247 folded before Flop (didn't bet)
Seat 2: Tavrus32 folded on the Flop
Seat 3: Pajkeeee folded before Flop (didn't bet)
Seat 4: shuhrat19744 folded before Flop (didn't bet)
Seat 5: deileon (button) folded before Flop (didn't bet)
Seat 6: bloody55hawk (small blind) folded before Flop
Seat 7: Dorex2007 (big blind) collected ($0.13)
Seat 8: vkorgik folded before Flop (didn't bet)
Seat 9: Kupec Danila folded before Flop (didn't bet)



PokerStars Hand #227047487842:  Hold'em No Limit ($0.01/$0.02 USD) - 2021/05/24 23:23:37 PT [2021/05/25 2:23:37 ET]
Table 'Anubis III' 9-max Seat #6 is the button
Seat 1: Evgenij247 ($2.69 in chips) 
Seat 2: Tavrus32 ($2.23 in chips) 
Seat 3: Pajkeeee ($2.21 in chips) 
Seat 4: shuhrat19744 ($2.85 in chips) 
Seat 5: deileon ($1.15 in chips) 
Seat 6: bloody55hawk ($0.80 in chips) 
Seat 7: Dorex2007 ($2.07 in chips) 
Seat 9: Kupec Danila ($1.61 in chips) 
Dorex2007: posts small blind $0.01
vkorgik: is sitting out 
Kupec Danila: posts big blind $0.02
*** HOLE CARDS ***
Dealt to Dorex2007 [5s 5c]
vkorgik leaves the table
Evgenij247: raises $0.04 to $0.06
Tavrus32: folds 
Pajkeeee: folds 
poker0138 joins the table at seat #8 
shuhrat19744: folds 
deileon: folds 
bloody55hawk: folds 
Dorex2007: folds 
Kupec Danila: calls $0.04
*** FLOP *** [Qd 7h 3s]
Kupec Danila: checks 
Evgenij247: checks 
*** TURN *** [Qd 7h 3s] [7c]
Kupec Danila: bets $0.04
Evgenij247: calls $0.04
*** RIVER *** [Qd 7h 3s 7c] [6c]
Kupec Danila: checks 
Evgenij247: bets $0.10
Kupec Danila: calls $0.10
*** SHOW DOWN ***
Evgenij247: shows [7s Qs] (a full house, Sevens full of Queens)
Kupec Danila: mucks hand 
Evgenij247 collected $0.40 from pot
*** SUMMARY ***
Total pot $0.41 | Rake $0.01 
Board [Qd 7h 3s 7c 6c]
Seat 1: Evgenij247 showed [7s Qs] and won ($0.40) with a full house, Sevens full of Queens
Seat 2: Tavrus32 folded before Flop (didn't bet)
Seat 3: Pajkeeee folded before Flop (didn't bet)
Seat 4: shuhrat19744 folded before Flop (didn't bet)
Seat 5: deileon folded before Flop (didn't bet)
Seat 6: bloody55hawk (button) folded before Flop (didn't bet)
Seat 7: Dorex2007 (small blind) folded before Flop
Seat 9: Kupec Danila (big blind) mucked [Ad 3d]



PokerStars Hand #227047501958:  Hold'em No Limit ($0.01/$0.02 USD) - 2021/05/24 23:25:20 PT [2021/05/25 2:25:20 ET]
Table 'Anubis III' 9-max Seat #7 is the button
Seat 1: Evgenij247 ($2.89 in chips) 
Seat 2: Tavrus32 ($2.23 in chips) 
Seat 3: Pajkeeee ($2.21 in chips) 
Seat 4: shuhrat19744 ($2.85 in chips) 
Seat 5: deileon ($1.15 in chips) 
Seat 6: bloody55hawk ($0.80 in chips) 
Seat 7: Dorex2007 ($2.06 in chips) 
Seat 9: Kupec Danila ($1.41 in chips) 
Kupec Danila: posts small blind $0.01
Evgenij247: posts big blind $0.02
*** HOLE CARDS ***
Dealt to Dorex2007 [Qs Jd]
Tavrus32: folds 
Pajkeeee: folds 
shuhrat19744: raises $0.04 to $0.06
deileon: folds 
bloody55hawk: folds 
Dorex2007: calls $0.06
Kupec Danila: folds 
Evgenij247: calls $0.04
*** FLOP *** [6h Ad 4c]
Evgenij247: bets $0.09
shuhrat19744: folds 
Dorex2007: calls $0.09
*** TURN *** [6h Ad 4c] [Jc]
Evgenij247: checks 
Dorex2007: bets $0.18
Evgenij247: folds 
Uncalled bet ($0.18) returned to Dorex2007
Dorex2007 collected $0.36 from pot
Dorex2007: doesn't show hand 
*** SUMMARY ***
Total pot $0.37 | Rake $0.01 
Board [6h Ad 4c Jc]
Seat 1: Evgenij247 (big blind) folded on the Turn
Seat 2: Tavrus32 folded before Flop (didn't bet)
Seat 3: Pajkeeee folded before Flop (didn't bet)
Seat 4: shuhrat19744 folded on the Flop
Seat 5: deileon folded before Flop (didn't bet)
Seat 6: bloody55hawk folded before Flop (didn't bet)
Seat 7: Dorex2007 (button) collected ($0.36)
Seat 9: Kupec Danila (small blind) folded before Flop



PokerStars Hand #227047509481:  Hold'em No Limit ($0.01/$0.02 USD) - 2021/05/24 23:26:14 PT [2021/05/25 2:26:14 ET]
Table 'Anubis III' 9-max Seat #9 is the button
Seat 1: Evgenij247 ($2.74 in chips) 
Seat 2: Tavrus32 ($2.23 in chips) 
Seat 3: Pajkeeee ($2.21 in chips) 
Seat 4: shuhrat19744 ($2.79 in chips) 
Seat 5: deileon ($1.15 in chips) 
Seat 6: bloody55hawk ($0.80 in chips) 
Seat 7: Dorex2007 ($2.27 in chips) 
Seat 8: poker0138 ($1.60 in chips) 
Seat 9: Kupec Danila ($1.40 in chips) 
Evgenij247: posts small blind $0.01
Tavrus32: posts big blind $0.02
poker0138: posts big blind $0.02
*** HOLE CARDS ***
Dealt to Dorex2007 [3d 2c]
Pajkeeee: folds 
shuhrat19744: folds 
deileon: folds 
bloody55hawk: folds 
Dorex2007: folds 
poker0138: checks 
Kupec Danila: folds 
Evgenij247: calls $0.01
Tavrus32: checks 
*** FLOP *** [Kh Jh 8h]
Evgenij247: checks 
Tavrus32: checks 
poker0138: bets $0.03
Evgenij247: folds 
Tavrus32: folds 
Uncalled bet ($0.03) returned to poker0138
poker0138 collected $0.06 from pot
*** SUMMARY ***
Total pot $0.06 | Rake $0 
Board [Kh Jh 8h]
Seat 1: Evgenij247 (small blind) folded on the Flop
Seat 2: Tavrus32 (big blind) folded on the Flop
Seat 3: Pajkeeee folded before Flop (didn't bet)
Seat 4: shuhrat19744 folded before Flop (didn't bet)
Seat 5: deileon folded before Flop (didn't bet)
Seat 6: bloody55hawk folded before Flop (didn't bet)
Seat 7: Dorex2007 folded before Flop (didn't bet)
Seat 8: poker0138 collected ($0.06)
Seat 9: Kupec Danila (button) folded before Flop (didn't bet)



PokerStars Hand #227047516220:  Hold'em No Limit ($0.01/$0.02 USD) - 2021/05/24 23:27:02 PT [2021/05/25 2:27:02 ET]
Table 'Anubis III' 9-max Seat #1 is the button
Seat 1: Evgenij247 ($2.72 in chips) 
Seat 2: Tavrus32 ($2.21 in chips) 
Seat 3: Pajkeeee ($2.21 in chips) 
Seat 4: shuhrat19744 ($2.79 in chips) 
Seat 5: deileon ($1.15 in chips) 
Seat 6: bloody55hawk ($0.80 in chips) 
Seat 7: Dorex2007 ($2.27 in chips) 
Seat 8: poker0138 ($1.64 in chips) 
Seat 9: Kupec Danila ($1.40 in chips) 
Tavrus32: posts small blind $0.01
Pajkeeee: posts big blind $0.02
*** HOLE CARDS ***
Dealt to Dorex2007 [Qc 2h]
shuhrat19744: folds 
deileon: folds 
bloody55hawk: folds 
Dorex2007: folds 
poker0138: calls $0.02
Kupec Danila: folds 
Evgenij247: folds 
Tavrus32: folds 
Pajkeeee: checks 
*** FLOP *** [5c 5s 8h]
Pajkeeee: checks 
poker0138: checks 
*** TURN *** [5c 5s 8h] [Jh]
Pajkeeee: bets $0.02
poker0138: folds 
Uncalled bet ($0.02) returned to Pajkeeee
Pajkeeee collected $0.05 from pot
Pajkeeee: doesn't show hand 
*** SUMMARY ***
Total pot $0.05 | Rake $0 
Board [5c 5s 8h Jh]
Seat 1: Evgenij247 (button) folded before Flop (didn't bet)
Seat 2: Tavrus32 (small blind) folded before Flop
Seat 3: Pajkeeee (big blind) collected ($0.05)
Seat 4: shuhrat19744 folded before Flop (didn't bet)
Seat 5: deileon folded before Flop (didn't bet)
Seat 6: bloody55hawk folded before Flop (didn't bet)
Seat 7: Dorex2007 folded before Flop (didn't bet)
Seat 8: poker0138 folded on the Turn
Seat 9: Kupec Danila folded before Flop (didn't bet)



PokerStars Hand #227047522256:  Hold'em No Limit ($0.01/$0.02 USD) - 2021/05/24 23:27:45 PT [2021/05/25 2:27:45 ET]
Table 'Anubis III' 9-max Seat #2 is the button
Seat 1: Evgenij247 ($2.72 in chips) 
Seat 2: Tavrus32 ($2.20 in chips) 
Seat 3: Pajkeeee ($2.24 in chips) 
Seat 4: shuhrat19744 ($2.79 in chips) 
Seat 5: deileon ($1.15 in chips) 
Seat 6: bloody55hawk ($0.80 in chips) 
Seat 7: Dorex2007 ($2.27 in chips) 
Seat 8: poker0138 ($1.62 in chips) 
Seat 9: Kupec Danila ($1.40 in chips) 
Pajkeeee: posts small blind $0.01
shuhrat19744: posts big blind $0.02
*** HOLE CARDS ***
Dealt to Dorex2007 [9h 9c]
deileon: folds 
bloody55hawk: folds 
Dorex2007: raises $0.04 to $0.06
poker0138: folds 
Kupec Danila: folds 
Evgenij247: calls $0.06
Tavrus32: folds 
Pajkeeee: folds 
shuhrat19744: calls $0.04
*** FLOP *** [6d Ks 7d]
shuhrat19744: checks 
Dorex2007: bets $0.09
Evgenij247: folds 
shuhrat19744: raises $0.27 to $0.36
Dorex2007: calls $0.27
*** TURN *** [6d Ks 7d] [2h]
shuhrat19744: checks 
Dorex2007: bets $0.26
shuhrat19744: folds 
Uncalled bet ($0.26) returned to Dorex2007
Dorex2007 collected $0.88 from pot
Dorex2007: doesn't show hand 
*** SUMMARY ***
Total pot $0.91 | Rake $0.03 
Board [6d Ks 7d 2h]
Seat 1: Evgenij247 folded on the Flop
Seat 2: Tavrus32 (button) folded before Flop (didn't bet)
Seat 3: Pajkeeee (small blind) folded before Flop
Seat 4: shuhrat19744 (big blind) folded on the Turn
Seat 5: deileon folded before Flop (didn't bet)
Seat 6: bloody55hawk folded before Flop (didn't bet)
Seat 7: Dorex2007 collected ($0.88)
Seat 8: poker0138 folded before Flop (didn't bet)
Seat 9: Kupec Danila folded before Flop (didn't bet)



PokerStars Hand #227047530944:  Hold'em No Limit ($0.01/$0.02 USD) - 2021/05/24 23:28:47 PT [2021/05/25 2:28:47 ET]
Table 'Anubis III' 9-max Seat #3 is the button
Seat 1: Evgenij247 ($2.66 in chips) 
Seat 2: Tavrus32 ($2.20 in chips) 
Seat 3: Pajkeeee ($2.23 in chips) 
Seat 4: shuhrat19744 ($2.37 in chips) 
Seat 5: deileon ($1.15 in chips) 
Seat 6: bloody55hawk ($0.80 in chips) 
Seat 7: Dorex2007 ($2.73 in chips) 
Seat 8: poker0138 ($1.62 in chips) 
Seat 9: Kupec Danila ($1.40 in chips) 
shuhrat19744: posts small blind $0.01
deileon: posts big blind $0.02
*** HOLE CARDS ***
Dealt to Dorex2007 [8s 3d]
bloody55hawk: folds 
Dorex2007: folds 
bloody55hawk leaves the table
poker0138: folds 
Kupec Danila: folds 
Evgenij247: folds 
Tavrus32: raises $0.04 to $0.06
Pajkeeee: folds 
shuhrat19744: folds 
deileon: folds 
Uncalled bet ($0.04) returned to Tavrus32
Tavrus32 collected $0.05 from pot
Tavrus32: doesn't show hand 
*** SUMMARY ***
Total pot $0.05 | Rake $0 
Seat 1: Evgenij247 folded before Flop (didn't bet)
Seat 2: Tavrus32 collected ($0.05)
Seat 3: Pajkeeee (button) folded before Flop (didn't bet)
Seat 4: shuhrat19744 (small blind) folded before Flop
Seat 5: deileon (big blind) folded before Flop
Seat 6: bloody55hawk folded before Flop (didn't bet)
Seat 7: Dorex2007 folded before Flop (didn't bet)
Seat 8: poker0138 folded before Flop (didn't bet)
Seat 9: Kupec Danila folded before Flop (didn't bet)



PokerStars Hand #227047535870:  Hold'em No Limit ($0.01/$0.02 USD) - 2021/05/24 23:29:22 PT [2021/05/25 2:29:22 ET]
Table 'Anubis III' 9-max Seat #4 is the button
Seat 1: Evgenij247 ($2.66 in chips) 
Seat 2: Tavrus32 ($2.23 in chips) 
Seat 3: Pajkeeee ($2.23 in chips) 
Seat 4: shuhrat19744 ($2.36 in chips) 
Seat 5: deileon ($1.13 in chips) 
Seat 7: Dorex2007 ($2.73 in chips) 
Seat 8: poker0138 ($1.62 in chips) 
Seat 9: Kupec Danila ($1.40 in chips) 
deileon: posts small blind $0.01
Dorex2007: posts big blind $0.02
*** HOLE CARDS ***
Dealt to Dorex2007 [Td 6s]
poker0138: folds 
9611th joins the table at seat #6 
Kupec Danila: raises $0.04 to $0.06
Evgenij247: folds 
Tavrus32: folds 
Pajkeeee: raises $0.12 to $0.18
shuhrat19744: folds 
deileon: folds 
Dorex2007: folds 
Kupec Danila: calls $0.12
*** FLOP *** [Qh 5d 6h]
Kupec Danila: checks 
Pajkeeee: bets $0.20
Kupec Danila: raises $0.78 to $0.98
Pajkeeee: folds 
Uncalled bet ($0.78) returned to Kupec Danila
Kupec Danila collected $0.76 from pot
*** SUMMARY ***
Total pot $0.79 | Rake $0.03 
Board [Qh 5d 6h]
Seat 1: Evgenij247 folded before Flop (didn't bet)
Seat 2: Tavrus32 folded before Flop (didn't bet)
Seat 3: Pajkeeee folded on the Flop
Seat 4: shuhrat19744 (button) folded before Flop (didn't bet)
Seat 5: deileon (small blind) folded before Flop
Seat 7: Dorex2007 (big blind) folded before Flop
Seat 8: poker0138 folded before Flop (didn't bet)
Seat 9: Kupec Danila collected ($0.76)



PokerStars Hand #227047544483:  Hold'em No Limit ($0.01/$0.02 USD) - 2021/05/24 23:30:24 PT [2021/05/25 2:30:24 ET]
Table 'Anubis III' 9-max Seat #5 is the button
Seat 1: Evgenij247 ($2.66 in chips) 
Seat 2: Tavrus32 ($2.23 in chips) 
Seat 3: Pajkeeee ($1.85 in chips) 
Seat 4: shuhrat19744 ($2.36 in chips) 
Seat 5: deileon ($1.12 in chips) 
Seat 7: Dorex2007 ($2.71 in chips) 
Seat 8: poker0138 ($1.62 in chips) 
Seat 9: Kupec Danila ($1.78 in chips) 
Tavrus32 is disconnected 
Dorex2007: posts small blind $0.01
poker0138: posts big blind $0.02
*** HOLE CARDS ***
Dealt to Dorex2007 [3c 8c]
Kupec Danila: raises $0.04 to $0.06
Evgenij247: calls $0.06
Tavrus32 has timed out while disconnected
Tavrus32: folds 
Pajkeeee: calls $0.06
shuhrat19744: folds 
deileon: folds 
Dorex2007: folds 
poker0138: calls $0.04
*** FLOP *** [6c 2c 5d]
poker0138: checks 
Kupec Danila: checks 
Evgenij247: checks 
Pajkeeee: checks 
*** TURN *** [6c 2c 5d] [7s]
poker0138: checks 
Kupec Danila: checks 
Evgenij247: checks 
Pajkeeee: bets $0.12
shuhrat19744 is disconnected 
poker0138: folds 
Kupec Danila: folds 
Evgenij247: folds 
Uncalled bet ($0.12) returned to Pajkeeee
Pajkeeee collected $0.24 from pot
Pajkeeee: doesn't show hand 
*** SUMMARY ***
Total pot $0.25 | Rake $0.01 
Board [6c 2c 5d 7s]
Seat 1: Evgenij247 folded on the Turn
Seat 2: Tavrus32 folded before Flop (didn't bet)
Seat 3: Pajkeeee collected ($0.24)
Seat 4: shuhrat19744 folded before Flop (didn't bet)
Seat 5: deileon (button) folded before Flop (didn't bet)
Seat 7: Dorex2007 (small blind) folded before Flop
Seat 8: poker0138 (big blind) folded on the Turn
Seat 9: Kupec Danila folded on the Turn



PokerStars Hand #227047558140:  Hold'em No Limit ($0.01/$0.02 USD) - 2021/05/24 23:32:01 PT [2021/05/25 2:32:01 ET]
Table 'Anubis III' 9-max Seat #7 is the button
Seat 1: Evgenij247 ($2.60 in chips) 
Seat 3: Pajkeeee ($2.03 in chips) 
Seat 4: shuhrat19744 ($2.36 in chips) 
Seat 5: deileon ($1.12 in chips) 
Seat 7: Dorex2007 ($2.70 in chips) 
Seat 8: poker0138 ($1.56 in chips) 
poker0138: posts small blind $0.01
Kupec Danila: is sitting out 
Evgenij247: posts big blind $0.02
9611th: sits out 
*** HOLE CARDS ***
Dealt to Dorex2007 [9c Kc]
Pajkeeee: folds 
shuhrat19744: folds 
deileon: folds 
Dorex2007: raises $0.02 to $0.04
poker0138: calls $0.03
Evgenij247: raises $0.02 to $0.06
Dorex2007: calls $0.02
poker0138: calls $0.02
*** FLOP *** [Ah 8d 7s]
poker0138: checks 
Evgenij247: bets $0.08
Dorex2007: folds 
poker0138: folds 
Uncalled bet ($0.08) returned to Evgenij247
Evgenij247 collected $0.17 from pot
Evgenij247: doesn't show hand 
*** SUMMARY ***
Total pot $0.18 | Rake $0.01 
Board [Ah 8d 7s]
Seat 1: Evgenij247 (big blind) collected ($0.17)
Seat 3: Pajkeeee folded before Flop (didn't bet)
Seat 4: shuhrat19744 folded before Flop (didn't bet)
Seat 5: deileon folded before Flop (didn't bet)
Seat 7: Dorex2007 (button) folded on the Flop
Seat 8: poker0138 (small blind) folded on the Flop



PokerStars Hand #227047563671:  Hold'em No Limit ($0.01/$0.02 USD) - 2021/05/24 23:32:42 PT [2021/05/25 2:32:42 ET]
Table 'Anubis III' 9-max Seat #8 is the button
Seat 1: Evgenij247 ($2.71 in chips) 
Seat 3: Pajkeeee ($2.03 in chips) 
Seat 4: shuhrat19744 ($2.36 in chips) 
Seat 5: deileon ($1.12 in chips) 
Seat 7: Dorex2007 ($2.64 in chips) 
Seat 8: poker0138 ($1.50 in chips) 
Evgenij247: posts small blind $0.01
Pajkeeee: posts big blind $0.02
9611th: sits out 
*** HOLE CARDS ***
Dealt to Dorex2007 [Jc Td]
shuhrat19744: raises $0.04 to $0.06
deileon: folds 
Dorex2007: folds 
poker0138: folds 
Evgenij247: folds 
Pajkeeee: folds 
Uncalled bet ($0.04) returned to shuhrat19744
shuhrat19744 collected $0.05 from pot
*** SUMMARY ***
Total pot $0.05 | Rake $0 
Seat 1: Evgenij247 (small blind) folded before Flop
Seat 3: Pajkeeee (big blind) folded before Flop
Seat 4: shuhrat19744 collected ($0.05)
Seat 5: deileon folded before Flop (didn't bet)
Seat 7: Dorex2007 folded before Flop (didn't bet)
Seat 8: poker0138 (button) folded before Flop (didn't bet)



PokerStars Hand #227047568388:  Hold'em No Limit ($0.01/$0.02 USD) - 2021/05/24 23:33:15 PT [2021/05/25 2:33:15 ET]
Table 'Anubis III' 9-max Seat #1 is the button
Seat 1: Evgenij247 ($2.70 in chips) 
Seat 3: Pajkeeee ($2.01 in chips) 
Seat 4: shuhrat19744 ($2.39 in chips) 
Seat 5: deileon ($1.12 in chips) 
Seat 7: Dorex2007 ($2.64 in chips) 
Seat 8: poker0138 ($1.50 in chips) 
Pajkeeee: posts small blind $0.01
shuhrat19744: posts big blind $0.02
9611th: sits out 
*** HOLE CARDS ***
Dealt to Dorex2007 [3d 6s]
deileon: folds 
Dorex2007: folds 
poker0138: folds 
Evgenij247: raises $0.04 to $0.06
Pajkeeee: folds 
shuhrat19744: folds 
Uncalled bet ($0.04) returned to Evgenij247
Evgenij247 collected $0.05 from pot
Evgenij247: doesn't show hand 
*** SUMMARY ***
Total pot $0.05 | Rake $0 
Seat 1: Evgenij247 (button) collected ($0.05)
Seat 3: Pajkeeee (small blind) folded before Flop
Seat 4: shuhrat19744 (big blind) folded before Flop
Seat 5: deileon folded before Flop (didn't bet)
Seat 7: Dorex2007 folded before Flop (didn't bet)
Seat 8: poker0138 folded before Flop (didn't bet)



PokerStars Hand #227047571667:  Hold'em No Limit ($0.01/$0.02 USD) - 2021/05/24 23:33:39 PT [2021/05/25 2:33:39 ET]
Table 'Anubis III' 9-max Seat #3 is the button
Seat 1: Evgenij247 ($2.73 in chips) 
Seat 3: Pajkeeee ($2 in chips) 
Seat 4: shuhrat19744 ($2.37 in chips) 
Seat 5: deileon ($1.12 in chips) 
Seat 7: Dorex2007 ($2.64 in chips) 
Seat 8: poker0138 ($1.50 in chips) 
shuhrat19744: posts small blind $0.01
deileon: posts big blind $0.02
9611th: sits out 
Tavrus32: sits out 
*** HOLE CARDS ***
Dealt to Dorex2007 [5d 8d]
Dorex2007: folds 
poker0138: folds 
Evgenij247: folds 
Pajkeeee: raises $0.04 to $0.06
shuhrat19744: raises $0.14 to $0.20
deileon: folds 
Pajkeeee: calls $0.14
*** FLOP *** [3h 9d Ac]
Tavrus32 leaves the table
shuhrat19744: bets $0.27
Pajkeeee: folds 
Uncalled bet ($0.27) returned to shuhrat19744
shuhrat19744 collected $0.41 from pot
shuhrat19744: doesn't show hand 
*** SUMMARY ***
Total pot $0.42 | Rake $0.01 
Board [3h 9d Ac]
Seat 1: Evgenij247 folded before Flop (didn't bet)
Seat 3: Pajkeeee (button) folded on the Flop
Seat 4: shuhrat19744 (small blind) collected ($0.41)
Seat 5: deileon (big blind) folded before Flop
Seat 7: Dorex2007 folded before Flop (didn't bet)
Seat 8: poker0138 folded before Flop (didn't bet)



PokerStars Hand #227047575933:  Hold'em No Limit ($0.01/$0.02 USD) - 2021/05/24 23:34:09 PT [2021/05/25 2:34:09 ET]
Table 'Anubis III' 9-max Seat #4 is the button
Seat 1: Evgenij247 ($2.73 in chips) 
Seat 3: Pajkeeee ($1.80 in chips) 
Seat 4: shuhrat19744 ($2.58 in chips) 
Seat 5: deileon ($1.10 in chips) 
Seat 6: 9611th ($2 in chips) 
Seat 7: Dorex2007 ($2.64 in chips) 
Seat 8: poker0138 ($1.50 in chips) 
deileon: posts small blind $0.01
9611th: posts big blind $0.02
*** HOLE CARDS ***
Dealt to Dorex2007 [Td 2d]
Dorex2007: folds 
poker0138: raises $0.02 to $0.04
Evgenij247: raises $0.02 to $0.06
Pajkeeee: folds 
shuhrat19744: folds 
deileon: folds 
9611th: folds 
poker0138: calls $0.02
*** FLOP *** [Jc 9h 2s]
poker0138: bets $0.02
Evgenij247: raises $0.09 to $0.11
poker0138: calls $0.09
*** TURN *** [Jc 9h 2s] [Ac]
poker0138: bets $0.02
Evgenij247: calls $0.02
*** RIVER *** [Jc 9h 2s Ac] [4c]
poker0138: bets $0.20
Evgenij247: calls $0.20
*** SHOW DOWN ***
poker0138: shows [9c 9d] (three of a kind, Nines)
Evgenij247: mucks hand 
poker0138 collected $0.78 from pot
*** SUMMARY ***
Total pot $0.81 | Rake $0.03 
Board [Jc 9h 2s Ac 4c]
Seat 1: Evgenij247 mucked [Ts Jd]
Seat 3: Pajkeeee folded before Flop (didn't bet)
Seat 4: shuhrat19744 (button) folded before Flop (didn't bet)
Seat 5: deileon (small blind) folded before Flop
Seat 6: 9611th (big blind) folded before Flop
Seat 7: Dorex2007 folded before Flop (didn't bet)
Seat 8: poker0138 showed [9c 9d] and won ($0.78) with three of a kind, Nines



PokerStars Hand #227047582799:  Hold'em No Limit ($0.01/$0.02 USD) - 2021/05/24 23:34:58 PT [2021/05/25 2:34:58 ET]
Table 'Anubis III' 9-max Seat #5 is the button
Seat 1: Evgenij247 ($2.34 in chips) 
Seat 3: Pajkeeee ($2 in chips) 
Seat 4: shuhrat19744 ($2.58 in chips) 
Seat 5: deileon ($1.09 in chips) 
Seat 6: 9611th ($1.98 in chips) 
Seat 7: Dorex2007 ($2.64 in chips) 
Seat 8: poker0138 ($1.89 in chips) 
9611th: posts small blind $0.01
Dorex2007: posts big blind $0.02
*** HOLE CARDS ***
Dealt to Dorex2007 [3d 3h]
poker0138: folds 
Evgenij247: folds 
Pajkeeee: folds 
shuhrat19744: folds 
deileon: folds 
9611th: calls $0.01
Dorex2007: checks 
*** FLOP *** [As 8c Kh]
9611th: checks 
Dorex2007: bets $0.03
9611th: folds 
Uncalled bet ($0.03) returned to Dorex2007
Dorex2007 collected $0.04 from pot
Dorex2007: doesn't show hand 
*** SUMMARY ***
Total pot $0.04 | Rake $0 
Board [As 8c Kh]
Seat 1: Evgenij247 folded before Flop (didn't bet)
Seat 3: Pajkeeee folded before Flop (didn't bet)
Seat 4: shuhrat19744 folded before Flop (didn't bet)
Seat 5: deileon (button) folded before Flop (didn't bet)
Seat 6: 9611th (small blind) folded on the Flop
Seat 7: Dorex2007 (big blind) collected ($0.04)
Seat 8: poker0138 folded before Flop (didn't bet)



PokerStars Hand #227047587676:  Hold'em No Limit ($0.01/$0.02 USD) - 2021/05/24 23:35:32 PT [2021/05/25 2:35:32 ET]
Table 'Anubis III' 9-max Seat #6 is the button
Seat 1: Evgenij247 ($2.34 in chips) 
Seat 3: Pajkeeee ($2 in chips) 
Seat 4: shuhrat19744 ($2.58 in chips) 
Seat 5: deileon ($1.09 in chips) 
Seat 6: 9611th ($1.96 in chips) 
Seat 7: Dorex2007 ($2.66 in chips) 
Seat 8: poker0138 ($1.89 in chips) 
Dorex2007: posts small blind $0.01
poker0138: posts big blind $0.02
*** HOLE CARDS ***
Dealt to Dorex2007 [7c Ad]
Evgenij247: raises $0.04 to $0.06
Pajkeeee: calls $0.06
shuhrat19744: folds 
deileon: calls $0.06
9611th: folds 
Dorex2007: folds 
poker0138: calls $0.04
*** FLOP *** [Th Qh 6d]
poker0138: checks 
Evgenij247: checks 
Pajkeeee: bets $0.12
deileon: calls $0.12
poker0138: folds 
Evgenij247: folds 
*** TURN *** [Th Qh 6d] [4h]
vkorgik joins the table at seat #2 
Pajkeeee: bets $0.08
deileon: folds 
Uncalled bet ($0.08) returned to Pajkeeee
Pajkeeee collected $0.47 from pot
Pajkeeee: doesn't show hand 
*** SUMMARY ***
Total pot $0.49 | Rake $0.02 
Board [Th Qh 6d 4h]
Seat 1: Evgenij247 folded on the Flop
Seat 3: Pajkeeee collected ($0.47)
Seat 4: shuhrat19744 folded before Flop (didn't bet)
Seat 5: deileon folded on the Turn
Seat 6: 9611th (button) folded before Flop (didn't bet)
Seat 7: Dorex2007 (small blind) folded before Flop
Seat 8: poker0138 (big blind) folded on the Flop



PokerStars Hand #227047596123:  Hold'em No Limit ($0.01/$0.02 USD) - 2021/05/24 23:36:33 PT [2021/05/25 2:36:33 ET]
Table 'Anubis III' 9-max Seat #7 is the button
Seat 1: Evgenij247 ($2.28 in chips) 
Seat 3: Pajkeeee ($2.29 in chips) 
Seat 4: shuhrat19744 ($2.58 in chips) 
Seat 5: deileon ($0.91 in chips) 
Seat 6: 9611th ($1.96 in chips) 
Seat 7: Dorex2007 ($2.65 in chips) 
Seat 8: poker0138 ($1.83 in chips) 
poker0138: posts small blind $0.01
Evgenij247: posts big blind $0.02
vkorgik: sits out 
*** HOLE CARDS ***
Dealt to Dorex2007 [9d 5h]
Pajkeeee: folds 
shuhrat19744: folds 
deileon: folds 
9611th: folds 
Dorex2007: folds 
poker0138: calls $0.01
Evgenij247: raises $0.04 to $0.06
poker0138: calls $0.04
*** FLOP *** [Ac Ks 9c]
poker0138: checks 
Evgenij247: bets $0.06
poker0138: folds 
Uncalled bet ($0.06) returned to Evgenij247
Evgenij247 collected $0.12 from pot
Evgenij247: doesn't show hand 
*** SUMMARY ***
Total pot $0.12 | Rake $0 
Board [Ac Ks 9c]
Seat 1: Evgenij247 (big blind) collected ($0.12)
Seat 3: Pajkeeee folded before Flop (didn't bet)
Seat 4: shuhrat19744 folded before Flop (didn't bet)
Seat 5: deileon folded before Flop (didn't bet)
Seat 6: 9611th folded before Flop (didn't bet)
Seat 7: Dorex2007 (button) folded before Flop (didn't bet)
Seat 8: poker0138 (small blind) folded on the Flop



PokerStars Hand #227047603451:  Hold'em No Limit ($0.01/$0.02 USD) - 2021/05/24 23:37:25 PT [2021/05/25 2:37:25 ET]
Table 'Anubis III' 9-max Seat #8 is the button
Seat 1: Evgenij247 ($2.34 in chips) 
Seat 2: vkorgik ($1.28 in chips) 
Seat 3: Pajkeeee ($2.29 in chips) 
Seat 4: shuhrat19744 ($2.58 in chips) 
Seat 5: deileon ($0.91 in chips) 
Seat 6: 9611th ($1.96 in chips) 
Seat 7: Dorex2007 ($2.65 in chips) 
Seat 8: poker0138 ($1.77 in chips) 
Evgenij247: posts small blind $0.01
vkorgik: posts big blind $0.02
*** HOLE CARDS ***
Dealt to Dorex2007 [6c 5s]
Pajkeeee: folds 
shuhrat19744: folds 
deileon: folds 
9611th: folds 
Dorex2007: folds 
poker0138: folds 
Evgenij247: calls $0.01
vkorgik: checks 
*** FLOP *** [7d 8c Qd]
Evgenij247: checks 
vkorgik: bets $0.03
Evgenij247: folds 
Uncalled bet ($0.03) returned to vkorgik
vkorgik collected $0.04 from pot
vkorgik: doesn't show hand 
*** SUMMARY ***
Total pot $0.04 | Rake $0 
Board [7d 8c Qd]
Seat 1: Evgenij247 (small blind) folded on the Flop
Seat 2: vkorgik (big blind) collected ($0.04)
Seat 3: Pajkeeee folded before Flop (didn't bet)
Seat 4: shuhrat19744 folded before Flop (didn't bet)
Seat 5: deileon folded before Flop (didn't bet)
Seat 6: 9611th folded before Flop (didn't bet)
Seat 7: Dorex2007 folded before Flop (didn't bet)
Seat 8: poker0138 (button) folded before Flop (didn't bet)



PokerStars Hand #227047608209:  Hold'em No Limit ($0.01/$0.02 USD) - 2021/05/24 23:37:59 PT [2021/05/25 2:37:59 ET]
Table 'Anubis III' 9-max Seat #1 is the button
Seat 1: Evgenij247 ($2.32 in chips) 
Seat 2: vkorgik ($1.30 in chips) 
Seat 3: Pajkeeee ($2.29 in chips) 
Seat 4: shuhrat19744 ($2.58 in chips) 
Seat 5: deileon ($0.91 in chips) 
Seat 6: 9611th ($1.96 in chips) 
Seat 7: Dorex2007 ($2.65 in chips) 
Seat 8: poker0138 ($1.77 in chips) 
vkorgik: posts small blind $0.01
Pajkeeee: posts big blind $0.02
*** HOLE CARDS ***
Dealt to Dorex2007 [6h 8d]
shuhrat19744: folds 
deileon: calls $0.02
9611th: folds 
Dorex2007: folds 
poker0138: calls $0.02
Evgenij247 has timed out
Evgenij247: folds 
vkorgik: folds 
Pajkeeee: checks 
*** FLOP *** [Ad Td Jc]
Pajkeeee: checks 
deileon: checks 
poker0138: checks 
*** TURN *** [Ad Td Jc] [Jh]
Pajkeeee: checks 
deileon: checks 
poker0138: checks 
*** RIVER *** [Ad Td Jc Jh] [Kh]
shuhrat19744 leaves the table
Kupec Danila leaves the table
Pajkeeee: checks 
deileon: checks 
poker0138: checks 
*** SHOW DOWN ***
Pajkeeee: shows [6c 6d] (two pair, Jacks and Sixes)
deileon: mucks hand 
poker0138: mucks hand 
Pajkeeee collected $0.07 from pot
*** SUMMARY ***
Total pot $0.07 | Rake $0 
Board [Ad Td Jc Jh Kh]
Seat 1: Evgenij247 (button) folded before Flop (didn't bet)
Seat 2: vkorgik (small blind) folded before Flop
Seat 3: Pajkeeee (big blind) showed [6c 6d] and won ($0.07) with two pair, Jacks and Sixes
Seat 4: shuhrat19744 folded before Flop (didn't bet)
Seat 5: deileon mucked [2h 2c]
Seat 6: 9611th folded before Flop (didn't bet)
Seat 7: Dorex2007 folded before Flop (didn't bet)
Seat 8: poker0138 mucked [8h 9s]



PokerStars Hand #227047617431:  Hold'em No Limit ($0.01/$0.02 USD) - 2021/05/24 23:39:06 PT [2021/05/25 2:39:06 ET]
Table 'Anubis III' 9-max Seat #2 is the button
Seat 1: Evgenij247 ($2.32 in chips) 
Seat 2: vkorgik ($1.29 in chips) 
Seat 3: Pajkeeee ($2.34 in chips) 
Seat 5: deileon ($0.89 in chips) 
Seat 6: 9611th ($1.96 in chips) 
Seat 7: Dorex2007 ($2.65 in chips) 
Seat 8: poker0138 ($1.75 in chips) 
Pajkeeee: posts small blind $0.01
deileon: posts big blind $0.02
*** HOLE CARDS ***
Dealt to Dorex2007 [2s Kd]
9611th: folds 
Dorex2007: folds 
poker0138: folds 
Evgenij247: calls $0.02
vkorgik: folds 
Pajkeeee: calls $0.01
deileon: checks 
*** FLOP *** [4d 6d Td]
Pajkeeee: bets $0.03
deileon: folds 
Evgenij247: calls $0.03
*** TURN *** [4d 6d Td] [Jh]
Pajkeeee: checks 
Evgenij247: checks 
*** RIVER *** [4d 6d Td Jh] [8h]
Pajkeeee: checks 
Evgenij247: bets $0.12
Pajkeeee: folds 
Uncalled bet ($0.12) returned to Evgenij247
Evgenij247 collected $0.12 from pot
Evgenij247: doesn't show hand 
*** SUMMARY ***
Total pot $0.12 | Rake $0 
Board [4d 6d Td Jh 8h]
Seat 1: Evgenij247 collected ($0.12)
Seat 2: vkorgik (button) folded before Flop (didn't bet)
Seat 3: Pajkeeee (small blind) folded on the River
Seat 5: deileon (big blind) folded on the Flop
Seat 6: 9611th folded before Flop (didn't bet)
Seat 7: Dorex2007 folded before Flop (didn't bet)
Seat 8: poker0138 folded before Flop (didn't bet)



PokerStars Hand #227047626898:  Hold'em No Limit ($0.01/$0.02 USD) - 2021/05/24 23:40:15 PT [2021/05/25 2:40:15 ET]
Table 'Anubis III' 9-max Seat #3 is the button
Seat 1: Evgenij247 ($2.39 in chips) 
Seat 2: vkorgik ($1.29 in chips) 
Seat 3: Pajkeeee ($2.29 in chips) 
Seat 5: deileon ($0.87 in chips) 
Seat 6: 9611th ($1.96 in chips) 
Seat 7: Dorex2007 ($2.65 in chips) 
Seat 8: poker0138 ($1.75 in chips) 
deileon: posts small blind $0.01
9611th: posts big blind $0.02
*** HOLE CARDS ***
Dealt to Dorex2007 [8h Qc]
Dorex2007: folds 
poker0138: folds 
Evgenij247: raises $0.04 to $0.06
vkorgik: folds 
Pajkeeee: folds 
deileon: folds 
9611th: folds 
Uncalled bet ($0.04) returned to Evgenij247
Evgenij247 collected $0.05 from pot
Evgenij247: doesn't show hand 
*** SUMMARY ***
Total pot $0.05 | Rake $0 
Seat 1: Evgenij247 collected ($0.05)
Seat 2: vkorgik folded before Flop (didn't bet)
Seat 3: Pajkeeee (button) folded before Flop (didn't bet)
Seat 5: deileon (small blind) folded before Flop
Seat 6: 9611th (big blind) folded before Flop
Seat 7: Dorex2007 folded before Flop (didn't bet)
Seat 8: poker0138 folded before Flop (didn't bet)



PokerStars Hand #227047630385:  Hold'em No Limit ($0.01/$0.02 USD) - 2021/05/24 23:40:41 PT [2021/05/25 2:40:41 ET]
Table 'Anubis III' 9-max Seat #5 is the button
Seat 1: Evgenij247 ($2.42 in chips) 
Seat 2: vkorgik ($1.29 in chips) 
Seat 3: Pajkeeee ($2.29 in chips) 
Seat 5: deileon ($0.86 in chips) 
Seat 6: 9611th ($1.94 in chips) 
Seat 7: Dorex2007 ($2.65 in chips) 
Seat 8: poker0138 ($1.75 in chips) 
9611th: posts small blind $0.01
Dorex2007: posts big blind $0.02
*** HOLE CARDS ***
Dealt to Dorex2007 [5d Jc]
poker0138: folds 
Evgenij247: raises $0.04 to $0.06
vkorgik: folds 
Pajkeeee: folds 
deileon has timed out
deileon: folds 
9611th: calls $0.05
Dorex2007: folds 
*** FLOP *** [As 2c Qc]
9611th: checks 
Evgenij247: checks 
*** TURN *** [As 2c Qc] [2d]
9611th: bets $0.07
Evgenij247: folds 
Uncalled bet ($0.07) returned to 9611th
9611th collected $0.14 from pot
9611th: doesn't show hand 
*** SUMMARY ***
Total pot $0.14 | Rake $0 
Board [As 2c Qc 2d]
Seat 1: Evgenij247 folded on the Turn
Seat 2: vkorgik folded before Flop (didn't bet)
Seat 3: Pajkeeee folded before Flop (didn't bet)
Seat 5: deileon (button) folded before Flop (didn't bet)
Seat 6: 9611th (small blind) collected ($0.14)
Seat 7: Dorex2007 (big blind) folded before Flop
Seat 8: poker0138 folded before Flop (didn't bet)



PokerStars Hand #227047637640:  Hold'em No Limit ($0.01/$0.02 USD) - 2021/05/24 23:41:33 PT [2021/05/25 2:41:33 ET]
Table 'Anubis III' 9-max Seat #6 is the button
Seat 1: Evgenij247 ($2.36 in chips) 
Seat 2: vkorgik ($1.29 in chips) 
Seat 3: Pajkeeee ($2.29 in chips) 
Seat 5: deileon ($0.86 in chips) 
Seat 6: 9611th ($2.02 in chips) 
Seat 7: Dorex2007 ($2.63 in chips) 
Seat 8: poker0138 ($1.75 in chips) 
Dorex2007: posts small blind $0.01
poker0138: posts big blind $0.02
*** HOLE CARDS ***
Dealt to Dorex2007 [Ts 4s]
Evgenij247: raises $0.04 to $0.06
vkorgik: folds 
Pajkeeee: folds 
deileon: calls $0.06
9611th: calls $0.06
Dorex2007: folds 
poker0138: calls $0.04
*** FLOP *** [Tc 6c 8d]
poker0138: checks 
Allinakker joins the table at seat #9 
Evgenij247: bets $0.12
deileon: folds 
9611th: folds 
poker0138: calls $0.12
*** TURN *** [Tc 6c 8d] [8s]
poker0138: checks 
Evgenij247: bets $0.23
poker0138: calls $0.23
*** RIVER *** [Tc 6c 8d 8s] [Qs]
poker0138: checks 
Evgenij247: bets $0.46
poker0138: folds 
Uncalled bet ($0.46) returned to Evgenij247
Evgenij247 collected $0.92 from pot
Evgenij247: doesn't show hand 
*** SUMMARY ***
Total pot $0.95 | Rake $0.03 
Board [Tc 6c 8d 8s Qs]
Seat 1: Evgenij247 collected ($0.92)
Seat 2: vkorgik folded before Flop (didn't bet)
Seat 3: Pajkeeee folded before Flop (didn't bet)
Seat 5: deileon folded on the Flop
Seat 6: 9611th (button) folded on the Flop
Seat 7: Dorex2007 (small blind) folded before Flop
Seat 8: poker0138 (big blind) folded on the River



PokerStars Hand #227047648996:  Hold'em No Limit ($0.01/$0.02 USD) - 2021/05/24 23:42:55 PT [2021/05/25 2:42:55 ET]
Table 'Anubis III' 9-max Seat #7 is the button
Seat 1: Evgenij247 ($2.87 in chips) 
Seat 2: vkorgik ($1.29 in chips) 
Seat 3: Pajkeeee ($2.29 in chips) 
Seat 5: deileon ($0.80 in chips) 
Seat 6: 9611th ($1.96 in chips) 
Seat 7: Dorex2007 ($2.62 in chips) 
Seat 8: poker0138 ($1.34 in chips) 
Seat 9: Allinakker ($2 in chips) 
poker0138: posts small blind $0.01
Allinakker: posts big blind $0.02
*** HOLE CARDS ***
Dealt to Dorex2007 [Ac Jh]
Evgenij247: folds 
vkorgik: folds 
Pajkeeee: folds 
deileon: folds 
9611th: folds 
Dorex2007: raises $0.02 to $0.04
poker0138: folds 
Allinakker: calls $0.02
*** FLOP *** [5d Kh 2c]
Allinakker: checks 
Dorex2007: bets $0.06
Allinakker: folds 
Uncalled bet ($0.06) returned to Dorex2007
Dorex2007 collected $0.09 from pot
Dorex2007: doesn't show hand 
*** SUMMARY ***
Total pot $0.09 | Rake $0 
Board [5d Kh 2c]
Seat 1: Evgenij247 folded before Flop (didn't bet)
Seat 2: vkorgik folded before Flop (didn't bet)
Seat 3: Pajkeeee folded before Flop (didn't bet)
Seat 5: deileon folded before Flop (didn't bet)
Seat 6: 9611th folded before Flop (didn't bet)
Seat 7: Dorex2007 (button) collected ($0.09)
Seat 8: poker0138 (small blind) folded before Flop
Seat 9: Allinakker (big blind) folded on the Flop



PokerStars Hand #227047652604:  Hold'em No Limit ($0.01/$0.02 USD) - 2021/05/24 23:43:21 PT [2021/05/25 2:43:21 ET]
Table 'Anubis III' 9-max Seat #8 is the button
Seat 1: Evgenij247 ($2.87 in chips) 
Seat 2: vkorgik ($1.29 in chips) 
Seat 3: Pajkeeee ($2.29 in chips) 
Seat 5: deileon ($0.80 in chips) 
Seat 6: 9611th ($1.96 in chips) 
Seat 7: Dorex2007 ($2.67 in chips) 
Seat 8: poker0138 ($1.33 in chips) 
Seat 9: Allinakker ($1.96 in chips) 
Allinakker: posts small blind $0.01
Evgenij247: posts big blind $0.02
*** HOLE CARDS ***
Dealt to Dorex2007 [4h 4s]
vkorgik: folds 
Pajkeeee: raises $0.04 to $0.06
deileon: folds 
9611th: folds 
Dorex2007: calls $0.06
poker0138: folds 
Allinakker: calls $0.05
DOTA111 joins the table at seat #4 
Evgenij247: folds 
*** FLOP *** [8c 2s 9d]
Allinakker: bets $0.19
Pajkeeee: folds 
Dorex2007: folds 
Uncalled bet ($0.19) returned to Allinakker
Allinakker collected $0.19 from pot
*** SUMMARY ***
Total pot $0.20 | Rake $0.01 
Board [8c 2s 9d]
Seat 1: Evgenij247 (big blind) folded before Flop
Seat 2: vkorgik folded before Flop (didn't bet)
Seat 3: Pajkeeee folded on the Flop
Seat 5: deileon folded before Flop (didn't bet)
Seat 6: 9611th folded before Flop (didn't bet)
Seat 7: Dorex2007 folded on the Flop
Seat 8: poker0138 (button) folded before Flop (didn't bet)
Seat 9: Allinakker (small blind) collected ($0.19)



PokerStars Hand #227047660027:  Hold'em No Limit ($0.01/$0.02 USD) - 2021/05/24 23:44:15 PT [2021/05/25 2:44:15 ET]
Table 'Anubis III' 9-max Seat #9 is the button
Seat 1: Evgenij247 ($2.85 in chips) 
Seat 2: vkorgik ($1.29 in chips) 
Seat 3: Pajkeeee ($2.23 in chips) 
Seat 4: DOTA111 ($1.60 in chips) 
Seat 5: deileon ($0.80 in chips) 
Seat 6: 9611th ($1.96 in chips) 
Seat 7: Dorex2007 ($2.61 in chips) 
Seat 8: poker0138 ($1.33 in chips) 
Seat 9: Allinakker ($2.09 in chips) 
Evgenij247: posts small blind $0.01
vkorgik: posts big blind $0.02
DOTA111: posts big blind $0.02
*** HOLE CARDS ***
Dealt to Dorex2007 [Qh 8d]
Pajkeeee: raises $0.08 to $0.10
DOTA111: raises $0.23 to $0.33
deileon: calls $0.33
9611th: folds 
Dorex2007: folds 
poker0138: folds 
Allinakker: folds 
Evgenij247: folds 
vkorgik: folds 
Pajkeeee: folds 
*** FLOP *** [8h Jd Kc]
DOTA111: bets $0.76
deileon: calls $0.47 and is all-in
Uncalled bet ($0.29) returned to DOTA111
*** TURN *** [8h Jd Kc] [9h]
*** RIVER *** [8h Jd Kc 9h] [Jc]
*** SHOW DOWN ***
DOTA111: shows [Js Qs] (three of a kind, Jacks)
deileon: shows [Ts Th] (two pair, Jacks and Tens)
DOTA111 collected $1.67 from pot
*** SUMMARY ***
Total pot $1.73 | Rake $0.06 
Board [8h Jd Kc 9h Jc]
Seat 1: Evgenij247 (small blind) folded before Flop
Seat 2: vkorgik (big blind) folded before Flop
Seat 3: Pajkeeee folded before Flop
Seat 4: DOTA111 showed [Js Qs] and won ($1.67) with three of a kind, Jacks
Seat 5: deileon showed [Ts Th] and lost with two pair, Jacks and Tens
Seat 6: 9611th folded before Flop (didn't bet)
Seat 7: Dorex2007 folded before Flop (didn't bet)
Seat 8: poker0138 folded before Flop (didn't bet)
Seat 9: Allinakker (button) folded before Flop (didn't bet)



PokerStars Hand #227047667178:  Hold'em No Limit ($0.01/$0.02 USD) - 2021/05/24 23:45:06 PT [2021/05/25 2:45:06 ET]
Table 'Anubis III' 9-max Seat #1 is the button
Seat 1: Evgenij247 ($2.84 in chips) 
Seat 2: vkorgik ($1.27 in chips) 
Seat 3: Pajkeeee ($2.13 in chips) 
Seat 4: DOTA111 ($2.47 in chips) 
Seat 6: 9611th ($1.96 in chips) 
Seat 7: Dorex2007 ($2.61 in chips) 
Seat 8: poker0138 ($1.33 in chips) 
Seat 9: Allinakker ($2.09 in chips) 
vkorgik: posts small blind $0.01
Pajkeeee: posts big blind $0.02
*** HOLE CARDS ***
Dealt to Dorex2007 [Kc Ac]
DOTA111: calls $0.02
9611th: folds 
Dorex2007: raises $0.04 to $0.06
poker0138: folds 
Allinakker: calls $0.06
Evgenij247: folds 
vkorgik: folds 
Pajkeeee: folds 
DOTA111: calls $0.04
*** FLOP *** [Jc As 8s]
DOTA111: checks 
Dorex2007: bets $0.13
Allinakker: raises $0.13 to $0.26
DOTA111: folds 
Dorex2007: raises $2.29 to $2.55 and is all-in
Allinakker: folds 
Uncalled bet ($2.29) returned to Dorex2007
Dorex2007 collected $0.70 from pot
Dorex2007: doesn't show hand 
*** SUMMARY ***
Total pot $0.73 | Rake $0.03 
Board [Jc As 8s]
Seat 1: Evgenij247 (button) folded before Flop (didn't bet)
Seat 2: vkorgik (small blind) folded before Flop
Seat 3: Pajkeeee (big blind) folded before Flop
Seat 4: DOTA111 folded on the Flop
Seat 6: 9611th folded before Flop (didn't bet)
Seat 7: Dorex2007 collected ($0.70)
Seat 8: poker0138 folded before Flop (didn't bet)
Seat 9: Allinakker folded on the Flop



PokerStars Hand #227047673967:  Hold'em No Limit ($0.01/$0.02 USD) - 2021/05/24 23:45:55 PT [2021/05/25 2:45:55 ET]
Table 'Anubis III' 9-max Seat #2 is the button
Seat 1: Evgenij247 ($2.84 in chips) 
Seat 2: vkorgik ($1.26 in chips) 
Seat 3: Pajkeeee ($2.11 in chips) 
Seat 4: DOTA111 ($2.41 in chips) 
Seat 5: deileon ($2 in chips) 
Seat 6: 9611th ($1.96 in chips) 
Seat 7: Dorex2007 ($2.99 in chips) 
Seat 8: poker0138 ($1.33 in chips) 
Seat 9: Allinakker ($1.77 in chips) 
Pajkeeee: posts small blind $0.01
DOTA111: posts big blind $0.02
*** HOLE CARDS ***
Dealt to Dorex2007 [Ks 7s]
deileon: folds 
9611th: folds 
Dorex2007: folds 
poker0138 has timed out
poker0138: folds 
Allinakker: calls $0.02
Evgenij247: folds 
vkorgik: folds 
Pajkeeee: calls $0.01
DOTA111: checks 
*** FLOP *** [Ac 5h Qd]
Pajkeeee: checks 
DOTA111: bets $0.02
Allinakker: folds 
Pajkeeee: calls $0.02
*** TURN *** [Ac 5h Qd] [7h]
Pajkeeee: checks 
DOTA111: bets $0.02
Pajkeeee: calls $0.02
*** RIVER *** [Ac 5h Qd 7h] [9c]
Pajkeeee: bets $0.04
DOTA111: calls $0.04
*** SHOW DOWN ***
Pajkeeee: shows [Ad 8s] (a pair of Aces)
DOTA111: mucks hand 
Pajkeeee collected $0.21 from pot
*** SUMMARY ***
Total pot $0.22 | Rake $0.01 
Board [Ac 5h Qd 7h 9c]
Seat 1: Evgenij247 folded before Flop (didn't bet)
Seat 2: vkorgik (button) folded before Flop (didn't bet)
Seat 3: Pajkeeee (small blind) showed [Ad 8s] and won ($0.21) with a pair of Aces
Seat 4: DOTA111 (big blind) mucked [5d Jc]
Seat 5: deileon folded before Flop (didn't bet)
Seat 6: 9611th folded before Flop (didn't bet)
Seat 7: Dorex2007 folded before Flop (didn't bet)
Seat 8: poker0138 folded before Flop (didn't bet)
Seat 9: Allinakker folded on the Flop



PokerStars Hand #227047685513:  Hold'em No Limit ($0.01/$0.02 USD) - 2021/05/24 23:46:48 PT [2021/05/25 2:46:48 ET]
Table 'Anubis III' 9-max Seat #3 is the button
Seat 1: Evgenij247 ($2.84 in chips) 
Seat 2: vkorgik ($1.26 in chips) 
Seat 3: Pajkeeee ($2.22 in chips) 
Seat 4: DOTA111 ($2.31 in chips) 
Seat 5: deileon ($2 in chips) 
Seat 6: 9611th ($1.96 in chips) 
Seat 7: Dorex2007 ($2.99 in chips) 
Seat 8: poker0138 ($1.33 in chips) 
Seat 9: Allinakker ($1.75 in chips) 
DOTA111: posts small blind $0.01
deileon: posts big blind $0.02
*** HOLE CARDS ***
Dealt to Dorex2007 [Tc 7h]
9611th: calls $0.02
Dorex2007: folds 
poker0138: folds 
Allinakker: calls $0.02
Evgenij247: folds 
vkorgik: folds 
Pajkeeee: calls $0.02
DOTA111: raises $0.10 to $0.12
deileon: folds 
9611th: folds 
Allinakker: folds 
Pajkeeee: folds 
Uncalled bet ($0.10) returned to DOTA111
DOTA111 collected $0.10 from pot
DOTA111: doesn't show hand 
*** SUMMARY ***
Total pot $0.10 | Rake $0 
Seat 1: Evgenij247 folded before Flop (didn't bet)
Seat 2: vkorgik folded before Flop (didn't bet)
Seat 3: Pajkeeee (button) folded before Flop
Seat 4: DOTA111 (small blind) collected ($0.10)
Seat 5: deileon (big blind) folded before Flop
Seat 6: 9611th folded before Flop
Seat 7: Dorex2007 folded before Flop (didn't bet)
Seat 8: poker0138 folded before Flop (didn't bet)
Seat 9: Allinakker folded before Flop



PokerStars Hand #227047690375:  Hold'em No Limit ($0.01/$0.02 USD) - 2021/05/24 23:47:23 PT [2021/05/25 2:47:23 ET]
Table 'Anubis III' 9-max Seat #4 is the button
Seat 1: Evgenij247 ($2.84 in chips) 
Seat 2: vkorgik ($1.26 in chips) 
Seat 3: Pajkeeee ($2.20 in chips) 
Seat 4: DOTA111 ($2.39 in chips) 
Seat 5: deileon ($1.98 in chips) 
Seat 6: 9611th ($1.94 in chips) 
Seat 7: Dorex2007 ($2.99 in chips) 
Seat 8: poker0138 ($1.33 in chips) 
Seat 9: Allinakker ($1.73 in chips) 
deileon: posts small blind $0.01
9611th: posts big blind $0.02
*** HOLE CARDS ***
Dealt to Dorex2007 [3s 2d]
Dorex2007: folds 
poker0138: raises $0.02 to $0.04
Allinakker: calls $0.04
Evgenij247: folds 
vkorgik: folds 
Pajkeeee: folds 
DOTA111: calls $0.04
deileon: folds 
9611th: calls $0.02
*** FLOP *** [Qd Kh Th]
9611th: checks 
poker0138: checks 
Allinakker: checks 
DOTA111: bets $0.16
9611th: folds 
poker0138: calls $0.16
Allinakker: folds 
*** TURN *** [Qd Kh Th] [6c]
poker0138: checks 
DOTA111: bets $0.23
poker0138: calls $0.23
*** RIVER *** [Qd Kh Th 6c] [Jd]
poker0138: checks 
DOTA111: checks 
*** SHOW DOWN ***
poker0138: shows [Ts Td] (three of a kind, Tens)
DOTA111: mucks hand 
poker0138 collected $0.92 from pot
*** SUMMARY ***
Total pot $0.95 | Rake $0.03 
Board [Qd Kh Th 6c Jd]
Seat 1: Evgenij247 folded before Flop (didn't bet)
Seat 2: vkorgik folded before Flop (didn't bet)
Seat 3: Pajkeeee folded before Flop (didn't bet)
Seat 4: DOTA111 (button) mucked [Qc 5s]
Seat 5: deileon (small blind) folded before Flop
Seat 6: 9611th (big blind) folded on the Flop
Seat 7: Dorex2007 folded before Flop (didn't bet)
Seat 8: poker0138 showed [Ts Td] and won ($0.92) with three of a kind, Tens
Seat 9: Allinakker folded on the Flop



PokerStars Hand #227047699792:  Hold'em No Limit ($0.01/$0.02 USD) - 2021/05/24 23:48:31 PT [2021/05/25 2:48:31 ET]
Table 'Anubis III' 9-max Seat #5 is the button
Seat 1: Evgenij247 ($2.84 in chips) 
Seat 2: vkorgik ($1.26 in chips) 
Seat 3: Pajkeeee ($2.20 in chips) 
Seat 4: DOTA111 ($1.96 in chips) 
Seat 5: deileon ($1.97 in chips) 
Seat 6: 9611th ($1.90 in chips) 
Seat 7: Dorex2007 ($2.99 in chips) 
Seat 8: poker0138 ($1.82 in chips) 
Seat 9: Allinakker ($1.69 in chips) 
9611th: posts small blind $0.01
Dorex2007: posts big blind $0.02
*** HOLE CARDS ***
Dealt to Dorex2007 [5h 3h]
poker0138: folds 
Allinakker has timed out
Allinakker: folds 
Evgenij247 has timed out
Evgenij247: folds 
vkorgik: folds 
Pajkeeee: folds 
DOTA111: calls $0.02
deileon: folds 
9611th: calls $0.01
Dorex2007: checks 
*** FLOP *** [6d Kh 6c]
9611th: checks 
Dorex2007: bets $0.06
DOTA111: folds 
9611th: folds 
Uncalled bet ($0.06) returned to Dorex2007
Dorex2007 collected $0.06 from pot
Dorex2007: doesn't show hand 
*** SUMMARY ***
Total pot $0.06 | Rake $0 
Board [6d Kh 6c]
Seat 1: Evgenij247 folded before Flop (didn't bet)
Seat 2: vkorgik folded before Flop (didn't bet)
Seat 3: Pajkeeee folded before Flop (didn't bet)
Seat 4: DOTA111 folded on the Flop
Seat 5: deileon (button) folded before Flop (didn't bet)
Seat 6: 9611th (small blind) folded on the Flop
Seat 7: Dorex2007 (big blind) collected ($0.06)
Seat 8: poker0138 folded before Flop (didn't bet)
Seat 9: Allinakker folded before Flop (didn't bet)



PokerStars Hand #227047707342:  Hold'em No Limit ($0.01/$0.02 USD) - 2021/05/24 23:49:25 PT [2021/05/25 2:49:25 ET]
Table 'Anubis III' 9-max Seat #6 is the button
Seat 1: Evgenij247 ($2.84 in chips) 
Seat 2: vkorgik ($1.26 in chips) 
Seat 3: Pajkeeee ($2.20 in chips) 
Seat 4: DOTA111 ($1.94 in chips) 
Seat 5: deileon ($1.97 in chips) 
Seat 6: 9611th ($1.88 in chips) 
Seat 7: Dorex2007 ($3.03 in chips) 
Seat 8: poker0138 ($1.82 in chips) 
Seat 9: Allinakker ($1.69 in chips) 
Dorex2007: posts small blind $0.01
poker0138: posts big blind $0.02
*** HOLE CARDS ***
Dealt to Dorex2007 [3h 5d]
Allinakker: calls $0.02
Evgenij247 has timed out
Evgenij247: folds 
vkorgik: folds 
Pajkeeee: folds 
DOTA111: raises $0.04 to $0.06
deileon: folds 
9611th: folds 
Dorex2007: folds 
poker0138: calls $0.04
Allinakker: calls $0.04
*** FLOP *** [Qc Jd Js]
poker0138: checks 
Allinakker: bets $0.09
DOTA111: calls $0.09
poker0138: folds 
*** TURN *** [Qc Jd Js] [9d]
Allinakker: bets $0.18
DOTA111: calls $0.18
*** RIVER *** [Qc Jd Js 9d] [2h]
Allinakker: checks 
DOTA111: checks 
*** SHOW DOWN ***
Allinakker: shows [9h 5c] (two pair, Jacks and Nines)
DOTA111: shows [Qs Kd] (two pair, Queens and Jacks)
DOTA111 collected $0.70 from pot
*** SUMMARY ***
Total pot $0.73 | Rake $0.03 
Board [Qc Jd Js 9d 2h]
Seat 1: Evgenij247 folded before Flop (didn't bet)
Seat 2: vkorgik folded before Flop (didn't bet)
Seat 3: Pajkeeee folded before Flop (didn't bet)
Seat 4: DOTA111 showed [Qs Kd] and won ($0.70) with two pair, Queens and Jacks
Seat 5: deileon folded before Flop (didn't bet)
Seat 6: 9611th (button) folded before Flop (didn't bet)
Seat 7: Dorex2007 (small blind) folded before Flop
Seat 8: poker0138 (big blind) folded on the Flop
Seat 9: Allinakker showed [9h 5c] and lost with two pair, Jacks and Nines



PokerStars Hand #227047716052:  Hold'em No Limit ($0.01/$0.02 USD) - 2021/05/24 23:50:27 PT [2021/05/25 2:50:27 ET]
Table 'Anubis III' 9-max Seat #7 is the button
Seat 2: vkorgik ($1.26 in chips) 
Seat 3: Pajkeeee ($2.20 in chips) 
Seat 4: DOTA111 ($2.31 in chips) 
Seat 5: deileon ($1.97 in chips) 
Seat 6: 9611th ($1.88 in chips) 
Seat 7: Dorex2007 ($3.02 in chips) 
Seat 8: poker0138 ($1.76 in chips) 
Seat 9: Allinakker ($1.36 in chips) 
poker0138: posts small blind $0.01
Allinakker: posts big blind $0.02
*** HOLE CARDS ***
Dealt to Dorex2007 [6h 3d]
vkorgik: raises $0.04 to $0.06
Pajkeeee: folds 
DOTA111: calls $0.06
deileon: folds 
9611th: calls $0.06
Dorex2007: folds 
poker0138: folds 
Allinakker: calls $0.04
*** FLOP *** [7c 7h 9h]
Allinakker: checks 
vkorgik: checks 
DOTA111: bets $0.02
9611th: folds 
Allinakker: folds 
vkorgik: folds 
Uncalled bet ($0.02) returned to DOTA111
DOTA111 collected $0.24 from pot
DOTA111: doesn't show hand 
*** SUMMARY ***
Total pot $0.25 | Rake $0.01 
Board [7c 7h 9h]
Seat 2: vkorgik folded on the Flop
Seat 3: Pajkeeee folded before Flop (didn't bet)
Seat 4: DOTA111 collected ($0.24)
Seat 5: deileon folded before Flop (didn't bet)
Seat 6: 9611th folded on the Flop
Seat 7: Dorex2007 (button) folded before Flop (didn't bet)
Seat 8: poker0138 (small blind) folded before Flop
Seat 9: Allinakker (big blind) folded on the Flop



PokerStars Hand #227047722546:  Hold'em No Limit ($0.01/$0.02 USD) - 2021/05/24 23:51:13 PT [2021/05/25 2:51:13 ET]
Table 'Anubis III' 9-max Seat #8 is the button
Seat 2: vkorgik ($1.20 in chips) 
Seat 3: Pajkeeee ($2.20 in chips) 
Seat 4: DOTA111 ($2.49 in chips) 
Seat 5: deileon ($1.97 in chips) 
Seat 6: 9611th ($1.82 in chips) 
Seat 7: Dorex2007 ($3.02 in chips) 
Seat 8: poker0138 ($1.75 in chips) 
Seat 9: Allinakker ($1.94 in chips) 
Allinakker: posts small blind $0.01
vkorgik: posts big blind $0.02
*** HOLE CARDS ***
Dealt to Dorex2007 [7h Js]
Evgenij247 is disconnected 
Pajkeeee: folds 
DOTA111: raises $2.47 to $2.49 and is all-in
deileon: folds 
9611th: folds 
Dorex2007: folds 
poker0138: folds 
Allinakker: folds 
vkorgik: folds 
Uncalled bet ($2.47) returned to DOTA111
DOTA111 collected $0.05 from pot
DOTA111: doesn't show hand 
*** SUMMARY ***
Total pot $0.05 | Rake $0 
Seat 2: vkorgik (big blind) folded before Flop
Seat 3: Pajkeeee folded before Flop (didn't bet)
Seat 4: DOTA111 collected ($0.05)
Seat 5: deileon folded before Flop (didn't bet)
Seat 6: 9611th folded before Flop (didn't bet)
Seat 7: Dorex2007 folded before Flop (didn't bet)
Seat 8: poker0138 (button) folded before Flop (didn't bet)
Seat 9: Allinakker (small blind) folded before Flop



PokerStars Hand #227047725212:  Hold'em No Limit ($0.01/$0.02 USD) - 2021/05/24 23:51:32 PT [2021/05/25 2:51:32 ET]
Table 'Anubis III' 9-max Seat #9 is the button
Seat 2: vkorgik ($1.18 in chips) 
Seat 3: Pajkeeee ($2.20 in chips) 
Seat 4: DOTA111 ($2.52 in chips) 
Seat 5: deileon ($1.97 in chips) 
Seat 6: 9611th ($1.82 in chips) 
Seat 7: Dorex2007 ($3.02 in chips) 
Seat 8: poker0138 ($1.75 in chips) 
Seat 9: Allinakker ($1.93 in chips) 
vkorgik: posts small blind $0.01
Pajkeeee: posts big blind $0.02
*** HOLE CARDS ***
Dealt to Dorex2007 [2h Ac]
DOTA111: raises $0.05 to $0.07
deileon: folds 
9611th: folds 
Dorex2007: folds 
poker0138: calls $0.07
Allinakker: calls $0.07
vkorgik: folds 
Pajkeeee: folds 
*** FLOP *** [5h 7s Tc]
DOTA111: checks 
poker0138: checks 
Allinakker: bets $0.12
DOTA111: calls $0.12
poker0138: calls $0.12
*** TURN *** [5h 7s Tc] [8h]
DOTA111: checks 
poker0138: checks 
Allinakker: bets $0.29
DOTA111: calls $0.29
poker0138: folds 
*** RIVER *** [5h 7s Tc 8h] [Ks]
DOTA111: checks 
Allinakker: checks 
*** SHOW DOWN ***
DOTA111: shows [6c 6d] (a pair of Sixes)
Allinakker: shows [Qc Ts] (a pair of Tens)
Allinakker collected $1.14 from pot
*** SUMMARY ***
Total pot $1.18 | Rake $0.04 
Board [5h 7s Tc 8h Ks]
Seat 2: vkorgik (small blind) folded before Flop
Seat 3: Pajkeeee (big blind) folded before Flop
Seat 4: DOTA111 showed [6c 6d] and lost with a pair of Sixes
Seat 5: deileon folded before Flop (didn't bet)
Seat 6: 9611th folded before Flop (didn't bet)
Seat 7: Dorex2007 folded before Flop (didn't bet)
Seat 8: poker0138 folded on the Turn
Seat 9: Allinakker (button) showed [Qc Ts] and won ($1.14) with a pair of Tens



PokerStars Hand #227047735112:  Hold'em No Limit ($0.01/$0.02 USD) - 2021/05/24 23:52:43 PT [2021/05/25 2:52:43 ET]
Table 'Anubis III' 9-max Seat #2 is the button
Seat 2: vkorgik ($1.17 in chips) 
Seat 3: Pajkeeee ($2.18 in chips) 
Seat 4: DOTA111 ($2.04 in chips) 
Seat 5: deileon ($1.97 in chips) 
Seat 6: 9611th ($1.82 in chips) 
Seat 7: Dorex2007 ($3.02 in chips) 
Seat 8: poker0138 ($1.56 in chips) 
Pajkeeee: posts small blind $0.01
DOTA111: posts big blind $0.02
*** HOLE CARDS ***
Dealt to Dorex2007 [Kh As]
deileon: folds 
9611th: folds 
Allinakker leaves the table
Dorex2007: raises $0.04 to $0.06
oleggy14 joins the table at seat #9 
poker0138: calls $0.06
vkorgik: folds 
Pajkeeee: calls $0.05
DOTA111: folds 
*** FLOP *** [Ks 6h 3d]
Pajkeeee: checks 
Dorex2007: checks 
poker0138: checks 
*** TURN *** [Ks 6h 3d] [8s]
Pajkeeee: bets $0.08
Dorex2007: calls $0.08
poker0138: folds 
*** RIVER *** [Ks 6h 3d 8s] [7h]
Pajkeeee: bets $0.20
Dorex2007: raises $0.50 to $0.70
Pajkeeee: calls $0.50
*** SHOW DOWN ***
Dorex2007: shows [Kh As] (a pair of Kings)
Pajkeeee: shows [8d 8h] (three of a kind, Eights)
Pajkeeee collected $1.70 from pot
*** SUMMARY ***
Total pot $1.76 | Rake $0.06 
Board [Ks 6h 3d 8s 7h]
Seat 2: vkorgik (button) folded before Flop (didn't bet)
Seat 3: Pajkeeee (small blind) showed [8d 8h] and won ($1.70) with three of a kind, Eights
Seat 4: DOTA111 (big blind) folded before Flop
Seat 5: deileon folded before Flop (didn't bet)
Seat 6: 9611th folded before Flop (didn't bet)
Seat 7: Dorex2007 showed [Kh As] and lost with a pair of Kings
Seat 8: poker0138 folded on the Turn



PokerStars Hand #227047745976:  Hold'em No Limit ($0.01/$0.02 USD) - 2021/05/24 23:53:59 PT [2021/05/25 2:53:59 ET]
Table 'Anubis III' 9-max Seat #3 is the button
Seat 2: vkorgik ($1.17 in chips) 
Seat 3: Pajkeeee ($3.04 in chips) 
Seat 4: DOTA111 ($2.02 in chips) 
Seat 5: deileon ($1.97 in chips) 
Seat 6: 9611th ($1.82 in chips) 
Seat 7: Dorex2007 ($2.18 in chips) 
Seat 8: poker0138 ($1.50 in chips) 
DOTA111: posts small blind $0.01
deileon: posts big blind $0.02
oleggy14: sits out 
*** HOLE CARDS ***
Dealt to Dorex2007 [Ks 9h]
9611th: folds 
Dorex2007: folds 
poker0138: folds 
vkorgik: raises $0.03 to $0.05
Pajkeeee: folds 
DOTA111: calls $0.04
deileon: folds 
*** FLOP *** [Td Ad 2h]
DOTA111: checks 
vkorgik: checks 
*** TURN *** [Td Ad 2h] [3s]
DOTA111: bets $0.02
vkorgik: calls $0.02
*** RIVER *** [Td Ad 2h 3s] [8d]
DOTA111: bets $0.15
vkorgik: folds 
Uncalled bet ($0.15) returned to DOTA111
DOTA111 collected $0.15 from pot
DOTA111: doesn't show hand 
*** SUMMARY ***
Total pot $0.16 | Rake $0.01 
Board [Td Ad 2h 3s 8d]
Seat 2: vkorgik folded on the River
Seat 3: Pajkeeee (button) folded before Flop (didn't bet)
Seat 4: DOTA111 (small blind) collected ($0.15)
Seat 5: deileon (big blind) folded before Flop
Seat 6: 9611th folded before Flop (didn't bet)
Seat 7: Dorex2007 folded before Flop (didn't bet)
Seat 8: poker0138 folded before Flop (didn't bet)



PokerStars Hand #227047755490:  Hold'em No Limit ($0.01/$0.02 USD) - 2021/05/24 23:55:07 PT [2021/05/25 2:55:07 ET]
Table 'Anubis III' 9-max Seat #4 is the button
Seat 2: vkorgik ($1.10 in chips) 
Seat 3: Pajkeeee ($3.04 in chips) 
Seat 4: DOTA111 ($2.10 in chips) 
Seat 5: deileon ($1.95 in chips) 
Seat 6: 9611th ($1.82 in chips) 
Seat 7: Dorex2007 ($2.18 in chips) 
Seat 8: poker0138 ($1.50 in chips) 
deileon: posts small blind $0.01
9611th: posts big blind $0.02
oleggy14: sits out 
*** HOLE CARDS ***
Dealt to Dorex2007 [7s 2c]
Dorex2007: folds 
poker0138: folds 
vkorgik: raises $0.03 to $0.05
Pajkeeee: folds 
DOTA111: folds 
deileon: folds 
9611th: folds 
Uncalled bet ($0.03) returned to vkorgik
vkorgik collected $0.05 from pot
vkorgik: doesn't show hand 
*** SUMMARY ***
Total pot $0.05 | Rake $0 
Seat 2: vkorgik collected ($0.05)
Seat 3: Pajkeeee folded before Flop (didn't bet)
Seat 4: DOTA111 (button) folded before Flop (didn't bet)
Seat 5: deileon (small blind) folded before Flop
Seat 6: 9611th (big blind) folded before Flop
Seat 7: Dorex2007 folded before Flop (didn't bet)
Seat 8: poker0138 folded before Flop (didn't bet)



PokerStars Hand #227047758431:  Hold'em No Limit ($0.01/$0.02 USD) - 2021/05/24 23:55:31 PT [2021/05/25 2:55:31 ET]
Table 'Anubis III' 9-max Seat #5 is the button
Seat 2: vkorgik ($1.13 in chips) 
Seat 3: Pajkeeee ($3.04 in chips) 
Seat 4: DOTA111 ($2.10 in chips) 
Seat 5: deileon ($1.94 in chips) 
Seat 6: 9611th ($1.80 in chips) 
Seat 7: Dorex2007 ($2.18 in chips) 
Seat 8: poker0138 ($1.50 in chips) 
9611th: posts small blind $0.01
Dorex2007: posts big blind $0.02
oleggy14: sits out 
*** HOLE CARDS ***
Dealt to Dorex2007 [8s 5c]
poker0138: folds 
vkorgik: folds 
Pajkeeee: folds 
DOTA111: raises $0.02 to $0.04
deileon: folds 
9611th: folds 
Dorex2007: folds 
Uncalled bet ($0.02) returned to DOTA111
DOTA111 collected $0.05 from pot
DOTA111: doesn't show hand 
*** SUMMARY ***
Total pot $0.05 | Rake $0 
Seat 2: vkorgik folded before Flop (didn't bet)
Seat 3: Pajkeeee folded before Flop (didn't bet)
Seat 4: DOTA111 collected ($0.05)
Seat 5: deileon (button) folded before Flop (didn't bet)
Seat 6: 9611th (small blind) folded before Flop
Seat 7: Dorex2007 (big blind) folded before Flop
Seat 8: poker0138 folded before Flop (didn't bet)



PokerStars Hand #227047760993:  Hold'em No Limit ($0.01/$0.02 USD) - 2021/05/24 23:55:52 PT [2021/05/25 2:55:52 ET]
Table 'Anubis III' 9-max Seat #6 is the button
Seat 2: vkorgik ($1.13 in chips) 
Seat 3: Pajkeeee ($3.04 in chips) 
Seat 4: DOTA111 ($2.13 in chips) 
Seat 5: deileon ($1.94 in chips) 
Seat 6: 9611th ($1.79 in chips) 
Seat 7: Dorex2007 ($2.16 in chips) 
Seat 8: poker0138 ($1.50 in chips) 
Dorex2007: posts small blind $0.01
poker0138: posts big blind $0.02
oleggy14: sits out 
*** HOLE CARDS ***
Dealt to Dorex2007 [Jh 5h]
vkorgik: folds 
Pajkeeee: raises $0.04 to $0.06
DOTA111: calls $0.06
deileon: folds 
9611th: folds 
Dorex2007: folds 
poker0138: folds 
*** FLOP *** [4s Ad Kd]
Pajkeeee: bets $0.07
DOTA111: calls $0.07
*** TURN *** [4s Ad Kd] [2d]
Pajkeeee: checks 
DOTA111: checks 
*** RIVER *** [4s Ad Kd 2d] [6d]
Pajkeeee: checks 
DOTA111: bets $0.14
Pajkeeee: folds 
Uncalled bet ($0.14) returned to DOTA111
DOTA111 collected $0.28 from pot
DOTA111: doesn't show hand 
*** SUMMARY ***
Total pot $0.29 | Rake $0.01 
Board [4s Ad Kd 2d 6d]
Seat 2: vkorgik folded before Flop (didn't bet)
Seat 3: Pajkeeee folded on the River
Seat 4: DOTA111 collected ($0.28)
Seat 5: deileon folded before Flop (didn't bet)
Seat 6: 9611th (button) folded before Flop (didn't bet)
Seat 7: Dorex2007 (small blind) folded before Flop
Seat 8: poker0138 (big blind) folded before Flop



PokerStars Hand #227047774073:  Hold'em No Limit ($0.01/$0.02 USD) - 2021/05/24 23:56:43 PT [2021/05/25 2:56:43 ET]
Table 'Anubis III' 9-max Seat #7 is the button
Seat 2: vkorgik ($1.13 in chips) 
Seat 3: Pajkeeee ($2.91 in chips) 
Seat 4: DOTA111 ($2.28 in chips) 
Seat 5: deileon ($1.94 in chips) 
Seat 6: 9611th ($1.79 in chips) 
Seat 7: Dorex2007 ($2.15 in chips) 
Seat 8: poker0138 ($1.48 in chips) 
Seat 9: oleggy14 ($2 in chips) 
poker0138: posts small blind $0.01
oleggy14: posts big blind $0.02
*** HOLE CARDS ***
Dealt to Dorex2007 [3c Ts]
vkorgik: folds 
Pajkeeee: folds 
DOTA111: raises $0.04 to $0.06
deileon: folds 
9611th: folds 
Dorex2007: folds 
poker0138: folds 
oleggy14: folds 
Uncalled bet ($0.04) returned to DOTA111
DOTA111 collected $0.05 from pot
DOTA111: doesn't show hand 
*** SUMMARY ***
Total pot $0.05 | Rake $0 
Seat 2: vkorgik folded before Flop (didn't bet)
Seat 3: Pajkeeee folded before Flop (didn't bet)
Seat 4: DOTA111 collected ($0.05)
Seat 5: deileon folded before Flop (didn't bet)
Seat 6: 9611th folded before Flop (didn't bet)
Seat 7: Dorex2007 (button) folded before Flop (didn't bet)
Seat 8: poker0138 (small blind) folded before Flop
Seat 9: oleggy14 (big blind) folded before Flop



PokerStars Hand #227047776060:  Hold'em No Limit ($0.01/$0.02 USD) - 2021/05/24 23:57:00 PT [2021/05/25 2:57:00 ET]
Table 'Anubis III' 9-max Seat #8 is the button
Seat 2: vkorgik ($1.13 in chips) 
Seat 3: Pajkeeee ($2.91 in chips) 
Seat 4: DOTA111 ($2.31 in chips) 
Seat 5: deileon ($1.94 in chips) 
Seat 6: 9611th ($1.79 in chips) 
Seat 7: Dorex2007 ($2.15 in chips) 
Seat 8: poker0138 ($1.47 in chips) 
Seat 9: oleggy14 ($1.98 in chips) 
oleggy14: posts small blind $0.01
vkorgik: posts big blind $0.02
*** HOLE CARDS ***
Dealt to Dorex2007 [8d Kd]
Pajkeeee: folds 
DOTA111: raises $2.29 to $2.31 and is all-in
deileon: folds 
9611th: folds 
Dorex2007: folds 
poker0138: folds 
oleggy14: folds 
vkorgik: folds 
Uncalled bet ($2.29) returned to DOTA111
DOTA111 collected $0.05 from pot
DOTA111: doesn't show hand 
*** SUMMARY ***
Total pot $0.05 | Rake $0 
Seat 2: vkorgik (big blind) folded before Flop
Seat 3: Pajkeeee folded before Flop (didn't bet)
Seat 4: DOTA111 collected ($0.05)
Seat 5: deileon folded before Flop (didn't bet)
Seat 6: 9611th folded before Flop (didn't bet)
Seat 7: Dorex2007 folded before Flop (didn't bet)
Seat 8: poker0138 (button) folded before Flop (didn't bet)
Seat 9: oleggy14 (small blind) folded before Flop



PokerStars Hand #227047780068:  Hold'em No Limit ($0.01/$0.02 USD) - 2021/05/24 23:57:32 PT [2021/05/25 2:57:32 ET]
Table 'Anubis III' 9-max Seat #9 is the button
Seat 2: vkorgik ($1.11 in chips) 
Seat 3: Pajkeeee ($2.91 in chips) 
Seat 4: DOTA111 ($2.34 in chips) 
Seat 5: deileon ($1.94 in chips) 
Seat 6: 9611th ($1.79 in chips) 
Seat 7: Dorex2007 ($2.15 in chips) 
Seat 8: poker0138 ($1.47 in chips) 
Seat 9: oleggy14 ($1.97 in chips) 
vkorgik: posts small blind $0.01
Pajkeeee: posts big blind $0.02
*** HOLE CARDS ***
Dealt to Dorex2007 [4c Ts]
DOTA111: calls $0.02
deileon: calls $0.02
9611th: calls $0.02
Dorex2007: folds 
poker0138: raises $0.02 to $0.04
oleggy14: calls $0.04
vkorgik: folds 
Pajkeeee: calls $0.02
DOTA111: calls $0.02
deileon: calls $0.02
9611th: calls $0.02
*** FLOP *** [8c 7d 6h]
Pajkeeee: checks 
DOTA111: checks 
deileon: checks 
9611th: checks 
poker0138: bets $0.06
oleggy14: folds 
Pajkeeee: calls $0.06
DOTA111: calls $0.06
deileon: calls $0.06
9611th: folds 
*** TURN *** [8c 7d 6h] [Jh]
Pajkeeee: checks 
DOTA111: checks 
deileon: checks 
poker0138: bets $0.06
Pajkeeee: calls $0.06
DOTA111: calls $0.06
deileon: calls $0.06
*** RIVER *** [8c 7d 6h Jh] [Jc]
Pajkeeee: checks 
DOTA111: checks 
deileon: checks 
poker0138: checks 
*** SHOW DOWN ***
Pajkeeee: shows [Qs 9d] (a pair of Jacks)
DOTA111: shows [Tc Kh] (a pair of Jacks - King kicker)
deileon: shows [Ac 7c] (two pair, Jacks and Sevens)
poker0138: mucks hand 
deileon collected $0.70 from pot
*** SUMMARY ***
Total pot $0.73 | Rake $0.03 
Board [8c 7d 6h Jh Jc]
Seat 2: vkorgik (small blind) folded before Flop
Seat 3: Pajkeeee (big blind) showed [Qs 9d] and lost with a pair of Jacks
Seat 4: DOTA111 showed [Tc Kh] and lost with a pair of Jacks
Seat 5: deileon showed [Ac 7c] and won ($0.70) with two pair, Jacks and Sevens
Seat 6: 9611th folded on the Flop
Seat 7: Dorex2007 folded before Flop (didn't bet)
Seat 8: poker0138 mucked [5d 5h]
Seat 9: oleggy14 (button) folded on the Flop



PokerStars Hand #227047789260:  Hold'em No Limit ($0.01/$0.02 USD) - 2021/05/24 23:58:47 PT [2021/05/25 2:58:47 ET]
Table 'Anubis III' 9-max Seat #2 is the button
Seat 2: vkorgik ($1.10 in chips) 
Seat 3: Pajkeeee ($2.75 in chips) 
Seat 4: DOTA111 ($2.18 in chips) 
Seat 5: deileon ($2.48 in chips) 
Seat 6: 9611th ($1.75 in chips) 
Seat 7: Dorex2007 ($2.15 in chips) 
Seat 8: poker0138 ($1.31 in chips) 
Seat 9: oleggy14 ($1.93 in chips) 
Pajkeeee: posts small blind $0.01
DOTA111: posts big blind $0.02
*** HOLE CARDS ***
Dealt to Dorex2007 [5c 6c]
deileon: folds 
9611th: raises $0.04 to $0.06
Dorex2007: calls $0.06
poker0138: folds 
oleggy14: raises $0.17 to $0.23
vkorgik: folds 
Pajkeeee: folds 
DOTA111: folds 
9611th: folds 
Dorex2007: calls $0.17
*** FLOP *** [Td 3d Jh]
DOTA111 leaves the table
Dorex2007: checks 
oleggy14: bets $0.82
Dorex2007: folds 
Uncalled bet ($0.82) returned to oleggy14
oleggy14 collected $0.53 from pot
*** SUMMARY ***
Total pot $0.55 | Rake $0.02 
Board [Td 3d Jh]
Seat 2: vkorgik (button) folded before Flop (didn't bet)
Seat 3: Pajkeeee (small blind) folded before Flop
Seat 4: DOTA111 (big blind) folded before Flop
Seat 5: deileon folded before Flop (didn't bet)
Seat 6: 9611th folded before Flop
Seat 7: Dorex2007 folded on the Flop
Seat 8: poker0138 folded before Flop (didn't bet)
Seat 9: oleggy14 collected ($0.53)



PokerStars Hand #227047795401:  Hold'em No Limit ($0.01/$0.02 USD) - 2021/05/24 23:59:37 PT [2021/05/25 2:59:37 ET]
Table 'Anubis III' 9-max Seat #3 is the button
Seat 2: vkorgik ($1.10 in chips) 
Seat 3: Pajkeeee ($2.74 in chips) 
Seat 5: deileon ($2.48 in chips) 
Seat 6: 9611th ($1.69 in chips) 
Seat 7: Dorex2007 ($1.92 in chips) 
Seat 8: poker0138 ($1.31 in chips) 
Seat 9: oleggy14 ($2.23 in chips) 
deileon: posts small blind $0.01
9611th: posts big blind $0.02
*** HOLE CARDS ***
Dealt to Dorex2007 [Jd Jc]
Dorex2007: raises $0.04 to $0.06
poker0138: folds 
oleggy14: folds 
vkorgik: folds 
Pajkeeee: folds 
deileon: folds 
9611th: folds 
Uncalled bet ($0.04) returned to Dorex2007
Dorex2007 collected $0.05 from pot
Dorex2007: doesn't show hand 
*** SUMMARY ***
Total pot $0.05 | Rake $0 
Seat 2: vkorgik folded before Flop (didn't bet)
Seat 3: Pajkeeee (button) folded before Flop (didn't bet)
Seat 5: deileon (small blind) folded before Flop
Seat 6: 9611th (big blind) folded before Flop
Seat 7: Dorex2007 collected ($0.05)
Seat 8: poker0138 folded before Flop (didn't bet)
Seat 9: oleggy14 folded before Flop (didn't bet)



PokerStars Hand #227047797009:  Hold'em No Limit ($0.01/$0.02 USD) - 2021/05/24 23:59:50 PT [2021/05/25 2:59:50 ET]
Table 'Anubis III' 9-max Seat #5 is the button
Seat 2: vkorgik ($1.10 in chips) 
Seat 3: Pajkeeee ($2.74 in chips) 
Seat 5: deileon ($2.47 in chips) 
Seat 6: 9611th ($1.67 in chips) 
Seat 7: Dorex2007 ($1.95 in chips) 
Seat 8: poker0138 ($1.31 in chips) 
Seat 9: oleggy14 ($2.23 in chips) 
9611th: posts small blind $0.01
Dorex2007: posts big blind $0.02
*** HOLE CARDS ***
Dealt to Dorex2007 [5c 2s]
poker0138: calls $0.02
oleggy14: folds 
vkorgik: folds 
Pajkeeee: raises $0.06 to $0.08
deileon: folds 
Andres_fonalosa joins the table at seat #4 
9611th: calls $0.07
Dorex2007: folds 
poker0138: folds 
*** FLOP *** [4d Qh 3c]
9611th: bets $0.02
Pajkeeee: raises $0.14 to $0.16
9611th: folds 
Uncalled bet ($0.14) returned to Pajkeeee
Pajkeeee collected $0.23 from pot
Pajkeeee: doesn't show hand 
*** SUMMARY ***
Total pot $0.24 | Rake $0.01 
Board [4d Qh 3c]
Seat 2: vkorgik folded before Flop (didn't bet)
Seat 3: Pajkeeee collected ($0.23)
Seat 5: deileon (button) folded before Flop (didn't bet)
Seat 6: 9611th (small blind) folded on the Flop
Seat 7: Dorex2007 (big blind) folded before Flop
Seat 8: poker0138 folded before Flop
Seat 9: oleggy14 folded before Flop (didn't bet)



PokerStars Hand #227047802448:  Hold'em No Limit ($0.01/$0.02 USD) - 2021/05/25 0:00:33 PT [2021/05/25 3:00:33 ET]
Table 'Anubis III' 9-max Seat #6 is the button
Seat 2: vkorgik ($1.10 in chips) 
Seat 3: Pajkeeee ($2.87 in chips) 
Seat 4: Andres_fonalosa ($1 in chips) 
Seat 5: deileon ($2.47 in chips) 
Seat 6: 9611th ($1.57 in chips) 
Seat 7: Dorex2007 ($1.93 in chips) 
Seat 8: poker0138 ($1.29 in chips) 
Seat 9: oleggy14 ($2.23 in chips) 
Dorex2007: posts small blind $0.01
poker0138: posts big blind $0.02
Andres_fonalosa: posts big blind $0.02
*** HOLE CARDS ***
Dealt to Dorex2007 [5c Jd]
oleggy14: folds 
vkorgik: folds 
Pajkeeee: folds 
Andres_fonalosa has timed out
Andres_fonalosa: checks 
deileon: calls $0.02
9611th: calls $0.02
Dorex2007: calls $0.01
Evgenij247 leaves the table
poker0138: checks 
*** FLOP *** [Th As Jh]
Dorex2007: checks 
poker0138: bets $0.05
mvscdrqcdl joins the table at seat #1 
Andres_fonalosa: folds 
deileon: calls $0.05
9611th: calls $0.05
Dorex2007: folds 
*** TURN *** [Th As Jh] [Qh]
poker0138: bets $0.06
deileon: calls $0.06
9611th: raises $0.42 to $0.48
poker0138: calls $0.42
deileon: folds 
*** RIVER *** [Th As Jh Qh] [Ac]
poker0138: bets $0.74 and is all-in
9611th: calls $0.74
*** SHOW DOWN ***
poker0138: shows [8h Ah] (a flush, Ace high)
9611th: shows [Kh 5h] (a flush, King high)
poker0138 collected $2.65 from pot
*** SUMMARY ***
Total pot $2.75 | Rake $0.10 
Board [Th As Jh Qh Ac]
Seat 2: vkorgik folded before Flop (didn't bet)
Seat 3: Pajkeeee folded before Flop (didn't bet)
Seat 4: Andres_fonalosa folded on the Flop (didn't bet)
Seat 5: deileon folded on the Turn
Seat 6: 9611th (button) showed [Kh 5h] and lost with a flush, King high
Seat 7: Dorex2007 (small blind) folded on the Flop
Seat 8: poker0138 (big blind) showed [8h Ah] and won ($2.65) with a flush, Ace high
Seat 9: oleggy14 folded before Flop (didn't bet)



PokerStars Hand #227047818368:  Hold'em No Limit ($0.01/$0.02 USD) - 2021/05/25 0:02:27 PT [2021/05/25 3:02:27 ET]
Table 'Anubis III' 9-max Seat #7 is the button
Seat 2: vkorgik ($1.10 in chips) 
Seat 3: Pajkeeee ($2.87 in chips) 
Seat 4: Andres_fonalosa ($0.98 in chips) 
Seat 5: deileon ($2.34 in chips) 
Seat 6: 9611th ($0.28 in chips) 
Seat 7: Dorex2007 ($1.91 in chips) 
Seat 8: poker0138 ($2.65 in chips) 
Seat 9: oleggy14 ($2.23 in chips) 
poker0138: posts small blind $0.01
oleggy14: posts big blind $0.02
mvscdrqcdl: sits out 
*** HOLE CARDS ***
Dealt to Dorex2007 [Qc 7s]
vkorgik: folds 
Pajkeeee: folds 
Andres_fonalosa: folds 
deileon: folds 
9611th: folds 
Dorex2007: folds 
poker0138: calls $0.01
9611th leaves the table
oleggy14: checks 
*** FLOP *** [9s 4d 5d]
poker0138: checks 
oleggy14: checks 
*** TURN *** [9s 4d 5d] [7d]
poker0138: checks 
oleggy14: checks 
*** RIVER *** [9s 4d 5d 7d] [6h]
pike_14_22 joins the table at seat #6 
poker0138: checks 
oleggy14: checks 
*** SHOW DOWN ***
poker0138: shows [3c 2d] (a straight, Three to Seven)
oleggy14: shows [8s Ks] (a straight, Five to Nine)
oleggy14 collected $0.04 from pot
*** SUMMARY ***
Total pot $0.04 | Rake $0 
Board [9s 4d 5d 7d 6h]
Seat 2: vkorgik folded before Flop (didn't bet)
Seat 3: Pajkeeee folded before Flop (didn't bet)
Seat 4: Andres_fonalosa folded before Flop (didn't bet)
Seat 5: deileon folded before Flop (didn't bet)
Seat 6: 9611th folded before Flop (didn't bet)
Seat 7: Dorex2007 (button) folded before Flop (didn't bet)
Seat 8: poker0138 (small blind) showed [3c 2d] and lost with a straight, Three to Seven
Seat 9: oleggy14 (big blind) showed [8s Ks] and won ($0.04) with a straight, Five to Nine



PokerStars Hand #227047824189:  Hold'em No Limit ($0.01/$0.02 USD) - 2021/05/25 0:03:09 PT [2021/05/25 3:03:09 ET]
Table 'Anubis III' 9-max Seat #8 is the button
Seat 1: mvscdrqcdl ($2 in chips) 
Seat 2: vkorgik ($1.10 in chips) 
Seat 3: Pajkeeee ($2.87 in chips) 
Seat 4: Andres_fonalosa ($0.98 in chips) 
Seat 5: deileon ($2.34 in chips) 
Seat 7: Dorex2007 ($1.91 in chips) 
Seat 8: poker0138 ($2.63 in chips) 
Seat 9: oleggy14 ($2.25 in chips) 
oleggy14: posts small blind $0.01
mvscdrqcdl: posts big blind $0.02
pike_14_22: sits out 
*** HOLE CARDS ***
Dealt to Dorex2007 [3d Kc]
vkorgik: folds 
Pajkeeee: raises $0.04 to $0.06
Andres_fonalosa: calls $0.06
deileon: folds 
Dorex2007: folds 
poker0138: calls $0.06
oleggy14: folds 
mvscdrqcdl: calls $0.04
*** FLOP *** [Qh 2d 2s]
mvscdrqcdl: checks 
Pajkeeee: checks 
Andres_fonalosa: bets $0.12
poker0138: calls $0.12
mvscdrqcdl: folds 
Pajkeeee: folds 
*** TURN *** [Qh 2d 2s] [9h]
Andres_fonalosa: checks 
poker0138: bets $0.24
Andres_fonalosa: calls $0.24
*** RIVER *** [Qh 2d 2s 9h] [7s]
Andres_fonalosa: checks 
poker0138: checks 
*** SHOW DOWN ***
Andres_fonalosa: shows [4s 4h] (two pair, Fours and Deuces)
poker0138: shows [Ks Qs] (two pair, Queens and Deuces)
poker0138 collected $0.94 from pot
*** SUMMARY ***
Total pot $0.97 | Rake $0.03 
Board [Qh 2d 2s 9h 7s]
Seat 1: mvscdrqcdl (big blind) folded on the Flop
Seat 2: vkorgik folded before Flop (didn't bet)
Seat 3: Pajkeeee folded on the Flop
Seat 4: Andres_fonalosa showed [4s 4h] and lost with two pair, Fours and Deuces
Seat 5: deileon folded before Flop (didn't bet)
Seat 7: Dorex2007 folded before Flop (didn't bet)
Seat 8: poker0138 (button) showed [Ks Qs] and won ($0.94) with two pair, Queens and Deuces
Seat 9: oleggy14 (small blind) folded before Flop



PokerStars Hand #227047833499:  Hold'em No Limit ($0.01/$0.02 USD) - 2021/05/25 0:04:13 PT [2021/05/25 3:04:13 ET]
Table 'Anubis III' 9-max Seat #9 is the button
Seat 1: mvscdrqcdl ($1.94 in chips) 
Seat 2: vkorgik ($1.10 in chips) 
Seat 3: Pajkeeee ($2.81 in chips) 
Seat 4: Andres_fonalosa ($0.56 in chips) 
Seat 5: deileon ($2.34 in chips) 
Seat 7: Dorex2007 ($1.91 in chips) 
Seat 8: poker0138 ($3.15 in chips) 
Seat 9: oleggy14 ($2.24 in chips) 
mvscdrqcdl: posts small blind $0.01
vkorgik: posts big blind $0.02
pike_14_22: sits out 
*** HOLE CARDS ***
Dealt to Dorex2007 [Js Qs]
Pajkeeee: folds 
Andres_fonalosa: folds 
deileon: folds 
Dorex2007: raises $0.02 to $0.04
poker0138: folds 
oleggy14: folds 
mvscdrqcdl: folds 
vkorgik: folds 
Uncalled bet ($0.02) returned to Dorex2007
Dorex2007 collected $0.05 from pot
Dorex2007: doesn't show hand 
*** SUMMARY ***
Total pot $0.05 | Rake $0 
Seat 1: mvscdrqcdl (small blind) folded before Flop
Seat 2: vkorgik (big blind) folded before Flop
Seat 3: Pajkeeee folded before Flop (didn't bet)
Seat 4: Andres_fonalosa folded before Flop (didn't bet)
Seat 5: deileon folded before Flop (didn't bet)
Seat 7: Dorex2007 collected ($0.05)
Seat 8: poker0138 folded before Flop (didn't bet)
Seat 9: oleggy14 (button) folded before Flop (didn't bet)



PokerStars Hand #227047837512:  Hold'em No Limit ($0.01/$0.02 USD) - 2021/05/25 0:04:42 PT [2021/05/25 3:04:42 ET]
Table 'Anubis III' 9-max Seat #1 is the button
Seat 1: mvscdrqcdl ($1.93 in chips) 
Seat 2: vkorgik ($1.08 in chips) 
Seat 3: Pajkeeee ($2.81 in chips) 
Seat 4: Andres_fonalosa ($0.56 in chips) 
Seat 5: deileon ($2.34 in chips) 
Seat 7: Dorex2007 ($1.94 in chips) 
Seat 8: poker0138 ($3.15 in chips) 
Seat 9: oleggy14 ($2.24 in chips) 
vkorgik: posts small blind $0.01
Pajkeeee: posts big blind $0.02
pike_14_22: sits out 
*** HOLE CARDS ***
Dealt to Dorex2007 [5d 4h]
Andres_fonalosa: calls $0.02
deileon: folds 
Dorex2007: folds 
poker0138: folds 
oleggy14: folds 
mvscdrqcdl: calls $0.02
vkorgik: folds 
Pajkeeee: checks 
*** FLOP *** [Qd 8h Kd]
Pajkeeee: checks 
Andres_fonalosa: bets $0.13
mvscdrqcdl: folds 
Pajkeeee: folds 
Uncalled bet ($0.13) returned to Andres_fonalosa
Andres_fonalosa collected $0.07 from pot
Andres_fonalosa: doesn't show hand 
*** SUMMARY ***
Total pot $0.07 | Rake $0 
Board [Qd 8h Kd]
Seat 1: mvscdrqcdl (button) folded on the Flop
Seat 2: vkorgik (small blind) folded before Flop
Seat 3: Pajkeeee (big blind) folded on the Flop
Seat 4: Andres_fonalosa collected ($0.07)
Seat 5: deileon folded before Flop (didn't bet)
Seat 7: Dorex2007 folded before Flop (didn't bet)
Seat 8: poker0138 folded before Flop (didn't bet)
Seat 9: oleggy14 folded before Flop (didn't bet)



PokerStars Hand #227047843761:  Hold'em No Limit ($0.01/$0.02 USD) - 2021/05/25 0:05:25 PT [2021/05/25 3:05:25 ET]
Table 'Anubis III' 9-max Seat #2 is the button
Seat 1: mvscdrqcdl ($1.91 in chips) 
Seat 2: vkorgik ($1.07 in chips) 
Seat 3: Pajkeeee ($2.79 in chips) 
Seat 4: Andres_fonalosa ($0.61 in chips) 
Seat 5: deileon ($2.34 in chips) 
Seat 7: Dorex2007 ($1.94 in chips) 
Seat 8: poker0138 ($3.15 in chips) 
Seat 9: oleggy14 ($2.24 in chips) 
Pajkeeee: posts small blind $0.01
Andres_fonalosa: posts big blind $0.02
pike_14_22: sits out 
*** HOLE CARDS ***
Dealt to Dorex2007 [5d Th]
deileon: folds 
Dorex2007: folds 
poker0138: calls $0.02
oleggy14: folds 
mvscdrqcdl: calls $0.02
vkorgik: folds 
Pajkeeee: calls $0.01
Andres_fonalosa has timed out
Andres_fonalosa: checks 
*** FLOP *** [2d Ah 5h]
Pajkeeee: checks 
Andres_fonalosa: bets $0.08
poker0138: folds 
mvscdrqcdl: folds 
Pajkeeee: calls $0.08
*** TURN *** [2d Ah 5h] [4d]
Pajkeeee: checks 
Andres_fonalosa: bets $0.23
Pajkeeee: calls $0.23
*** RIVER *** [2d Ah 5h 4d] [8s]
Pajkeeee: bets $0.34
Andres_fonalosa: folds 
Uncalled bet ($0.34) returned to Pajkeeee
Pajkeeee collected $0.68 from pot
Pajkeeee: doesn't show hand 
*** SUMMARY ***
Total pot $0.70 | Rake $0.02 
Board [2d Ah 5h 4d 8s]
Seat 1: mvscdrqcdl folded on the Flop
Seat 2: vkorgik (button) folded before Flop (didn't bet)
Seat 3: Pajkeeee (small blind) collected ($0.68)
Seat 4: Andres_fonalosa (big blind) folded on the River
Seat 5: deileon folded before Flop (didn't bet)
Seat 7: Dorex2007 folded before Flop (didn't bet)
Seat 8: poker0138 folded on the Flop
Seat 9: oleggy14 folded before Flop (didn't bet)



PokerStars Hand #227047857594:  Hold'em No Limit ($0.01/$0.02 USD) - 2021/05/25 0:07:02 PT [2021/05/25 3:07:02 ET]
Table 'Anubis III' 9-max Seat #3 is the button
Seat 1: mvscdrqcdl ($1.89 in chips) 
Seat 2: vkorgik ($1.07 in chips) 
Seat 3: Pajkeeee ($3.14 in chips) 
Seat 4: Andres_fonalosa ($0.28 in chips) 
Seat 5: deileon ($2.34 in chips) 
Seat 7: Dorex2007 ($1.94 in chips) 
Seat 8: poker0138 ($3.13 in chips) 
Seat 9: oleggy14 ($2.24 in chips) 
Andres_fonalosa: posts small blind $0.01
deileon: posts big blind $0.02
pike_14_22: sits out 
*** HOLE CARDS ***
Dealt to Dorex2007 [9s 3d]
Dorex2007: folds 
poker0138: raises $0.02 to $0.04
oleggy14: folds 
mvscdrqcdl: calls $0.04
vkorgik: folds 
Pajkeeee: calls $0.04
Andres_fonalosa: folds 
deileon: calls $0.02
*** FLOP *** [Qd Ac Qc]
deileon: checks 
poker0138: bets $0.08
mvscdrqcdl: folds 
Pajkeeee: calls $0.08
deileon: calls $0.08
*** TURN *** [Qd Ac Qc] [5s]
deileon: checks 
poker0138: bets $0.20
Pajkeeee: calls $0.20
deileon: calls $0.20
*** RIVER *** [Qd Ac Qc 5s] [5c]
deileon: checks 
poker0138: bets $0.49
Pajkeeee: folds 
deileon: calls $0.49
*** SHOW DOWN ***
poker0138: shows [Qs 8s] (a full house, Queens full of Fives)
deileon: shows [Qh 8c] (a full house, Queens full of Fives)
deileon collected $0.96 from pot
poker0138 collected $0.96 from pot
*** SUMMARY ***
Total pot $1.99 | Rake $0.07 
Board [Qd Ac Qc 5s 5c]
Seat 1: mvscdrqcdl folded on the Flop
Seat 2: vkorgik folded before Flop (didn't bet)
Seat 3: Pajkeeee (button) folded on the River
Seat 4: Andres_fonalosa (small blind) folded before Flop
Seat 5: deileon (big blind) showed [Qh 8c] and won ($0.96) with a full house, Queens full of Fives
Seat 7: Dorex2007 folded before Flop (didn't bet)
Seat 8: poker0138 showed [Qs 8s] and won ($0.96) with a full house, Queens full of Fives
Seat 9: oleggy14 folded before Flop (didn't bet)



PokerStars Hand #227047868256:  Hold'em No Limit ($0.01/$0.02 USD) - 2021/05/25 0:08:17 PT [2021/05/25 3:08:17 ET]
Table 'Anubis III' 9-max Seat #4 is the button
Seat 1: mvscdrqcdl ($1.85 in chips) 
Seat 2: vkorgik ($1.07 in chips) 
Seat 3: Pajkeeee ($2.82 in chips) 
Seat 4: Andres_fonalosa ($0.27 in chips) 
Seat 5: deileon ($2.49 in chips) 
Seat 6: pike_14_22 ($0.80 in chips) 
Seat 7: Dorex2007 ($1.94 in chips) 
Seat 8: poker0138 ($3.28 in chips) 
Seat 9: oleggy14 ($2.24 in chips) 
deileon: posts small blind $0.01
pike_14_22: posts big blind $0.02
*** HOLE CARDS ***
Dealt to Dorex2007 [Ad 7d]
Dorex2007: folds 
poker0138: folds 
oleggy14: folds 
mvscdrqcdl: folds 
vkorgik: folds 
Pajkeeee: folds 
Andres_fonalosa: raises $0.04 to $0.06
deileon: folds 
pike_14_22: folds 
Uncalled bet ($0.04) returned to Andres_fonalosa
Andres_fonalosa collected $0.05 from pot
Andres_fonalosa: doesn't show hand 
*** SUMMARY ***
Total pot $0.05 | Rake $0 
Seat 1: mvscdrqcdl folded before Flop (didn't bet)
Seat 2: vkorgik folded before Flop (didn't bet)
Seat 3: Pajkeeee folded before Flop (didn't bet)
Seat 4: Andres_fonalosa (button) collected ($0.05)
Seat 5: deileon (small blind) folded before Flop
Seat 6: pike_14_22 (big blind) folded before Flop
Seat 7: Dorex2007 folded before Flop (didn't bet)
Seat 8: poker0138 folded before Flop (didn't bet)
Seat 9: oleggy14 folded before Flop (didn't bet)



PokerStars Hand #227047872022:  Hold'em No Limit ($0.01/$0.02 USD) - 2021/05/25 0:08:43 PT [2021/05/25 3:08:43 ET]
Table 'Anubis III' 9-max Seat #5 is the button
Seat 1: mvscdrqcdl ($1.85 in chips) 
Seat 2: vkorgik ($1.07 in chips) 
Seat 3: Pajkeeee ($2.82 in chips) 
Seat 4: Andres_fonalosa ($0.30 in chips) 
Seat 5: deileon ($2.48 in chips) 
Seat 6: pike_14_22 ($0.78 in chips) 
Seat 7: Dorex2007 ($1.94 in chips) 
Seat 8: poker0138 ($3.28 in chips) 
Seat 9: oleggy14 ($2.24 in chips) 
pike_14_22: posts small blind $0.01
Dorex2007: posts big blind $0.02
*** HOLE CARDS ***
Dealt to Dorex2007 [3d 6c]
poker0138: folds 
oleggy14: folds 
mvscdrqcdl: folds 
vkorgik: folds 
Pajkeeee has timed out
Pajkeeee: folds 
Andres_fonalosa: calls $0.02
deileon: folds 
pike_14_22: calls $0.01
Dorex2007: checks 
*** FLOP *** [7c Qc Kd]
pike_14_22: checks 
poker0138 leaves the table
koko88877 joins the table at seat #8 
Dorex2007: checks 
Andres_fonalosa: checks 
*** TURN *** [7c Qc Kd] [6h]
pike_14_22: checks 
Dorex2007: bets $0.04
Andres_fonalosa: folds 
pike_14_22: calls $0.04
*** RIVER *** [7c Qc Kd 6h] [Qs]
pike_14_22: checks 
koko88877 leaves the table
Dorex2007: bets $0.09
pike_14_22: folds 
Uncalled bet ($0.09) returned to Dorex2007
Dorex2007 collected $0.14 from pot
Dorex2007: doesn't show hand 
*** SUMMARY ***
Total pot $0.14 | Rake $0 
Board [7c Qc Kd 6h Qs]
Seat 1: mvscdrqcdl folded before Flop (didn't bet)
Seat 2: vkorgik folded before Flop (didn't bet)
Seat 3: Pajkeeee folded before Flop (didn't bet)
Seat 4: Andres_fonalosa folded on the Turn
Seat 5: deileon (button) folded before Flop (didn't bet)
Seat 6: pike_14_22 (small blind) folded on the River
Seat 7: Dorex2007 (big blind) collected ($0.14)
Seat 8: poker0138 folded before Flop (didn't bet)
Seat 9: oleggy14 folded before Flop (didn't bet)



PokerStars Hand #227047885418:  Hold'em No Limit ($0.01/$0.02 USD) - 2021/05/25 0:10:16 PT [2021/05/25 3:10:16 ET]
Table 'Anubis III' 9-max Seat #6 is the button
Seat 1: mvscdrqcdl ($1.85 in chips) 
Seat 2: vkorgik ($1.07 in chips) 
Seat 3: Pajkeeee ($2.82 in chips) 
Seat 4: Andres_fonalosa ($0.28 in chips) 
Seat 5: deileon ($2.48 in chips) 
Seat 6: pike_14_22 ($0.72 in chips) 
Seat 7: Dorex2007 ($2.02 in chips) 
Seat 9: oleggy14 ($2.24 in chips) 
Dorex2007: posts small blind $0.01
oleggy14: posts big blind $0.02
*** HOLE CARDS ***
Dealt to Dorex2007 [Ad 6h]
mvscdrqcdl: folds 
vkorgik: folds 
Pajkeeee: folds 
Andres_fonalosa: folds 
deileon: folds 
pike_14_22: folds 
Dorex2007: calls $0.01
h1konyan1024 joins the table at seat #8 
oleggy14: raises $0.06 to $0.08
Dorex2007: folds 
Uncalled bet ($0.06) returned to oleggy14
oleggy14 collected $0.04 from pot
*** SUMMARY ***
Total pot $0.04 | Rake $0 
Seat 1: mvscdrqcdl folded before Flop (didn't bet)
Seat 2: vkorgik folded before Flop (didn't bet)
Seat 3: Pajkeeee folded before Flop (didn't bet)
Seat 4: Andres_fonalosa folded before Flop (didn't bet)
Seat 5: deileon folded before Flop (didn't bet)
Seat 6: pike_14_22 (button) folded before Flop (didn't bet)
Seat 7: Dorex2007 (small blind) folded before Flop
Seat 9: oleggy14 (big blind) collected ($0.04)



PokerStars Hand #227047887978:  Hold'em No Limit ($0.01/$0.02 USD) - 2021/05/25 0:10:34 PT [2021/05/25 3:10:34 ET]
Table 'Anubis III' 9-max Seat #7 is the button
Seat 1: mvscdrqcdl ($1.85 in chips) 
Seat 2: vkorgik ($1.07 in chips) 
Seat 3: Pajkeeee ($2.82 in chips) 
Seat 4: Andres_fonalosa ($0.28 in chips) 
Seat 5: deileon ($2.48 in chips) 
Seat 6: pike_14_22 ($0.72 in chips) 
Seat 7: Dorex2007 ($2 in chips) 
Seat 9: oleggy14 ($2.26 in chips) 
oleggy14: posts small blind $0.01
mvscdrqcdl: posts big blind $0.02
*** HOLE CARDS ***
Dealt to Dorex2007 [Jh Ks]
vkorgik: folds 
Pajkeeee: raises $0.04 to $0.06
Andres_fonalosa has timed out
Andres_fonalosa: folds 
deileon: folds 
pike_14_22: folds 
Dorex2007: folds 
oleggy14: folds 
mvscdrqcdl: calls $0.04
*** FLOP *** [3c 6h As]
mvscdrqcdl: checks 
Pajkeeee: bets $0.08
mvscdrqcdl: folds 
Uncalled bet ($0.08) returned to Pajkeeee
Pajkeeee collected $0.13 from pot
Pajkeeee: doesn't show hand 
*** SUMMARY ***
Total pot $0.13 | Rake $0 
Board [3c 6h As]
Seat 1: mvscdrqcdl (big blind) folded on the Flop
Seat 2: vkorgik folded before Flop (didn't bet)
Seat 3: Pajkeeee collected ($0.13)
Seat 4: Andres_fonalosa folded before Flop (didn't bet)
Seat 5: deileon folded before Flop (didn't bet)
Seat 6: pike_14_22 folded before Flop (didn't bet)
Seat 7: Dorex2007 (button) folded before Flop (didn't bet)
Seat 9: oleggy14 (small blind) folded before Flop



PokerStars Hand #227047893930:  Hold'em No Limit ($0.01/$0.02 USD) - 2021/05/25 0:11:15 PT [2021/05/25 3:11:15 ET]
Table 'Anubis III' 9-max Seat #9 is the button
Seat 1: mvscdrqcdl ($1.79 in chips) 
Seat 3: Pajkeeee ($2.89 in chips) 
Seat 4: Andres_fonalosa ($0.28 in chips) 
Seat 5: deileon ($2.48 in chips) 
Seat 6: pike_14_22 ($0.72 in chips) 
Seat 7: Dorex2007 ($2 in chips) 
Seat 8: h1konyan1024 ($2 in chips) 
Seat 9: oleggy14 ($2.25 in chips) 
mvscdrqcdl: posts small blind $0.01
vkorgik: is sitting out 
Pajkeeee: posts big blind $0.02
h1konyan1024: posts big blind $0.02
*** HOLE CARDS ***
Dealt to Dorex2007 [Jh 2h]
Andres_fonalosa: raises $0.04 to $0.06
deileon: folds 
pike_14_22: folds 
Dorex2007: folds 
h1konyan1024: calls $0.04
oleggy14: folds 
mvscdrqcdl: folds 
Pajkeeee: folds 
*** FLOP *** [Kh 3h Kc]
Andres_fonalosa: bets $0.14
h1konyan1024: folds 
Uncalled bet ($0.14) returned to Andres_fonalosa
Andres_fonalosa collected $0.14 from pot
Andres_fonalosa: doesn't show hand 
*** SUMMARY ***
Total pot $0.15 | Rake $0.01 
Board [Kh 3h Kc]
Seat 1: mvscdrqcdl (small blind) folded before Flop
Seat 3: Pajkeeee (big blind) folded before Flop
Seat 4: Andres_fonalosa collected ($0.14)
Seat 5: deileon folded before Flop (didn't bet)
Seat 6: pike_14_22 folded before Flop (didn't bet)
Seat 7: Dorex2007 folded before Flop (didn't bet)
Seat 8: h1konyan1024 folded on the Flop
Seat 9: oleggy14 (button) folded before Flop (didn't bet)



PokerStars Hand #227047900404:  Hold'em No Limit ($0.01/$0.02 USD) - 2021/05/25 0:12:00 PT [2021/05/25 3:12:00 ET]
Table 'Anubis III' 9-max Seat #1 is the button
Seat 1: mvscdrqcdl ($1.78 in chips) 
Seat 3: Pajkeeee ($2.87 in chips) 
Seat 4: Andres_fonalosa ($0.36 in chips) 
Seat 5: deileon ($2.48 in chips) 
Seat 6: pike_14_22 ($0.72 in chips) 
Seat 7: Dorex2007 ($2 in chips) 
Seat 8: h1konyan1024 ($1.94 in chips) 
Seat 9: oleggy14 ($2.25 in chips) 
Pajkeeee: posts small blind $0.01
Andres_fonalosa: posts big blind $0.02
*** HOLE CARDS ***
Dealt to Dorex2007 [7h 7s]
deileon: folds 
pike_14_22: calls $0.02
Dorex2007: raises $0.06 to $0.08
h1konyan1024: folds 
oleggy14: folds 
mvscdrqcdl: folds 
Pajkeeee: folds 
Andres_fonalosa: folds 
pike_14_22: calls $0.06
*** FLOP *** [3h Kc As]
pike_14_22: checks 
Dorex2007: bets $0.12
pike_14_22: raises $0.52 to $0.64 and is all-in
Dorex2007: folds 
Uncalled bet ($0.52) returned to pike_14_22
pike_14_22 collected $0.41 from pot
pike_14_22: doesn't show hand 
*** SUMMARY ***
Total pot $0.43 | Rake $0.02 
Board [3h Kc As]
Seat 1: mvscdrqcdl (button) folded before Flop (didn't bet)
Seat 3: Pajkeeee (small blind) folded before Flop
Seat 4: Andres_fonalosa (big blind) folded before Flop
Seat 5: deileon folded before Flop (didn't bet)
Seat 6: pike_14_22 collected ($0.41)
Seat 7: Dorex2007 folded on the Flop
Seat 8: h1konyan1024 folded before Flop (didn't bet)
Seat 9: oleggy14 folded before Flop (didn't bet)



PokerStars Hand #227047907132:  Hold'em No Limit ($0.01/$0.02 USD) - 2021/05/25 0:12:47 PT [2021/05/25 3:12:47 ET]
Table 'Anubis III' 9-max Seat #3 is the button
Seat 1: mvscdrqcdl ($1.78 in chips) 
Seat 3: Pajkeeee ($2.86 in chips) 
Seat 4: Andres_fonalosa ($0.34 in chips) 
Seat 5: deileon ($2.48 in chips) 
Seat 6: pike_14_22 ($0.93 in chips) 
Seat 7: Dorex2007 ($1.80 in chips) 
Seat 8: h1konyan1024 ($1.94 in chips) 
Seat 9: oleggy14 ($2.25 in chips) 
Andres_fonalosa: posts small blind $0.01
deileon: posts big blind $0.02
*** HOLE CARDS ***
Dealt to Dorex2007 [7c 6d]
pike_14_22: calls $0.02
Dorex2007: folds 
h1konyan1024: folds 
oleggy14: folds 
mvscdrqcdl: calls $0.02
oleggy14 leaves the table
Pajkeeee: folds 
Andres_fonalosa: calls $0.01
deileon: checks 
*** FLOP *** [Qh 6c Jd]
Andres_fonalosa: checks 
deileon: checks 
pike_14_22: checks 
mvscdrqcdl: bets $0.08
Wabrss joins the table at seat #9 
Andres_fonalosa: folds 
deileon: folds 
pike_14_22: folds 
Uncalled bet ($0.08) returned to mvscdrqcdl
mvscdrqcdl collected $0.08 from pot
mvscdrqcdl: doesn't show hand 
*** SUMMARY ***
Total pot $0.08 | Rake $0 
Board [Qh 6c Jd]
Seat 1: mvscdrqcdl collected ($0.08)
Seat 3: Pajkeeee (button) folded before Flop (didn't bet)
Seat 4: Andres_fonalosa (small blind) folded on the Flop
Seat 5: deileon (big blind) folded on the Flop
Seat 6: pike_14_22 folded on the Flop
Seat 7: Dorex2007 folded before Flop (didn't bet)
Seat 8: h1konyan1024 folded before Flop (didn't bet)
Seat 9: oleggy14 folded before Flop (didn't bet)



PokerStars Hand #227047916014:  Hold'em No Limit ($0.01/$0.02 USD) - 2021/05/25 0:13:47 PT [2021/05/25 3:13:47 ET]
Table 'Anubis III' 9-max Seat #4 is the button
Seat 1: mvscdrqcdl ($1.84 in chips) 
Seat 3: Pajkeeee ($2.86 in chips) 
Seat 4: Andres_fonalosa ($0.32 in chips) 
Seat 5: deileon ($2.46 in chips) 
Seat 6: pike_14_22 ($0.91 in chips) 
Seat 7: Dorex2007 ($1.80 in chips) 
Seat 8: h1konyan1024 ($1.94 in chips) 
deileon: posts small blind $0.01
pike_14_22: posts big blind $0.02
Wabrss: sits out 
*** HOLE CARDS ***
Dealt to Dorex2007 [4s Jh]
Dorex2007: folds 
h1konyan1024: raises $0.04 to $0.06
mvscdrqcdl: folds 
Pajkeeee: folds 
Andres_fonalosa: calls $0.06
deileon: folds 
pike_14_22: folds 
*** FLOP *** [8d 2h 9h]
h1konyan1024: checks 
Andres_fonalosa: bets $0.14
h1konyan1024: folds 
Uncalled bet ($0.14) returned to Andres_fonalosa
Andres_fonalosa collected $0.14 from pot
Andres_fonalosa: doesn't show hand 
*** SUMMARY ***
Total pot $0.15 | Rake $0.01 
Board [8d 2h 9h]
Seat 1: mvscdrqcdl folded before Flop (didn't bet)
Seat 3: Pajkeeee folded before Flop (didn't bet)
Seat 4: Andres_fonalosa (button) collected ($0.14)
Seat 5: deileon (small blind) folded before Flop
Seat 6: pike_14_22 (big blind) folded before Flop
Seat 7: Dorex2007 folded before Flop (didn't bet)
Seat 8: h1konyan1024 folded on the Flop



PokerStars Hand #227047921545:  Hold'em No Limit ($0.01/$0.02 USD) - 2021/05/25 0:14:24 PT [2021/05/25 3:14:24 ET]
Table 'Anubis III' 9-max Seat #5 is the button
Seat 1: mvscdrqcdl ($1.84 in chips) 
Seat 3: Pajkeeee ($2.86 in chips) 
Seat 4: Andres_fonalosa ($0.40 in chips) 
Seat 5: deileon ($2.45 in chips) 
Seat 6: pike_14_22 ($0.89 in chips) 
Seat 7: Dorex2007 ($1.80 in chips) 
Seat 8: h1konyan1024 ($1.88 in chips) 
pike_14_22: posts small blind $0.01
Dorex2007: posts big blind $0.02
Wabrss: sits out 
*** HOLE CARDS ***
Dealt to Dorex2007 [Qc Jd]
h1konyan1024: folds 
mvscdrqcdl: folds 
Pajkeeee: folds 
Andres_fonalosa: raises $0.04 to $0.06
deileon: folds 
pike_14_22: folds 
Dorex2007: calls $0.04
*** FLOP *** [8s 8d 4c]
Dorex2007: checks 
Andres_fonalosa: bets $0.13
Dorex2007: calls $0.13
*** TURN *** [8s 8d 4c] [2c]
Dorex2007: checks 
Andres_fonalosa: bets $0.21 and is all-in
Dorex2007: calls $0.21
*** RIVER *** [8s 8d 4c 2c] [9c]
*** SHOW DOWN ***
Dorex2007: shows [Qc Jd] (a pair of Eights)
Andres_fonalosa: shows [3d 3s] (two pair, Eights and Threes)
Andres_fonalosa collected $0.78 from pot
*** SUMMARY ***
Total pot $0.81 | Rake $0.03 
Board [8s 8d 4c 2c 9c]
Seat 1: mvscdrqcdl folded before Flop (didn't bet)
Seat 3: Pajkeeee folded before Flop (didn't bet)
Seat 4: Andres_fonalosa showed [3d 3s] and won ($0.78) with two pair, Eights and Threes
Seat 5: deileon (button) folded before Flop (didn't bet)
Seat 6: pike_14_22 (small blind) folded before Flop
Seat 7: Dorex2007 (big blind) showed [Qc Jd] and lost with a pair of Eights
Seat 8: h1konyan1024 folded before Flop (didn't bet)



PokerStars Hand #227047930403:  Hold'em No Limit ($0.01/$0.02 USD) - 2021/05/25 0:15:24 PT [2021/05/25 3:15:24 ET]
Table 'Anubis III' 9-max Seat #6 is the button
Seat 1: mvscdrqcdl ($1.84 in chips) 
Seat 3: Pajkeeee ($2.86 in chips) 
Seat 4: Andres_fonalosa ($0.78 in chips) 
Seat 5: deileon ($2.45 in chips) 
Seat 6: pike_14_22 ($0.88 in chips) 
Seat 7: Dorex2007 ($1.40 in chips) 
Seat 8: h1konyan1024 ($1.88 in chips) 
Dorex2007: posts small blind $0.01
h1konyan1024: posts big blind $0.02
Wabrss: sits out 
*** HOLE CARDS ***
Dealt to Dorex2007 [8c 9s]
mvscdrqcdl has timed out
mvscdrqcdl: folds 
Pajkeeee: folds 
Andres_fonalosa: folds 
deileon: folds 
pike_14_22: calls $0.02
Dorex2007: calls $0.01
h1konyan1024: checks 
*** FLOP *** [Ah 6c 2c]
Dorex2007: checks 
h1konyan1024: checks 
pike_14_22: checks 
*** TURN *** [Ah 6c 2c] [6d]
Dorex2007: checks 
h1konyan1024: bets $0.06
pike_14_22: calls $0.06
Dorex2007: folds 
*** RIVER *** [Ah 6c 2c 6d] [7c]
h1konyan1024: checks 
pike_14_22: checks 
*** SHOW DOWN ***
h1konyan1024: shows [3c Kd] (a pair of Sixes)
pike_14_22: shows [8h 8s] (two pair, Eights and Sixes)
pike_14_22 collected $0.17 from pot
*** SUMMARY ***
Total pot $0.18 | Rake $0.01 
Board [Ah 6c 2c 6d 7c]
Seat 1: mvscdrqcdl folded before Flop (didn't bet)
Seat 3: Pajkeeee folded before Flop (didn't bet)
Seat 4: Andres_fonalosa folded before Flop (didn't bet)
Seat 5: deileon folded before Flop (didn't bet)
Seat 6: pike_14_22 (button) showed [8h 8s] and won ($0.17) with two pair, Eights and Sixes
Seat 7: Dorex2007 (small blind) folded on the Turn
Seat 8: h1konyan1024 (big blind) showed [3c Kd] and lost with a pair of Sixes



PokerStars Hand #227047940572:  Hold'em No Limit ($0.01/$0.02 USD) - 2021/05/25 0:16:19 PT [2021/05/25 3:16:19 ET]
Table 'Anubis III' 9-max Seat #7 is the button
Seat 1: mvscdrqcdl ($1.84 in chips) 
Seat 3: Pajkeeee ($2.86 in chips) 
Seat 4: Andres_fonalosa ($0.78 in chips) 
Seat 5: deileon ($2.45 in chips) 
Seat 6: pike_14_22 ($0.97 in chips) 
Seat 7: Dorex2007 ($1.98 in chips) 
Seat 8: h1konyan1024 ($1.80 in chips) 
Seat 9: Wabrss ($0.80 in chips) 
h1konyan1024: posts small blind $0.01
Wabrss: posts big blind $0.02
vkorgik: sits out 
*** HOLE CARDS ***
Dealt to Dorex2007 [5d Td]
mvscdrqcdl: calls $0.02
Pajkeeee: folds 
Andres_fonalosa has timed out
Andres_fonalosa: folds 
deileon: folds 
pike_14_22: folds 
Dorex2007: folds 
h1konyan1024: folds 
Wabrss: checks 
*** FLOP *** [2s Qs Ts]
h1konyan1024 leaves the table
Wabrss: checks 
mvscdrqcdl: checks 
*** TURN *** [2s Qs Ts] [7c]
Wabrss: bets $0.05
mvscdrqcdl: folds 
Uncalled bet ($0.05) returned to Wabrss
Wabrss collected $0.05 from pot
Wabrss: doesn't show hand 
*** SUMMARY ***
Total pot $0.05 | Rake $0 
Board [2s Qs Ts 7c]
Seat 1: mvscdrqcdl folded on the Turn
Seat 3: Pajkeeee folded before Flop (didn't bet)
Seat 4: Andres_fonalosa folded before Flop (didn't bet)
Seat 5: deileon folded before Flop (didn't bet)
Seat 6: pike_14_22 folded before Flop (didn't bet)
Seat 7: Dorex2007 (button) folded before Flop (didn't bet)
Seat 8: h1konyan1024 (small blind) folded before Flop
Seat 9: Wabrss (big blind) collected ($0.05)



PokerStars Hand #227047949094:  Hold'em No Limit ($0.01/$0.02 USD) - 2021/05/25 0:17:18 PT [2021/05/25 3:17:18 ET]
Table 'Anubis III' 9-max Seat #9 is the button
Seat 1: mvscdrqcdl ($1.82 in chips) 
Seat 2: vkorgik ($1.07 in chips) 
Seat 3: Pajkeeee ($2.86 in chips) 
Seat 4: Andres_fonalosa ($0.78 in chips) 
Seat 5: deileon ($2.45 in chips) 
Seat 6: pike_14_22 ($0.97 in chips) 
Seat 7: Dorex2007 ($1.98 in chips) 
Seat 9: Wabrss ($0.83 in chips) 
mvscdrqcdl: posts small blind $0.01
vkorgik: posts big blind $0.02
*** HOLE CARDS ***
Dealt to Dorex2007 [4h Td]
Pajkeeee has timed out
Pajkeeee: folds 
Andres_fonalosa: folds 
deileon: folds 
pike_14_22: calls $0.02
Dorex2007: folds 
Wabrss: calls $0.02
mvscdrqcdl: folds 
vkorgik: raises $0.09 to $0.11
pike_14_22: calls $0.09
Wabrss: folds 
*** FLOP *** [Qs Kc 2d]
vkorgik: bets $0.16
Andres_fonalosa is disconnected 
h1konyan1024 joins the table at seat #8 
pike_14_22: calls $0.16
*** TURN *** [Qs Kc 2d] [Kd]
vkorgik: checks 
pike_14_22: checks 
*** RIVER *** [Qs Kc 2d Kd] [4c]
vkorgik: checks 
pike_14_22: checks 
*** SHOW DOWN ***
vkorgik: shows [Ah Ac] (two pair, Aces and Kings)
pike_14_22: mucks hand 
vkorgik collected $0.55 from pot
*** SUMMARY ***
Total pot $0.57 | Rake $0.02 
Board [Qs Kc 2d Kd 4c]
Seat 1: mvscdrqcdl (small blind) folded before Flop
Seat 2: vkorgik (big blind) showed [Ah Ac] and won ($0.55) with two pair, Aces and Kings
Seat 3: Pajkeeee folded before Flop (didn't bet)
Seat 4: Andres_fonalosa folded before Flop (didn't bet)
Seat 5: deileon folded before Flop (didn't bet)
Seat 6: pike_14_22 mucked [Jh As]
Seat 7: Dorex2007 folded before Flop (didn't bet)
Seat 9: Wabrss (button) folded before Flop



PokerStars Hand #227047961582:  Hold'em No Limit ($0.01/$0.02 USD) - 2021/05/25 0:18:43 PT [2021/05/25 3:18:43 ET]
Table 'Anubis III' 9-max Seat #1 is the button
Seat 1: mvscdrqcdl ($1.81 in chips) 
Seat 2: vkorgik ($1.35 in chips) 
Seat 3: Pajkeeee ($2.86 in chips) 
Seat 4: Andres_fonalosa ($0.78 in chips) 
Seat 5: deileon ($2.45 in chips) 
Seat 6: pike_14_22 ($0.70 in chips) 
Seat 7: Dorex2007 ($1.98 in chips) 
Seat 8: h1konyan1024 ($2 in chips) 
Seat 9: Wabrss ($0.81 in chips) 
vkorgik: posts small blind $0.01
Pajkeeee: posts big blind $0.02
h1konyan1024: posts big blind $0.02
*** HOLE CARDS ***
Dealt to Dorex2007 [Ah Jc]
Andres_fonalosa: calls $0.02
deileon: folds 
pike_14_22: folds 
Dorex2007 has timed out
Dorex2007: folds 
h1konyan1024: raises $0.08 to $0.10
Wabrss: folds 
mvscdrqcdl: folds 
vkorgik: folds 
Pajkeeee: calls $0.08
Andres_fonalosa: folds 
*** FLOP *** [2c Th Qh]
Pajkeeee: checks 
h1konyan1024: bets $0.18
Pajkeeee: raises $0.42 to $0.60
h1konyan1024: folds 
Uncalled bet ($0.42) returned to Pajkeeee
Pajkeeee collected $0.57 from pot
Pajkeeee: doesn't show hand 
*** SUMMARY ***
Total pot $0.59 | Rake $0.02 
Board [2c Th Qh]
Seat 1: mvscdrqcdl (button) folded before Flop (didn't bet)
Seat 2: vkorgik (small blind) folded before Flop
Seat 3: Pajkeeee (big blind) collected ($0.57)
Seat 4: Andres_fonalosa folded before Flop
Seat 5: deileon folded before Flop (didn't bet)
Seat 6: pike_14_22 folded before Flop (didn't bet)
Seat 7: Dorex2007 folded before Flop (didn't bet)
Seat 8: h1konyan1024 folded on the Flop
Seat 9: Wabrss folded before Flop (didn't bet)



PokerStars Hand #227047973059:  Hold'em No Limit ($0.01/$0.02 USD) - 2021/05/25 0:20:01 PT [2021/05/25 3:20:01 ET]
Table 'Anubis III' 9-max Seat #2 is the button
Seat 1: mvscdrqcdl ($1.81 in chips) 
Seat 2: vkorgik ($1.34 in chips) 
Seat 3: Pajkeeee ($3.15 in chips) 
Seat 4: Andres_fonalosa ($0.76 in chips) 
Seat 5: deileon ($2.45 in chips) 
Seat 6: pike_14_22 ($0.70 in chips) 
Seat 7: Dorex2007 ($1.98 in chips) 
Seat 8: h1konyan1024 ($1.72 in chips) 
Pajkeeee: posts small blind $0.01
Andres_fonalosa: posts big blind $0.02
*** HOLE CARDS ***
Dealt to Dorex2007 [6c 5s]
deileon: folds 
pike_14_22: folds 
Dorex2007: folds 
h1konyan1024: raises $0.06 to $0.08
Pajkeeee said, "222"
mvscdrqcdl: calls $0.08
vkorgik: folds 
Pajkeeee: folds 
Andres_fonalosa: folds 
*** FLOP *** [4h 2h 3s]
h1konyan1024: bets $0.18
mvscdrqcdl: folds 
Uncalled bet ($0.18) returned to h1konyan1024
h1konyan1024 collected $0.18 from pot
h1konyan1024: doesn't show hand 
*** SUMMARY ***
Total pot $0.19 | Rake $0.01 
Board [4h 2h 3s]
Seat 1: mvscdrqcdl folded on the Flop
Seat 2: vkorgik (button) folded before Flop (didn't bet)
Seat 3: Pajkeeee (small blind) folded before Flop
Seat 4: Andres_fonalosa (big blind) folded before Flop
Seat 5: deileon folded before Flop (didn't bet)
Seat 6: pike_14_22 folded before Flop (didn't bet)
Seat 7: Dorex2007 folded before Flop (didn't bet)
Seat 8: h1konyan1024 collected ($0.18)



PokerStars Hand #227047977353:  Hold'em No Limit ($0.01/$0.02 USD) - 2021/05/25 0:20:30 PT [2021/05/25 3:20:30 ET]
Table 'Anubis III' 9-max Seat #3 is the button
Seat 1: mvscdrqcdl ($1.73 in chips) 
Seat 2: vkorgik ($1.34 in chips) 
Seat 3: Pajkeeee ($3.14 in chips) 
Seat 4: Andres_fonalosa ($0.74 in chips) 
Seat 5: deileon ($2.45 in chips) 
Seat 6: pike_14_22 ($0.70 in chips) 
Seat 7: Dorex2007 ($1.98 in chips) 
Seat 8: h1konyan1024 ($1.82 in chips) 
Andres_fonalosa: posts small blind $0.01
deileon: posts big blind $0.02
*** HOLE CARDS ***
Dealt to Dorex2007 [6d 2s]
pike_14_22: calls $0.02
Dorex2007: folds 
h1konyan1024: folds 
mvscdrqcdl: folds 
vkorgik: folds 
Pajkeeee: folds 
Andres_fonalosa: calls $0.01
deileon: checks 
*** FLOP *** [Ts Th Ad]
Andres_fonalosa has timed out
Andres_fonalosa: checks 
deileon: checks 
pike_14_22: checks 
*** TURN *** [Ts Th Ad] [3h]
Andres_fonalosa: checks 
deileon: checks 
pike_14_22: checks 
*** RIVER *** [Ts Th Ad 3h] [4h]
Andres_fonalosa: bets $0.06
deileon: folds 
pike_14_22: folds 
Uncalled bet ($0.06) returned to Andres_fonalosa
Andres_fonalosa collected $0.06 from pot
Andres_fonalosa: doesn't show hand 
*** SUMMARY ***
Total pot $0.06 | Rake $0 
Board [Ts Th Ad 3h 4h]
Seat 1: mvscdrqcdl folded before Flop (didn't bet)
Seat 2: vkorgik folded before Flop (didn't bet)
Seat 3: Pajkeeee (button) folded before Flop (didn't bet)
Seat 4: Andres_fonalosa (small blind) collected ($0.06)
Seat 5: deileon (big blind) folded on the River
Seat 6: pike_14_22 folded on the River
Seat 7: Dorex2007 folded before Flop (didn't bet)
Seat 8: h1konyan1024 folded before Flop (didn't bet)



PokerStars Hand #227047987607:  Hold'em No Limit ($0.01/$0.02 USD) - 2021/05/25 0:21:39 PT [2021/05/25 3:21:39 ET]
Table 'Anubis III' 9-max Seat #4 is the button
Seat 1: mvscdrqcdl ($1.73 in chips) 
Seat 2: vkorgik ($1.34 in chips) 
Seat 3: Pajkeeee ($3.14 in chips) 
Seat 4: Andres_fonalosa ($0.78 in chips) 
Seat 5: deileon ($2.43 in chips) 
Seat 6: pike_14_22 ($0.68 in chips) 
Seat 7: Dorex2007 ($1.98 in chips) 
Seat 8: h1konyan1024 ($1.82 in chips) 
Seat 9: Wabrss ($0.81 in chips) 
deileon: posts small blind $0.01
pike_14_22: posts big blind $0.02
*** HOLE CARDS ***
Dealt to Dorex2007 [4d Tc]
Dorex2007: folds 
h1konyan1024: folds 
Wabrss: folds 
mvscdrqcdl: calls $0.02
vkorgik: folds 
Pajkeeee: folds 
Andres_fonalosa: folds 
deileon: raises $0.02 to $0.04
pike_14_22: raises $0.02 to $0.06
mvscdrqcdl: calls $0.04
deileon: calls $0.02
*** FLOP *** [7d 7h 3c]
deileon: checks 
pike_14_22: checks 
mvscdrqcdl: checks 
*** TURN *** [7d 7h 3c] [4s]
deileon: bets $0.09
pike_14_22: calls $0.09
mvscdrqcdl: folds 
*** RIVER *** [7d 7h 3c 4s] [2h]
deileon: bets $0.18
pike_14_22: calls $0.18
*** SHOW DOWN ***
deileon: shows [Kd Kc] (two pair, Kings and Sevens)
pike_14_22: shows [Ah Ac] (two pair, Aces and Sevens)
pike_14_22 collected $0.69 from pot
*** SUMMARY ***
Total pot $0.72 | Rake $0.03 
Board [7d 7h 3c 4s 2h]
Seat 1: mvscdrqcdl folded on the Turn
Seat 2: vkorgik folded before Flop (didn't bet)
Seat 3: Pajkeeee folded before Flop (didn't bet)
Seat 4: Andres_fonalosa (button) folded before Flop (didn't bet)
Seat 5: deileon (small blind) showed [Kd Kc] and lost with two pair, Kings and Sevens
Seat 6: pike_14_22 (big blind) showed [Ah Ac] and won ($0.69) with two pair, Aces and Sevens
Seat 7: Dorex2007 folded before Flop (didn't bet)
Seat 8: h1konyan1024 folded before Flop (didn't bet)
Seat 9: Wabrss folded before Flop (didn't bet)



PokerStars Hand #227047997559:  Hold'em No Limit ($0.01/$0.02 USD) - 2021/05/25 0:22:47 PT [2021/05/25 3:22:47 ET]
Table 'Anubis III' 9-max Seat #5 is the button
Seat 1: mvscdrqcdl ($1.67 in chips) 
Seat 2: vkorgik ($1.34 in chips) 
Seat 3: Pajkeeee ($3.14 in chips) 
Seat 4: Andres_fonalosa ($0.78 in chips) 
Seat 5: deileon ($2.10 in chips) 
Seat 6: pike_14_22 ($1.04 in chips) 
Seat 7: Dorex2007 ($1.98 in chips) 
Seat 8: h1konyan1024 ($1.82 in chips) 
Seat 9: Wabrss ($0.81 in chips) 
pike_14_22: posts small blind $0.01
Dorex2007: posts big blind $0.02
*** HOLE CARDS ***
Dealt to Dorex2007 [2s Ac]
h1konyan1024: folds 
Wabrss: folds 
mvscdrqcdl: folds 
vkorgik: folds 
Pajkeeee: folds 
Andres_fonalosa: folds 
deileon: calls $0.02
pike_14_22: folds 
Dorex2007: checks 
*** FLOP *** [7c 9h Ah]
Dorex2007: checks 
deileon: bets $0.02
Dorex2007: calls $0.02
*** TURN *** [7c 9h Ah] [Qc]
Dorex2007: checks 
deileon: bets $0.02
Dorex2007: calls $0.02
*** RIVER *** [7c 9h Ah Qc] [7h]
Dorex2007: bets $0.13
deileon: folds 
Uncalled bet ($0.13) returned to Dorex2007
Dorex2007 collected $0.13 from pot
Dorex2007: doesn't show hand 
*** SUMMARY ***
Total pot $0.13 | Rake $0 
Board [7c 9h Ah Qc 7h]
Seat 1: mvscdrqcdl folded before Flop (didn't bet)
Seat 2: vkorgik folded before Flop (didn't bet)
Seat 3: Pajkeeee folded before Flop (didn't bet)
Seat 4: Andres_fonalosa folded before Flop (didn't bet)
Seat 5: deileon (button) folded on the River
Seat 6: pike_14_22 (small blind) folded before Flop
Seat 7: Dorex2007 (big blind) collected ($0.13)
Seat 8: h1konyan1024 folded before Flop (didn't bet)
Seat 9: Wabrss folded before Flop (didn't bet)



PokerStars Hand #227048004841:  Hold'em No Limit ($0.01/$0.02 USD) - 2021/05/25 0:23:36 PT [2021/05/25 3:23:36 ET]
Table 'Anubis III' 9-max Seat #6 is the button
Seat 1: mvscdrqcdl ($1.67 in chips) 
Seat 2: vkorgik ($1.34 in chips) 
Seat 3: Pajkeeee ($3.14 in chips) 
Seat 4: Andres_fonalosa ($0.78 in chips) 
Seat 5: deileon ($2.04 in chips) 
Seat 6: pike_14_22 ($1.03 in chips) 
Seat 7: Dorex2007 ($2.05 in chips) 
Seat 8: h1konyan1024 ($1.82 in chips) 
Seat 9: Wabrss ($0.81 in chips) 
Dorex2007: posts small blind $0.01
h1konyan1024: posts big blind $0.02
*** HOLE CARDS ***
Dealt to Dorex2007 [Tc 8h]
Wabrss: folds 
mvscdrqcdl: folds 
vkorgik: folds 
Pajkeeee: raises $0.04 to $0.06
Andres_fonalosa: folds 
Andres_fonalosa is disconnected 
deileon: folds 
pike_14_22: calls $0.06
Dorex2007: folds 
h1konyan1024: folds 
*** FLOP *** [6c 6s 9h]
Pajkeeee: bets $0.08
pike_14_22: folds 
Uncalled bet ($0.08) returned to Pajkeeee
Pajkeeee collected $0.14 from pot
Pajkeeee: doesn't show hand 
*** SUMMARY ***
Total pot $0.15 | Rake $0.01 
Board [6c 6s 9h]
Seat 1: mvscdrqcdl folded before Flop (didn't bet)
Seat 2: vkorgik folded before Flop (didn't bet)
Seat 3: Pajkeeee collected ($0.14)
Seat 4: Andres_fonalosa folded before Flop (didn't bet)
Seat 5: deileon folded before Flop (didn't bet)
Seat 6: pike_14_22 (button) folded on the Flop
Seat 7: Dorex2007 (small blind) folded before Flop
Seat 8: h1konyan1024 (big blind) folded before Flop
Seat 9: Wabrss folded before Flop (didn't bet)



PokerStars Hand #227048009849:  Hold'em No Limit ($0.01/$0.02 USD) - 2021/05/25 0:24:10 PT [2021/05/25 3:24:10 ET]
Table 'Anubis III' 9-max Seat #7 is the button
Seat 1: mvscdrqcdl ($1.67 in chips) 
Seat 2: vkorgik ($1.34 in chips) 
Seat 3: Pajkeeee ($3.22 in chips) 
Seat 4: Andres_fonalosa ($0.78 in chips) 
Seat 5: deileon ($2.04 in chips) 
Seat 6: pike_14_22 ($0.97 in chips) 
Seat 7: Dorex2007 ($2.04 in chips) 
Seat 8: h1konyan1024 ($1.80 in chips) 
Seat 9: Wabrss ($0.81 in chips) 
h1konyan1024: posts small blind $0.01
Wabrss: posts big blind $0.02
*** HOLE CARDS ***
Dealt to Dorex2007 [2s 8s]
mvscdrqcdl: raises $0.02 to $0.04
vkorgik: folds 
Pajkeeee: folds 
Andres_fonalosa has timed out while disconnected
Andres_fonalosa: folds 
deileon: folds 
pike_14_22: calls $0.04
Dorex2007: folds 
h1konyan1024: calls $0.03
Wabrss: folds 
*** FLOP *** [4s Qs Ac]
h1konyan1024: checks 
mvscdrqcdl: checks 
pike_14_22: checks 
*** TURN *** [4s Qs Ac] [Qc]
h1konyan1024: bets $0.07
mvscdrqcdl: calls $0.07
pike_14_22: folds 
*** RIVER *** [4s Qs Ac Qc] [As]
h1konyan1024: bets $0.27
mvscdrqcdl: folds 
Uncalled bet ($0.27) returned to h1konyan1024
h1konyan1024 collected $0.27 from pot
h1konyan1024: doesn't show hand 
*** SUMMARY ***
Total pot $0.28 | Rake $0.01 
Board [4s Qs Ac Qc As]
Seat 1: mvscdrqcdl folded on the River
Seat 2: vkorgik folded before Flop (didn't bet)
Seat 3: Pajkeeee folded before Flop (didn't bet)
Seat 4: Andres_fonalosa folded before Flop (didn't bet)
Seat 5: deileon folded before Flop (didn't bet)
Seat 6: pike_14_22 folded on the Turn
Seat 7: Dorex2007 (button) folded before Flop (didn't bet)
Seat 8: h1konyan1024 (small blind) collected ($0.27)
Seat 9: Wabrss (big blind) folded before Flop



PokerStars Hand #227048017161:  Hold'em No Limit ($0.01/$0.02 USD) - 2021/05/25 0:25:00 PT [2021/05/25 3:25:00 ET]
Table 'Anubis III' 9-max Seat #8 is the button
Seat 2: vkorgik ($1.34 in chips) 
Seat 3: Pajkeeee ($3.22 in chips) 
Seat 5: deileon ($2.04 in chips) 
Seat 6: pike_14_22 ($0.93 in chips) 
Seat 7: Dorex2007 ($2.04 in chips) 
Seat 8: h1konyan1024 ($1.96 in chips) 
Seat 9: Wabrss ($0.79 in chips) 
Wabrss: posts small blind $0.01
mvscdrqcdl: is sitting out 
vkorgik: posts big blind $0.02
*** HOLE CARDS ***
Dealt to Dorex2007 [4d 2c]
Pajkeeee: folds 
mvscdrqcdl leaves the table
deileon: raises $0.02 to $0.04
pike_14_22: folds 
Dorex2007: folds 
good_sword84 joins the table at seat #1 
h1konyan1024: raises $0.10 to $0.14
Wabrss: folds 
vkorgik: folds 
deileon: calls $0.10
*** FLOP *** [Qh Kc 8h]
deileon: checks 
h1konyan1024: bets $0.20
deileon: folds 
Uncalled bet ($0.20) returned to h1konyan1024
h1konyan1024 collected $0.30 from pot
h1konyan1024: doesn't show hand 
*** SUMMARY ***
Total pot $0.31 | Rake $0.01 
Board [Qh Kc 8h]
Seat 2: vkorgik (big blind) folded before Flop
Seat 3: Pajkeeee folded before Flop (didn't bet)
Seat 5: deileon folded on the Flop
Seat 6: pike_14_22 folded before Flop (didn't bet)
Seat 7: Dorex2007 folded before Flop (didn't bet)
Seat 8: h1konyan1024 (button) collected ($0.30)
Seat 9: Wabrss (small blind) folded before Flop



PokerStars Hand #227048023695:  Hold'em No Limit ($0.01/$0.02 USD) - 2021/05/25 0:25:44 PT [2021/05/25 3:25:44 ET]
Table 'Anubis III' 9-max Seat #9 is the button
Seat 2: vkorgik ($1.32 in chips) 
Seat 3: Pajkeeee ($3.22 in chips) 
Seat 5: deileon ($1.90 in chips) 
Seat 6: pike_14_22 ($0.93 in chips) 
Seat 7: Dorex2007 ($2.04 in chips) 
Seat 8: h1konyan1024 ($2.12 in chips) 
Seat 9: Wabrss ($0.78 in chips) 
vkorgik: posts small blind $0.01
Pajkeeee: posts big blind $0.02
*** HOLE CARDS ***
Dealt to Dorex2007 [5c Qh]
deileon: folds 
pike_14_22: folds 
Dorex2007: folds 
h1konyan1024: folds 
Wabrss: raises $0.02 to $0.04
vkorgik: folds 
Pajkeeee: folds 
Uncalled bet ($0.02) returned to Wabrss
Wabrss collected $0.05 from pot
Wabrss: doesn't show hand 
*** SUMMARY ***
Total pot $0.05 | Rake $0 
Seat 2: vkorgik (small blind) folded before Flop
Seat 3: Pajkeeee (big blind) folded before Flop
Seat 5: deileon folded before Flop (didn't bet)
Seat 6: pike_14_22 folded before Flop (didn't bet)
Seat 7: Dorex2007 folded before Flop (didn't bet)
Seat 8: h1konyan1024 folded before Flop (didn't bet)
Seat 9: Wabrss (button) collected ($0.05)



PokerStars Hand #227048025639:  Hold'em No Limit ($0.01/$0.02 USD) - 2021/05/25 0:25:57 PT [2021/05/25 3:25:57 ET]
Table 'Anubis III' 9-max Seat #2 is the button
Seat 2: vkorgik ($1.31 in chips) 
Seat 3: Pajkeeee ($3.20 in chips) 
Seat 5: deileon ($1.90 in chips) 
Seat 6: pike_14_22 ($0.93 in chips) 
Seat 7: Dorex2007 ($2.04 in chips) 
Seat 8: h1konyan1024 ($2.12 in chips) 
Seat 9: Wabrss ($0.81 in chips) 
Pajkeeee: posts small blind $0.01
deileon: posts big blind $0.02
good_sword84: sits out 
*** HOLE CARDS ***
Dealt to Dorex2007 [6s 7d]
pike_14_22: calls $0.02
Dorex2007: folds 
h1konyan1024: folds 
Wabrss: folds 
vkorgik: folds 
Pajkeeee: raises $0.08 to $0.10
deileon: folds 
pike_14_22: folds 
Uncalled bet ($0.08) returned to Pajkeeee
Pajkeeee collected $0.06 from pot
Pajkeeee: doesn't show hand 
*** SUMMARY ***
Total pot $0.06 | Rake $0 
Seat 2: vkorgik (button) folded before Flop (didn't bet)
Seat 3: Pajkeeee (small blind) collected ($0.06)
Seat 5: deileon (big blind) folded before Flop
Seat 6: pike_14_22 folded before Flop
Seat 7: Dorex2007 folded before Flop (didn't bet)
Seat 8: h1konyan1024 folded before Flop (didn't bet)
Seat 9: Wabrss folded before Flop (didn't bet)



PokerStars Hand #227048029523:  Hold'em No Limit ($0.01/$0.02 USD) - 2021/05/25 0:26:24 PT [2021/05/25 3:26:24 ET]
Table 'Anubis III' 9-max Seat #3 is the button
Seat 2: vkorgik ($1.31 in chips) 
Seat 3: Pajkeeee ($3.24 in chips) 
Seat 5: deileon ($1.88 in chips) 
Seat 6: pike_14_22 ($0.91 in chips) 
Seat 7: Dorex2007 ($2.04 in chips) 
Seat 8: h1konyan1024 ($2.12 in chips) 
Seat 9: Wabrss ($0.81 in chips) 
deileon: posts small blind $0.01
pike_14_22: posts big blind $0.02
good_sword84: sits out 
*** HOLE CARDS ***
Dealt to Dorex2007 [2s Tc]
Dorex2007: folds 
h1konyan1024: folds 
Wabrss: folds 
vkorgik: folds 
Pajkeeee: raises $0.04 to $0.06
deileon: folds 
pike_14_22: folds 
Uncalled bet ($0.04) returned to Pajkeeee
Pajkeeee collected $0.05 from pot
Pajkeeee: doesn't show hand 
*** SUMMARY ***
Total pot $0.05 | Rake $0 
Seat 2: vkorgik folded before Flop (didn't bet)
Seat 3: Pajkeeee (button) collected ($0.05)
Seat 5: deileon (small blind) folded before Flop
Seat 6: pike_14_22 (big blind) folded before Flop
Seat 7: Dorex2007 folded before Flop (didn't bet)
Seat 8: h1konyan1024 folded before Flop (didn't bet)
Seat 9: Wabrss folded before Flop (didn't bet)



PokerStars Hand #227048033704:  Hold'em No Limit ($0.01/$0.02 USD) - 2021/05/25 0:26:52 PT [2021/05/25 3:26:52 ET]
Table 'Anubis III' 9-max Seat #5 is the button
Seat 2: vkorgik ($1.31 in chips) 
Seat 3: Pajkeeee ($3.27 in chips) 
Seat 5: deileon ($1.87 in chips) 
Seat 6: pike_14_22 ($0.89 in chips) 
Seat 7: Dorex2007 ($2.04 in chips) 
Seat 8: h1konyan1024 ($2.12 in chips) 
Seat 9: Wabrss ($0.81 in chips) 
pike_14_22: posts small blind $0.01
Dorex2007: posts big blind $0.02
good_sword84: sits out 
*** HOLE CARDS ***
Dealt to Dorex2007 [9s 2d]
h1konyan1024: folds 
Wabrss: folds 
vkorgik: folds 
Pajkeeee: raises $0.04 to $0.06
deileon: folds 
pike_14_22: calls $0.05
Dorex2007: folds 
*** FLOP *** [5c Jc 5s]
pike_14_22: checks 
Pajkeeee: bets $0.08
pike_14_22: folds 
Uncalled bet ($0.08) returned to Pajkeeee
Pajkeeee collected $0.14 from pot
Pajkeeee: doesn't show hand 
*** SUMMARY ***
Total pot $0.14 | Rake $0 
Board [5c Jc 5s]
Seat 2: vkorgik folded before Flop (didn't bet)
Seat 3: Pajkeeee collected ($0.14)
Seat 5: deileon (button) folded before Flop (didn't bet)
Seat 6: pike_14_22 (small blind) folded on the Flop
Seat 7: Dorex2007 (big blind) folded before Flop
Seat 8: h1konyan1024 folded before Flop (didn't bet)
Seat 9: Wabrss folded before Flop (didn't bet)



PokerStars Hand #227048037839:  Hold'em No Limit ($0.01/$0.02 USD) - 2021/05/25 0:27:21 PT [2021/05/25 3:27:21 ET]
Table 'Anubis III' 9-max Seat #6 is the button
Seat 2: vkorgik ($1.31 in chips) 
Seat 3: Pajkeeee ($3.35 in chips) 
Seat 5: deileon ($1.87 in chips) 
Seat 6: pike_14_22 ($0.83 in chips) 
Seat 7: Dorex2007 ($2.02 in chips) 
Seat 8: h1konyan1024 ($2.12 in chips) 
Seat 9: Wabrss ($0.81 in chips) 
Dorex2007: posts small blind $0.01
h1konyan1024: posts big blind $0.02
good_sword84: sits out 
*** HOLE CARDS ***
Dealt to Dorex2007 [Qc 7h]
Wabrss: folds 
vkorgik: folds 
Pajkeeee: folds 
deileon: folds 
pike_14_22: folds 
pike_14_22 leaves the table
Dorex2007: folds 
Uncalled bet ($0.01) returned to h1konyan1024
h1konyan1024 collected $0.02 from pot
h1konyan1024: doesn't show hand 
*** SUMMARY ***
Total pot $0.02 | Rake $0 
Seat 2: vkorgik folded before Flop (didn't bet)
Seat 3: Pajkeeee folded before Flop (didn't bet)
Seat 5: deileon folded before Flop (didn't bet)
Seat 6: pike_14_22 (button) folded before Flop (didn't bet)
Seat 7: Dorex2007 (small blind) folded before Flop
Seat 8: h1konyan1024 (big blind) collected ($0.02)
Seat 9: Wabrss folded before Flop (didn't bet)



PokerStars Hand #227048040347:  Hold'em No Limit ($0.01/$0.02 USD) - 2021/05/25 0:27:38 PT [2021/05/25 3:27:38 ET]
Table 'Anubis III' 9-max Seat #7 is the button
Seat 2: vkorgik ($1.31 in chips) 
Seat 3: Pajkeeee ($3.35 in chips) 
Seat 5: deileon ($1.87 in chips) 
Seat 7: Dorex2007 ($2.01 in chips) 
Seat 8: h1konyan1024 ($2.13 in chips) 
Seat 9: Wabrss ($0.81 in chips) 
PaQeda joins the table at seat #6 
h1konyan1024: posts small blind $0.01
Wabrss: posts big blind $0.02
good_sword84: sits out 
*** HOLE CARDS ***
Dealt to Dorex2007 [As 5h]
vkorgik: folds 
Pajkeeee: folds 
deileon: folds 
Dorex2007: raises $0.02 to $0.04
h1konyan1024: calls $0.03
Wabrss: calls $0.02
*** FLOP *** [7h Td 4c]
h1konyan1024: checks 
Wabrss: checks 
Dorex2007: bets $0.12
h1konyan1024: calls $0.12
Wabrss: folds 
*** TURN *** [7h Td 4c] [7d]
h1konyan1024: checks 
Dorex2007: bets $0.35
h1konyan1024: calls $0.35
*** RIVER *** [7h Td 4c 7d] [8d]
h1konyan1024: checks 
Dorex2007: bets $1.50 and is all-in
h1konyan1024: folds 
Uncalled bet ($1.50) returned to Dorex2007
Dorex2007 collected $1.02 from pot
Dorex2007: doesn't show hand 
*** SUMMARY ***
Total pot $1.06 | Rake $0.04 
Board [7h Td 4c 7d 8d]
Seat 2: vkorgik folded before Flop (didn't bet)
Seat 3: Pajkeeee folded before Flop (didn't bet)
Seat 5: deileon folded before Flop (didn't bet)
Seat 7: Dorex2007 (button) collected ($1.02)
Seat 8: h1konyan1024 (small blind) folded on the River
Seat 9: Wabrss (big blind) folded on the Flop



PokerStars Hand #227048052391:  Hold'em No Limit ($0.01/$0.02 USD) - 2021/05/25 0:29:01 PT [2021/05/25 3:29:01 ET]
Table 'Anubis III' 9-max Seat #8 is the button
Seat 1: good_sword84 ($2 in chips) 
Seat 2: vkorgik ($1.31 in chips) 
Seat 3: Pajkeeee ($3.35 in chips) 
Seat 5: deileon ($1.87 in chips) 
Seat 6: PaQeda ($2 in chips) 
Seat 7: Dorex2007 ($2.52 in chips) 
Seat 8: h1konyan1024 ($1.62 in chips) 
Seat 9: Wabrss ($0.77 in chips) 
Wabrss: posts small blind $0.01
good_sword84: posts big blind $0.02
PaQeda: posts big blind $0.02
*** HOLE CARDS ***
Dealt to Dorex2007 [9h Qc]
vkorgik: folds 
Pajkeeee: folds 
deileon has timed out
deileon: folds 
PaQeda: checks 
Dorex2007: folds 
h1konyan1024: raises $0.06 to $0.08
Wabrss: folds 
good_sword84: folds 
PaQeda: folds 
Uncalled bet ($0.06) returned to h1konyan1024
h1konyan1024 collected $0.07 from pot
h1konyan1024: doesn't show hand 
*** SUMMARY ***
Total pot $0.07 | Rake $0 
Seat 1: good_sword84 (big blind) folded before Flop
Seat 2: vkorgik folded before Flop (didn't bet)
Seat 3: Pajkeeee folded before Flop (didn't bet)
Seat 5: deileon folded before Flop (didn't bet)
Seat 6: PaQeda folded before Flop (didn't bet)
Seat 7: Dorex2007 folded before Flop (didn't bet)
Seat 8: h1konyan1024 (button) collected ($0.07)
Seat 9: Wabrss (small blind) folded before Flop



PokerStars Hand #227048056878:  Hold'em No Limit ($0.01/$0.02 USD) - 2021/05/25 0:29:31 PT [2021/05/25 3:29:31 ET]
Table 'Anubis III' 9-max Seat #9 is the button
Seat 1: good_sword84 ($1.98 in chips) 
Seat 2: vkorgik ($1.31 in chips) 
Seat 3: Pajkeeee ($3.35 in chips) 
Seat 6: PaQeda ($1.98 in chips) 
Seat 7: Dorex2007 ($2.52 in chips) 
Seat 8: h1konyan1024 ($1.67 in chips) 
Seat 9: Wabrss ($0.76 in chips) 
good_sword84: posts small blind $0.01
vkorgik: posts big blind $0.02
*** HOLE CARDS ***
Dealt to Dorex2007 [2d Th]
Pajkeeee: folds 
PaQeda: folds 
Dorex2007: folds 
h1konyan1024: folds 
Wabrss: folds 
good_sword84: folds 
Uncalled bet ($0.01) returned to vkorgik
vkorgik collected $0.02 from pot
vkorgik: doesn't show hand 
*** SUMMARY ***
Total pot $0.02 | Rake $0 
Seat 1: good_sword84 (small blind) folded before Flop
Seat 2: vkorgik (big blind) collected ($0.02)
Seat 3: Pajkeeee folded before Flop (didn't bet)
Seat 6: PaQeda folded before Flop (didn't bet)
Seat 7: Dorex2007 folded before Flop (didn't bet)
Seat 8: h1konyan1024 folded before Flop (didn't bet)
Seat 9: Wabrss (button) folded before Flop (didn't bet)



PokerStars Hand #227048059243:  Hold'em No Limit ($0.01/$0.02 USD) - 2021/05/25 0:29:47 PT [2021/05/25 3:29:47 ET]
Table 'Anubis III' 9-max Seat #1 is the button
Seat 1: good_sword84 ($1.97 in chips) 
Seat 2: vkorgik ($1.32 in chips) 
Seat 3: Pajkeeee ($3.35 in chips) 
Seat 6: PaQeda ($1.98 in chips) 
Seat 7: Dorex2007 ($2.52 in chips) 
Seat 8: h1konyan1024 ($1.67 in chips) 
Seat 9: Wabrss ($0.76 in chips) 
vkorgik: posts small blind $0.01
Pajkeeee: posts big blind $0.02
*** HOLE CARDS ***
Dealt to Dorex2007 [2d 8c]
PaQeda: folds 
Dorex2007: folds 
h1konyan1024: folds 
Wabrss: folds 
good_sword84: folds 
vkorgik: folds 
Uncalled bet ($0.01) returned to Pajkeeee
Pajkeeee collected $0.02 from pot
Pajkeeee: doesn't show hand 
*** SUMMARY ***
Total pot $0.02 | Rake $0 
Seat 1: good_sword84 (button) folded before Flop (didn't bet)
Seat 2: vkorgik (small blind) folded before Flop
Seat 3: Pajkeeee (big blind) collected ($0.02)
Seat 6: PaQeda folded before Flop (didn't bet)
Seat 7: Dorex2007 folded before Flop (didn't bet)
Seat 8: h1konyan1024 folded before Flop (didn't bet)
Seat 9: Wabrss folded before Flop (didn't bet)



PokerStars Hand #227048062088:  Hold'em No Limit ($0.01/$0.02 USD) - 2021/05/25 0:30:06 PT [2021/05/25 3:30:06 ET]
Table 'Anubis III' 9-max Seat #2 is the button
Seat 1: good_sword84 ($1.97 in chips) 
Seat 2: vkorgik ($1.31 in chips) 
Seat 3: Pajkeeee ($3.36 in chips) 
Seat 6: PaQeda ($1.98 in chips) 
Seat 7: Dorex2007 ($2.52 in chips) 
Seat 8: h1konyan1024 ($1.67 in chips) 
Seat 9: Wabrss ($0.76 in chips) 
Pajkeeee: posts small blind $0.01
PaQeda: posts big blind $0.02
*** HOLE CARDS ***
Dealt to Dorex2007 [7c 5h]
Dorex2007: folds 
h1konyan1024: folds 
Wabrss: raises $0.02 to $0.04
good_sword84: calls $0.04
vkorgik: folds 
Pajkeeee: folds 
PaQeda: calls $0.02
*** FLOP *** [Tc 8d Th]
PaQeda: bets $0.07
Wabrss: calls $0.07
good_sword84: calls $0.07
*** TURN *** [Tc 8d Th] [2c]
PaQeda: bets $0.17
Wabrss: folds 
good_sword84: folds 
Uncalled bet ($0.17) returned to PaQeda
PaQeda collected $0.33 from pot
PaQeda: doesn't show hand 
*** SUMMARY ***
Total pot $0.34 | Rake $0.01 
Board [Tc 8d Th 2c]
Seat 1: good_sword84 folded on the Turn
Seat 2: vkorgik (button) folded before Flop (didn't bet)
Seat 3: Pajkeeee (small blind) folded before Flop
Seat 6: PaQeda (big blind) collected ($0.33)
Seat 7: Dorex2007 folded before Flop (didn't bet)
Seat 8: h1konyan1024 folded before Flop (didn't bet)
Seat 9: Wabrss folded on the Turn



PokerStars Hand #227048070390:  Hold'em No Limit ($0.01/$0.02 USD) - 2021/05/25 0:31:02 PT [2021/05/25 3:31:02 ET]
Table 'Anubis III' 9-max Seat #3 is the button
Seat 1: good_sword84 ($1.86 in chips) 
Seat 2: vkorgik ($1.31 in chips) 
Seat 3: Pajkeeee ($3.35 in chips) 
Seat 6: PaQeda ($2.20 in chips) 
Seat 7: Dorex2007 ($2.52 in chips) 
Seat 8: h1konyan1024 ($1.67 in chips) 
Seat 9: Wabrss ($0.65 in chips) 
PaQeda: posts small blind $0.01
Dorex2007: posts big blind $0.02
*** HOLE CARDS ***
Dealt to Dorex2007 [Jc Ac]
h1konyan1024: folds 
Wabrss: calls $0.02
good_sword84: folds 
vkorgik: folds 
Pajkeeee: raises $0.06 to $0.08
PaQeda: folds 
Dorex2007: calls $0.06
Wabrss: calls $0.06
*** FLOP *** [Qh 7h Kd]
Dorex2007: checks 
Wabrss: checks 
Pajkeeee: bets $0.14
Dorex2007: calls $0.14
Wabrss: folds 
*** TURN *** [Qh 7h Kd] [2c]
Dorex2007: checks 
Pajkeeee: checks 
*** RIVER *** [Qh 7h Kd 2c] [Qc]
Dorex2007: bets $0.51
Pajkeeee: folds 
Uncalled bet ($0.51) returned to Dorex2007
Dorex2007 collected $0.51 from pot
Dorex2007: doesn't show hand 
*** SUMMARY ***
Total pot $0.53 | Rake $0.02 
Board [Qh 7h Kd 2c Qc]
Seat 1: good_sword84 folded before Flop (didn't bet)
Seat 2: vkorgik folded before Flop (didn't bet)
Seat 3: Pajkeeee (button) folded on the River
Seat 6: PaQeda (small blind) folded before Flop
Seat 7: Dorex2007 (big blind) collected ($0.51)
Seat 8: h1konyan1024 folded before Flop (didn't bet)
Seat 9: Wabrss folded on the Flop



PokerStars Hand #227048078673:  Hold'em No Limit ($0.01/$0.02 USD) - 2021/05/25 0:31:57 PT [2021/05/25 3:31:57 ET]
Table 'Anubis III' 9-max Seat #6 is the button
Seat 1: good_sword84 ($2 in chips) 
Seat 2: vkorgik ($1.31 in chips) 
Seat 3: Pajkeeee ($3.13 in chips) 
Seat 4: Andres_fonalosa ($0.78 in chips) 
Seat 6: PaQeda ($2.19 in chips) 
Seat 7: Dorex2007 ($2.81 in chips) 
Seat 8: h1konyan1024 ($1.67 in chips) 
Seat 9: Wabrss ($0.57 in chips) 
Dorex2007: posts small blind $0.01
h1konyan1024: posts big blind $0.02
Andres_fonalosa: posts small & big blinds $0.03
deileon: sits out 
*** HOLE CARDS ***
Dealt to Dorex2007 [9s Ts]
Wabrss: calls $0.02
good_sword84: folds 
vkorgik: folds 
Pajkeeee: folds 
Andres_fonalosa: checks 
PaQeda: raises $0.03 to $0.05
Dorex2007: folds 
h1konyan1024: folds 
Wabrss: calls $0.03
Andres_fonalosa: folds 
*** FLOP *** [8c 5d 2d]
Wabrss: checks 
PaQeda: bets $0.05
Wabrss: calls $0.05
*** TURN *** [8c 5d 2d] [7s]
Wabrss: bets $0.02
PaQeda: calls $0.02
*** RIVER *** [8c 5d 2d 7s] [4s]
Wabrss: bets $0.15
PaQeda: folds 
Uncalled bet ($0.15) returned to Wabrss
Wabrss collected $0.29 from pot
Wabrss: doesn't show hand 
*** SUMMARY ***
Total pot $0.30 | Rake $0.01 
Board [8c 5d 2d 7s 4s]
Seat 1: good_sword84 folded before Flop (didn't bet)
Seat 2: vkorgik folded before Flop (didn't bet)
Seat 3: Pajkeeee folded before Flop (didn't bet)
Seat 4: Andres_fonalosa folded before Flop (didn't bet)
Seat 6: PaQeda (button) folded on the River
Seat 7: Dorex2007 (small blind) folded before Flop
Seat 8: h1konyan1024 (big blind) folded before Flop
Seat 9: Wabrss collected ($0.29)



PokerStars Hand #227048091545:  Hold'em No Limit ($0.01/$0.02 USD) - 2021/05/25 0:33:22 PT [2021/05/25 3:33:22 ET]
Table 'Anubis III' 9-max Seat #7 is the button
Seat 1: good_sword84 ($2 in chips) 
Seat 2: vkorgik ($1.31 in chips) 
Seat 3: Pajkeeee ($3.13 in chips) 
Seat 4: Andres_fonalosa ($0.75 in chips) 
Seat 6: PaQeda ($2.07 in chips) 
Seat 7: Dorex2007 ($2.80 in chips) 
Seat 8: h1konyan1024 ($1.65 in chips) 
Seat 9: Wabrss ($0.74 in chips) 
h1konyan1024: posts small blind $0.01
Wabrss: posts big blind $0.02
deileon: sits out 
*** HOLE CARDS ***
Dealt to Dorex2007 [9c 8d]
good_sword84: folds 
vkorgik: folds 
Pajkeeee: folds 
Andres_fonalosa: raises $0.04 to $0.06
PaQeda: folds 
Dorex2007: folds 
h1konyan1024: calls $0.05
Wabrss: calls $0.04
*** FLOP *** [8s 9h Ac]
h1konyan1024: checks 
Wabrss: checks 
Andres_fonalosa: bets $0.17
h1konyan1024: calls $0.17
Wabrss: folds 
*** TURN *** [8s 9h Ac] [3c]
h1konyan1024: checks 
Andres_fonalosa: bets $0.52 and is all-in
h1konyan1024: folds 
Uncalled bet ($0.52) returned to Andres_fonalosa
Andres_fonalosa collected $0.50 from pot
Andres_fonalosa: doesn't show hand 
*** SUMMARY ***
Total pot $0.52 | Rake $0.02 
Board [8s 9h Ac 3c]
Seat 1: good_sword84 folded before Flop (didn't bet)
Seat 2: vkorgik folded before Flop (didn't bet)
Seat 3: Pajkeeee folded before Flop (didn't bet)
Seat 4: Andres_fonalosa collected ($0.50)
Seat 6: PaQeda folded before Flop (didn't bet)
Seat 7: Dorex2007 (button) folded before Flop (didn't bet)
Seat 8: h1konyan1024 (small blind) folded on the Turn
Seat 9: Wabrss (big blind) folded on the Flop



PokerStars Hand #227048105394:  Hold'em No Limit ($0.01/$0.02 USD) - 2021/05/25 0:34:44 PT [2021/05/25 3:34:44 ET]
Table 'Anubis III' 9-max Seat #8 is the button
Seat 1: good_sword84 ($2 in chips) 
Seat 2: vkorgik ($1.31 in chips) 
Seat 3: Pajkeeee ($3.13 in chips) 
Seat 4: Andres_fonalosa ($1.02 in chips) 
Seat 5: deileon ($1.87 in chips) 
Seat 6: PaQeda ($2.07 in chips) 
Seat 7: Dorex2007 ($2.80 in chips) 
Seat 8: h1konyan1024 ($1.42 in chips) 
Seat 9: Wabrss ($0.68 in chips) 
Wabrss: posts small blind $0.01
good_sword84: posts big blind $0.02
deileon: posts small & big blinds $0.03
*** HOLE CARDS ***
Dealt to Dorex2007 [Qc 4h]
vkorgik: folds 
Pajkeeee: folds 
Andres_fonalosa: folds 
deileon: checks 
PaQeda: folds 
Dorex2007: folds 
h1konyan1024: folds 
Wabrss: raises $0.02 to $0.04
good_sword84: folds 
deileon: calls $0.02
*** FLOP *** [Ah 5c Jh]
Wabrss: bets $0.06
deileon: folds 
Uncalled bet ($0.06) returned to Wabrss
Wabrss collected $0.11 from pot
Wabrss: doesn't show hand 
*** SUMMARY ***
Total pot $0.11 | Rake $0 
Board [Ah 5c Jh]
Seat 1: good_sword84 (big blind) folded before Flop
Seat 2: vkorgik folded before Flop (didn't bet)
Seat 3: Pajkeeee folded before Flop (didn't bet)
Seat 4: Andres_fonalosa folded before Flop (didn't bet)
Seat 5: deileon folded on the Flop
Seat 6: PaQeda folded before Flop (didn't bet)
Seat 7: Dorex2007 folded before Flop (didn't bet)
Seat 8: h1konyan1024 (button) folded before Flop (didn't bet)
Seat 9: Wabrss (small blind) collected ($0.11)



PokerStars Hand #227048111784:  Hold'em No Limit ($0.01/$0.02 USD) - 2021/05/25 0:35:26 PT [2021/05/25 3:35:26 ET]
Table 'Anubis III' 9-max Seat #9 is the button
Seat 1: good_sword84 ($1.98 in chips) 
Seat 3: Pajkeeee ($3.13 in chips) 
Seat 4: Andres_fonalosa ($1.02 in chips) 
Seat 5: deileon ($1.82 in chips) 
Seat 6: PaQeda ($2.07 in chips) 
Seat 7: Dorex2007 ($2.80 in chips) 
Seat 8: h1konyan1024 ($1.42 in chips) 
Seat 9: Wabrss ($0.75 in chips) 
good_sword84: posts small blind $0.01
vkorgik: is sitting out 
vkorgik leaves the table
Pajkeeee: posts big blind $0.02
*** HOLE CARDS ***
Dealt to Dorex2007 [Kh Jc]
esch777 joins the table at seat #2 
Andres_fonalosa has timed out
Andres_fonalosa: folds 
deileon: folds 
PaQeda: raises $0.03 to $0.05
Dorex2007: folds 
h1konyan1024: folds 
Wabrss: folds 
good_sword84: folds 
Pajkeeee: calls $0.03
*** FLOP *** [7s 2d Jd]
Pajkeeee: checks 
PaQeda: bets $0.06
Pajkeeee: folds 
Uncalled bet ($0.06) returned to PaQeda
PaQeda collected $0.11 from pot
PaQeda: doesn't show hand 
*** SUMMARY ***
Total pot $0.11 | Rake $0 
Board [7s 2d Jd]
Seat 1: good_sword84 (small blind) folded before Flop
Seat 3: Pajkeeee (big blind) folded on the Flop
Seat 4: Andres_fonalosa folded before Flop (didn't bet)
Seat 5: deileon folded before Flop (didn't bet)
Seat 6: PaQeda collected ($0.11)
Seat 7: Dorex2007 folded before Flop (didn't bet)
Seat 8: h1konyan1024 folded before Flop (didn't bet)
Seat 9: Wabrss (button) folded before Flop (didn't bet)



PokerStars Hand #227048116630:  Hold'em No Limit ($0.01/$0.02 USD) - 2021/05/25 0:35:58 PT [2021/05/25 3:35:58 ET]
Table 'Anubis III' 9-max Seat #1 is the button
Seat 1: good_sword84 ($1.97 in chips) 
Seat 3: Pajkeeee ($3.08 in chips) 
Seat 4: Andres_fonalosa ($1.02 in chips) 
Seat 5: deileon ($1.82 in chips) 
Seat 6: PaQeda ($2.13 in chips) 
Seat 7: Dorex2007 ($2.80 in chips) 
Seat 8: h1konyan1024 ($1.42 in chips) 
Seat 9: Wabrss ($0.75 in chips) 
Pajkeeee: posts small blind $0.01
Andres_fonalosa: posts big blind $0.02
*** HOLE CARDS ***
Dealt to Dorex2007 [8d 4c]
deileon: folds 
PaQeda: raises $0.05 to $0.07
Dorex2007: folds 
h1konyan1024: folds 
Wabrss: folds 
good_sword84: folds 
Pajkeeee: folds 
Andres_fonalosa: folds 
Uncalled bet ($0.05) returned to PaQeda
PaQeda collected $0.05 from pot
PaQeda: doesn't show hand 
*** SUMMARY ***
Total pot $0.05 | Rake $0 
Seat 1: good_sword84 (button) folded before Flop (didn't bet)
Seat 3: Pajkeeee (small blind) folded before Flop
Seat 4: Andres_fonalosa (big blind) folded before Flop
Seat 5: deileon folded before Flop (didn't bet)
Seat 6: PaQeda collected ($0.05)
Seat 7: Dorex2007 folded before Flop (didn't bet)
Seat 8: h1konyan1024 folded before Flop (didn't bet)
Seat 9: Wabrss folded before Flop (didn't bet)



PokerStars Hand #227048120810:  Hold'em No Limit ($0.01/$0.02 USD) - 2021/05/25 0:36:25 PT [2021/05/25 3:36:25 ET]
Table 'Anubis III' 9-max Seat #3 is the button
Seat 1: good_sword84 ($1.97 in chips) 
Seat 3: Pajkeeee ($3.07 in chips) 
Seat 4: Andres_fonalosa ($1 in chips) 
Seat 5: deileon ($1.82 in chips) 
Seat 6: PaQeda ($2.16 in chips) 
Seat 7: Dorex2007 ($2.80 in chips) 
Seat 8: h1konyan1024 ($1.42 in chips) 
Seat 9: Wabrss ($0.75 in chips) 
Andres_fonalosa: posts small blind $0.01
deileon: posts big blind $0.02
esch777: sits out 
*** HOLE CARDS ***
Dealt to Dorex2007 [8s 2d]
PaQeda: folds 
Dorex2007: folds 
h1konyan1024: folds 
Wabrss: folds 
good_sword84: raises $0.06 to $0.08
Pajkeeee: folds 
Andres_fonalosa: folds 
deileon: calls $0.06
*** FLOP *** [6d 9d 5h]
deileon: checks 
good_sword84: bets $0.08
deileon: calls $0.08
*** TURN *** [6d 9d 5h] [Js]
deileon: checks 
good_sword84: checks 
*** RIVER *** [6d 9d 5h Js] [5d]
deileon: checks 
good_sword84: bets $0.24
deileon: calls $0.24
*** SHOW DOWN ***
good_sword84: shows [Jc Jd] (a full house, Jacks full of Fives)
deileon: mucks hand 
good_sword84 collected $0.78 from pot
*** SUMMARY ***
Total pot $0.81 | Rake $0.03 
Board [6d 9d 5h Js 5d]
Seat 1: good_sword84 showed [Jc Jd] and won ($0.78) with a full house, Jacks full of Fives
Seat 3: Pajkeeee (button) folded before Flop (didn't bet)
Seat 4: Andres_fonalosa (small blind) folded before Flop
Seat 5: deileon (big blind) mucked [7c 7s]
Seat 6: PaQeda folded before Flop (didn't bet)
Seat 7: Dorex2007 folded before Flop (didn't bet)
Seat 8: h1konyan1024 folded before Flop (didn't bet)
Seat 9: Wabrss folded before Flop (didn't bet)



PokerStars Hand #227048129555:  Hold'em No Limit ($0.01/$0.02 USD) - 2021/05/25 0:37:23 PT [2021/05/25 3:37:23 ET]
Table 'Anubis III' 9-max Seat #4 is the button
Seat 1: good_sword84 ($2.35 in chips) 
Seat 3: Pajkeeee ($3.07 in chips) 
Seat 4: Andres_fonalosa ($0.99 in chips) 
Seat 5: deileon ($1.42 in chips) 
Seat 6: PaQeda ($2.16 in chips) 
Seat 7: Dorex2007 ($2.80 in chips) 
Seat 8: h1konyan1024 ($1.42 in chips) 
Seat 9: Wabrss ($0.75 in chips) 
deileon: posts small blind $0.01
PaQeda: posts big blind $0.02
esch777: sits out 
*** HOLE CARDS ***
Dealt to Dorex2007 [4h As]
Dorex2007: folds 
h1konyan1024: folds 
Wabrss: folds 
good_sword84: folds 
Pajkeeee: folds 
Andres_fonalosa: folds 
deileon: raises $0.02 to $0.04
PaQeda: calls $0.02
*** FLOP *** [9h 9d 7h]
deileon: bets $0.04
PaQeda: folds 
Uncalled bet ($0.04) returned to deileon
deileon collected $0.08 from pot
deileon: doesn't show hand 
*** SUMMARY ***
Total pot $0.08 | Rake $0 
Board [9h 9d 7h]
Seat 1: good_sword84 folded before Flop (didn't bet)
Seat 3: Pajkeeee folded before Flop (didn't bet)
Seat 4: Andres_fonalosa (button) folded before Flop (didn't bet)
Seat 5: deileon (small blind) collected ($0.08)
Seat 6: PaQeda (big blind) folded on the Flop
Seat 7: Dorex2007 folded before Flop (didn't bet)
Seat 8: h1konyan1024 folded before Flop (didn't bet)
Seat 9: Wabrss folded before Flop (didn't bet)



PokerStars Hand #227048133750:  Hold'em No Limit ($0.01/$0.02 USD) - 2021/05/25 0:37:50 PT [2021/05/25 3:37:50 ET]
Table 'Anubis III' 9-max Seat #5 is the button
Seat 1: good_sword84 ($2.35 in chips) 
Seat 3: Pajkeeee ($3.07 in chips) 
Seat 4: Andres_fonalosa ($0.99 in chips) 
Seat 5: deileon ($1.46 in chips) 
Seat 6: PaQeda ($2.12 in chips) 
Seat 7: Dorex2007 ($2.80 in chips) 
Seat 8: h1konyan1024 ($1.42 in chips) 
Seat 9: Wabrss ($0.75 in chips) 
PaQeda: posts small blind $0.01
Dorex2007: posts big blind $0.02
esch777: sits out 
*** HOLE CARDS ***
Dealt to Dorex2007 [Td 5c]
h1konyan1024: folds 
Wabrss: folds 
good_sword84: folds 
Pajkeeee: folds 
Andres_fonalosa has timed out
Andres_fonalosa: folds 
deileon: folds 
PaQeda: folds 
Uncalled bet ($0.01) returned to Dorex2007
Dorex2007 collected $0.02 from pot
Dorex2007: doesn't show hand 
*** SUMMARY ***
Total pot $0.02 | Rake $0 
Seat 1: good_sword84 folded before Flop (didn't bet)
Seat 3: Pajkeeee folded before Flop (didn't bet)
Seat 4: Andres_fonalosa folded before Flop (didn't bet)
Seat 5: deileon (button) folded before Flop (didn't bet)
Seat 6: PaQeda (small blind) folded before Flop
Seat 7: Dorex2007 (big blind) collected ($0.02)
Seat 8: h1konyan1024 folded before Flop (didn't bet)
Seat 9: Wabrss folded before Flop (didn't bet)



PokerStars Hand #227048138711:  Hold'em No Limit ($0.01/$0.02 USD) - 2021/05/25 0:38:22 PT [2021/05/25 3:38:22 ET]
Table 'Anubis III' 9-max Seat #6 is the button
Seat 1: good_sword84 ($2.35 in chips) 
Seat 3: Pajkeeee ($3.07 in chips) 
Seat 4: Andres_fonalosa ($0.99 in chips) 
Seat 5: deileon ($1.46 in chips) 
Seat 6: PaQeda ($2.11 in chips) 
Seat 7: Dorex2007 ($2.81 in chips) 
Seat 8: h1konyan1024 ($1.42 in chips) 
Seat 9: Wabrss ($0.75 in chips) 
Dorex2007: posts small blind $0.01
h1konyan1024: posts big blind $0.02
esch777: sits out 
*** HOLE CARDS ***
Dealt to Dorex2007 [4h 4c]
Wabrss: folds 
good_sword84: folds 
Pajkeeee: raises $0.04 to $0.06
Andres_fonalosa: folds 
deileon: folds 
PaQeda: folds 
Dorex2007: folds 
h1konyan1024: raises $0.18 to $0.24
Pajkeeee: folds 
Uncalled bet ($0.18) returned to h1konyan1024
h1konyan1024 collected $0.13 from pot
h1konyan1024: doesn't show hand 
*** SUMMARY ***
Total pot $0.13 | Rake $0 
Seat 1: good_sword84 folded before Flop (didn't bet)
Seat 3: Pajkeeee folded before Flop
Seat 4: Andres_fonalosa folded before Flop (didn't bet)
Seat 5: deileon folded before Flop (didn't bet)
Seat 6: PaQeda (button) folded before Flop (didn't bet)
Seat 7: Dorex2007 (small blind) folded before Flop
Seat 8: h1konyan1024 (big blind) collected ($0.13)
Seat 9: Wabrss folded before Flop (didn't bet)



PokerStars Hand #227048144403:  Hold'em No Limit ($0.01/$0.02 USD) - 2021/05/25 0:39:00 PT [2021/05/25 3:39:00 ET]
Table 'Anubis III' 9-max Seat #7 is the button
Seat 1: good_sword84 ($2.35 in chips) 
Seat 3: Pajkeeee ($3.01 in chips) 
Seat 4: Andres_fonalosa ($0.99 in chips) 
Seat 5: deileon ($1.46 in chips) 
Seat 6: PaQeda ($2.11 in chips) 
Seat 7: Dorex2007 ($2.80 in chips) 
Seat 8: h1konyan1024 ($1.49 in chips) 
h1konyan1024: posts small blind $0.01
Wabrss: is sitting out 
good_sword84: posts big blind $0.02
esch777: sits out 
*** HOLE CARDS ***
Dealt to Dorex2007 [9h Th]
Pajkeeee: raises $0.04 to $0.06
Andres_fonalosa: folds 
deileon: folds 
PaQeda: folds 
Dorex2007: folds 
h1konyan1024: folds 
good_sword84: folds 
Uncalled bet ($0.04) returned to Pajkeeee
Pajkeeee collected $0.05 from pot
Pajkeeee: doesn't show hand 
*** SUMMARY ***
Total pot $0.05 | Rake $0 
Seat 1: good_sword84 (big blind) folded before Flop
Seat 3: Pajkeeee collected ($0.05)
Seat 4: Andres_fonalosa folded before Flop (didn't bet)
Seat 5: deileon folded before Flop (didn't bet)
Seat 6: PaQeda folded before Flop (didn't bet)
Seat 7: Dorex2007 (button) folded before Flop (didn't bet)
Seat 8: h1konyan1024 (small blind) folded before Flop



PokerStars Hand #227048149693:  Hold'em No Limit ($0.01/$0.02 USD) - 2021/05/25 0:39:36 PT [2021/05/25 3:39:36 ET]
Table 'Anubis III' 9-max Seat #8 is the button
Seat 1: good_sword84 ($2.33 in chips) 
Seat 2: esch777 ($0.80 in chips) 
Seat 3: Pajkeeee ($3.04 in chips) 
Seat 4: Andres_fonalosa ($0.99 in chips) 
Seat 5: deileon ($1.46 in chips) 
Seat 6: PaQeda ($2.11 in chips) 
Seat 7: Dorex2007 ($2.80 in chips) 
Seat 8: h1konyan1024 ($1.48 in chips) 
good_sword84: posts small blind $0.01
esch777: posts big blind $0.02
*** HOLE CARDS ***
Dealt to Dorex2007 [2s Th]
Pajkeeee: folds 
Andres_fonalosa: folds 
deileon: folds 
PaQeda: folds 
Dorex2007: folds 
h1konyan1024: folds 
good_sword84: folds 
Uncalled bet ($0.01) returned to esch777
esch777 collected $0.02 from pot
esch777: doesn't show hand 
*** SUMMARY ***
Total pot $0.02 | Rake $0 
Seat 1: good_sword84 (small blind) folded before Flop
Seat 2: esch777 (big blind) collected ($0.02)
Seat 3: Pajkeeee folded before Flop (didn't bet)
Seat 4: Andres_fonalosa folded before Flop (didn't bet)
Seat 5: deileon folded before Flop (didn't bet)
Seat 6: PaQeda folded before Flop (didn't bet)
Seat 7: Dorex2007 folded before Flop (didn't bet)
Seat 8: h1konyan1024 (button) folded before Flop (didn't bet)



PokerStars Hand #227048151950:  Hold'em No Limit ($0.01/$0.02 USD) - 2021/05/25 0:39:51 PT [2021/05/25 3:39:51 ET]
Table 'Anubis III' 9-max Seat #1 is the button
Seat 1: good_sword84 ($2.32 in chips) 
Seat 2: esch777 ($0.81 in chips) 
Seat 3: Pajkeeee ($3.04 in chips) 
Seat 4: Andres_fonalosa ($0.99 in chips) 
Seat 5: deileon ($1.46 in chips) 
Seat 6: PaQeda ($2.11 in chips) 
Seat 7: Dorex2007 ($2.80 in chips) 
Seat 8: h1konyan1024 ($1.48 in chips) 
esch777: posts small blind $0.01
Pajkeeee: posts big blind $0.02
Wabrss: sits out 
*** HOLE CARDS ***
Dealt to Dorex2007 [Th 8h]
Andres_fonalosa has timed out
Andres_fonalosa: folds 
deileon: calls $0.02
PaQeda: raises $0.03 to $0.05
Dorex2007: folds 
h1konyan1024: folds 
good_sword84: calls $0.05
esch777: folds 
Pajkeeee: calls $0.03
deileon: calls $0.03
*** FLOP *** [3c Jd Ad]
Pajkeeee: checks 
deileon: checks 
PaQeda: checks 
good_sword84: checks 
*** TURN *** [3c Jd Ad] [3h]
Pajkeeee: checks 
deileon: checks 
PaQeda: checks 
good_sword84: checks 
*** RIVER *** [3c Jd Ad 3h] [As]
Pajkeeee: checks 
deileon: checks 
PaQeda: checks 
good_sword84: bets $0.10
Pajkeeee: folds 
deileon: calls $0.10
PaQeda: folds 
*** SHOW DOWN ***
good_sword84: shows [6h Ah] (a full house, Aces full of Threes)
deileon: mucks hand 
good_sword84 collected $0.40 from pot
*** SUMMARY ***
Total pot $0.41 | Rake $0.01 
Board [3c Jd Ad 3h As]
Seat 1: good_sword84 (button) showed [6h Ah] and won ($0.40) with a full house, Aces full of Threes
Seat 2: esch777 (small blind) folded before Flop
Seat 3: Pajkeeee (big blind) folded on the River
Seat 4: Andres_fonalosa folded before Flop (didn't bet)
Seat 5: deileon mucked [Qc Jc]
Seat 6: PaQeda folded on the River
Seat 7: Dorex2007 folded before Flop (didn't bet)
Seat 8: h1konyan1024 folded before Flop (didn't bet)



PokerStars Hand #227048171124:  Hold'em No Limit ($0.01/$0.02 USD) - 2021/05/25 0:41:25 PT [2021/05/25 3:41:25 ET]
Table 'Anubis III' 9-max Seat #2 is the button
Seat 1: good_sword84 ($2.57 in chips) 
Seat 2: esch777 ($0.80 in chips) 
Seat 3: Pajkeeee ($2.99 in chips) 
Seat 4: Andres_fonalosa ($0.99 in chips) 
Seat 5: deileon ($1.31 in chips) 
Seat 6: PaQeda ($2.06 in chips) 
Seat 7: Dorex2007 ($2.80 in chips) 
Pajkeeee: posts small blind $0.01
Andres_fonalosa: posts big blind $0.02
Wabrss: sits out 
*** HOLE CARDS ***
Dealt to Dorex2007 [Ah 6s]
deileon: folds 
PaQeda: folds 
Dorex2007: folds 
good_sword84: folds 
esch777: folds 
Pajkeeee: raises $0.04 to $0.06
Andres_fonalosa: folds 
Uncalled bet ($0.04) returned to Pajkeeee
Pajkeeee collected $0.04 from pot
Pajkeeee: doesn't show hand 
*** SUMMARY ***
Total pot $0.04 | Rake $0 
Seat 1: good_sword84 folded before Flop (didn't bet)
Seat 2: esch777 (button) folded before Flop (didn't bet)
Seat 3: Pajkeeee (small blind) collected ($0.04)
Seat 4: Andres_fonalosa (big blind) folded before Flop
Seat 5: deileon folded before Flop (didn't bet)
Seat 6: PaQeda folded before Flop (didn't bet)
Seat 7: Dorex2007 folded before Flop (didn't bet)



PokerStars Hand #227048173868:  Hold'em No Limit ($0.01/$0.02 USD) - 2021/05/25 0:41:44 PT [2021/05/25 3:41:44 ET]
Table 'Anubis III' 9-max Seat #3 is the button
Seat 1: good_sword84 ($2.57 in chips) 
Seat 2: esch777 ($0.80 in chips) 
Seat 3: Pajkeeee ($3.01 in chips) 
Seat 4: Andres_fonalosa ($0.97 in chips) 
Seat 6: PaQeda ($2.06 in chips) 
Seat 7: Dorex2007 ($2.80 in chips) 
Andres_fonalosa: posts small blind $0.01
deileon: is sitting out 
PaQeda: posts big blind $0.02
Wabrss: sits out 
*** HOLE CARDS ***
Dealt to Dorex2007 [7h As]
Dorex2007: folds 
good_sword84: folds 
esch777: folds 
Pajkeeee: raises $0.04 to $0.06
Andres_fonalosa: folds 
PaQeda: calls $0.04
*** FLOP *** [Ac 2s 6s]
PaQeda: checks 
Pajkeeee: bets $0.08
PaQeda: folds 
Uncalled bet ($0.08) returned to Pajkeeee
Pajkeeee collected $0.13 from pot
Pajkeeee: doesn't show hand 
*** SUMMARY ***
Total pot $0.13 | Rake $0 
Board [Ac 2s 6s]
Seat 1: good_sword84 folded before Flop (didn't bet)
Seat 2: esch777 folded before Flop (didn't bet)
Seat 3: Pajkeeee (button) collected ($0.13)
Seat 4: Andres_fonalosa (small blind) folded before Flop
Seat 6: PaQeda (big blind) folded on the Flop
Seat 7: Dorex2007 folded before Flop (didn't bet)



PokerStars Hand #227048179796:  Hold'em No Limit ($0.01/$0.02 USD) - 2021/05/25 0:42:23 PT [2021/05/25 3:42:23 ET]
Table 'Anubis III' 9-max Seat #4 is the button
Seat 1: good_sword84 ($2.57 in chips) 
Seat 2: esch777 ($0.80 in chips) 
Seat 3: Pajkeeee ($3.08 in chips) 
Seat 4: Andres_fonalosa ($0.96 in chips) 
Seat 6: PaQeda ($2 in chips) 
Seat 7: Dorex2007 ($2.80 in chips) 
Seat 8: h1konyan1024 ($1.48 in chips) 
PaQeda: posts small blind $0.01
Dorex2007: posts big blind $0.02
Wabrss: sits out 
*** HOLE CARDS ***
Dealt to Dorex2007 [7c 8c]
h1konyan1024: folds 
good_sword84: raises $0.04 to $0.06
esch777: folds 
Pajkeeee: raises $0.12 to $0.18
Andres_fonalosa: folds 
PaQeda: folds 
Dorex2007: folds 
good_sword84: folds 
Uncalled bet ($0.12) returned to Pajkeeee
Pajkeeee collected $0.15 from pot
Pajkeeee: doesn't show hand 
*** SUMMARY ***
Total pot $0.15 | Rake $0 
Seat 1: good_sword84 folded before Flop
Seat 2: esch777 folded before Flop (didn't bet)
Seat 3: Pajkeeee collected ($0.15)
Seat 4: Andres_fonalosa (button) folded before Flop (didn't bet)
Seat 6: PaQeda (small blind) folded before Flop
Seat 7: Dorex2007 (big blind) folded before Flop
Seat 8: h1konyan1024 folded before Flop (didn't bet)



PokerStars Hand #227048183231:  Hold'em No Limit ($0.01/$0.02 USD) - 2021/05/25 0:42:47 PT [2021/05/25 3:42:47 ET]
Table 'Anubis III' 9-max Seat #6 is the button
Seat 1: good_sword84 ($2.51 in chips) 
Seat 2: esch777 ($0.80 in chips) 
Seat 3: Pajkeeee ($3.17 in chips) 
Seat 4: Andres_fonalosa ($0.96 in chips) 
Seat 6: PaQeda ($1.99 in chips) 
Seat 7: Dorex2007 ($2.78 in chips) 
Seat 8: h1konyan1024 ($1.48 in chips) 
Dorex2007: posts small blind $0.01
h1konyan1024: posts big blind $0.02
Wabrss: sits out 
*** HOLE CARDS ***
Dealt to Dorex2007 [Ad Jd]
good_sword84: folds 
esch777: folds 
Pajkeeee: folds 
Andres_fonalosa: folds 
PaQeda: folds 
Dorex2007: raises $0.04 to $0.06
h1konyan1024: calls $0.04
*** FLOP *** [3h 4c 9c]
Dorex2007: bets $0.08
h1konyan1024: calls $0.08
*** TURN *** [3h 4c 9c] [Qh]
Dorex2007: bets $0.27
h1konyan1024: calls $0.27
*** RIVER *** [3h 4c 9c Qh] [3s]
Dorex2007: bets $0.79
h1konyan1024: folds 
Uncalled bet ($0.79) returned to Dorex2007
Dorex2007 collected $0.79 from pot
Dorex2007: doesn't show hand 
*** SUMMARY ***
Total pot $0.82 | Rake $0.03 
Board [3h 4c 9c Qh 3s]
Seat 1: good_sword84 folded before Flop (didn't bet)
Seat 2: esch777 folded before Flop (didn't bet)
Seat 3: Pajkeeee folded before Flop (didn't bet)
Seat 4: Andres_fonalosa folded before Flop (didn't bet)
Seat 6: PaQeda (button) folded before Flop (didn't bet)
Seat 7: Dorex2007 (small blind) collected ($0.79)
Seat 8: h1konyan1024 (big blind) folded on the River



PokerStars Hand #227048195073:  Hold'em No Limit ($0.01/$0.02 USD) - 2021/05/25 0:44:06 PT [2021/05/25 3:44:06 ET]
Table 'Anubis III' 9-max Seat #7 is the button
Seat 1: good_sword84 ($2.51 in chips) 
Seat 2: esch777 ($0.80 in chips) 
Seat 3: Pajkeeee ($3.17 in chips) 
Seat 4: Andres_fonalosa ($0.96 in chips) 
Seat 6: PaQeda ($1.99 in chips) 
Seat 7: Dorex2007 ($3.16 in chips) 
Seat 8: h1konyan1024 ($1.07 in chips) 
Seat 9: Wabrss ($0.75 in chips) 
h1konyan1024: posts small blind $0.01
Wabrss: posts big blind $0.02
*** HOLE CARDS ***
Dealt to Dorex2007 [2c 6c]
good_sword84: folds 
esch777: folds 
Pajkeeee: raises $0.04 to $0.06
Andres_fonalosa: folds 
PaQeda: folds 
Dorex2007: folds 
h1konyan1024: folds 
Wabrss: folds 
Uncalled bet ($0.04) returned to Pajkeeee
Pajkeeee collected $0.05 from pot
Pajkeeee: doesn't show hand 
*** SUMMARY ***
Total pot $0.05 | Rake $0 
Seat 1: good_sword84 folded before Flop (didn't bet)
Seat 2: esch777 folded before Flop (didn't bet)
Seat 3: Pajkeeee collected ($0.05)
Seat 4: Andres_fonalosa folded before Flop (didn't bet)
Seat 6: PaQeda folded before Flop (didn't bet)
Seat 7: Dorex2007 (button) folded before Flop (didn't bet)
Seat 8: h1konyan1024 (small blind) folded before Flop
Seat 9: Wabrss (big blind) folded before Flop



PokerStars Hand #227048200735:  Hold'em No Limit ($0.01/$0.02 USD) - 2021/05/25 0:44:44 PT [2021/05/25 3:44:44 ET]
Table 'Anubis III' 9-max Seat #8 is the button
Seat 1: good_sword84 ($2.51 in chips) 
Seat 2: esch777 ($0.80 in chips) 
Seat 3: Pajkeeee ($3.20 in chips) 
Seat 4: Andres_fonalosa ($0.96 in chips) 
Seat 6: PaQeda ($1.99 in chips) 
Seat 7: Dorex2007 ($3.16 in chips) 
Seat 8: h1konyan1024 ($1.06 in chips) 
Seat 9: Wabrss ($0.73 in chips) 
Wabrss: posts small blind $0.01
good_sword84: posts big blind $0.02
*** HOLE CARDS ***
Dealt to Dorex2007 [9s 5d]
esch777: folds 
Pajkeeee: folds 
Andres_fonalosa has timed out
Andres_fonalosa: folds 
PaQeda: folds 
Dorex2007: folds 
h1konyan1024: folds 
Wabrss: calls $0.01
good_sword84: raises $0.04 to $0.06
Wabrss: calls $0.04
*** FLOP *** [Kd Kh Ah]
Wabrss: bets $0.06
good_sword84: calls $0.06
*** TURN *** [Kd Kh Ah] [6s]
Wabrss: checks 
good_sword84: bets $0.12
Wabrss: folds 
Uncalled bet ($0.12) returned to good_sword84
good_sword84 collected $0.23 from pot
good_sword84: doesn't show hand 
*** SUMMARY ***
Total pot $0.24 | Rake $0.01 
Board [Kd Kh Ah 6s]
Seat 1: good_sword84 (big blind) collected ($0.23)
Seat 2: esch777 folded before Flop (didn't bet)
Seat 3: Pajkeeee folded before Flop (didn't bet)
Seat 4: Andres_fonalosa folded before Flop (didn't bet)
Seat 6: PaQeda folded before Flop (didn't bet)
Seat 7: Dorex2007 folded before Flop (didn't bet)
Seat 8: h1konyan1024 (button) folded before Flop (didn't bet)
Seat 9: Wabrss (small blind) folded on the Turn



PokerStars Hand #227048206997:  Hold'em No Limit ($0.01/$0.02 USD) - 2021/05/25 0:45:25 PT [2021/05/25 3:45:25 ET]
Table 'Anubis III' 9-max Seat #9 is the button
Seat 1: good_sword84 ($2.62 in chips) 
Seat 2: esch777 ($0.80 in chips) 
Seat 3: Pajkeeee ($3.20 in chips) 
Seat 4: Andres_fonalosa ($0.96 in chips) 
Seat 6: PaQeda ($1.99 in chips) 
Seat 7: Dorex2007 ($3.16 in chips) 
Seat 8: h1konyan1024 ($1.06 in chips) 
Seat 9: Wabrss ($0.61 in chips) 
good_sword84: posts small blind $0.01
esch777: posts big blind $0.02
*** HOLE CARDS ***
Dealt to Dorex2007 [9s 4d]
Pajkeeee: folds 
Andres_fonalosa: calls $0.02
PaQeda: folds 
Dorex2007: folds 
h1konyan1024: folds 
Wabrss: raises $0.02 to $0.04
good_sword84: folds 
esch777: folds 
Andres_fonalosa: calls $0.02
*** FLOP *** [Ts 2d 4c]
Andres_fonalosa: checks 
Wabrss: bets $0.11
Andres_fonalosa: folds 
Uncalled bet ($0.11) returned to Wabrss
Wabrss collected $0.11 from pot
Wabrss: doesn't show hand 
*** SUMMARY ***
Total pot $0.11 | Rake $0 
Board [Ts 2d 4c]
Seat 1: good_sword84 (small blind) folded before Flop
Seat 2: esch777 (big blind) folded before Flop
Seat 3: Pajkeeee folded before Flop (didn't bet)
Seat 4: Andres_fonalosa folded on the Flop
Seat 6: PaQeda folded before Flop (didn't bet)
Seat 7: Dorex2007 folded before Flop (didn't bet)
Seat 8: h1konyan1024 folded before Flop (didn't bet)
Seat 9: Wabrss (button) collected ($0.11)



PokerStars Hand #227048213279:  Hold'em No Limit ($0.01/$0.02 USD) - 2021/05/25 0:46:07 PT [2021/05/25 3:46:07 ET]
Table 'Anubis III' 9-max Seat #1 is the button
Seat 1: good_sword84 ($2.61 in chips) 
Seat 2: esch777 ($0.78 in chips) 
Seat 3: Pajkeeee ($3.20 in chips) 
Seat 4: Andres_fonalosa ($0.92 in chips) 
Seat 6: PaQeda ($1.99 in chips) 
Seat 7: Dorex2007 ($3.16 in chips) 
Seat 8: h1konyan1024 ($1.06 in chips) 
Seat 9: Wabrss ($0.68 in chips) 
esch777: posts small blind $0.01
Pajkeeee: posts big blind $0.02
*** HOLE CARDS ***
Dealt to Dorex2007 [Ah Ac]
Andres_fonalosa has timed out
Andres_fonalosa: folds 
PaQeda: raises $0.03 to $0.05
Dorex2007: raises $0.03 to $0.08
h1konyan1024: folds 
Wabrss: folds 
good_sword84: folds 
esch777: folds 
Pajkeeee: folds 
PaQeda: calls $0.03
*** FLOP *** [5d Qc 3s]
PaQeda: checks 
Dorex2007: bets $0.06
PaQeda: folds 
Uncalled bet ($0.06) returned to Dorex2007
Dorex2007 collected $0.18 from pot
Dorex2007: doesn't show hand 
*** SUMMARY ***
Total pot $0.19 | Rake $0.01 
Board [5d Qc 3s]
Seat 1: good_sword84 (button) folded before Flop (didn't bet)
Seat 2: esch777 (small blind) folded before Flop
Seat 3: Pajkeeee (big blind) folded before Flop
Seat 4: Andres_fonalosa folded before Flop (didn't bet)
Seat 6: PaQeda folded on the Flop
Seat 7: Dorex2007 collected ($0.18)
Seat 8: h1konyan1024 folded before Flop (didn't bet)
Seat 9: Wabrss folded before Flop (didn't bet)



PokerStars Hand #227048226925:  Hold'em No Limit ($0.01/$0.02 USD) - 2021/05/25 0:46:57 PT [2021/05/25 3:46:57 ET]
Table 'Anubis III' 9-max Seat #2 is the button
Seat 1: good_sword84 ($2.61 in chips) 
Seat 2: esch777 ($0.77 in chips) 
Seat 3: Pajkeeee ($3.18 in chips) 
Seat 4: Andres_fonalosa ($0.92 in chips) 
Seat 6: PaQeda ($1.91 in chips) 
Seat 7: Dorex2007 ($3.26 in chips) 
Seat 8: h1konyan1024 ($1.06 in chips) 
Pajkeeee: posts small blind $0.01
Andres_fonalosa: posts big blind $0.02
*** HOLE CARDS ***
Dealt to Dorex2007 [Kd 2d]
PaQeda: folds 
Dorex2007: folds 
h1konyan1024: folds 
good_sword84: raises $0.04 to $0.06
esch777: folds 
Pajkeeee: folds 
Andres_fonalosa: calls $0.04
*** FLOP *** [6c 9h 3c]
Andres_fonalosa: bets $0.06
good_sword84: folds 
Uncalled bet ($0.06) returned to Andres_fonalosa
Andres_fonalosa collected $0.13 from pot
Andres_fonalosa: doesn't show hand 
*** SUMMARY ***
Total pot $0.13 | Rake $0 
Board [6c 9h 3c]
Seat 1: good_sword84 folded on the Flop
Seat 2: esch777 (button) folded before Flop (didn't bet)
Seat 3: Pajkeeee (small blind) folded before Flop
Seat 4: Andres_fonalosa (big blind) collected ($0.13)
Seat 6: PaQeda folded before Flop (didn't bet)
Seat 7: Dorex2007 folded before Flop (didn't bet)
Seat 8: h1konyan1024 folded before Flop (didn't bet)



PokerStars Hand #227048233307:  Hold'em No Limit ($0.01/$0.02 USD) - 2021/05/25 0:47:39 PT [2021/05/25 3:47:39 ET]
Table 'Anubis III' 9-max Seat #3 is the button
Seat 1: good_sword84 ($2.55 in chips) 
Seat 2: esch777 ($0.77 in chips) 
Seat 3: Pajkeeee ($3.17 in chips) 
Seat 4: Andres_fonalosa ($0.99 in chips) 
Seat 6: PaQeda ($1.91 in chips) 
Seat 7: Dorex2007 ($3.26 in chips) 
Seat 8: h1konyan1024 ($1.06 in chips) 
Andres_fonalosa: posts small blind $0.01
PaQeda: posts big blind $0.02
*** HOLE CARDS ***
Dealt to Dorex2007 [Td 4s]
Dorex2007: folds 
h1konyan1024: folds 
Wabrss leaves the table
good_sword84: raises $0.04 to $0.06
esch777: folds 
Pajkeeee: folds 
Andres_fonalosa: folds 
PaQeda: folds 
Uncalled bet ($0.04) returned to good_sword84
good_sword84 collected $0.05 from pot
good_sword84: doesn't show hand 
*** SUMMARY ***
Total pot $0.05 | Rake $0 
Seat 1: good_sword84 collected ($0.05)
Seat 2: esch777 folded before Flop (didn't bet)
Seat 3: Pajkeeee (button) folded before Flop (didn't bet)
Seat 4: Andres_fonalosa (small blind) folded before Flop
Seat 6: PaQeda (big blind) folded before Flop
Seat 7: Dorex2007 folded before Flop (didn't bet)
Seat 8: h1konyan1024 folded before Flop (didn't bet)



PokerStars Hand #227048235795:  Hold'em No Limit ($0.01/$0.02 USD) - 2021/05/25 0:47:55 PT [2021/05/25 3:47:55 ET]
Table 'Anubis III' 9-max Seat #4 is the button
Seat 1: good_sword84 ($2.58 in chips) 
Seat 2: esch777 ($0.77 in chips) 
Seat 3: Pajkeeee ($3.17 in chips) 
Seat 4: Andres_fonalosa ($0.98 in chips) 
Seat 6: PaQeda ($1.89 in chips) 
Seat 7: Dorex2007 ($3.26 in chips) 
Seat 8: h1konyan1024 ($1.06 in chips) 
PaQeda: posts small blind $0.01
Dorex2007: posts big blind $0.02
*** HOLE CARDS ***
Dealt to Dorex2007 [2d 7h]
h1konyan1024: folds 
good_sword84: folds 
esch777: folds 
Pajkeeee: folds 
Hans Glück89 joins the table at seat #9 
Andres_fonalosa: raises $0.04 to $0.06
PaQeda: folds 
Dorex2007: folds 
Uncalled bet ($0.04) returned to Andres_fonalosa
Andres_fonalosa collected $0.05 from pot
Andres_fonalosa: doesn't show hand 
*** SUMMARY ***
Total pot $0.05 | Rake $0 
Seat 1: good_sword84 folded before Flop (didn't bet)
Seat 2: esch777 folded before Flop (didn't bet)
Seat 3: Pajkeeee folded before Flop (didn't bet)
Seat 4: Andres_fonalosa (button) collected ($0.05)
Seat 6: PaQeda (small blind) folded before Flop
Seat 7: Dorex2007 (big blind) folded before Flop
Seat 8: h1konyan1024 folded before Flop (didn't bet)



PokerStars Hand #227048238966:  Hold'em No Limit ($0.01/$0.02 USD) - 2021/05/25 0:48:16 PT [2021/05/25 3:48:16 ET]
Table 'Anubis III' 9-max Seat #6 is the button
Seat 1: good_sword84 ($2.58 in chips) 
Seat 2: esch777 ($0.77 in chips) 
Seat 3: Pajkeeee ($3.17 in chips) 
Seat 4: Andres_fonalosa ($1.01 in chips) 
Seat 5: deileon ($1.31 in chips) 
Seat 6: PaQeda ($1.88 in chips) 
Seat 7: Dorex2007 ($3.24 in chips) 
Seat 8: h1konyan1024 ($1.06 in chips) 
Dorex2007: posts small blind $0.01
h1konyan1024: posts big blind $0.02
Hans Glück89: sits out 
deileon: posts small & big blinds $0.03
*** HOLE CARDS ***
Dealt to Dorex2007 [Jd 2c]
good_sword84: folds 
esch777: folds 
Pajkeeee: folds 
Andres_fonalosa has timed out
Andres_fonalosa: folds 
deileon: checks 
PaQeda: raises $0.03 to $0.05
Dorex2007: folds 
h1konyan1024: folds 
deileon: folds 
Uncalled bet ($0.03) returned to PaQeda
PaQeda collected $0.08 from pot
PaQeda: doesn't show hand 
*** SUMMARY ***
Total pot $0.08 | Rake $0 
Seat 1: good_sword84 folded before Flop (didn't bet)
Seat 2: esch777 folded before Flop (didn't bet)
Seat 3: Pajkeeee folded before Flop (didn't bet)
Seat 4: Andres_fonalosa folded before Flop (didn't bet)
Seat 5: deileon folded before Flop (didn't bet)
Seat 6: PaQeda (button) collected ($0.08)
Seat 7: Dorex2007 (small blind) folded before Flop
Seat 8: h1konyan1024 (big blind) folded before Flop



PokerStars Hand #227048244833:  Hold'em No Limit ($0.01/$0.02 USD) - 2021/05/25 0:48:54 PT [2021/05/25 3:48:54 ET]
Table 'Anubis III' 9-max Seat #7 is the button
Seat 1: good_sword84 ($2.58 in chips) 
Seat 2: esch777 ($0.77 in chips) 
Seat 3: Pajkeeee ($3.17 in chips) 
Seat 4: Andres_fonalosa ($1.01 in chips) 
Seat 5: deileon ($1.28 in chips) 
Seat 6: PaQeda ($1.94 in chips) 
Seat 7: Dorex2007 ($3.23 in chips) 
Seat 8: h1konyan1024 ($1.04 in chips) 
Seat 9: Hans Glück89 ($2 in chips) 
h1konyan1024: posts small blind $0.01
Hans Glück89: posts big blind $0.02
*** HOLE CARDS ***
Dealt to Dorex2007 [3h Ad]
good_sword84: folds 
esch777: folds 
Pajkeeee: folds 
Andres_fonalosa: calls $0.02
deileon: raises $0.04 to $0.06
PaQeda: calls $0.06
Dorex2007: folds 
h1konyan1024: folds 
Hans Glück89: calls $0.04
Andres_fonalosa: calls $0.04
*** FLOP *** [5c 2h Qh]
Hans Glück89: checks 
Andres_fonalosa: checks 
deileon: bets $0.12
PaQeda: folds 
Hans Glück89: calls $0.12
Andres_fonalosa: folds 
*** TURN *** [5c 2h Qh] [Ac]
Hans Glück89: checks 
deileon: bets $0.24
Hans Glück89: calls $0.24
*** RIVER *** [5c 2h Qh Ac] [9h]
Hans Glück89: checks 
deileon: checks 
*** SHOW DOWN ***
Hans Glück89: shows [Qc Js] (a pair of Queens)
deileon: mucks hand 
Hans Glück89 collected $0.94 from pot
*** SUMMARY ***
Total pot $0.97 | Rake $0.03 
Board [5c 2h Qh Ac 9h]
Seat 1: good_sword84 folded before Flop (didn't bet)
Seat 2: esch777 folded before Flop (didn't bet)
Seat 3: Pajkeeee folded before Flop (didn't bet)
Seat 4: Andres_fonalosa folded on the Flop
Seat 5: deileon mucked [8d 8h]
Seat 6: PaQeda folded on the Flop
Seat 7: Dorex2007 (button) folded before Flop (didn't bet)
Seat 8: h1konyan1024 (small blind) folded before Flop
Seat 9: Hans Glück89 (big blind) showed [Qc Js] and won ($0.94) with a pair of Queens



PokerStars Hand #227048257326:  Hold'em No Limit ($0.01/$0.02 USD) - 2021/05/25 0:50:15 PT [2021/05/25 3:50:15 ET]
Table 'Anubis III' 9-max Seat #8 is the button
Seat 1: good_sword84 ($2.58 in chips) 
Seat 2: esch777 ($0.77 in chips) 
Seat 3: Pajkeeee ($3.17 in chips) 
Seat 4: Andres_fonalosa ($0.95 in chips) 
Seat 5: deileon ($0.86 in chips) 
Seat 6: PaQeda ($1.88 in chips) 
Seat 7: Dorex2007 ($3.23 in chips) 
Seat 8: h1konyan1024 ($1.03 in chips) 
Seat 9: Hans Glück89 ($2.52 in chips) 
Hans Glück89: posts small blind $0.01
good_sword84: posts big blind $0.02
*** HOLE CARDS ***
Dealt to Dorex2007 [Ad 2s]
esch777: folds 
Pajkeeee: folds 
Andres_fonalosa: raises $0.04 to $0.06
deileon: folds 
PaQeda: folds 
Dorex2007: folds 
h1konyan1024: folds 
Hans Glück89: folds 
good_sword84: folds 
Uncalled bet ($0.04) returned to Andres_fonalosa
Andres_fonalosa collected $0.05 from pot
Andres_fonalosa: doesn't show hand 
*** SUMMARY ***
Total pot $0.05 | Rake $0 
Seat 1: good_sword84 (big blind) folded before Flop
Seat 2: esch777 folded before Flop (didn't bet)
Seat 3: Pajkeeee folded before Flop (didn't bet)
Seat 4: Andres_fonalosa collected ($0.05)
Seat 5: deileon folded before Flop (didn't bet)
Seat 6: PaQeda folded before Flop (didn't bet)
Seat 7: Dorex2007 folded before Flop (didn't bet)
Seat 8: h1konyan1024 (button) folded before Flop (didn't bet)
Seat 9: Hans Glück89 (small blind) folded before Flop



PokerStars Hand #227048259156:  Hold'em No Limit ($0.01/$0.02 USD) - 2021/05/25 0:50:26 PT [2021/05/25 3:50:26 ET]
Table 'Anubis III' 9-max Seat #9 is the button
Seat 1: good_sword84 ($2.56 in chips) 
Seat 2: esch777 ($0.77 in chips) 
Seat 3: Pajkeeee ($3.17 in chips) 
Seat 4: Andres_fonalosa ($0.98 in chips) 
Seat 5: deileon ($0.86 in chips) 
Seat 6: PaQeda ($1.88 in chips) 
Seat 7: Dorex2007 ($3.23 in chips) 
Seat 8: h1konyan1024 ($1.03 in chips) 
Seat 9: Hans Glück89 ($2.51 in chips) 
good_sword84: posts small blind $0.01
esch777: posts big blind $0.02
*** HOLE CARDS ***
Dealt to Dorex2007 [4s Kc]
Pajkeeee has timed out
Pajkeeee: folds 
Andres_fonalosa: folds 
deileon: raises $0.04 to $0.06
PaQeda: calls $0.06
Dorex2007: folds 
h1konyan1024: folds 
Hans Glück89: folds 
good_sword84: folds 
esch777: folds 
*** FLOP *** [3d 7c Kh]
deileon: bets $0.07
PaQeda: calls $0.07
*** TURN *** [3d 7c Kh] [7h]
deileon: bets $0.14
PaQeda: folds 
Uncalled bet ($0.14) returned to deileon
deileon collected $0.28 from pot
deileon: doesn't show hand 
*** SUMMARY ***
Total pot $0.29 | Rake $0.01 
Board [3d 7c Kh 7h]
Seat 1: good_sword84 (small blind) folded before Flop
Seat 2: esch777 (big blind) folded before Flop
Seat 3: Pajkeeee folded before Flop (didn't bet)
Seat 4: Andres_fonalosa folded before Flop (didn't bet)
Seat 5: deileon collected ($0.28)
Seat 6: PaQeda folded on the Turn
Seat 7: Dorex2007 folded before Flop (didn't bet)
Seat 8: h1konyan1024 folded before Flop (didn't bet)
Seat 9: Hans Glück89 (button) folded before Flop (didn't bet)



PokerStars Hand #227048268508:  Hold'em No Limit ($0.01/$0.02 USD) - 2021/05/25 0:51:25 PT [2021/05/25 3:51:25 ET]
Table 'Anubis III' 9-max Seat #1 is the button
Seat 1: good_sword84 ($2.55 in chips) 
Seat 2: esch777 ($0.75 in chips) 
Seat 3: Pajkeeee ($3.17 in chips) 
Seat 4: Andres_fonalosa ($0.98 in chips) 
Seat 5: deileon ($1.01 in chips) 
Seat 6: PaQeda ($1.75 in chips) 
Seat 7: Dorex2007 ($3.23 in chips) 
Seat 8: h1konyan1024 ($1.03 in chips) 
Seat 9: Hans Glück89 ($2.51 in chips) 
esch777: posts small blind $0.01
Pajkeeee: posts big blind $0.02
*** HOLE CARDS ***
Dealt to Dorex2007 [Kc 4h]
Andres_fonalosa: raises $0.04 to $0.06
deileon: folds 
PaQeda: folds 
Dorex2007: folds 
h1konyan1024: calls $0.06
Hans Glück89: folds 
good_sword84: folds 
esch777: folds 
Pajkeeee: calls $0.04
*** FLOP *** [Kh 2h Jd]
Pajkeeee: checks 
Andres_fonalosa: checks 
h1konyan1024: checks 
*** TURN *** [Kh 2h Jd] [4s]
Pajkeeee: bets $0.08
Andres_fonalosa: folds 
h1konyan1024: folds 
Uncalled bet ($0.08) returned to Pajkeeee
Pajkeeee collected $0.18 from pot
Pajkeeee: doesn't show hand 
*** SUMMARY ***
Total pot $0.19 | Rake $0.01 
Board [Kh 2h Jd 4s]
Seat 1: good_sword84 (button) folded before Flop (didn't bet)
Seat 2: esch777 (small blind) folded before Flop
Seat 3: Pajkeeee (big blind) collected ($0.18)
Seat 4: Andres_fonalosa folded on the Turn
Seat 5: deileon folded before Flop (didn't bet)
Seat 6: PaQeda folded before Flop (didn't bet)
Seat 7: Dorex2007 folded before Flop (didn't bet)
Seat 8: h1konyan1024 folded on the Turn
Seat 9: Hans Glück89 folded before Flop (didn't bet)



PokerStars Hand #227048275169:  Hold'em No Limit ($0.01/$0.02 USD) - 2021/05/25 0:52:07 PT [2021/05/25 3:52:07 ET]
Table 'Anubis III' 9-max Seat #2 is the button
Seat 1: good_sword84 ($2.55 in chips) 
Seat 2: esch777 ($0.74 in chips) 
Seat 3: Pajkeeee ($3.29 in chips) 
Seat 4: Andres_fonalosa ($0.92 in chips) 
Seat 5: deileon ($1.01 in chips) 
Seat 6: PaQeda ($1.75 in chips) 
Seat 7: Dorex2007 ($3.23 in chips) 
Seat 8: h1konyan1024 ($0.97 in chips) 
Seat 9: Hans Glück89 ($2.51 in chips) 
Pajkeeee: posts small blind $0.01
Andres_fonalosa: posts big blind $0.02
*** HOLE CARDS ***
Dealt to Dorex2007 [8h 4c]
deileon: folds 
PaQeda: folds 
Dorex2007: folds 
h1konyan1024: folds 
Hans Glück89: folds 
good_sword84: folds 
esch777: raises $0.02 to $0.04
Pajkeeee: calls $0.03
Andres_fonalosa: raises $0.02 to $0.06
esch777: calls $0.02
Pajkeeee: calls $0.02
*** FLOP *** [4d 6h 5s]
Pajkeeee: checks 
Andres_fonalosa: bets $0.12
esch777: folds 
Pajkeeee: raises $0.28 to $0.40
Andres_fonalosa: folds 
Uncalled bet ($0.28) returned to Pajkeeee
Pajkeeee collected $0.41 from pot
Pajkeeee: doesn't show hand 
*** SUMMARY ***
Total pot $0.42 | Rake $0.01 
Board [4d 6h 5s]
Seat 1: good_sword84 folded before Flop (didn't bet)
Seat 2: esch777 (button) folded on the Flop
Seat 3: Pajkeeee (small blind) collected ($0.41)
Seat 4: Andres_fonalosa (big blind) folded on the Flop
Seat 5: deileon folded before Flop (didn't bet)
Seat 6: PaQeda folded before Flop (didn't bet)
Seat 7: Dorex2007 folded before Flop (didn't bet)
Seat 8: h1konyan1024 folded before Flop (didn't bet)
Seat 9: Hans Glück89 folded before Flop (didn't bet)



PokerStars Hand #227048285396:  Hold'em No Limit ($0.01/$0.02 USD) - 2021/05/25 0:53:11 PT [2021/05/25 3:53:11 ET]
Table 'Anubis III' 9-max Seat #3 is the button
Seat 1: good_sword84 ($2.55 in chips) 
Seat 2: esch777 ($0.68 in chips) 
Seat 3: Pajkeeee ($3.52 in chips) 
Seat 4: Andres_fonalosa ($0.74 in chips) 
Seat 5: deileon ($1.01 in chips) 
Seat 6: PaQeda ($1.75 in chips) 
Seat 7: Dorex2007 ($3.23 in chips) 
Seat 8: h1konyan1024 ($0.97 in chips) 
Seat 9: Hans Glück89 ($2.51 in chips) 
Andres_fonalosa: posts small blind $0.01
deileon: posts big blind $0.02
*** HOLE CARDS ***
Dealt to Dorex2007 [8s 4h]
PaQeda: folds 
Dorex2007: folds 
h1konyan1024: folds 
Hans Glück89: folds 
good_sword84: folds 
esch777: folds 
Pajkeeee: folds 
Andres_fonalosa: raises $0.04 to $0.06
deileon: folds 
Uncalled bet ($0.04) returned to Andres_fonalosa
Andres_fonalosa collected $0.04 from pot
Andres_fonalosa: doesn't show hand 
*** SUMMARY ***
Total pot $0.04 | Rake $0 
Seat 1: good_sword84 folded before Flop (didn't bet)
Seat 2: esch777 folded before Flop (didn't bet)
Seat 3: Pajkeeee (button) folded before Flop (didn't bet)
Seat 4: Andres_fonalosa (small blind) collected ($0.04)
Seat 5: deileon (big blind) folded before Flop
Seat 6: PaQeda folded before Flop (didn't bet)
Seat 7: Dorex2007 folded before Flop (didn't bet)
Seat 8: h1konyan1024 folded before Flop (didn't bet)
Seat 9: Hans Glück89 folded before Flop (didn't bet)



PokerStars Hand #227048291738:  Hold'em No Limit ($0.01/$0.02 USD) - 2021/05/25 0:53:51 PT [2021/05/25 3:53:51 ET]
Table 'Anubis III' 9-max Seat #4 is the button
Seat 1: good_sword84 ($2.55 in chips) 
Seat 2: esch777 ($0.68 in chips) 
Seat 3: Pajkeeee ($3.52 in chips) 
Seat 4: Andres_fonalosa ($0.76 in chips) 
Seat 5: deileon ($0.99 in chips) 
Seat 6: PaQeda ($1.75 in chips) 
Seat 7: Dorex2007 ($3.23 in chips) 
Seat 8: h1konyan1024 ($0.97 in chips) 
Seat 9: Hans Glück89 ($2.51 in chips) 
deileon: posts small blind $0.01
PaQeda: posts big blind $0.02
*** HOLE CARDS ***
Dealt to Dorex2007 [Jh Ad]
Dorex2007: folds 
h1konyan1024: folds 
Hans Glück89: folds 
good_sword84: folds 
esch777: folds 
Pajkeeee: raises $0.04 to $0.06
Andres_fonalosa: folds 
deileon: calls $0.05
PaQeda: folds 
*** FLOP *** [9d As 5s]
deileon: checks 
Pajkeeee: bets $0.08
deileon: calls $0.08
*** TURN *** [9d As 5s] [Js]
deileon: checks 
Pajkeeee: checks 
*** RIVER *** [9d As 5s Js] [Td]
deileon: checks 
Pajkeeee: checks 
*** SHOW DOWN ***
deileon: shows [7h 8h] (a straight, Seven to Jack)
Pajkeeee: mucks hand 
deileon collected $0.29 from pot
*** SUMMARY ***
Total pot $0.30 | Rake $0.01 
Board [9d As 5s Js Td]
Seat 1: good_sword84 folded before Flop (didn't bet)
Seat 2: esch777 folded before Flop (didn't bet)
Seat 3: Pajkeeee mucked [Th Kh]
Seat 4: Andres_fonalosa (button) folded before Flop (didn't bet)
Seat 5: deileon (small blind) showed [7h 8h] and won ($0.29) with a straight, Seven to Jack
Seat 6: PaQeda (big blind) folded before Flop
Seat 7: Dorex2007 folded before Flop (didn't bet)
Seat 8: h1konyan1024 folded before Flop (didn't bet)
Seat 9: Hans Glück89 folded before Flop (didn't bet)



