PokerStars Hand #237716473623:  Hold'em No Limit ($0.01/$0.02 USD) - 2022/07/31 21:00:07 PT [2022/08/01 0:00:07 ET]
Table 'Golia' 9-max Seat #3 is the button
Seat 1: pedromaciels ($1.47 in chips) 
Seat 2: gerwentz ($0.95 in chips) 
Seat 3: Ginnungagap7 ($1.99 in chips) 
Seat 4: LoAn25 ($1.90 in chips) 
Seat 5: santibaron ($1.72 in chips) 
Seat 6: CestLavie95 ($6.44 in chips) 
Seat 7: TheBigShort7 ($1.34 in chips) 
Seat 8: cesarmarin78 ($1.91 in chips) 
Seat 9: Dorex2007 ($2 in chips) 
LoAn25: posts small blind $0.01
santibaron: posts big blind $0.02
cesarmarin78: posts small & big blinds $0.03
*** HOLE CARDS ***
Dealt to Dorex2007 [Ts Td]
CestLavie95: raises $0.04 to $0.06
TheBigShort7: folds 
cesarmarin78: folds 
Dorex2007: raises $0.06 to $0.12
pedromaciels: folds 
gerwentz: folds 
Ginnungagap7: folds 
LoAn25: folds 
santibaron: folds 
CestLavie95: calls $0.06
*** FLOP *** [Kc 4c Qs]
CestLavie95: checks 
Dorex2007: bets $0.14
CestLavie95: folds 
Uncalled bet ($0.14) returned to Dorex2007
Dorex2007 collected $0.29 from pot
Dorex2007: doesn't show hand 
*** SUMMARY ***
Total pot $0.30 | Rake $0.01 
Board [Kc 4c Qs]
Seat 1: pedromaciels folded before Flop (didn't bet)
Seat 2: gerwentz folded before Flop (didn't bet)
Seat 3: Ginnungagap7 (button) folded before Flop (didn't bet)
Seat 4: LoAn25 (small blind) folded before Flop
Seat 5: santibaron (big blind) folded before Flop
Seat 6: CestLavie95 folded on the Flop
Seat 7: TheBigShort7 folded before Flop (didn't bet)
Seat 8: cesarmarin78 folded before Flop (didn't bet)
Seat 9: Dorex2007 collected ($0.29)



PokerStars Hand #237716477618:  Hold'em No Limit ($0.01/$0.02 USD) - 2022/07/31 21:00:45 PT [2022/08/01 0:00:45 ET]
Table 'Golia' 9-max Seat #4 is the button
Seat 1: pedromaciels ($1.47 in chips) 
Seat 2: gerwentz ($0.95 in chips) 
Seat 3: Ginnungagap7 ($1.99 in chips) 
Seat 4: LoAn25 ($1.89 in chips) 
Seat 5: santibaron ($1.70 in chips) 
Seat 6: CestLavie95 ($6.32 in chips) 
Seat 7: TheBigShort7 ($1.34 in chips) 
Seat 8: cesarmarin78 ($1.88 in chips) 
Seat 9: Dorex2007 ($2.17 in chips) 
santibaron: posts small blind $0.01
CestLavie95: posts big blind $0.02
*** HOLE CARDS ***
Dealt to Dorex2007 [Qc 7d]
TheBigShort7: folds 
cesarmarin78: folds 
Dorex2007: folds 
pedromaciels: raises $0.04 to $0.06
gerwentz: calls $0.06
Ginnungagap7: folds 
LoAn25: folds 
santibaron: folds 
CestLavie95: folds 
*** FLOP *** [5s 8s 3c]
pedromaciels: bets $0.08
gerwentz: calls $0.08
*** TURN *** [5s 8s 3c] [8c]
pedromaciels: bets $0.15
gerwentz: calls $0.15
*** RIVER *** [5s 8s 3c 8c] [As]
pedromaciels: bets $0.29
gerwentz: raises $0.29 to $0.58
pedromaciels: calls $0.29
*** SHOW DOWN ***
gerwentz: shows [Ks 3s] (a flush, Ace high)
pedromaciels: mucks hand 
gerwentz collected $1.71 from pot
*** SUMMARY ***
Total pot $1.77 | Rake $0.06 
Board [5s 8s 3c 8c As]
Seat 1: pedromaciels mucked [Ac Kh]
Seat 2: gerwentz showed [Ks 3s] and won ($1.71) with a flush, Ace high
Seat 3: Ginnungagap7 folded before Flop (didn't bet)
Seat 4: LoAn25 (button) folded before Flop (didn't bet)
Seat 5: santibaron (small blind) folded before Flop
Seat 6: CestLavie95 (big blind) folded before Flop
Seat 7: TheBigShort7 folded before Flop (didn't bet)
Seat 8: cesarmarin78 folded before Flop (didn't bet)
Seat 9: Dorex2007 folded before Flop (didn't bet)



PokerStars Hand #237716483739:  Hold'em No Limit ($0.01/$0.02 USD) - 2022/07/31 21:01:38 PT [2022/08/01 0:01:38 ET]
Table 'Golia' 9-max Seat #5 is the button
Seat 1: pedromaciels ($0.60 in chips) 
Seat 2: gerwentz ($1.79 in chips) 
Seat 3: Ginnungagap7 ($1.99 in chips) 
Seat 4: LoAn25 ($1.89 in chips) 
Seat 5: santibaron ($1.69 in chips) 
Seat 6: CestLavie95 ($6.30 in chips) 
Seat 7: TheBigShort7 ($1.34 in chips) 
Seat 8: cesarmarin78 ($1.88 in chips) 
Seat 9: Dorex2007 ($2.17 in chips) 
CestLavie95: posts small blind $0.01
TheBigShort7: posts big blind $0.02
*** HOLE CARDS ***
Dealt to Dorex2007 [Kd Js]
cesarmarin78: calls $0.02
Dorex2007: calls $0.02
pedromaciels: calls $0.02
gerwentz: calls $0.02
Ginnungagap7: folds 
LoAn25: folds 
santibaron: folds 
CestLavie95: folds 
TheBigShort7: checks 
*** FLOP *** [4h 9c Jd]
TheBigShort7: checks 
cesarmarin78: checks 
Dorex2007: bets $0.07
pedromaciels: calls $0.07
gerwentz: folds 
TheBigShort7: folds 
cesarmarin78: calls $0.07
*** TURN *** [4h 9c Jd] [2s]
cesarmarin78: checks 
Dorex2007: bets $0.31
pedromaciels: folds 
cesarmarin78: folds 
Uncalled bet ($0.31) returned to Dorex2007
Dorex2007 collected $0.31 from pot
Dorex2007: doesn't show hand 
*** SUMMARY ***
Total pot $0.32 | Rake $0.01 
Board [4h 9c Jd 2s]
Seat 1: pedromaciels folded on the Turn
Seat 2: gerwentz folded on the Flop
Seat 3: Ginnungagap7 folded before Flop (didn't bet)
Seat 4: LoAn25 folded before Flop (didn't bet)
Seat 5: santibaron (button) folded before Flop (didn't bet)
Seat 6: CestLavie95 (small blind) folded before Flop
Seat 7: TheBigShort7 (big blind) folded on the Flop
Seat 8: cesarmarin78 folded on the Turn
Seat 9: Dorex2007 collected ($0.31)



PokerStars Hand #237716493952:  Hold'em No Limit ($0.01/$0.02 USD) - 2022/07/31 21:03:06 PT [2022/08/01 0:03:06 ET]
Table 'Golia' 9-max Seat #6 is the button
Seat 1: pedromaciels ($0.51 in chips) 
Seat 2: gerwentz ($1.77 in chips) 
Seat 3: Ginnungagap7 ($1.99 in chips) 
Seat 5: santibaron ($1.69 in chips) 
Seat 6: CestLavie95 ($6.29 in chips) 
Seat 7: TheBigShort7 ($1.32 in chips) 
Seat 8: cesarmarin78 ($1.79 in chips) 
Seat 9: Dorex2007 ($2.39 in chips) 
TheBigShort7: posts small blind $0.01
cesarmarin78: posts big blind $0.02
*** HOLE CARDS ***
Dealt to Dorex2007 [6d 8c]
Dorex2007: folds 
pedromaciels: folds 
gerwentz: folds 
Ginnungagap7: raises $0.04 to $0.06
santibaron: folds 
CestLavie95: folds 
TheBigShort7: folds 
cesarmarin78: calls $0.04
*** FLOP *** [7c 4h Qh]
cesarmarin78: bets $0.13
Ginnungagap7: folds 
Uncalled bet ($0.13) returned to cesarmarin78
cesarmarin78 collected $0.13 from pot
cesarmarin78: doesn't show hand 
*** SUMMARY ***
Total pot $0.13 | Rake $0 
Board [7c 4h Qh]
Seat 1: pedromaciels folded before Flop (didn't bet)
Seat 2: gerwentz folded before Flop (didn't bet)
Seat 3: Ginnungagap7 folded on the Flop
Seat 5: santibaron folded before Flop (didn't bet)
Seat 6: CestLavie95 (button) folded before Flop (didn't bet)
Seat 7: TheBigShort7 (small blind) folded before Flop
Seat 8: cesarmarin78 (big blind) collected ($0.13)
Seat 9: Dorex2007 folded before Flop (didn't bet)



PokerStars Hand #237716497552:  Hold'em No Limit ($0.01/$0.02 USD) - 2022/07/31 21:03:36 PT [2022/08/01 0:03:36 ET]
Table 'Golia' 9-max Seat #7 is the button
Seat 1: pedromaciels ($0.51 in chips) 
Seat 2: gerwentz ($1.77 in chips) 
Seat 3: Ginnungagap7 ($1.93 in chips) 
Seat 5: santibaron ($1.69 in chips) 
Seat 6: CestLavie95 ($6.29 in chips) 
Seat 7: TheBigShort7 ($1.31 in chips) 
Seat 8: cesarmarin78 ($1.86 in chips) 
Seat 9: Dorex2007 ($2.39 in chips) 
cesarmarin78: posts small blind $0.01
Dorex2007: posts big blind $0.02
*** HOLE CARDS ***
Dealt to Dorex2007 [Tc Qd]
pedromaciels: calls $0.02
gerwentz: calls $0.02
Ginnungagap7: folds 
santibaron: folds 
CestLavie95: folds 
TheBigShort7: folds 
cesarmarin78: calls $0.01
Dorex2007: checks 
*** FLOP *** [Jc Ks 3c]
cesarmarin78: checks 
Dorex2007: checks 
pedromaciels: checks 
gerwentz: checks 
*** TURN *** [Jc Ks 3c] [2h]
cesarmarin78: checks 
Dorex2007: checks 
pedromaciels: bets $0.08
gerwentz: folds 
cesarmarin78: calls $0.08
Dorex2007: folds 
*** RIVER *** [Jc Ks 3c 2h] [9s]
cesarmarin78: bets $1.76 and is all-in
pedromaciels: folds 
Uncalled bet ($1.76) returned to cesarmarin78
cesarmarin78 collected $0.23 from pot
cesarmarin78: doesn't show hand 
*** SUMMARY ***
Total pot $0.24 | Rake $0.01 
Board [Jc Ks 3c 2h 9s]
Seat 1: pedromaciels folded on the River
Seat 2: gerwentz folded on the Turn
Seat 3: Ginnungagap7 folded before Flop (didn't bet)
Seat 5: santibaron folded before Flop (didn't bet)
Seat 6: CestLavie95 folded before Flop (didn't bet)
Seat 7: TheBigShort7 (button) folded before Flop (didn't bet)
Seat 8: cesarmarin78 (small blind) collected ($0.23)
Seat 9: Dorex2007 (big blind) folded on the Turn



PokerStars Hand #237716505316:  Hold'em No Limit ($0.01/$0.02 USD) - 2022/07/31 21:04:43 PT [2022/08/01 0:04:43 ET]
Table 'Golia' 9-max Seat #8 is the button
Seat 1: pedromaciels ($0.41 in chips) 
Seat 2: gerwentz ($1.75 in chips) 
Seat 3: Ginnungagap7 ($1.93 in chips) 
Seat 4: LoAn25 ($1.89 in chips) 
Seat 5: santibaron ($1.69 in chips) 
Seat 6: CestLavie95 ($6.29 in chips) 
Seat 7: TheBigShort7 ($1.31 in chips) 
Seat 8: cesarmarin78 ($1.99 in chips) 
Seat 9: Dorex2007 ($2.37 in chips) 
Dorex2007: posts small blind $0.01
pedromaciels: posts big blind $0.02
*** HOLE CARDS ***
Dealt to Dorex2007 [6d 9c]
gerwentz: calls $0.02
Ginnungagap7: folds 
LoAn25: folds 
santibaron: folds 
CestLavie95: folds 
TheBigShort7: folds 
cesarmarin78: calls $0.02
Dorex2007: folds 
pedromaciels: checks 
*** FLOP *** [7h 5s Kc]
pedromaciels: checks 
gerwentz: bets $0.02
cesarmarin78: calls $0.02
pedromaciels: folds 
*** TURN *** [7h 5s Kc] [7s]
gerwentz: checks 
cesarmarin78: bets $0.11
gerwentz: folds 
Uncalled bet ($0.11) returned to cesarmarin78
cesarmarin78 collected $0.11 from pot
cesarmarin78: doesn't show hand 
*** SUMMARY ***
Total pot $0.11 | Rake $0 
Board [7h 5s Kc 7s]
Seat 1: pedromaciels (big blind) folded on the Flop
Seat 2: gerwentz folded on the Turn
Seat 3: Ginnungagap7 folded before Flop (didn't bet)
Seat 4: LoAn25 folded before Flop (didn't bet)
Seat 5: santibaron folded before Flop (didn't bet)
Seat 6: CestLavie95 folded before Flop (didn't bet)
Seat 7: TheBigShort7 folded before Flop (didn't bet)
Seat 8: cesarmarin78 (button) collected ($0.11)
Seat 9: Dorex2007 (small blind) folded before Flop



PokerStars Hand #237716513125:  Hold'em No Limit ($0.01/$0.02 USD) - 2022/07/31 21:05:50 PT [2022/08/01 0:05:50 ET]
Table 'Golia' 9-max Seat #9 is the button
Seat 1: pedromaciels ($0.39 in chips) 
Seat 2: gerwentz ($1.71 in chips) 
Seat 3: Ginnungagap7 ($1.93 in chips) 
Seat 4: LoAn25 ($1.89 in chips) 
Seat 5: santibaron ($1.69 in chips) 
Seat 6: CestLavie95 ($6.29 in chips) 
Seat 7: TheBigShort7 ($1.31 in chips) 
Seat 8: cesarmarin78 ($2.06 in chips) 
Seat 9: Dorex2007 ($2.36 in chips) 
pedromaciels: posts small blind $0.01
gerwentz: posts big blind $0.02
*** HOLE CARDS ***
Dealt to Dorex2007 [Jh Qc]
Ginnungagap7: folds 
LoAn25: folds 
santibaron: folds 
CestLavie95: folds 
TheBigShort7: folds 
cesarmarin78: calls $0.02
Dorex2007: calls $0.02
pedromaciels: calls $0.01
gerwentz: folds 
*** FLOP *** [5s 6d 4c]
gerwentz leaves the table
pedromaciels: checks 
cesarmarin78: checks 
Dorex2007: checks 
*** TURN *** [5s 6d 4c] [As]
pedromaciels: checks 
cesarmarin78: checks 
Dorex2007: checks 
*** RIVER *** [5s 6d 4c As] [7h]
pedromaciels: checks 
cesarmarin78: bets $0.08
Dorex2007: folds 
pedromaciels: folds 
Uncalled bet ($0.08) returned to cesarmarin78
cesarmarin78 collected $0.08 from pot
cesarmarin78: doesn't show hand 
*** SUMMARY ***
Total pot $0.08 | Rake $0 
Board [5s 6d 4c As 7h]
Seat 1: pedromaciels (small blind) folded on the River
Seat 2: gerwentz (big blind) folded before Flop
Seat 3: Ginnungagap7 folded before Flop (didn't bet)
Seat 4: LoAn25 folded before Flop (didn't bet)
Seat 5: santibaron folded before Flop (didn't bet)
Seat 6: CestLavie95 folded before Flop (didn't bet)
Seat 7: TheBigShort7 folded before Flop (didn't bet)
Seat 8: cesarmarin78 collected ($0.08)
Seat 9: Dorex2007 (button) folded on the River



PokerStars Hand #237716518935:  Hold'em No Limit ($0.01/$0.02 USD) - 2022/07/31 21:06:41 PT [2022/08/01 0:06:41 ET]
Table 'Golia' 9-max Seat #1 is the button
Seat 1: pedromaciels ($0.37 in chips) 
Seat 3: Ginnungagap7 ($1.93 in chips) 
Seat 4: LoAn25 ($1.89 in chips) 
Seat 5: santibaron ($1.69 in chips) 
Seat 6: CestLavie95 ($6.29 in chips) 
Seat 7: TheBigShort7 ($1.31 in chips) 
Seat 8: cesarmarin78 ($2.12 in chips) 
Seat 9: Dorex2007 ($2.34 in chips) 
Ginnungagap7: posts small blind $0.01
LoAn25: posts big blind $0.02
*** HOLE CARDS ***
Dealt to Dorex2007 [9h Ks]
santibaron: folds 
CestLavie95: folds 
TheBigShort7: folds 
cesarmarin78: folds 
Dorex2007: folds 
pedromaciels: folds 
Ginnungagap7: raises $0.04 to $0.06
LoAn25: calls $0.04
*** FLOP *** [9d 3c 5c]
Ginnungagap7: bets $0.09
LoAn25: calls $0.09
*** TURN *** [9d 3c 5c] [9s]
Ginnungagap7: checks 
LoAn25: bets $0.16
Ginnungagap7: folds 
Uncalled bet ($0.16) returned to LoAn25
LoAn25 collected $0.29 from pot
*** SUMMARY ***
Total pot $0.30 | Rake $0.01 
Board [9d 3c 5c 9s]
Seat 1: pedromaciels (button) folded before Flop (didn't bet)
Seat 3: Ginnungagap7 (small blind) folded on the Turn
Seat 4: LoAn25 (big blind) collected ($0.29)
Seat 5: santibaron folded before Flop (didn't bet)
Seat 6: CestLavie95 folded before Flop (didn't bet)
Seat 7: TheBigShort7 folded before Flop (didn't bet)
Seat 8: cesarmarin78 folded before Flop (didn't bet)
Seat 9: Dorex2007 folded before Flop (didn't bet)



PokerStars Hand #237716523598:  Hold'em No Limit ($0.01/$0.02 USD) - 2022/07/31 21:07:20 PT [2022/08/01 0:07:20 ET]
Table 'Golia' 9-max Seat #3 is the button
Seat 1: pedromaciels ($0.37 in chips) 
Seat 3: Ginnungagap7 ($1.78 in chips) 
Seat 4: LoAn25 ($2.03 in chips) 
Seat 5: santibaron ($1.69 in chips) 
Seat 6: CestLavie95 ($6.29 in chips) 
Seat 7: TheBigShort7 ($1.31 in chips) 
Seat 8: cesarmarin78 ($2.12 in chips) 
Seat 9: Dorex2007 ($2.34 in chips) 
LoAn25: posts small blind $0.01
santibaron: posts big blind $0.02
*** HOLE CARDS ***
Dealt to Dorex2007 [2c 8d]
CestLavie95: folds 
TheBigShort7: folds 
cesarmarin78: calls $0.02
Dorex2007: folds 
pedromaciels: raises $0.35 to $0.37 and is all-in
Ginnungagap7: folds 
LoAn25: folds 
santibaron: folds 
cesarmarin78: calls $0.35
*** FLOP *** [Td 3s 4s]
*** TURN *** [Td 3s 4s] [Kd]
*** RIVER *** [Td 3s 4s Kd] [9h]
*** SHOW DOWN ***
cesarmarin78: shows [Qs 9s] (a pair of Nines)
pedromaciels: shows [Ad Jd] (high card Ace)
cesarmarin78 collected $0.74 from pot
*** SUMMARY ***
Total pot $0.77 | Rake $0.03 
Board [Td 3s 4s Kd 9h]
Seat 1: pedromaciels showed [Ad Jd] and lost with high card Ace
Seat 3: Ginnungagap7 (button) folded before Flop (didn't bet)
Seat 4: LoAn25 (small blind) folded before Flop
Seat 5: santibaron (big blind) folded before Flop
Seat 6: CestLavie95 folded before Flop (didn't bet)
Seat 7: TheBigShort7 folded before Flop (didn't bet)
Seat 8: cesarmarin78 showed [Qs 9s] and won ($0.74) with a pair of Nines
Seat 9: Dorex2007 folded before Flop (didn't bet)



