PokerStars Hand #227283922284:  Hold'em No Limit ($0.01/$0.02 USD) - 2021/06/02 19:49:17 PT [2021/06/02 22:49:17 ET]
Table 'Saskia III' 9-max Seat #1 is the button
Seat 1: waaaaaaaa ($2.65 in chips) 
Seat 2: Roubyz ($2 in chips) 
Seat 3: Dorex2007 ($2 in chips) 
Seat 4: sansisbai ($1.78 in chips) 
Seat 5: Realtor59 ($1.81 in chips) 
Seat 6: cesaraya811 ($0.95 in chips) 
Seat 7: Aflil1966 ($1.90 in chips) 
Seat 9: TimezAreHard ($2.49 in chips) 
Roubyz: posts small blind $0.01
Dorex2007: posts big blind $0.02
*** HOLE CARDS ***
Dealt to Dorex2007 [Ks 5c]
sansisbai: folds 
Realtor59: folds 
cesaraya811: folds 
Aflil1966: folds 
TimezAreHard: raises $0.04 to $0.06
waaaaaaaa: folds 
Roubyz: folds 
Dorex2007: folds 
Uncalled bet ($0.04) returned to TimezAreHard
TimezAreHard collected $0.05 from pot
TimezAreHard: doesn't show hand 
*** SUMMARY ***
Total pot $0.05 | Rake $0 
Seat 1: waaaaaaaa (button) folded before Flop (didn't bet)
Seat 2: Roubyz (small blind) folded before Flop
Seat 3: Dorex2007 (big blind) folded before Flop
Seat 4: sansisbai folded before Flop (didn't bet)
Seat 5: Realtor59 folded before Flop (didn't bet)
Seat 6: cesaraya811 folded before Flop (didn't bet)
Seat 7: Aflil1966 folded before Flop (didn't bet)
Seat 9: TimezAreHard collected ($0.05)



PokerStars Hand #227283926428:  Hold'em No Limit ($0.01/$0.02 USD) - 2021/06/02 19:49:37 PT [2021/06/02 22:49:37 ET]
Table 'Saskia III' 9-max Seat #2 is the button
Seat 1: waaaaaaaa ($2.65 in chips) 
Seat 2: Roubyz ($2 in chips) 
Seat 3: Dorex2007 ($1.98 in chips) 
Seat 4: sansisbai ($1.78 in chips) 
Seat 5: Realtor59 ($1.81 in chips) 
Seat 6: cesaraya811 ($0.95 in chips) 
Seat 7: Aflil1966 ($1.90 in chips) 
Seat 9: TimezAreHard ($2.52 in chips) 
Dorex2007: posts small blind $0.01
sansisbai: posts big blind $0.02
*** HOLE CARDS ***
Dealt to Dorex2007 [Td 3s]
Realtor59: folds 
cesaraya811: raises $0.04 to $0.06
Aflil1966: folds 
TimezAreHard: folds 
TimezAreHard leaves the table
waaaaaaaa: folds 
Roubyz: folds 
Dorex2007: folds 
sansisbai: folds 
Uncalled bet ($0.04) returned to cesaraya811
cesaraya811 collected $0.05 from pot
*** SUMMARY ***
Total pot $0.05 | Rake $0 
Seat 1: waaaaaaaa folded before Flop (didn't bet)
Seat 2: Roubyz (button) folded before Flop (didn't bet)
Seat 3: Dorex2007 (small blind) folded before Flop
Seat 4: sansisbai (big blind) folded before Flop
Seat 5: Realtor59 folded before Flop (didn't bet)
Seat 6: cesaraya811 collected ($0.05)
Seat 7: Aflil1966 folded before Flop (didn't bet)
Seat 9: TimezAreHard folded before Flop (didn't bet)



PokerStars Hand #227283929680:  Hold'em No Limit ($0.01/$0.02 USD) - 2021/06/02 19:49:52 PT [2021/06/02 22:49:52 ET]
Table 'Saskia III' 9-max Seat #3 is the button
Seat 1: waaaaaaaa ($2.65 in chips) 
Seat 2: Roubyz ($2 in chips) 
Seat 3: Dorex2007 ($1.97 in chips) 
Seat 4: sansisbai ($1.76 in chips) 
Seat 5: Realtor59 ($1.81 in chips) 
Seat 6: cesaraya811 ($0.98 in chips) 
Seat 7: Aflil1966 ($1.90 in chips) 
sansisbai: posts small blind $0.01
Realtor59: posts big blind $0.02
*** HOLE CARDS ***
Dealt to Dorex2007 [Td 7d]
cesaraya811: folds 
Aflil1966: folds 
waaaaaaaa: folds 
Roubyz: folds 
Dorex2007: raises $0.04 to $0.06
sansisbai: folds 
Realtor59: folds 
Uncalled bet ($0.04) returned to Dorex2007
Dorex2007 collected $0.05 from pot
Dorex2007: doesn't show hand 
*** SUMMARY ***
Total pot $0.05 | Rake $0 
Seat 1: waaaaaaaa folded before Flop (didn't bet)
Seat 2: Roubyz folded before Flop (didn't bet)
Seat 3: Dorex2007 (button) collected ($0.05)
Seat 4: sansisbai (small blind) folded before Flop
Seat 5: Realtor59 (big blind) folded before Flop
Seat 6: cesaraya811 folded before Flop (didn't bet)
Seat 7: Aflil1966 folded before Flop (didn't bet)



PokerStars Hand #227283932549:  Hold'em No Limit ($0.01/$0.02 USD) - 2021/06/02 19:50:05 PT [2021/06/02 22:50:05 ET]
Table 'Saskia III' 9-max Seat #4 is the button
Seat 1: waaaaaaaa ($2.65 in chips) 
Seat 2: Roubyz ($2 in chips) 
Seat 3: Dorex2007 ($2 in chips) 
Seat 4: sansisbai ($1.75 in chips) 
Seat 5: Realtor59 ($1.79 in chips) 
Seat 6: cesaraya811 ($0.98 in chips) 
Seat 7: Aflil1966 ($1.90 in chips) 
Realtor59: posts small blind $0.01
cesaraya811: posts big blind $0.02
*** HOLE CARDS ***
Dealt to Dorex2007 [7d Th]
Aflil1966: folds 
waaaaaaaa: folds 
Roubyz: folds 
Dorex2007: folds 
sansisbai: folds 
Realtor59: folds 
Uncalled bet ($0.01) returned to cesaraya811
cesaraya811 collected $0.02 from pot
*** SUMMARY ***
Total pot $0.02 | Rake $0 
Seat 1: waaaaaaaa folded before Flop (didn't bet)
Seat 2: Roubyz folded before Flop (didn't bet)
Seat 3: Dorex2007 folded before Flop (didn't bet)
Seat 4: sansisbai (button) folded before Flop (didn't bet)
Seat 5: Realtor59 (small blind) folded before Flop
Seat 6: cesaraya811 (big blind) collected ($0.02)
Seat 7: Aflil1966 folded before Flop (didn't bet)



PokerStars Hand #227283935689:  Hold'em No Limit ($0.01/$0.02 USD) - 2021/06/02 19:50:20 PT [2021/06/02 22:50:20 ET]
Table 'Saskia III' 9-max Seat #5 is the button
Seat 1: waaaaaaaa ($2.65 in chips) 
Seat 2: Roubyz ($2 in chips) 
Seat 3: Dorex2007 ($2 in chips) 
Seat 4: sansisbai ($1.75 in chips) 
Seat 5: Realtor59 ($1.78 in chips) 
Seat 6: cesaraya811 ($0.99 in chips) 
Seat 7: Aflil1966 ($1.90 in chips) 
cesaraya811: posts small blind $0.01
Aflil1966: posts big blind $0.02
*** HOLE CARDS ***
Dealt to Dorex2007 [7d 9c]
waaaaaaaa: raises $0.04 to $0.06
Roubyz: folds 
Dorex2007: folds 
sansisbai: folds 
Realtor59: folds 
cesaraya811: folds 
Aflil1966: folds 
Uncalled bet ($0.04) returned to waaaaaaaa
waaaaaaaa collected $0.05 from pot
waaaaaaaa: doesn't show hand 
*** SUMMARY ***
Total pot $0.05 | Rake $0 
Seat 1: waaaaaaaa collected ($0.05)
Seat 2: Roubyz folded before Flop (didn't bet)
Seat 3: Dorex2007 folded before Flop (didn't bet)
Seat 4: sansisbai folded before Flop (didn't bet)
Seat 5: Realtor59 (button) folded before Flop (didn't bet)
Seat 6: cesaraya811 (small blind) folded before Flop
Seat 7: Aflil1966 (big blind) folded before Flop



PokerStars Hand #227283938818:  Hold'em No Limit ($0.01/$0.02 USD) - 2021/06/02 19:50:35 PT [2021/06/02 22:50:35 ET]
Table 'Saskia III' 9-max Seat #6 is the button
Seat 1: waaaaaaaa ($2.68 in chips) 
Seat 2: Roubyz ($2 in chips) 
Seat 3: Dorex2007 ($2 in chips) 
Seat 4: sansisbai ($1.75 in chips) 
Seat 5: Realtor59 ($1.78 in chips) 
Seat 6: cesaraya811 ($0.98 in chips) 
Seat 7: Aflil1966 ($1.88 in chips) 
Aflil1966: posts small blind $0.01
waaaaaaaa: posts big blind $0.02
*** HOLE CARDS ***
Dealt to Dorex2007 [Js 2d]
Roubyz: folds 
Dorex2007: folds 
sansisbai: folds 
Realtor59: folds 
cesaraya811: raises $0.04 to $0.06
Aflil1966: folds 
waaaaaaaa: folds 
Uncalled bet ($0.04) returned to cesaraya811
cesaraya811 collected $0.05 from pot
*** SUMMARY ***
Total pot $0.05 | Rake $0 
Seat 1: waaaaaaaa (big blind) folded before Flop
Seat 2: Roubyz folded before Flop (didn't bet)
Seat 3: Dorex2007 folded before Flop (didn't bet)
Seat 4: sansisbai folded before Flop (didn't bet)
Seat 5: Realtor59 folded before Flop (didn't bet)
Seat 6: cesaraya811 (button) collected ($0.05)
Seat 7: Aflil1966 (small blind) folded before Flop



PokerStars Hand #227283943976:  Hold'em No Limit ($0.01/$0.02 USD) - 2021/06/02 19:51:00 PT [2021/06/02 22:51:00 ET]
Table 'Saskia III' 9-max Seat #7 is the button
Seat 1: waaaaaaaa ($2.66 in chips) 
Seat 2: Roubyz ($2 in chips) 
Seat 3: Dorex2007 ($2 in chips) 
Seat 4: sansisbai ($1.75 in chips) 
Seat 5: Realtor59 ($1.78 in chips) 
Seat 6: cesaraya811 ($1.01 in chips) 
Seat 7: Aflil1966 ($1.87 in chips) 
waaaaaaaa: posts small blind $0.01
Roubyz: posts big blind $0.02
*** HOLE CARDS ***
Dealt to Dorex2007 [9d Ah]
Dorex2007: folds 
sansisbai: folds 
Realtor59: folds 
Dem-41 joins the table at seat #9 
cesaraya811: raises $0.04 to $0.06
Aflil1966: folds 
waaaaaaaa: folds 
Roubyz: calls $0.04
*** FLOP *** [2s Ks Ts]
Roubyz: checks 
cesaraya811: bets $0.07
Roubyz: calls $0.07
*** TURN *** [2s Ks Ts] [5d]
Roubyz: checks 
cesaraya811: bets $0.88 and is all-in
Roubyz: folds 
Uncalled bet ($0.88) returned to cesaraya811
cesaraya811 collected $0.26 from pot
*** SUMMARY ***
Total pot $0.27 | Rake $0.01 
Board [2s Ks Ts 5d]
Seat 1: waaaaaaaa (small blind) folded before Flop
Seat 2: Roubyz (big blind) folded on the Turn
Seat 3: Dorex2007 folded before Flop (didn't bet)
Seat 4: sansisbai folded before Flop (didn't bet)
Seat 5: Realtor59 folded before Flop (didn't bet)
Seat 6: cesaraya811 collected ($0.26)
Seat 7: Aflil1966 (button) folded before Flop (didn't bet)



PokerStars Hand #227283954043:  Hold'em No Limit ($0.01/$0.02 USD) - 2021/06/02 19:51:49 PT [2021/06/02 22:51:49 ET]
Table 'Saskia III' 9-max Seat #1 is the button
Seat 1: waaaaaaaa ($2.65 in chips) 
Seat 2: Roubyz ($2 in chips) 
Seat 3: Dorex2007 ($2 in chips) 
Seat 4: sansisbai ($1.75 in chips) 
Seat 5: Realtor59 ($1.78 in chips) 
Seat 6: cesaraya811 ($1.14 in chips) 
Seat 7: Aflil1966 ($1.87 in chips) 
Seat 9: Dem-41 ($2 in chips) 
Roubyz: posts small blind $0.01
Dorex2007: posts big blind $0.02
Dem-41: posts big blind $0.02
*** HOLE CARDS ***
Dealt to Dorex2007 [5c 8s]
sansisbai: raises $0.04 to $0.06
Realtor59: folds 
cesaraya811: folds 
Aflil1966: folds 
Dem-41: folds 
waaaaaaaa: calls $0.06
Roubyz: calls $0.05
Dorex2007: folds 
*** FLOP *** [6c 8d Kd]
Roubyz: checks 
sansisbai: checks 
waaaaaaaa: bets $0.11
Roubyz: folds 
sansisbai: folds 
Uncalled bet ($0.11) returned to waaaaaaaa
waaaaaaaa collected $0.21 from pot
waaaaaaaa: doesn't show hand 
*** SUMMARY ***
Total pot $0.22 | Rake $0.01 
Board [6c 8d Kd]
Seat 1: waaaaaaaa (button) collected ($0.21)
Seat 2: Roubyz (small blind) folded on the Flop
Seat 3: Dorex2007 (big blind) folded before Flop
Seat 4: sansisbai folded on the Flop
Seat 5: Realtor59 folded before Flop (didn't bet)
Seat 6: cesaraya811 folded before Flop (didn't bet)
Seat 7: Aflil1966 folded before Flop (didn't bet)
Seat 9: Dem-41 folded before Flop (didn't bet)



PokerStars Hand #227283965085:  Hold'em No Limit ($0.01/$0.02 USD) - 2021/06/02 19:52:42 PT [2021/06/02 22:52:42 ET]
Table 'Saskia III' 9-max Seat #2 is the button
Seat 1: waaaaaaaa ($2.80 in chips) 
Seat 2: Roubyz ($2 in chips) 
Seat 3: Dorex2007 ($1.98 in chips) 
Seat 4: sansisbai ($1.69 in chips) 
Seat 5: Realtor59 ($1.78 in chips) 
Seat 6: cesaraya811 ($1.14 in chips) 
Seat 7: Aflil1966 ($1.87 in chips) 
Seat 9: Dem-41 ($1.98 in chips) 
Dorex2007: posts small blind $0.01
sansisbai: posts big blind $0.02
*** HOLE CARDS ***
Dealt to Dorex2007 [Jh Ad]
Realtor59: folds 
cesaraya811: folds 
Aflil1966: folds 
Dem-41: folds 
waaaaaaaa: folds 
Roubyz: raises $0.04 to $0.06
Dorex2007: raises $0.10 to $0.16
sansisbai: folds 
Roubyz: calls $0.10
*** FLOP *** [2d As 2h]
Dorex2007: bets $0.33
Roubyz: folds 
Uncalled bet ($0.33) returned to Dorex2007
Dorex2007 collected $0.33 from pot
Dorex2007: doesn't show hand 
*** SUMMARY ***
Total pot $0.34 | Rake $0.01 
Board [2d As 2h]
Seat 1: waaaaaaaa folded before Flop (didn't bet)
Seat 2: Roubyz (button) folded on the Flop
Seat 3: Dorex2007 (small blind) collected ($0.33)
Seat 4: sansisbai (big blind) folded before Flop
Seat 5: Realtor59 folded before Flop (didn't bet)
Seat 6: cesaraya811 folded before Flop (didn't bet)
Seat 7: Aflil1966 folded before Flop (didn't bet)
Seat 9: Dem-41 folded before Flop (didn't bet)



PokerStars Hand #227283970732:  Hold'em No Limit ($0.01/$0.02 USD) - 2021/06/02 19:53:10 PT [2021/06/02 22:53:10 ET]
Table 'Saskia III' 9-max Seat #3 is the button
Seat 1: waaaaaaaa ($2.80 in chips) 
Seat 2: Roubyz ($2 in chips) 
Seat 3: Dorex2007 ($2.15 in chips) 
Seat 4: sansisbai ($1.67 in chips) 
Seat 5: Realtor59 ($1.78 in chips) 
Seat 6: cesaraya811 ($1.14 in chips) 
Seat 7: Aflil1966 ($1.87 in chips) 
Seat 9: Dem-41 ($1.98 in chips) 
sansisbai: posts small blind $0.01
Realtor59: posts big blind $0.02
*** HOLE CARDS ***
Dealt to Dorex2007 [5d 2c]
cesaraya811: raises $0.04 to $0.06
Aflil1966: folds 
Dem-41: folds 
waaaaaaaa: folds 
Roubyz: folds 
Dorex2007: folds 
sansisbai: folds 
Realtor59: folds 
Uncalled bet ($0.04) returned to cesaraya811
cesaraya811 collected $0.05 from pot
*** SUMMARY ***
Total pot $0.05 | Rake $0 
Seat 1: waaaaaaaa folded before Flop (didn't bet)
Seat 2: Roubyz folded before Flop (didn't bet)
Seat 3: Dorex2007 (button) folded before Flop (didn't bet)
Seat 4: sansisbai (small blind) folded before Flop
Seat 5: Realtor59 (big blind) folded before Flop
Seat 6: cesaraya811 collected ($0.05)
Seat 7: Aflil1966 folded before Flop (didn't bet)
Seat 9: Dem-41 folded before Flop (didn't bet)



PokerStars Hand #227283974056:  Hold'em No Limit ($0.01/$0.02 USD) - 2021/06/02 19:53:26 PT [2021/06/02 22:53:26 ET]
Table 'Saskia III' 9-max Seat #4 is the button
Seat 1: waaaaaaaa ($2.80 in chips) 
Seat 2: Roubyz ($2 in chips) 
Seat 3: Dorex2007 ($2.15 in chips) 
Seat 4: sansisbai ($1.66 in chips) 
Seat 5: Realtor59 ($1.76 in chips) 
Seat 6: cesaraya811 ($1.17 in chips) 
Seat 7: Aflil1966 ($1.87 in chips) 
Seat 9: Dem-41 ($1.98 in chips) 
Realtor59: posts small blind $0.01
cesaraya811: posts big blind $0.02
*** HOLE CARDS ***
Dealt to Dorex2007 [5c 4d]
Aflil1966: folds 
Dem-41: folds 
waaaaaaaa: folds 
Roubyz: folds 
Dorex2007: folds 
sansisbai: folds 
Realtor59: folds 
Uncalled bet ($0.01) returned to cesaraya811
cesaraya811 collected $0.02 from pot
*** SUMMARY ***
Total pot $0.02 | Rake $0 
Seat 1: waaaaaaaa folded before Flop (didn't bet)
Seat 2: Roubyz folded before Flop (didn't bet)
Seat 3: Dorex2007 folded before Flop (didn't bet)
Seat 4: sansisbai (button) folded before Flop (didn't bet)
Seat 5: Realtor59 (small blind) folded before Flop
Seat 6: cesaraya811 (big blind) collected ($0.02)
Seat 7: Aflil1966 folded before Flop (didn't bet)
Seat 9: Dem-41 folded before Flop (didn't bet)



PokerStars Hand #227283976440:  Hold'em No Limit ($0.01/$0.02 USD) - 2021/06/02 19:53:38 PT [2021/06/02 22:53:38 ET]
Table 'Saskia III' 9-max Seat #5 is the button
Seat 1: waaaaaaaa ($2.80 in chips) 
Seat 2: Roubyz ($2 in chips) 
Seat 3: Dorex2007 ($2.15 in chips) 
Seat 4: sansisbai ($1.66 in chips) 
Seat 5: Realtor59 ($1.75 in chips) 
Seat 6: cesaraya811 ($1.18 in chips) 
Seat 7: Aflil1966 ($1.87 in chips) 
Seat 9: Dem-41 ($1.98 in chips) 
cesaraya811: posts small blind $0.01
Aflil1966: posts big blind $0.02
*** HOLE CARDS ***
Dealt to Dorex2007 [8h Td]
Dem-41: folds 
waaaaaaaa: folds 
Roubyz: folds 
Dorex2007: folds 
sansisbai: folds 
Realtor59: folds 
cesaraya811: raises $0.04 to $0.06
Aflil1966: folds 
Uncalled bet ($0.04) returned to cesaraya811
cesaraya811 collected $0.04 from pot
*** SUMMARY ***
Total pot $0.04 | Rake $0 
Seat 1: waaaaaaaa folded before Flop (didn't bet)
Seat 2: Roubyz folded before Flop (didn't bet)
Seat 3: Dorex2007 folded before Flop (didn't bet)
Seat 4: sansisbai folded before Flop (didn't bet)
Seat 5: Realtor59 (button) folded before Flop (didn't bet)
Seat 6: cesaraya811 (small blind) collected ($0.04)
Seat 7: Aflil1966 (big blind) folded before Flop
Seat 9: Dem-41 folded before Flop (didn't bet)



PokerStars Hand #227283979509:  Hold'em No Limit ($0.01/$0.02 USD) - 2021/06/02 19:53:53 PT [2021/06/02 22:53:53 ET]
Table 'Saskia III' 9-max Seat #6 is the button
Seat 1: waaaaaaaa ($2.80 in chips) 
Seat 2: Roubyz ($2 in chips) 
Seat 3: Dorex2007 ($2.15 in chips) 
Seat 4: sansisbai ($1.66 in chips) 
Seat 5: Realtor59 ($1.75 in chips) 
Seat 6: cesaraya811 ($1.20 in chips) 
Seat 7: Aflil1966 ($1.85 in chips) 
Seat 9: Dem-41 ($1.98 in chips) 
Aflil1966: posts small blind $0.01
Dem-41: posts big blind $0.02
*** HOLE CARDS ***
Dealt to Dorex2007 [Qs 4d]
waaaaaaaa: folds 
Roubyz: folds 
Dorex2007: folds 
sansisbai: folds 
Realtor59: folds 
cesaraya811: folds 
Aflil1966: folds 
Uncalled bet ($0.01) returned to Dem-41
Dem-41 collected $0.02 from pot
Dem-41: doesn't show hand 
*** SUMMARY ***
Total pot $0.02 | Rake $0 
Seat 1: waaaaaaaa folded before Flop (didn't bet)
Seat 2: Roubyz folded before Flop (didn't bet)
Seat 3: Dorex2007 folded before Flop (didn't bet)
Seat 4: sansisbai folded before Flop (didn't bet)
Seat 5: Realtor59 folded before Flop (didn't bet)
Seat 6: cesaraya811 (button) folded before Flop (didn't bet)
Seat 7: Aflil1966 (small blind) folded before Flop
Seat 9: Dem-41 (big blind) collected ($0.02)



PokerStars Hand #227283982983:  Hold'em No Limit ($0.01/$0.02 USD) - 2021/06/02 19:54:10 PT [2021/06/02 22:54:10 ET]
Table 'Saskia III' 9-max Seat #7 is the button
Seat 1: waaaaaaaa ($2.80 in chips) 
Seat 2: Roubyz ($2 in chips) 
Seat 3: Dorex2007 ($2.15 in chips) 
Seat 4: sansisbai ($1.66 in chips) 
Seat 5: Realtor59 ($1.75 in chips) 
Seat 6: cesaraya811 ($1.20 in chips) 
Seat 7: Aflil1966 ($1.84 in chips) 
Seat 9: Dem-41 ($1.99 in chips) 
Dem-41: posts small blind $0.01
waaaaaaaa: posts big blind $0.02
*** HOLE CARDS ***
Dealt to Dorex2007 [2s Th]
Roubyz: folds 
Dorex2007: folds 
sansisbai: folds 
Realtor59: folds 
cesaraya811: folds 
Aflil1966: folds 
Dem-41: calls $0.01
waaaaaaaa: checks 
*** FLOP *** [Js 4d Ac]
Dem-41: checks 
waaaaaaaa: checks 
*** TURN *** [Js 4d Ac] [Kc]
Dem-41: checks 
waaaaaaaa: checks 
*** RIVER *** [Js 4d Ac Kc] [8d]
Dem-41: bets $0.02
waaaaaaaa: folds 
Uncalled bet ($0.02) returned to Dem-41
Dem-41 collected $0.04 from pot
Dem-41: doesn't show hand 
*** SUMMARY ***
Total pot $0.04 | Rake $0 
Board [Js 4d Ac Kc 8d]
Seat 1: waaaaaaaa (big blind) folded on the River
Seat 2: Roubyz folded before Flop (didn't bet)
Seat 3: Dorex2007 folded before Flop (didn't bet)
Seat 4: sansisbai folded before Flop (didn't bet)
Seat 5: Realtor59 folded before Flop (didn't bet)
Seat 6: cesaraya811 folded before Flop (didn't bet)
Seat 7: Aflil1966 (button) folded before Flop (didn't bet)
Seat 9: Dem-41 (small blind) collected ($0.04)



PokerStars Hand #227283989199:  Hold'em No Limit ($0.01/$0.02 USD) - 2021/06/02 19:54:41 PT [2021/06/02 22:54:41 ET]
Table 'Saskia III' 9-max Seat #9 is the button
Seat 1: waaaaaaaa ($2.78 in chips) 
Seat 2: Roubyz ($2 in chips) 
Seat 3: Dorex2007 ($2.15 in chips) 
Seat 4: sansisbai ($1.66 in chips) 
Seat 5: Realtor59 ($1.75 in chips) 
Seat 6: cesaraya811 ($1.20 in chips) 
Seat 7: Aflil1966 ($1.84 in chips) 
Seat 9: Dem-41 ($2.01 in chips) 
waaaaaaaa: posts small blind $0.01
Roubyz: posts big blind $0.02
*** HOLE CARDS ***
Dealt to Dorex2007 [Ts 4s]
Dorex2007: folds 
sansisbai: folds 
Realtor59: folds 
cesaraya811: folds 
Aflil1966: calls $0.02
Dem-41: folds 
waaaaaaaa: folds 
Roubyz: checks 
*** FLOP *** [9d 7s Tc]
Roubyz: checks 
Aflil1966: bets $0.05
Roubyz: calls $0.05
*** TURN *** [9d 7s Tc] [4c]
Roubyz: checks 
Aflil1966: bets $0.07
Roubyz: calls $0.07
*** RIVER *** [9d 7s Tc 4c] [3d]
Roubyz: checks 
Aflil1966: checks 
*** SHOW DOWN ***
Roubyz: shows [Th Ks] (a pair of Tens)
Aflil1966: mucks hand 
Roubyz collected $0.28 from pot
*** SUMMARY ***
Total pot $0.29 | Rake $0.01 
Board [9d 7s Tc 4c 3d]
Seat 1: waaaaaaaa (small blind) folded before Flop
Seat 2: Roubyz (big blind) showed [Th Ks] and won ($0.28) with a pair of Tens
Seat 3: Dorex2007 folded before Flop (didn't bet)
Seat 4: sansisbai folded before Flop (didn't bet)
Seat 5: Realtor59 folded before Flop (didn't bet)
Seat 6: cesaraya811 folded before Flop (didn't bet)
Seat 7: Aflil1966 mucked [8c 8d]
Seat 9: Dem-41 (button) folded before Flop (didn't bet)



PokerStars Hand #227283998075:  Hold'em No Limit ($0.01/$0.02 USD) - 2021/06/02 19:55:27 PT [2021/06/02 22:55:27 ET]
Table 'Saskia III' 9-max Seat #1 is the button
Seat 1: waaaaaaaa ($2.77 in chips) 
Seat 2: Roubyz ($2.14 in chips) 
Seat 3: Dorex2007 ($2.15 in chips) 
Seat 4: sansisbai ($1.66 in chips) 
Seat 5: Realtor59 ($1.75 in chips) 
Seat 6: cesaraya811 ($1.20 in chips) 
Seat 7: Aflil1966 ($1.70 in chips) 
Seat 9: Dem-41 ($2.01 in chips) 
Roubyz: posts small blind $0.01
Dorex2007: posts big blind $0.02
*** HOLE CARDS ***
Dealt to Dorex2007 [2s 5h]
sansisbai: folds 
Realtor59: raises $0.04 to $0.06
cesaraya811: calls $0.06
Aflil1966: folds 
Dem-41: folds 
waaaaaaaa: folds 
Roubyz: folds 
Dorex2007: folds 
*** FLOP *** [Th 4d Tc]
Realtor59: bets $0.06
cesaraya811: folds 
Uncalled bet ($0.06) returned to Realtor59
Realtor59 collected $0.14 from pot
Realtor59: doesn't show hand 
*** SUMMARY ***
Total pot $0.15 | Rake $0.01 
Board [Th 4d Tc]
Seat 1: waaaaaaaa (button) folded before Flop (didn't bet)
Seat 2: Roubyz (small blind) folded before Flop
Seat 3: Dorex2007 (big blind) folded before Flop
Seat 4: sansisbai folded before Flop (didn't bet)
Seat 5: Realtor59 collected ($0.14)
Seat 6: cesaraya811 folded on the Flop
Seat 7: Aflil1966 folded before Flop (didn't bet)
Seat 9: Dem-41 folded before Flop (didn't bet)



PokerStars Hand #227284001886:  Hold'em No Limit ($0.01/$0.02 USD) - 2021/06/02 19:55:49 PT [2021/06/02 22:55:49 ET]
Table 'Saskia III' 9-max Seat #2 is the button
Seat 1: waaaaaaaa ($2.77 in chips) 
Seat 2: Roubyz ($2.13 in chips) 
Seat 3: Dorex2007 ($2.13 in chips) 
Seat 4: sansisbai ($1.66 in chips) 
Seat 5: Realtor59 ($1.83 in chips) 
Seat 6: cesaraya811 ($1.14 in chips) 
Seat 7: Aflil1966 ($2 in chips) 
Seat 9: Dem-41 ($2.01 in chips) 
Dorex2007: posts small blind $0.01
sansisbai: posts big blind $0.02
*** HOLE CARDS ***
Dealt to Dorex2007 [4h 5d]
Realtor59: folds 
cesaraya811: folds 
cesaraya811 leaves the table
Aflil1966: raises $0.04 to $0.06
Dem-41: folds 
waaaaaaaa: folds 
Roubyz: folds 
Dorex2007: folds 
sansisbai: folds 
Uncalled bet ($0.04) returned to Aflil1966
Aflil1966 collected $0.05 from pot
Aflil1966: doesn't show hand 
*** SUMMARY ***
Total pot $0.05 | Rake $0 
Seat 1: waaaaaaaa folded before Flop (didn't bet)
Seat 2: Roubyz (button) folded before Flop (didn't bet)
Seat 3: Dorex2007 (small blind) folded before Flop
Seat 4: sansisbai (big blind) folded before Flop
Seat 5: Realtor59 folded before Flop (didn't bet)
Seat 6: cesaraya811 folded before Flop (didn't bet)
Seat 7: Aflil1966 collected ($0.05)
Seat 9: Dem-41 folded before Flop (didn't bet)



PokerStars Hand #227284005221:  Hold'em No Limit ($0.01/$0.02 USD) - 2021/06/02 19:56:09 PT [2021/06/02 22:56:09 ET]
Table 'Saskia III' 9-max Seat #3 is the button
Seat 1: waaaaaaaa ($2.77 in chips) 
Seat 2: Roubyz ($2.13 in chips) 
Seat 3: Dorex2007 ($2.12 in chips) 
Seat 4: sansisbai ($1.64 in chips) 
Seat 5: Realtor59 ($1.83 in chips) 
Seat 7: Aflil1966 ($2.03 in chips) 
Seat 9: Dem-41 ($2.01 in chips) 
sansisbai: posts small blind $0.01
Realtor59: posts big blind $0.02
*** HOLE CARDS ***
Dealt to Dorex2007 [8h 9h]
Evgeniy.Si joins the table at seat #6 
Aflil1966: folds 
Dem-41: folds 
waaaaaaaa: folds 
Roubyz: folds 
Dorex2007: raises $0.04 to $0.06
sansisbai: folds 
Realtor59: calls $0.04
*** FLOP *** [2h 7s As]
Realtor59: checks 
Dorex2007: bets $0.13
Realtor59: folds 
Uncalled bet ($0.13) returned to Dorex2007
Dorex2007 collected $0.13 from pot
Dorex2007: doesn't show hand 
*** SUMMARY ***
Total pot $0.13 | Rake $0 
Board [2h 7s As]
Seat 1: waaaaaaaa folded before Flop (didn't bet)
Seat 2: Roubyz folded before Flop (didn't bet)
Seat 3: Dorex2007 (button) collected ($0.13)
Seat 4: sansisbai (small blind) folded before Flop
Seat 5: Realtor59 (big blind) folded on the Flop
Seat 7: Aflil1966 folded before Flop (didn't bet)
Seat 9: Dem-41 folded before Flop (didn't bet)



PokerStars Hand #227284009207:  Hold'em No Limit ($0.01/$0.02 USD) - 2021/06/02 19:56:32 PT [2021/06/02 22:56:32 ET]
Table 'Saskia III' 9-max Seat #4 is the button
Seat 1: waaaaaaaa ($2.77 in chips) 
Seat 2: Roubyz ($2.13 in chips) 
Seat 3: Dorex2007 ($2.19 in chips) 
Seat 4: sansisbai ($1.63 in chips) 
Seat 5: Realtor59 ($1.77 in chips) 
Seat 6: Evgeniy.Si ($2 in chips) 
Seat 7: Aflil1966 ($2.03 in chips) 
Seat 9: Dem-41 ($2.01 in chips) 
Realtor59: posts small blind $0.01
Evgeniy.Si: posts big blind $0.02
*** HOLE CARDS ***
Dealt to Dorex2007 [4s 6c]
Aflil1966: folds 
Dem-41: calls $0.02
waaaaaaaa: folds 
Roubyz: folds 
Dorex2007: folds 
sansisbai: folds 
Realtor59: folds 
Evgeniy.Si: checks 
*** FLOP *** [6h 2h 3s]
Evgeniy.Si: checks 
Dem-41: checks 
*** TURN *** [6h 2h 3s] [4d]
Evgeniy.Si: checks 
Dem-41: checks 
*** RIVER *** [6h 2h 3s 4d] [4c]
Evgeniy.Si: bets $0.05
Dem-41: folds 
Uncalled bet ($0.05) returned to Evgeniy.Si
Evgeniy.Si collected $0.05 from pot
Evgeniy.Si: doesn't show hand 
*** SUMMARY ***
Total pot $0.05 | Rake $0 
Board [6h 2h 3s 4d 4c]
Seat 1: waaaaaaaa folded before Flop (didn't bet)
Seat 2: Roubyz folded before Flop (didn't bet)
Seat 3: Dorex2007 folded before Flop (didn't bet)
Seat 4: sansisbai (button) folded before Flop (didn't bet)
Seat 5: Realtor59 (small blind) folded before Flop
Seat 6: Evgeniy.Si (big blind) collected ($0.05)
Seat 7: Aflil1966 folded before Flop (didn't bet)
Seat 9: Dem-41 folded on the River



PokerStars Hand #227284014750:  Hold'em No Limit ($0.01/$0.02 USD) - 2021/06/02 19:57:05 PT [2021/06/02 22:57:05 ET]
Table 'Saskia III' 9-max Seat #5 is the button
Seat 1: waaaaaaaa ($2.77 in chips) 
Seat 2: Roubyz ($2.13 in chips) 
Seat 3: Dorex2007 ($2.19 in chips) 
Seat 4: sansisbai ($1.63 in chips) 
Seat 5: Realtor59 ($1.76 in chips) 
Seat 6: Evgeniy.Si ($2.03 in chips) 
Seat 7: Aflil1966 ($2.03 in chips) 
Seat 9: Dem-41 ($1.99 in chips) 
Evgeniy.Si: posts small blind $0.01
Aflil1966: posts big blind $0.02
*** HOLE CARDS ***
Dealt to Dorex2007 [5c 2s]
Dem-41: folds 
waaaaaaaa: folds 
Roubyz: folds 
Dorex2007: folds 
sansisbai: folds 
Realtor59: folds 
Evgeniy.Si: calls $0.01
Aflil1966: checks 
*** FLOP *** [6d 9s 3s]
Evgeniy.Si: checks 
Aflil1966: checks 
*** TURN *** [6d 9s 3s] [7d]
Evgeniy.Si: checks 
Aflil1966: checks 
*** RIVER *** [6d 9s 3s 7d] [Ac]
Evgeniy.Si: checks 
Aflil1966: checks 
*** SHOW DOWN ***
Evgeniy.Si: shows [2c 5s] (high card Ace)
Aflil1966: shows [4c Kd] (high card Ace - King kicker)
Aflil1966 collected $0.04 from pot
*** SUMMARY ***
Total pot $0.04 | Rake $0 
Board [6d 9s 3s 7d Ac]
Seat 1: waaaaaaaa folded before Flop (didn't bet)
Seat 2: Roubyz folded before Flop (didn't bet)
Seat 3: Dorex2007 folded before Flop (didn't bet)
Seat 4: sansisbai folded before Flop (didn't bet)
Seat 5: Realtor59 (button) folded before Flop (didn't bet)
Seat 6: Evgeniy.Si (small blind) showed [2c 5s] and lost with high card Ace
Seat 7: Aflil1966 (big blind) showed [4c Kd] and won ($0.04) with high card Ace
Seat 9: Dem-41 folded before Flop (didn't bet)



PokerStars Hand #227284020437:  Hold'em No Limit ($0.01/$0.02 USD) - 2021/06/02 19:57:38 PT [2021/06/02 22:57:38 ET]
Table 'Saskia III' 9-max Seat #6 is the button
Seat 1: waaaaaaaa ($2.77 in chips) 
Seat 2: Roubyz ($2.13 in chips) 
Seat 3: Dorex2007 ($2.19 in chips) 
Seat 4: sansisbai ($1.63 in chips) 
Seat 5: Realtor59 ($1.76 in chips) 
Seat 6: Evgeniy.Si ($2.01 in chips) 
Seat 7: Aflil1966 ($2.05 in chips) 
Seat 9: Dem-41 ($1.99 in chips) 
Aflil1966: posts small blind $0.01
Dem-41: posts big blind $0.02
*** HOLE CARDS ***
Dealt to Dorex2007 [Jh Ad]
waaaaaaaa: raises $0.04 to $0.06
Roubyz: folds 
Dorex2007: folds 
sansisbai: folds 
Realtor59: folds 
Evgeniy.Si: folds 
Aflil1966: folds 
Dem-41: folds 
Uncalled bet ($0.04) returned to waaaaaaaa
waaaaaaaa collected $0.05 from pot
fjmuller leaves the table
waaaaaaaa: doesn't show hand 
*** SUMMARY ***
Total pot $0.05 | Rake $0 
Seat 1: waaaaaaaa collected ($0.05)
Seat 2: Roubyz folded before Flop (didn't bet)
Seat 3: Dorex2007 folded before Flop (didn't bet)
Seat 4: sansisbai folded before Flop (didn't bet)
Seat 5: Realtor59 folded before Flop (didn't bet)
Seat 6: Evgeniy.Si (button) folded before Flop (didn't bet)
Seat 7: Aflil1966 (small blind) folded before Flop
Seat 9: Dem-41 (big blind) folded before Flop



PokerStars Hand #227284023496:  Hold'em No Limit ($0.01/$0.02 USD) - 2021/06/02 19:57:56 PT [2021/06/02 22:57:56 ET]
Table 'Saskia III' 9-max Seat #7 is the button
Seat 1: waaaaaaaa ($2.80 in chips) 
Seat 2: Roubyz ($2.13 in chips) 
Seat 3: Dorex2007 ($2.19 in chips) 
Seat 4: sansisbai ($1.63 in chips) 
Seat 5: Realtor59 ($1.76 in chips) 
Seat 6: Evgeniy.Si ($2.01 in chips) 
Seat 7: Aflil1966 ($2.04 in chips) 
Seat 9: Dem-41 ($1.97 in chips) 
Dem-41: posts small blind $0.01
waaaaaaaa: posts big blind $0.02
*** HOLE CARDS ***
Dealt to Dorex2007 [9s 3c]
Roubyz: folds 
Dorex2007: folds 
sansisbai: folds 
Realtor59: folds 
Evgeniy.Si: folds 
Aflil1966: folds 
Dem-41: calls $0.01
FLushHug4o joins the table at seat #8 
waaaaaaaa: checks 
*** FLOP *** [5s 4s As]
Dem-41: checks 
waaaaaaaa: checks 
*** TURN *** [5s 4s As] [Ts]
Dem-41: checks 
waaaaaaaa: bets $0.03
Dem-41: folds 
Uncalled bet ($0.03) returned to waaaaaaaa
waaaaaaaa collected $0.04 from pot
waaaaaaaa: doesn't show hand 
*** SUMMARY ***
Total pot $0.04 | Rake $0 
Board [5s 4s As Ts]
Seat 1: waaaaaaaa (big blind) collected ($0.04)
Seat 2: Roubyz folded before Flop (didn't bet)
Seat 3: Dorex2007 folded before Flop (didn't bet)
Seat 4: sansisbai folded before Flop (didn't bet)
Seat 5: Realtor59 folded before Flop (didn't bet)
Seat 6: Evgeniy.Si folded before Flop (didn't bet)
Seat 7: Aflil1966 (button) folded before Flop (didn't bet)
Seat 9: Dem-41 (small blind) folded on the Turn



PokerStars Hand #227284029322:  Hold'em No Limit ($0.01/$0.02 USD) - 2021/06/02 19:58:30 PT [2021/06/02 22:58:30 ET]
Table 'Saskia III' 9-max Seat #9 is the button
Seat 1: waaaaaaaa ($2.82 in chips) 
Seat 2: Roubyz ($2.13 in chips) 
Seat 3: Dorex2007 ($2.19 in chips) 
Seat 4: sansisbai ($1.63 in chips) 
Seat 5: Realtor59 ($1.76 in chips) 
Seat 6: Evgeniy.Si ($2.01 in chips) 
Seat 7: Aflil1966 ($2.04 in chips) 
Seat 8: FLushHug4o ($0.80 in chips) 
Seat 9: Dem-41 ($1.95 in chips) 
waaaaaaaa: posts small blind $0.01
Roubyz: posts big blind $0.02
FLushHug4o: posts big blind $0.02
*** HOLE CARDS ***
Dealt to Dorex2007 [Ac 3h]
Dorex2007: folds 
sansisbai: folds 
Realtor59: folds 
Evgeniy.Si: folds 
Aflil1966: calls $0.02
FLushHug4o: checks 
Dem-41: folds 
waaaaaaaa: raises $0.08 to $0.10
Roubyz: folds 
Aflil1966: folds 
FLushHug4o: folds 
Uncalled bet ($0.08) returned to waaaaaaaa
waaaaaaaa collected $0.08 from pot
waaaaaaaa: doesn't show hand 
*** SUMMARY ***
Total pot $0.08 | Rake $0 
Seat 1: waaaaaaaa (small blind) collected ($0.08)
Seat 2: Roubyz (big blind) folded before Flop
Seat 3: Dorex2007 folded before Flop (didn't bet)
Seat 4: sansisbai folded before Flop (didn't bet)
Seat 5: Realtor59 folded before Flop (didn't bet)
Seat 6: Evgeniy.Si folded before Flop (didn't bet)
Seat 7: Aflil1966 folded before Flop
Seat 8: FLushHug4o folded before Flop (didn't bet)
Seat 9: Dem-41 (button) folded before Flop (didn't bet)



PokerStars Hand #227284033943:  Hold'em No Limit ($0.01/$0.02 USD) - 2021/06/02 19:58:57 PT [2021/06/02 22:58:57 ET]
Table 'Saskia III' 9-max Seat #1 is the button
Seat 1: waaaaaaaa ($2.88 in chips) 
Seat 2: Roubyz ($2.11 in chips) 
Seat 3: Dorex2007 ($2.19 in chips) 
Seat 4: sansisbai ($1.63 in chips) 
Seat 5: Realtor59 ($1.76 in chips) 
Seat 6: Evgeniy.Si ($2.01 in chips) 
Seat 7: Aflil1966 ($2.02 in chips) 
Seat 8: FLushHug4o ($0.78 in chips) 
Seat 9: Dem-41 ($1.95 in chips) 
Roubyz: posts small blind $0.01
Dorex2007: posts big blind $0.02
*** HOLE CARDS ***
Dealt to Dorex2007 [Td Ks]
sansisbai: folds 
Realtor59: raises $0.02 to $0.04
Evgeniy.Si: folds 
Aflil1966: folds 
FLushHug4o: calls $0.04
Dem-41: folds 
waaaaaaaa: folds 
Roubyz: folds 
Dorex2007: calls $0.02
*** FLOP *** [5h Jh Ac]
Dorex2007: checks 
Realtor59: checks 
FLushHug4o: checks 
*** TURN *** [5h Jh Ac] [4h]
Dorex2007: checks 
Realtor59: bets $0.06
FLushHug4o: folds 
Dorex2007: folds 
Uncalled bet ($0.06) returned to Realtor59
Realtor59 collected $0.13 from pot
Realtor59: doesn't show hand 
*** SUMMARY ***
Total pot $0.13 | Rake $0 
Board [5h Jh Ac 4h]
Seat 1: waaaaaaaa (button) folded before Flop (didn't bet)
Seat 2: Roubyz (small blind) folded before Flop
Seat 3: Dorex2007 (big blind) folded on the Turn
Seat 4: sansisbai folded before Flop (didn't bet)
Seat 5: Realtor59 collected ($0.13)
Seat 6: Evgeniy.Si folded before Flop (didn't bet)
Seat 7: Aflil1966 folded before Flop (didn't bet)
Seat 8: FLushHug4o folded on the Turn
Seat 9: Dem-41 folded before Flop (didn't bet)



PokerStars Hand #227284043295:  Hold'em No Limit ($0.01/$0.02 USD) - 2021/06/02 19:59:52 PT [2021/06/02 22:59:52 ET]
Table 'Saskia III' 9-max Seat #2 is the button
Seat 1: waaaaaaaa ($2.88 in chips) 
Seat 2: Roubyz ($2.10 in chips) 
Seat 3: Dorex2007 ($2.15 in chips) 
Seat 4: sansisbai ($1.63 in chips) 
Seat 5: Realtor59 ($1.85 in chips) 
Seat 6: Evgeniy.Si ($2.01 in chips) 
Seat 7: Aflil1966 ($2.02 in chips) 
Seat 8: FLushHug4o ($0.74 in chips) 
Seat 9: Dem-41 ($1.95 in chips) 
Dorex2007: posts small blind $0.01
sansisbai: posts big blind $0.02
*** HOLE CARDS ***
Dealt to Dorex2007 [4s 9d]
Realtor59: folds 
Evgeniy.Si: folds 
Aflil1966: folds 
FLushHug4o: folds 
Dem-41: calls $0.02
waaaaaaaa: folds 
Roubyz: folds 
Dorex2007: folds 
sansisbai: checks 
*** FLOP *** [Qc Qh 6d]
sansisbai: checks 
Dem-41: bets $0.02
sansisbai: folds 
Uncalled bet ($0.02) returned to Dem-41
Dem-41 collected $0.05 from pot
Dem-41: doesn't show hand 
*** SUMMARY ***
Total pot $0.05 | Rake $0 
Board [Qc Qh 6d]
Seat 1: waaaaaaaa folded before Flop (didn't bet)
Seat 2: Roubyz (button) folded before Flop (didn't bet)
Seat 3: Dorex2007 (small blind) folded before Flop
Seat 4: sansisbai (big blind) folded on the Flop
Seat 5: Realtor59 folded before Flop (didn't bet)
Seat 6: Evgeniy.Si folded before Flop (didn't bet)
Seat 7: Aflil1966 folded before Flop (didn't bet)
Seat 8: FLushHug4o folded before Flop (didn't bet)
Seat 9: Dem-41 collected ($0.05)



PokerStars Hand #227284048235:  Hold'em No Limit ($0.01/$0.02 USD) - 2021/06/02 20:00:20 PT [2021/06/02 23:00:20 ET]
Table 'Saskia III' 9-max Seat #3 is the button
Seat 1: waaaaaaaa ($2.88 in chips) 
Seat 2: Roubyz ($2.10 in chips) 
Seat 3: Dorex2007 ($2.14 in chips) 
Seat 4: sansisbai ($1.61 in chips) 
Seat 5: Realtor59 ($1.85 in chips) 
Seat 6: Evgeniy.Si ($2.01 in chips) 
Seat 7: Aflil1966 ($2.02 in chips) 
Seat 8: FLushHug4o ($0.74 in chips) 
Seat 9: Dem-41 ($1.98 in chips) 
sansisbai: posts small blind $0.01
Realtor59: posts big blind $0.02
*** HOLE CARDS ***
Dealt to Dorex2007 [6c As]
Evgeniy.Si: folds 
Aflil1966: folds 
FLushHug4o: folds 
Dem-41: folds 
waaaaaaaa: folds 
Roubyz: folds 
Dorex2007: folds 
sansisbai: folds 
Uncalled bet ($0.01) returned to Realtor59
Realtor59 collected $0.02 from pot
Realtor59: doesn't show hand 
*** SUMMARY ***
Total pot $0.02 | Rake $0 
Seat 1: waaaaaaaa folded before Flop (didn't bet)
Seat 2: Roubyz folded before Flop (didn't bet)
Seat 3: Dorex2007 (button) folded before Flop (didn't bet)
Seat 4: sansisbai (small blind) folded before Flop
Seat 5: Realtor59 (big blind) collected ($0.02)
Seat 6: Evgeniy.Si folded before Flop (didn't bet)
Seat 7: Aflil1966 folded before Flop (didn't bet)
Seat 8: FLushHug4o folded before Flop (didn't bet)
Seat 9: Dem-41 folded before Flop (didn't bet)



PokerStars Hand #227284051259:  Hold'em No Limit ($0.01/$0.02 USD) - 2021/06/02 20:00:36 PT [2021/06/02 23:00:36 ET]
Table 'Saskia III' 9-max Seat #4 is the button
Seat 1: waaaaaaaa ($2.88 in chips) 
Seat 2: Roubyz ($2.10 in chips) 
Seat 3: Dorex2007 ($2.14 in chips) 
Seat 4: sansisbai ($1.60 in chips) 
Seat 5: Realtor59 ($1.86 in chips) 
Seat 6: Evgeniy.Si ($2.01 in chips) 
Seat 7: Aflil1966 ($2.02 in chips) 
Seat 8: FLushHug4o ($0.74 in chips) 
Seat 9: Dem-41 ($1.98 in chips) 
Realtor59: posts small blind $0.01
Evgeniy.Si: posts big blind $0.02
*** HOLE CARDS ***
Dealt to Dorex2007 [7h 7s]
Aflil1966: folds 
FLushHug4o: raises $0.04 to $0.06
Dem-41: folds 
waaaaaaaa: calls $0.06
Roubyz: folds 
Dorex2007: folds 
sansisbai: folds 
Realtor59: folds 
Evgeniy.Si: calls $0.04
*** FLOP *** [Td 6c Qs]
Evgeniy.Si: checks 
FLushHug4o: bets $0.09
waaaaaaaa: calls $0.09
Evgeniy.Si: calls $0.09
*** TURN *** [Td 6c Qs] [9d]
Evgeniy.Si: checks 
FLushHug4o: bets $0.44
waaaaaaaa: raises $0.88 to $1.32
Evgeniy.Si: folds 
FLushHug4o: calls $0.15 and is all-in
Uncalled bet ($0.73) returned to waaaaaaaa
*** RIVER *** [Td 6c Qs 9d] [5d]
*** SHOW DOWN ***
FLushHug4o: shows [9c 9s] (three of a kind, Nines)
waaaaaaaa: shows [Tc Th] (three of a kind, Tens)
waaaaaaaa collected $1.58 from pot
*** SUMMARY ***
Total pot $1.64 | Rake $0.06 
Board [Td 6c Qs 9d 5d]
Seat 1: waaaaaaaa showed [Tc Th] and won ($1.58) with three of a kind, Tens
Seat 2: Roubyz folded before Flop (didn't bet)
Seat 3: Dorex2007 folded before Flop (didn't bet)
Seat 4: sansisbai (button) folded before Flop (didn't bet)
Seat 5: Realtor59 (small blind) folded before Flop
Seat 6: Evgeniy.Si (big blind) folded on the Turn
Seat 7: Aflil1966 folded before Flop (didn't bet)
Seat 8: FLushHug4o showed [9c 9s] and lost with three of a kind, Nines
Seat 9: Dem-41 folded before Flop (didn't bet)



PokerStars Hand #227284070556:  Hold'em No Limit ($0.01/$0.02 USD) - 2021/06/02 20:01:41 PT [2021/06/02 23:01:41 ET]
Table 'Saskia III' 9-max Seat #5 is the button
Seat 1: waaaaaaaa ($3.72 in chips) 
Seat 2: Roubyz ($2.10 in chips) 
Seat 3: Dorex2007 ($2.14 in chips) 
Seat 4: sansisbai ($1.60 in chips) 
Seat 5: Realtor59 ($1.85 in chips) 
Seat 6: Evgeniy.Si ($1.86 in chips) 
Seat 7: Aflil1966 ($2.02 in chips) 
Seat 9: Dem-41 ($1.98 in chips) 
Evgeniy.Si: posts small blind $0.01
Aflil1966: posts big blind $0.02
*** HOLE CARDS ***
Dealt to Dorex2007 [5c Qd]
Dem-41: calls $0.02
waaaaaaaa: folds 
Roubyz: folds 
Dorex2007: folds 
sansisbai: folds 
Realtor59: folds 
Evgeniy.Si: calls $0.01
Aflil1966: checks 
*** FLOP *** [7s As 6c]
Evgeniy.Si: bets $0.03
Aflil1966: folds 
Dem-41: calls $0.03
*** TURN *** [7s As 6c] [Jd]
Evgeniy.Si: bets $0.06
Dem-41: folds 
Uncalled bet ($0.06) returned to Evgeniy.Si
Evgeniy.Si collected $0.12 from pot
*** SUMMARY ***
Total pot $0.12 | Rake $0 
Board [7s As 6c Jd]
Seat 1: waaaaaaaa folded before Flop (didn't bet)
Seat 2: Roubyz folded before Flop (didn't bet)
Seat 3: Dorex2007 folded before Flop (didn't bet)
Seat 4: sansisbai folded before Flop (didn't bet)
Seat 5: Realtor59 (button) folded before Flop (didn't bet)
Seat 6: Evgeniy.Si (small blind) collected ($0.12)
Seat 7: Aflil1966 (big blind) folded on the Flop
Seat 9: Dem-41 folded on the Turn



PokerStars Hand #227284076486:  Hold'em No Limit ($0.01/$0.02 USD) - 2021/06/02 20:02:10 PT [2021/06/02 23:02:10 ET]
Table 'Saskia III' 9-max Seat #6 is the button
Seat 1: waaaaaaaa ($3.72 in chips) 
Seat 2: Roubyz ($2.10 in chips) 
Seat 3: Dorex2007 ($2.14 in chips) 
Seat 4: sansisbai ($1.60 in chips) 
Seat 5: Realtor59 ($1.85 in chips) 
Seat 6: Evgeniy.Si ($1.93 in chips) 
Seat 7: Aflil1966 ($2 in chips) 
Seat 8: FLushHug4o ($0.80 in chips) 
Seat 9: Dem-41 ($1.93 in chips) 
Aflil1966: posts small blind $0.01
FLushHug4o: posts big blind $0.02
*** HOLE CARDS ***
Dealt to Dorex2007 [9c Ac]
Dem-41: folds 
waaaaaaaa: folds 
Roubyz: folds 
Dorex2007: raises $0.04 to $0.06
sansisbai: folds 
Realtor59: folds 
Evgeniy.Si: folds 
Aflil1966: folds 
FLushHug4o: folds 
Uncalled bet ($0.04) returned to Dorex2007
Dorex2007 collected $0.05 from pot
Dorex2007: doesn't show hand 
*** SUMMARY ***
Total pot $0.05 | Rake $0 
Seat 1: waaaaaaaa folded before Flop (didn't bet)
Seat 2: Roubyz folded before Flop (didn't bet)
Seat 3: Dorex2007 collected ($0.05)
Seat 4: sansisbai folded before Flop (didn't bet)
Seat 5: Realtor59 folded before Flop (didn't bet)
Seat 6: Evgeniy.Si (button) folded before Flop (didn't bet)
Seat 7: Aflil1966 (small blind) folded before Flop
Seat 8: FLushHug4o (big blind) folded before Flop
Seat 9: Dem-41 folded before Flop (didn't bet)



PokerStars Hand #227284080860:  Hold'em No Limit ($0.01/$0.02 USD) - 2021/06/02 20:02:31 PT [2021/06/02 23:02:31 ET]
Table 'Saskia III' 9-max Seat #7 is the button
Seat 1: waaaaaaaa ($3.72 in chips) 
Seat 2: Roubyz ($2.10 in chips) 
Seat 3: Dorex2007 ($2.17 in chips) 
Seat 4: sansisbai ($1.60 in chips) 
Seat 5: Realtor59 ($1.85 in chips) 
Seat 6: Evgeniy.Si ($1.93 in chips) 
Seat 7: Aflil1966 ($1.99 in chips) 
Seat 8: FLushHug4o ($0.78 in chips) 
Seat 9: Dem-41 ($1.93 in chips) 
FLushHug4o: posts small blind $0.01
Dem-41: posts big blind $0.02
*** HOLE CARDS ***
Dealt to Dorex2007 [7d Js]
waaaaaaaa: folds 
Roubyz: folds 
Dorex2007: folds 
sansisbai: raises $0.04 to $0.06
Realtor59: folds 
Evgeniy.Si: calls $0.06
Aflil1966: folds 
FLushHug4o: calls $0.05
Dem-41: folds 
*** FLOP *** [5c 5s Th]
FLushHug4o: checks 
sansisbai: bets $0.16
Evgeniy.Si: calls $0.16
FLushHug4o: folds 
*** TURN *** [5c 5s Th] [Kc]
sansisbai: bets $0.26
Evgeniy.Si: calls $0.26
*** RIVER *** [5c 5s Th Kc] [4s]
sansisbai: bets $0.38
Evgeniy.Si: calls $0.38
*** SHOW DOWN ***
sansisbai: shows [Qd Qc] (two pair, Queens and Fives)
Evgeniy.Si: mucks hand 
sansisbai collected $1.74 from pot
*** SUMMARY ***
Total pot $1.80 | Rake $0.06 
Board [5c 5s Th Kc 4s]
Seat 1: waaaaaaaa folded before Flop (didn't bet)
Seat 2: Roubyz folded before Flop (didn't bet)
Seat 3: Dorex2007 folded before Flop (didn't bet)
Seat 4: sansisbai showed [Qd Qc] and won ($1.74) with two pair, Queens and Fives
Seat 5: Realtor59 folded before Flop (didn't bet)
Seat 6: Evgeniy.Si mucked [Ah Td]
Seat 7: Aflil1966 (button) folded before Flop (didn't bet)
Seat 8: FLushHug4o (small blind) folded on the Flop
Seat 9: Dem-41 (big blind) folded before Flop



PokerStars Hand #227284101645:  Hold'em No Limit ($0.01/$0.02 USD) - 2021/06/02 20:03:26 PT [2021/06/02 23:03:26 ET]
Table 'Saskia III' 9-max Seat #8 is the button
Seat 1: waaaaaaaa ($3.72 in chips) 
Seat 2: Roubyz ($2.10 in chips) 
Seat 3: Dorex2007 ($2.17 in chips) 
Seat 4: sansisbai ($2.48 in chips) 
Seat 5: Realtor59 ($1.85 in chips) 
Seat 6: Evgeniy.Si ($1.07 in chips) 
Seat 7: Aflil1966 ($1.99 in chips) 
Seat 8: FLushHug4o ($0.72 in chips) 
Seat 9: Dem-41 ($1.91 in chips) 
Dem-41: posts small blind $0.01
waaaaaaaa: posts big blind $0.02
*** HOLE CARDS ***
Dealt to Dorex2007 [6d 3s]
Roubyz: folds 
Dorex2007: folds 
sansisbai: folds 
Realtor59: folds 
Evgeniy.Si: calls $0.02
Aflil1966: folds 
FLushHug4o: folds 
Dem-41: calls $0.01
waaaaaaaa: checks 
*** FLOP *** [5h 2d 6h]
Dem-41: checks 
waaaaaaaa: checks 
Evgeniy.Si: checks 
*** TURN *** [5h 2d 6h] [9c]
Dem-41: checks 
waaaaaaaa: checks 
Evgeniy.Si: checks 
*** RIVER *** [5h 2d 6h 9c] [5d]
Dem-41: checks 
waaaaaaaa: checks 
Evgeniy.Si: checks 
*** SHOW DOWN ***
Dem-41: shows [Ad Ts] (a pair of Fives)
waaaaaaaa: mucks hand 
Evgeniy.Si: mucks hand 
Dem-41 collected $0.06 from pot
*** SUMMARY ***
Total pot $0.06 | Rake $0 
Board [5h 2d 6h 9c 5d]
Seat 1: waaaaaaaa (big blind) mucked [4h Jc]
Seat 2: Roubyz folded before Flop (didn't bet)
Seat 3: Dorex2007 folded before Flop (didn't bet)
Seat 4: sansisbai folded before Flop (didn't bet)
Seat 5: Realtor59 folded before Flop (didn't bet)
Seat 6: Evgeniy.Si mucked [4c As]
Seat 7: Aflil1966 folded before Flop (didn't bet)
Seat 8: FLushHug4o (button) folded before Flop (didn't bet)
Seat 9: Dem-41 (small blind) showed [Ad Ts] and won ($0.06) with a pair of Fives



PokerStars Hand #227284109982:  Hold'em No Limit ($0.01/$0.02 USD) - 2021/06/02 20:04:07 PT [2021/06/02 23:04:07 ET]
Table 'Saskia III' 9-max Seat #9 is the button
Seat 1: waaaaaaaa ($3.70 in chips) 
Seat 2: Roubyz ($2.10 in chips) 
Seat 3: Dorex2007 ($2.17 in chips) 
Seat 4: sansisbai ($2.48 in chips) 
Seat 5: Realtor59 ($1.85 in chips) 
Seat 6: Evgeniy.Si ($1.05 in chips) 
Seat 7: Aflil1966 ($1.99 in chips) 
Seat 8: FLushHug4o ($0.72 in chips) 
Seat 9: Dem-41 ($1.95 in chips) 
waaaaaaaa: posts small blind $0.01
Roubyz: posts big blind $0.02
*** HOLE CARDS ***
Dealt to Dorex2007 [6d 8s]
Dorex2007: folds 
sansisbai: raises $0.04 to $0.06
Realtor59: folds 
Evgeniy.Si: folds 
Aflil1966: calls $0.06
FLushHug4o: folds 
Dem-41: folds 
waaaaaaaa: folds 
Roubyz: folds 
*** FLOP *** [Ts 7c 2h]
sansisbai: bets $0.10
Aflil1966: calls $0.10
*** TURN *** [Ts 7c 2h] [Ks]
sansisbai: checks 
Aflil1966: checks 
*** RIVER *** [Ts 7c 2h Ks] [9c]
sansisbai: checks 
Aflil1966: bets $0.17
sansisbai: folds 
Uncalled bet ($0.17) returned to Aflil1966
Aflil1966 collected $0.34 from pot
Aflil1966: doesn't show hand 
*** SUMMARY ***
Total pot $0.35 | Rake $0.01 
Board [Ts 7c 2h Ks 9c]
Seat 1: waaaaaaaa (small blind) folded before Flop
Seat 2: Roubyz (big blind) folded before Flop
Seat 3: Dorex2007 folded before Flop (didn't bet)
Seat 4: sansisbai folded on the River
Seat 5: Realtor59 folded before Flop (didn't bet)
Seat 6: Evgeniy.Si folded before Flop (didn't bet)
Seat 7: Aflil1966 collected ($0.34)
Seat 8: FLushHug4o folded before Flop (didn't bet)
Seat 9: Dem-41 (button) folded before Flop (didn't bet)



PokerStars Hand #227284121344:  Hold'em No Limit ($0.01/$0.02 USD) - 2021/06/02 20:05:04 PT [2021/06/02 23:05:04 ET]
Table 'Saskia III' 9-max Seat #1 is the button
Seat 1: waaaaaaaa ($3.69 in chips) 
Seat 2: Roubyz ($2.08 in chips) 
Seat 3: Dorex2007 ($2.17 in chips) 
Seat 4: sansisbai ($2.32 in chips) 
Seat 5: Realtor59 ($1.85 in chips) 
Seat 6: Evgeniy.Si ($1.05 in chips) 
Seat 7: Aflil1966 ($2.17 in chips) 
Seat 8: FLushHug4o ($0.72 in chips) 
Seat 9: Dem-41 ($1.95 in chips) 
Roubyz: posts small blind $0.01
Dorex2007: posts big blind $0.02
*** HOLE CARDS ***
Dealt to Dorex2007 [7s 2c]
sansisbai: folds 
Realtor59: folds 
Evgeniy.Si: folds 
Aflil1966: calls $0.02
FLushHug4o: folds 
Dem-41: folds 
waaaaaaaa: folds 
Roubyz: folds 
Dorex2007: checks 
*** FLOP *** [6s 5s 4h]
Dorex2007: checks 
Aflil1966: bets $0.05
Dorex2007: calls $0.05
*** TURN *** [6s 5s 4h] [Ts]
Dorex2007: bets $0.14
Aflil1966: calls $0.14
*** RIVER *** [6s 5s 4h Ts] [9h]
Dorex2007: bets $0.41
Aflil1966: calls $0.41
*** SHOW DOWN ***
Dorex2007: shows [7s 2c] (high card Ten)
Aflil1966: shows [4s 4d] (three of a kind, Fours)
Aflil1966 collected $1.21 from pot
*** SUMMARY ***
Total pot $1.25 | Rake $0.04 
Board [6s 5s 4h Ts 9h]
Seat 1: waaaaaaaa (button) folded before Flop (didn't bet)
Seat 2: Roubyz (small blind) folded before Flop
Seat 3: Dorex2007 (big blind) showed [7s 2c] and lost with high card Ten
Seat 4: sansisbai folded before Flop (didn't bet)
Seat 5: Realtor59 folded before Flop (didn't bet)
Seat 6: Evgeniy.Si folded before Flop (didn't bet)
Seat 7: Aflil1966 showed [4s 4d] and won ($1.21) with three of a kind, Fours
Seat 8: FLushHug4o folded before Flop (didn't bet)
Seat 9: Dem-41 folded before Flop (didn't bet)



PokerStars Hand #227284131036:  Hold'em No Limit ($0.01/$0.02 USD) - 2021/06/02 20:05:52 PT [2021/06/02 23:05:52 ET]
Table 'Saskia III' 9-max Seat #2 is the button
Seat 1: waaaaaaaa ($3.69 in chips) 
Seat 2: Roubyz ($2.07 in chips) 
Seat 3: Dorex2007 ($1.55 in chips) 
Seat 4: sansisbai ($2.32 in chips) 
Seat 5: Realtor59 ($1.85 in chips) 
Seat 6: Evgeniy.Si ($1.05 in chips) 
Seat 7: Aflil1966 ($2.76 in chips) 
Seat 8: FLushHug4o ($0.72 in chips) 
Seat 9: Dem-41 ($1.95 in chips) 
Dorex2007: posts small blind $0.01
sansisbai: posts big blind $0.02
*** HOLE CARDS ***
Dealt to Dorex2007 [3c Ks]
Realtor59: raises $0.04 to $0.06
Evgeniy.Si: folds 
Aflil1966: folds 
FLushHug4o: folds 
Dem-41: folds 
waaaaaaaa: folds 
Roubyz: folds 
Dorex2007: folds 
sansisbai: folds 
Uncalled bet ($0.04) returned to Realtor59
Realtor59 collected $0.05 from pot
Realtor59: doesn't show hand 
*** SUMMARY ***
Total pot $0.05 | Rake $0 
Seat 1: waaaaaaaa folded before Flop (didn't bet)
Seat 2: Roubyz (button) folded before Flop (didn't bet)
Seat 3: Dorex2007 (small blind) folded before Flop
Seat 4: sansisbai (big blind) folded before Flop
Seat 5: Realtor59 collected ($0.05)
Seat 6: Evgeniy.Si folded before Flop (didn't bet)
Seat 7: Aflil1966 folded before Flop (didn't bet)
Seat 8: FLushHug4o folded before Flop (didn't bet)
Seat 9: Dem-41 folded before Flop (didn't bet)



PokerStars Hand #227284135466:  Hold'em No Limit ($0.01/$0.02 USD) - 2021/06/02 20:06:14 PT [2021/06/02 23:06:14 ET]
Table 'Saskia III' 9-max Seat #3 is the button
Seat 1: waaaaaaaa ($3.69 in chips) 
Seat 2: Roubyz ($2.07 in chips) 
Seat 3: Dorex2007 ($1.54 in chips) 
Seat 4: sansisbai ($2.30 in chips) 
Seat 5: Realtor59 ($1.88 in chips) 
Seat 6: Evgeniy.Si ($1.05 in chips) 
Seat 7: Aflil1966 ($2.76 in chips) 
Seat 8: FLushHug4o ($0.72 in chips) 
Seat 9: Dem-41 ($1.95 in chips) 
sansisbai: posts small blind $0.01
Realtor59: posts big blind $0.02
*** HOLE CARDS ***
Dealt to Dorex2007 [8d 7h]
Evgeniy.Si: raises $0.02 to $0.04
Aflil1966: calls $0.04
FLushHug4o: folds 
Dem-41: folds 
waaaaaaaa: folds 
Roubyz: folds 
Dorex2007: folds 
sansisbai: folds 
Realtor59: folds 
*** FLOP *** [5h 8s Qc]
Evgeniy.Si: checks 
Aflil1966: checks 
*** TURN *** [5h 8s Qc] [Ks]
Evgeniy.Si: bets $0.06
Aflil1966: folds 
Uncalled bet ($0.06) returned to Evgeniy.Si
Evgeniy.Si collected $0.11 from pot
Evgeniy.Si: doesn't show hand 
*** SUMMARY ***
Total pot $0.11 | Rake $0 
Board [5h 8s Qc Ks]
Seat 1: waaaaaaaa folded before Flop (didn't bet)
Seat 2: Roubyz folded before Flop (didn't bet)
Seat 3: Dorex2007 (button) folded before Flop (didn't bet)
Seat 4: sansisbai (small blind) folded before Flop
Seat 5: Realtor59 (big blind) folded before Flop
Seat 6: Evgeniy.Si collected ($0.11)
Seat 7: Aflil1966 folded on the Turn
Seat 8: FLushHug4o folded before Flop (didn't bet)
Seat 9: Dem-41 folded before Flop (didn't bet)



PokerStars Hand #227284141512:  Hold'em No Limit ($0.01/$0.02 USD) - 2021/06/02 20:06:45 PT [2021/06/02 23:06:45 ET]
Table 'Saskia III' 9-max Seat #4 is the button
Seat 1: waaaaaaaa ($3.69 in chips) 
Seat 2: Roubyz ($2.07 in chips) 
Seat 3: Dorex2007 ($2 in chips) 
Seat 4: sansisbai ($2.29 in chips) 
Seat 5: Realtor59 ($1.86 in chips) 
Seat 6: Evgeniy.Si ($1.12 in chips) 
Seat 7: Aflil1966 ($2.72 in chips) 
Seat 8: FLushHug4o ($0.72 in chips) 
Seat 9: Dem-41 ($1.95 in chips) 
Realtor59: posts small blind $0.01
Evgeniy.Si: posts big blind $0.02
*** HOLE CARDS ***
Dealt to Dorex2007 [9c 3c]
Aflil1966: folds 
FLushHug4o has timed out
FLushHug4o: folds 
Dem-41: folds 
waaaaaaaa: folds 
Roubyz: folds 
Dorex2007: folds 
sansisbai: folds 
Realtor59: folds 
Uncalled bet ($0.01) returned to Evgeniy.Si
Evgeniy.Si collected $0.02 from pot
*** SUMMARY ***
Total pot $0.02 | Rake $0 
Seat 1: waaaaaaaa folded before Flop (didn't bet)
Seat 2: Roubyz folded before Flop (didn't bet)
Seat 3: Dorex2007 folded before Flop (didn't bet)
Seat 4: sansisbai (button) folded before Flop (didn't bet)
Seat 5: Realtor59 (small blind) folded before Flop
Seat 6: Evgeniy.Si (big blind) collected ($0.02)
Seat 7: Aflil1966 folded before Flop (didn't bet)
Seat 8: FLushHug4o folded before Flop (didn't bet)
Seat 9: Dem-41 folded before Flop (didn't bet)



PokerStars Hand #227284145833:  Hold'em No Limit ($0.01/$0.02 USD) - 2021/06/02 20:07:07 PT [2021/06/02 23:07:07 ET]
Table 'Saskia III' 9-max Seat #5 is the button
Seat 1: waaaaaaaa ($3.69 in chips) 
Seat 2: Roubyz ($2.07 in chips) 
Seat 3: Dorex2007 ($2 in chips) 
Seat 4: sansisbai ($2.29 in chips) 
Seat 5: Realtor59 ($1.85 in chips) 
Seat 6: Evgeniy.Si ($1.13 in chips) 
Seat 7: Aflil1966 ($2.72 in chips) 
Seat 8: FLushHug4o ($0.72 in chips) 
Seat 9: Dem-41 ($1.95 in chips) 
Evgeniy.Si: posts small blind $0.01
Aflil1966: posts big blind $0.02
*** HOLE CARDS ***
Dealt to Dorex2007 [5c Jh]
FLushHug4o: folds 
Dem-41: folds 
waaaaaaaa: folds 
Roubyz: folds 
Dorex2007: folds 
sansisbai: folds 
Realtor59: raises $0.04 to $0.06
Evgeniy.Si: folds 
Aflil1966: folds 
Uncalled bet ($0.04) returned to Realtor59
Realtor59 collected $0.05 from pot
Realtor59: doesn't show hand 
*** SUMMARY ***
Total pot $0.05 | Rake $0 
Seat 1: waaaaaaaa folded before Flop (didn't bet)
Seat 2: Roubyz folded before Flop (didn't bet)
Seat 3: Dorex2007 folded before Flop (didn't bet)
Seat 4: sansisbai folded before Flop (didn't bet)
Seat 5: Realtor59 (button) collected ($0.05)
Seat 6: Evgeniy.Si (small blind) folded before Flop
Seat 7: Aflil1966 (big blind) folded before Flop
Seat 8: FLushHug4o folded before Flop (didn't bet)
Seat 9: Dem-41 folded before Flop (didn't bet)



PokerStars Hand #227284149507:  Hold'em No Limit ($0.01/$0.02 USD) - 2021/06/02 20:07:26 PT [2021/06/02 23:07:26 ET]
Table 'Saskia III' 9-max Seat #6 is the button
Seat 1: waaaaaaaa ($3.69 in chips) 
Seat 2: Roubyz ($2.07 in chips) 
Seat 3: Dorex2007 ($2 in chips) 
Seat 4: sansisbai ($2.29 in chips) 
Seat 5: Realtor59 ($1.88 in chips) 
Seat 6: Evgeniy.Si ($1.12 in chips) 
Seat 7: Aflil1966 ($2.70 in chips) 
Seat 8: FLushHug4o ($0.72 in chips) 
Seat 9: Dem-41 ($1.95 in chips) 
Aflil1966: posts small blind $0.01
FLushHug4o: posts big blind $0.02
*** HOLE CARDS ***
Dealt to Dorex2007 [2d 3h]
Dem-41: folds 
waaaaaaaa: raises $0.04 to $0.06
Roubyz: folds 
Dorex2007: folds 
sansisbai: folds 
Realtor59: folds 
Evgeniy.Si: calls $0.06
Aflil1966: folds 
FLushHug4o: calls $0.04
*** FLOP *** [4d Kc 8s]
FLushHug4o: checks 
waaaaaaaa: bets $0.10
Evgeniy.Si: calls $0.10
FLushHug4o: calls $0.10
*** TURN *** [4d Kc 8s] [Qs]
FLushHug4o: checks 
waaaaaaaa: checks 
Evgeniy.Si: bets $0.20
FLushHug4o: folds 
waaaaaaaa: raises $0.44 to $0.64
Evgeniy.Si: raises $0.32 to $0.96 and is all-in
waaaaaaaa: calls $0.32
*** RIVER *** [4d Kc 8s Qs] [Kd]
*** SHOW DOWN ***
waaaaaaaa: shows [Ah Ac] (two pair, Aces and Kings)
Evgeniy.Si: shows [Ks Qc] (a full house, Kings full of Queens)
Evgeniy.Si collected $2.33 from pot
*** SUMMARY ***
Total pot $2.41 | Rake $0.08 
Board [4d Kc 8s Qs Kd]
Seat 1: waaaaaaaa showed [Ah Ac] and lost with two pair, Aces and Kings
Seat 2: Roubyz folded before Flop (didn't bet)
Seat 3: Dorex2007 folded before Flop (didn't bet)
Seat 4: sansisbai folded before Flop (didn't bet)
Seat 5: Realtor59 folded before Flop (didn't bet)
Seat 6: Evgeniy.Si (button) showed [Ks Qc] and won ($2.33) with a full house, Kings full of Queens
Seat 7: Aflil1966 (small blind) folded before Flop
Seat 8: FLushHug4o (big blind) folded on the Turn
Seat 9: Dem-41 folded before Flop (didn't bet)



PokerStars Hand #227284164970:  Hold'em No Limit ($0.01/$0.02 USD) - 2021/06/02 20:08:44 PT [2021/06/02 23:08:44 ET]
Table 'Saskia III' 9-max Seat #7 is the button
Seat 1: waaaaaaaa ($2.57 in chips) 
Seat 2: Roubyz ($2.07 in chips) 
Seat 3: Dorex2007 ($2 in chips) 
Seat 4: sansisbai ($2.29 in chips) 
Seat 5: Realtor59 ($1.88 in chips) 
Seat 6: Evgeniy.Si ($2.33 in chips) 
Seat 7: Aflil1966 ($2.69 in chips) 
Seat 8: FLushHug4o ($0.56 in chips) 
Seat 9: Dem-41 ($1.95 in chips) 
FLushHug4o: posts small blind $0.01
Dem-41: posts big blind $0.02
*** HOLE CARDS ***
Dealt to Dorex2007 [Jd Kc]
waaaaaaaa: folds 
Roubyz: folds 
Dorex2007: folds 
sansisbai: folds 
Realtor59: folds 
Evgeniy.Si: calls $0.02
Aflil1966: folds 
FLushHug4o: calls $0.01
Dem-41: checks 
*** FLOP *** [8s 4s Ks]
FLushHug4o: checks 
Dem-41: bets $0.02
Evgeniy.Si: calls $0.02
FLushHug4o: calls $0.02
*** TURN *** [8s 4s Ks] [8c]
FLushHug4o: checks 
Dem-41: bets $0.10
Evgeniy.Si: folds 
FLushHug4o: calls $0.10
*** RIVER *** [8s 4s Ks 8c] [Qd]
FLushHug4o: checks 
Dem-41: bets $0.16
FLushHug4o: folds 
Uncalled bet ($0.16) returned to Dem-41
Dem-41 collected $0.31 from pot
Dem-41: doesn't show hand 
*** SUMMARY ***
Total pot $0.32 | Rake $0.01 
Board [8s 4s Ks 8c Qd]
Seat 1: waaaaaaaa folded before Flop (didn't bet)
Seat 2: Roubyz folded before Flop (didn't bet)
Seat 3: Dorex2007 folded before Flop (didn't bet)
Seat 4: sansisbai folded before Flop (didn't bet)
Seat 5: Realtor59 folded before Flop (didn't bet)
Seat 6: Evgeniy.Si folded on the Turn
Seat 7: Aflil1966 (button) folded before Flop (didn't bet)
Seat 8: FLushHug4o (small blind) folded on the River
Seat 9: Dem-41 (big blind) collected ($0.31)



PokerStars Hand #227284177846:  Hold'em No Limit ($0.01/$0.02 USD) - 2021/06/02 20:09:35 PT [2021/06/02 23:09:35 ET]
Table 'Saskia III' 9-max Seat #8 is the button
Seat 1: waaaaaaaa ($2.57 in chips) 
Seat 2: Roubyz ($2.07 in chips) 
Seat 3: Dorex2007 ($2 in chips) 
Seat 4: sansisbai ($2.29 in chips) 
Seat 5: Realtor59 ($1.88 in chips) 
Seat 6: Evgeniy.Si ($2.29 in chips) 
Seat 7: Aflil1966 ($2.69 in chips) 
Seat 8: FLushHug4o ($0.42 in chips) 
Seat 9: Dem-41 ($2.12 in chips) 
Dem-41: posts small blind $0.01
waaaaaaaa: posts big blind $0.02
*** HOLE CARDS ***
Dealt to Dorex2007 [9h Td]
Roubyz: folds 
Dorex2007: folds 
sansisbai: folds 
Realtor59: folds 
Evgeniy.Si: folds 
Aflil1966: folds 
FLushHug4o: raises $0.04 to $0.06
Dem-41: folds 
waaaaaaaa: folds 
Uncalled bet ($0.04) returned to FLushHug4o
FLushHug4o collected $0.05 from pot
*** SUMMARY ***
Total pot $0.05 | Rake $0 
Seat 1: waaaaaaaa (big blind) folded before Flop
Seat 2: Roubyz folded before Flop (didn't bet)
Seat 3: Dorex2007 folded before Flop (didn't bet)
Seat 4: sansisbai folded before Flop (didn't bet)
Seat 5: Realtor59 folded before Flop (didn't bet)
Seat 6: Evgeniy.Si folded before Flop (didn't bet)
Seat 7: Aflil1966 folded before Flop (didn't bet)
Seat 8: FLushHug4o (button) collected ($0.05)
Seat 9: Dem-41 (small blind) folded before Flop



PokerStars Hand #227284183574:  Hold'em No Limit ($0.01/$0.02 USD) - 2021/06/02 20:10:03 PT [2021/06/02 23:10:03 ET]
Table 'Saskia III' 9-max Seat #9 is the button
Seat 1: waaaaaaaa ($2.55 in chips) 
Seat 2: Roubyz ($2.07 in chips) 
Seat 3: Dorex2007 ($2 in chips) 
Seat 4: sansisbai ($2.29 in chips) 
Seat 5: Realtor59 ($1.88 in chips) 
Seat 6: Evgeniy.Si ($2.29 in chips) 
Seat 7: Aflil1966 ($2.69 in chips) 
Seat 8: FLushHug4o ($0.45 in chips) 
Seat 9: Dem-41 ($2.11 in chips) 
waaaaaaaa: posts small blind $0.01
Roubyz: posts big blind $0.02
*** HOLE CARDS ***
Dealt to Dorex2007 [Ah Kh]
Dorex2007: raises $0.02 to $0.04
sansisbai: folds 
Realtor59: folds 
Evgeniy.Si: folds 
Aflil1966: folds 
FLushHug4o: folds 
Dem-41: calls $0.04
waaaaaaaa: folds 
Roubyz: folds 
*** FLOP *** [Kd Kc 3d]
Dorex2007: checks 
Dem-41: checks 
*** TURN *** [Kd Kc 3d] [Jc]
Dorex2007: checks 
Dem-41: checks 
*** RIVER *** [Kd Kc 3d Jc] [2d]
Dorex2007: bets $0.11
Dem-41: folds 
Uncalled bet ($0.11) returned to Dorex2007
Dorex2007 collected $0.11 from pot
Dorex2007: doesn't show hand 
*** SUMMARY ***
Total pot $0.11 | Rake $0 
Board [Kd Kc 3d Jc 2d]
Seat 1: waaaaaaaa (small blind) folded before Flop
Seat 2: Roubyz (big blind) folded before Flop
Seat 3: Dorex2007 collected ($0.11)
Seat 4: sansisbai folded before Flop (didn't bet)
Seat 5: Realtor59 folded before Flop (didn't bet)
Seat 6: Evgeniy.Si folded before Flop (didn't bet)
Seat 7: Aflil1966 folded before Flop (didn't bet)
Seat 8: FLushHug4o folded before Flop (didn't bet)
Seat 9: Dem-41 (button) folded on the River



PokerStars Hand #227284191104:  Hold'em No Limit ($0.01/$0.02 USD) - 2021/06/02 20:10:42 PT [2021/06/02 23:10:42 ET]
Table 'Saskia III' 9-max Seat #1 is the button
Seat 1: waaaaaaaa ($2.54 in chips) 
Seat 2: Roubyz ($2.05 in chips) 
Seat 3: Dorex2007 ($2.07 in chips) 
Seat 4: sansisbai ($2.29 in chips) 
Seat 5: Realtor59 ($1.88 in chips) 
Seat 6: Evgeniy.Si ($2.29 in chips) 
Seat 7: Aflil1966 ($2.69 in chips) 
Seat 9: Dem-41 ($2.07 in chips) 
Roubyz: posts small blind $0.01
Dorex2007: posts big blind $0.02
*** HOLE CARDS ***
Dealt to Dorex2007 [4d Kc]
sansisbai: folds 
Realtor59: raises $0.04 to $0.06
Evgeniy.Si: folds 
Aflil1966: folds 
Dem-41: folds 
waaaaaaaa: calls $0.06
Roubyz: folds 
Dorex2007: folds 
*** FLOP *** [As 2s Qd]
Realtor59: bets $0.06
waaaaaaaa: folds 
Uncalled bet ($0.06) returned to Realtor59
Realtor59 collected $0.14 from pot
Realtor59: doesn't show hand 
*** SUMMARY ***
Total pot $0.15 | Rake $0.01 
Board [As 2s Qd]
Seat 1: waaaaaaaa (button) folded on the Flop
Seat 2: Roubyz (small blind) folded before Flop
Seat 3: Dorex2007 (big blind) folded before Flop
Seat 4: sansisbai folded before Flop (didn't bet)
Seat 5: Realtor59 collected ($0.14)
Seat 6: Evgeniy.Si folded before Flop (didn't bet)
Seat 7: Aflil1966 folded before Flop (didn't bet)
Seat 9: Dem-41 folded before Flop (didn't bet)



PokerStars Hand #227284195981:  Hold'em No Limit ($0.01/$0.02 USD) - 2021/06/02 20:11:07 PT [2021/06/02 23:11:07 ET]
Table 'Saskia III' 9-max Seat #2 is the button
Seat 1: waaaaaaaa ($2.48 in chips) 
Seat 2: Roubyz ($2.04 in chips) 
Seat 3: Dorex2007 ($2.05 in chips) 
Seat 4: sansisbai ($2.29 in chips) 
Seat 5: Realtor59 ($1.96 in chips) 
Seat 6: Evgeniy.Si ($2.29 in chips) 
Seat 7: Aflil1966 ($2.69 in chips) 
Seat 9: Dem-41 ($2.07 in chips) 
Dorex2007: posts small blind $0.01
sansisbai: posts big blind $0.02
*** HOLE CARDS ***
Dealt to Dorex2007 [7s Js]
Realtor59: folds 
Evgeniy.Si: folds 
Aflil1966: folds 
Dem-41: folds 
waaaaaaaa: folds 
Roubyz: folds 
Dorex2007: calls $0.01
sansisbai: checks 
*** FLOP *** [2c 6c Th]
Dorex2007: checks 
sansisbai: bets $0.04
Dorex2007: folds 
Uncalled bet ($0.04) returned to sansisbai
sansisbai collected $0.04 from pot
sansisbai: doesn't show hand 
*** SUMMARY ***
Total pot $0.04 | Rake $0 
Board [2c 6c Th]
Seat 1: waaaaaaaa folded before Flop (didn't bet)
Seat 2: Roubyz (button) folded before Flop (didn't bet)
Seat 3: Dorex2007 (small blind) folded on the Flop
Seat 4: sansisbai (big blind) collected ($0.04)
Seat 5: Realtor59 folded before Flop (didn't bet)
Seat 6: Evgeniy.Si folded before Flop (didn't bet)
Seat 7: Aflil1966 folded before Flop (didn't bet)
Seat 9: Dem-41 folded before Flop (didn't bet)



PokerStars Hand #227284200935:  Hold'em No Limit ($0.01/$0.02 USD) - 2021/06/02 20:11:31 PT [2021/06/02 23:11:31 ET]
Table 'Saskia III' 9-max Seat #3 is the button
Seat 1: waaaaaaaa ($2.48 in chips) 
Seat 2: Roubyz ($2.04 in chips) 
Seat 3: Dorex2007 ($2.03 in chips) 
Seat 4: sansisbai ($2.31 in chips) 
Seat 5: Realtor59 ($1.96 in chips) 
Seat 6: Evgeniy.Si ($2.29 in chips) 
Seat 7: Aflil1966 ($2.69 in chips) 
Seat 9: Dem-41 ($2.07 in chips) 
sansisbai: posts small blind $0.01
Realtor59: posts big blind $0.02
*** HOLE CARDS ***
Dealt to Dorex2007 [6c 7c]
Evgeniy.Si: folds 
Aflil1966: folds 
Dem-41: calls $0.02
waaaaaaaa: raises $0.04 to $0.06
Roubyz: raises $0.17 to $0.23
Dorex2007: folds 
sansisbai: folds 
Realtor59: folds 
Dem-41: folds 
waaaaaaaa: folds 
Uncalled bet ($0.17) returned to Roubyz
Roubyz collected $0.17 from pot
Roubyz: doesn't show hand 
*** SUMMARY ***
Total pot $0.17 | Rake $0 
Seat 1: waaaaaaaa folded before Flop
Seat 2: Roubyz collected ($0.17)
Seat 3: Dorex2007 (button) folded before Flop (didn't bet)
Seat 4: sansisbai (small blind) folded before Flop
Seat 5: Realtor59 (big blind) folded before Flop
Seat 6: Evgeniy.Si folded before Flop (didn't bet)
Seat 7: Aflil1966 folded before Flop (didn't bet)
Seat 9: Dem-41 folded before Flop



PokerStars Hand #227284206478:  Hold'em No Limit ($0.01/$0.02 USD) - 2021/06/02 20:11:59 PT [2021/06/02 23:11:59 ET]
Table 'Saskia III' 9-max Seat #4 is the button
Seat 1: waaaaaaaa ($2.42 in chips) 
Seat 2: Roubyz ($2.15 in chips) 
Seat 3: Dorex2007 ($2.03 in chips) 
Seat 4: sansisbai ($2.30 in chips) 
Seat 5: Realtor59 ($1.94 in chips) 
Seat 6: Evgeniy.Si ($2.29 in chips) 
Seat 7: Aflil1966 ($2.69 in chips) 
Seat 9: Dem-41 ($2.05 in chips) 
Realtor59: posts small blind $0.01
Evgeniy.Si: posts big blind $0.02
*** HOLE CARDS ***
Dealt to Dorex2007 [Qs 7h]
Aflil1966: folds 
Dem-41: folds 
waaaaaaaa: raises $0.04 to $0.06
Roubyz: folds 
Dorex2007: folds 
sansisbai: folds 
Realtor59: folds 
Evgeniy.Si: folds 
Uncalled bet ($0.04) returned to waaaaaaaa
waaaaaaaa collected $0.05 from pot
waaaaaaaa: doesn't show hand 
*** SUMMARY ***
Total pot $0.05 | Rake $0 
Seat 1: waaaaaaaa collected ($0.05)
Seat 2: Roubyz folded before Flop (didn't bet)
Seat 3: Dorex2007 folded before Flop (didn't bet)
Seat 4: sansisbai (button) folded before Flop (didn't bet)
Seat 5: Realtor59 (small blind) folded before Flop
Seat 6: Evgeniy.Si (big blind) folded before Flop
Seat 7: Aflil1966 folded before Flop (didn't bet)
Seat 9: Dem-41 folded before Flop (didn't bet)



PokerStars Hand #227284209454:  Hold'em No Limit ($0.01/$0.02 USD) - 2021/06/02 20:12:14 PT [2021/06/02 23:12:14 ET]
Table 'Saskia III' 9-max Seat #5 is the button
Seat 1: waaaaaaaa ($2.45 in chips) 
Seat 2: Roubyz ($2.15 in chips) 
Seat 3: Dorex2007 ($2.03 in chips) 
Seat 4: sansisbai ($2.30 in chips) 
Seat 5: Realtor59 ($1.93 in chips) 
Seat 6: Evgeniy.Si ($2.27 in chips) 
Seat 7: Aflil1966 ($2.69 in chips) 
Seat 9: Dem-41 ($2.05 in chips) 
Evgeniy.Si: posts small blind $0.01
Aflil1966: posts big blind $0.02
*** HOLE CARDS ***
Dealt to Dorex2007 [5s 9h]
Dem-41: folds 
waaaaaaaa: folds 
Roubyz: folds 
Dorex2007: folds 
sansisbai: folds 
Realtor59: raises $0.04 to $0.06
Evgeniy.Si: calls $0.05
Aflil1966: folds 
*** FLOP *** [3d 8d 5d]
Evgeniy.Si: checks 
Realtor59: checks 
*** TURN *** [3d 8d 5d] [8c]
Evgeniy.Si: checks 
Realtor59: bets $0.12
Evgeniy.Si: calls $0.12
*** RIVER *** [3d 8d 5d 8c] [Td]
Evgeniy.Si: bets $0.19
Realtor59: folds 
Uncalled bet ($0.19) returned to Evgeniy.Si
Evgeniy.Si collected $0.37 from pot
Evgeniy.Si: doesn't show hand 
*** SUMMARY ***
Total pot $0.38 | Rake $0.01 
Board [3d 8d 5d 8c Td]
Seat 1: waaaaaaaa folded before Flop (didn't bet)
Seat 2: Roubyz folded before Flop (didn't bet)
Seat 3: Dorex2007 folded before Flop (didn't bet)
Seat 4: sansisbai folded before Flop (didn't bet)
Seat 5: Realtor59 (button) folded on the River
Seat 6: Evgeniy.Si (small blind) collected ($0.37)
Seat 7: Aflil1966 (big blind) folded before Flop
Seat 9: Dem-41 folded before Flop (didn't bet)



PokerStars Hand #227284219449:  Hold'em No Limit ($0.01/$0.02 USD) - 2021/06/02 20:13:04 PT [2021/06/02 23:13:04 ET]
Table 'Saskia III' 9-max Seat #6 is the button
Seat 1: waaaaaaaa ($2.45 in chips) 
Seat 2: Roubyz ($2.15 in chips) 
Seat 3: Dorex2007 ($2.03 in chips) 
Seat 4: sansisbai ($2.30 in chips) 
Seat 5: Realtor59 ($1.75 in chips) 
Seat 6: Evgeniy.Si ($2.46 in chips) 
Seat 7: Aflil1966 ($2.67 in chips) 
Seat 9: Dem-41 ($2.05 in chips) 
Aflil1966: posts small blind $0.01
Dem-41: posts big blind $0.02
*** HOLE CARDS ***
Dealt to Dorex2007 [2d Ah]
waaaaaaaa: folds 
Roubyz: folds 
Dorex2007: folds 
sansisbai: folds 
Realtor59: folds 
Evgeniy.Si: calls $0.02
Aflil1966: folds 
Dem-41: checks 
*** FLOP *** [4h 7c 6h]
Dem-41: checks 
Evgeniy.Si: checks 
*** TURN *** [4h 7c 6h] [7d]
Dem-41: checks 
Evgeniy.Si: checks 
*** RIVER *** [4h 7c 6h 7d] [Qh]
Dem-41: checks 
Evgeniy.Si: bets $0.02
Dem-41: folds 
Uncalled bet ($0.02) returned to Evgeniy.Si
Evgeniy.Si collected $0.05 from pot
Evgeniy.Si: doesn't show hand 
*** SUMMARY ***
Total pot $0.05 | Rake $0 
Board [4h 7c 6h 7d Qh]
Seat 1: waaaaaaaa folded before Flop (didn't bet)
Seat 2: Roubyz folded before Flop (didn't bet)
Seat 3: Dorex2007 folded before Flop (didn't bet)
Seat 4: sansisbai folded before Flop (didn't bet)
Seat 5: Realtor59 folded before Flop (didn't bet)
Seat 6: Evgeniy.Si (button) collected ($0.05)
Seat 7: Aflil1966 (small blind) folded before Flop
Seat 9: Dem-41 (big blind) folded on the River



PokerStars Hand #227284226100:  Hold'em No Limit ($0.01/$0.02 USD) - 2021/06/02 20:13:38 PT [2021/06/02 23:13:38 ET]
Table 'Saskia III' 9-max Seat #7 is the button
Seat 1: waaaaaaaa ($2.45 in chips) 
Seat 2: Roubyz ($2.15 in chips) 
Seat 3: Dorex2007 ($2.03 in chips) 
Seat 4: sansisbai ($2.30 in chips) 
Seat 5: Realtor59 ($1.75 in chips) 
Seat 6: Evgeniy.Si ($2.49 in chips) 
Seat 7: Aflil1966 ($2.66 in chips) 
Seat 9: Dem-41 ($2.03 in chips) 
Dem-41: posts small blind $0.01
waaaaaaaa: posts big blind $0.02
*** HOLE CARDS ***
Dealt to Dorex2007 [9c 9s]
Roubyz: folds 
Dorex2007: raises $0.04 to $0.06
sansisbai: folds 
Realtor59: folds 
Evgeniy.Si: folds 
Aflil1966: folds 
Dem-41: calls $0.05
waaaaaaaa: folds 
*** FLOP *** [Ah Qh 6d]
Dem-41: bets $0.07
Dorex2007: calls $0.07
*** TURN *** [Ah Qh 6d] [7h]
Dem-41: checks 
Dorex2007: bets $0.14
Dem-41: calls $0.14
*** RIVER *** [Ah Qh 6d 7h] [9h]
Dem-41: checks 
Dorex2007: checks 
*** SHOW DOWN ***
Dem-41: shows [Jd Ac] (a pair of Aces)
Dorex2007: shows [9c 9s] (three of a kind, Nines)
Dorex2007 collected $0.54 from pot
*** SUMMARY ***
Total pot $0.56 | Rake $0.02 
Board [Ah Qh 6d 7h 9h]
Seat 1: waaaaaaaa (big blind) folded before Flop
Seat 2: Roubyz folded before Flop (didn't bet)
Seat 3: Dorex2007 showed [9c 9s] and won ($0.54) with three of a kind, Nines
Seat 4: sansisbai folded before Flop (didn't bet)
Seat 5: Realtor59 folded before Flop (didn't bet)
Seat 6: Evgeniy.Si folded before Flop (didn't bet)
Seat 7: Aflil1966 (button) folded before Flop (didn't bet)
Seat 9: Dem-41 (small blind) showed [Jd Ac] and lost with a pair of Aces



PokerStars Hand #227284233447:  Hold'em No Limit ($0.01/$0.02 USD) - 2021/06/02 20:14:16 PT [2021/06/02 23:14:16 ET]
Table 'Saskia III' 9-max Seat #9 is the button
Seat 1: waaaaaaaa ($2.43 in chips) 
Seat 2: Roubyz ($2.15 in chips) 
Seat 3: Dorex2007 ($2.30 in chips) 
Seat 4: sansisbai ($2.30 in chips) 
Seat 5: Realtor59 ($1.75 in chips) 
Seat 6: Evgeniy.Si ($2.49 in chips) 
Seat 7: Aflil1966 ($2.66 in chips) 
Seat 9: Dem-41 ($1.76 in chips) 
waaaaaaaa: posts small blind $0.01
Roubyz: posts big blind $0.02
*** HOLE CARDS ***
Dealt to Dorex2007 [5c Jh]
Dorex2007: folds 
sansisbai: folds 
Realtor59: folds 
Evgeniy.Si: folds 
Aflil1966: folds 
Dem-41: folds 
waaaaaaaa: raises $0.04 to $0.06
Roubyz: calls $0.04
*** FLOP *** [Ac Kc 2h]
waaaaaaaa: bets $0.08
Roubyz: calls $0.08
*** TURN *** [Ac Kc 2h] [9s]
waaaaaaaa: checks 
Roubyz: checks 
*** RIVER *** [Ac Kc 2h 9s] [3s]
waaaaaaaa: bets $0.12
Roubyz: raises $0.30 to $0.42
waaaaaaaa: raises $1.87 to $2.29 and is all-in
Roubyz: calls $1.59 and is all-in
Uncalled bet ($0.28) returned to waaaaaaaa
*** SHOW DOWN ***
waaaaaaaa: shows [Kh 9c] (two pair, Kings and Nines)
Roubyz: shows [3d Ah] (two pair, Aces and Threes)
Roubyz collected $4.15 from pot
*** SUMMARY ***
Total pot $4.30 | Rake $0.15 
Board [Ac Kc 2h 9s 3s]
Seat 1: waaaaaaaa (small blind) showed [Kh 9c] and lost with two pair, Kings and Nines
Seat 2: Roubyz (big blind) showed [3d Ah] and won ($4.15) with two pair, Aces and Threes
Seat 3: Dorex2007 folded before Flop (didn't bet)
Seat 4: sansisbai folded before Flop (didn't bet)
Seat 5: Realtor59 folded before Flop (didn't bet)
Seat 6: Evgeniy.Si folded before Flop (didn't bet)
Seat 7: Aflil1966 folded before Flop (didn't bet)
Seat 9: Dem-41 (button) folded before Flop (didn't bet)



PokerStars Hand #227284247865:  Hold'em No Limit ($0.01/$0.02 USD) - 2021/06/02 20:15:18 PT [2021/06/02 23:15:18 ET]
Table 'Saskia III' 9-max Seat #1 is the button
Seat 1: waaaaaaaa ($2 in chips) 
Seat 2: Roubyz ($4.15 in chips) 
Seat 3: Dorex2007 ($2.30 in chips) 
Seat 4: sansisbai ($2.30 in chips) 
Seat 5: Realtor59 ($1.75 in chips) 
Seat 6: Evgeniy.Si ($2.49 in chips) 
Seat 7: Aflil1966 ($2.66 in chips) 
Seat 9: Dem-41 ($1.76 in chips) 
Roubyz: posts small blind $0.01
Dorex2007: posts big blind $0.02
*** HOLE CARDS ***
Dealt to Dorex2007 [Qs 5s]
sansisbai: folds 
Realtor59: raises $0.04 to $0.06
Evgeniy.Si: folds 
Aflil1966: folds 
Dem-41: folds 
waaaaaaaa: folds 
Roubyz: folds 
Dorex2007: folds 
Uncalled bet ($0.04) returned to Realtor59
Realtor59 collected $0.05 from pot
Realtor59: doesn't show hand 
*** SUMMARY ***
Total pot $0.05 | Rake $0 
Seat 1: waaaaaaaa (button) folded before Flop (didn't bet)
Seat 2: Roubyz (small blind) folded before Flop
Seat 3: Dorex2007 (big blind) folded before Flop
Seat 4: sansisbai folded before Flop (didn't bet)
Seat 5: Realtor59 collected ($0.05)
Seat 6: Evgeniy.Si folded before Flop (didn't bet)
Seat 7: Aflil1966 folded before Flop (didn't bet)
Seat 9: Dem-41 folded before Flop (didn't bet)



PokerStars Hand #227284251833:  Hold'em No Limit ($0.01/$0.02 USD) - 2021/06/02 20:15:38 PT [2021/06/02 23:15:38 ET]
Table 'Saskia III' 9-max Seat #2 is the button
Seat 1: waaaaaaaa ($2 in chips) 
Seat 2: Roubyz ($4.14 in chips) 
Seat 3: Dorex2007 ($2.28 in chips) 
Seat 4: sansisbai ($2.30 in chips) 
Seat 5: Realtor59 ($1.78 in chips) 
Seat 6: Evgeniy.Si ($2.49 in chips) 
Seat 7: Aflil1966 ($2.66 in chips) 
Seat 9: Dem-41 ($1.76 in chips) 
Dorex2007: posts small blind $0.01
sansisbai: posts big blind $0.02
*** HOLE CARDS ***
Dealt to Dorex2007 [8d 8s]
Realtor59: folds 
Evgeniy.Si: folds 
Aflil1966: folds 
Dem-41: folds 
waaaaaaaa has timed out
waaaaaaaa: folds 
Roubyz: folds 
Dorex2007: raises $0.02 to $0.04
sansisbai: calls $0.02
*** FLOP *** [8c Qd 7d]
Dorex2007: checks 
sansisbai: bets $0.08
Dorex2007: raises $0.08 to $0.16
sansisbai: calls $0.08
*** TURN *** [8c Qd 7d] [Tc]
Dorex2007: bets $0.39
sansisbai: raises $1.71 to $2.10 and is all-in
Dorex2007: calls $1.69 and is all-in
Uncalled bet ($0.02) returned to sansisbai
*** RIVER *** [8c Qd 7d Tc] [Ad]
*** SHOW DOWN ***
Dorex2007: shows [8d 8s] (three of a kind, Eights)
sansisbai: shows [Kc Qc] (a pair of Queens)
Dorex2007 cashed out the hand for $3.57 | Cash Out Fee $0.04
sansisbai cashed out the hand for $0.78 | Cash Out Fee $0.01
*** SUMMARY ***
Total pot $4.56 | Rake $0.16 
Board [8c Qd 7d Tc Ad]
Seat 1: waaaaaaaa folded before Flop (didn't bet)
Seat 2: Roubyz (button) folded before Flop (didn't bet)
Seat 3: Dorex2007 (small blind) showed [8d 8s] and won ($4.40) with three of a kind, Eights (pot not awarded as player cashed out)
Seat 4: sansisbai (big blind) showed [Kc Qc] and lost with a pair of Queens (cashed out).
Seat 5: Realtor59 folded before Flop (didn't bet)
Seat 6: Evgeniy.Si folded before Flop (didn't bet)
Seat 7: Aflil1966 folded before Flop (didn't bet)
Seat 9: Dem-41 folded before Flop (didn't bet)



PokerStars Hand #227284264912:  Hold'em No Limit ($0.01/$0.02 USD) - 2021/06/02 20:16:43 PT [2021/06/02 23:16:43 ET]
Table 'Saskia III' 9-max Seat #3 is the button
Seat 1: waaaaaaaa ($2 in chips) 
Seat 2: Roubyz ($4.14 in chips) 
Seat 3: Dorex2007 ($3.57 in chips) 
Seat 4: sansisbai ($0.80 in chips) 
Seat 5: Realtor59 ($1.78 in chips) 
Seat 6: Evgeniy.Si ($2.49 in chips) 
Seat 7: Aflil1966 ($2.66 in chips) 
Seat 9: Dem-41 ($1.76 in chips) 
sansisbai: posts small blind $0.01
Realtor59: posts big blind $0.02
*** HOLE CARDS ***
Dealt to Dorex2007 [Tc Kd]
Evgeniy.Si: folds 
Aflil1966: folds 
Dem-41: calls $0.02
waaaaaaaa: raises $0.06 to $0.08
Roubyz: raises $0.18 to $0.26
Dorex2007: folds 
sansisbai: folds 
Realtor59: folds 
Dem-41: calls $0.24
waaaaaaaa: calls $0.18
*** FLOP *** [7c 5d Th]
Dem-41: checks 
waaaaaaaa: checks 
Roubyz: checks 
*** TURN *** [7c 5d Th] [6c]
Dem-41: checks 
waaaaaaaa: bets $0.59
Roubyz: folds 
Dem-41: calls $0.59
*** RIVER *** [7c 5d Th 6c] [9h]
Dem-41: checks 
waaaaaaaa: checks 
*** SHOW DOWN ***
Dem-41: shows [Ac Jc] (high card Ace)
waaaaaaaa: shows [3c 5c] (a pair of Fives)
waaaaaaaa collected $1.92 from pot
*** SUMMARY ***
Total pot $1.99 | Rake $0.07 
Board [7c 5d Th 6c 9h]
Seat 1: waaaaaaaa showed [3c 5c] and won ($1.92) with a pair of Fives
Seat 2: Roubyz folded on the Turn
Seat 3: Dorex2007 (button) folded before Flop (didn't bet)
Seat 4: sansisbai (small blind) folded before Flop
Seat 5: Realtor59 (big blind) folded before Flop
Seat 6: Evgeniy.Si folded before Flop (didn't bet)
Seat 7: Aflil1966 folded before Flop (didn't bet)
Seat 9: Dem-41 showed [Ac Jc] and lost with high card Ace



PokerStars Hand #227284281696:  Hold'em No Limit ($0.01/$0.02 USD) - 2021/06/02 20:18:08 PT [2021/06/02 23:18:08 ET]
Table 'Saskia III' 9-max Seat #4 is the button
Seat 1: waaaaaaaa ($3.07 in chips) 
Seat 2: Roubyz ($3.88 in chips) 
Seat 3: Dorex2007 ($3.57 in chips) 
Seat 4: sansisbai ($1.99 in chips) 
Seat 5: Realtor59 ($1.76 in chips) 
Seat 6: Evgeniy.Si ($2.49 in chips) 
Seat 7: Aflil1966 ($2.66 in chips) 
Seat 9: Dem-41 ($0.91 in chips) 
Realtor59: posts small blind $0.01
Evgeniy.Si: posts big blind $0.02
*** HOLE CARDS ***
Dealt to Dorex2007 [Qd 9d]
Aflil1966: folds 
Dem-41: calls $0.02
waaaaaaaa: folds 
Roubyz: folds 
Dorex2007: folds 
sansisbai: folds 
Realtor59: folds 
Evgeniy.Si: checks 
*** FLOP *** [Kh 8c 3c]
Evgeniy.Si: checks 
Dem-41: bets $0.02
Evgeniy.Si: folds 
Uncalled bet ($0.02) returned to Dem-41
Dem-41 collected $0.05 from pot
Dem-41: doesn't show hand 
*** SUMMARY ***
Total pot $0.05 | Rake $0 
Board [Kh 8c 3c]
Seat 1: waaaaaaaa folded before Flop (didn't bet)
Seat 2: Roubyz folded before Flop (didn't bet)
Seat 3: Dorex2007 folded before Flop (didn't bet)
Seat 4: sansisbai (button) folded before Flop (didn't bet)
Seat 5: Realtor59 (small blind) folded before Flop
Seat 6: Evgeniy.Si (big blind) folded on the Flop
Seat 7: Aflil1966 folded before Flop (didn't bet)
Seat 9: Dem-41 collected ($0.05)



PokerStars Hand #227284289158:  Hold'em No Limit ($0.01/$0.02 USD) - 2021/06/02 20:18:46 PT [2021/06/02 23:18:46 ET]
Table 'Saskia III' 9-max Seat #5 is the button
Seat 1: waaaaaaaa ($3.07 in chips) 
Seat 2: Roubyz ($3.88 in chips) 
Seat 3: Dorex2007 ($3.57 in chips) 
Seat 4: sansisbai ($1.99 in chips) 
Seat 5: Realtor59 ($1.75 in chips) 
Seat 6: Evgeniy.Si ($2.47 in chips) 
Seat 7: Aflil1966 ($2.66 in chips) 
Seat 9: Dem-41 ($0.94 in chips) 
Evgeniy.Si: posts small blind $0.01
Aflil1966: posts big blind $0.02
*** HOLE CARDS ***
Dealt to Dorex2007 [5h Td]
Dem-41: calls $0.02
waaaaaaaa: raises $0.06 to $0.08
Roubyz: folds 
Dorex2007: folds 
sansisbai: folds 
Realtor59: folds 
Evgeniy.Si: folds 
Aflil1966: folds 
Dem-41: folds 
Uncalled bet ($0.06) returned to waaaaaaaa
waaaaaaaa collected $0.07 from pot
waaaaaaaa: doesn't show hand 
*** SUMMARY ***
Total pot $0.07 | Rake $0 
Seat 1: waaaaaaaa collected ($0.07)
Seat 2: Roubyz folded before Flop (didn't bet)
Seat 3: Dorex2007 folded before Flop (didn't bet)
Seat 4: sansisbai folded before Flop (didn't bet)
Seat 5: Realtor59 (button) folded before Flop (didn't bet)
Seat 6: Evgeniy.Si (small blind) folded before Flop
Seat 7: Aflil1966 (big blind) folded before Flop
Seat 9: Dem-41 folded before Flop



PokerStars Hand #227284301877:  Hold'em No Limit ($0.01/$0.02 USD) - 2021/06/02 20:19:02 PT [2021/06/02 23:19:02 ET]
Table 'Saskia III' 9-max Seat #6 is the button
Seat 1: waaaaaaaa ($3.12 in chips) 
Seat 2: Roubyz ($3.88 in chips) 
Seat 3: Dorex2007 ($3.57 in chips) 
Seat 4: sansisbai ($1.99 in chips) 
Seat 5: Realtor59 ($1.75 in chips) 
Seat 6: Evgeniy.Si ($2.46 in chips) 
Seat 7: Aflil1966 ($2.64 in chips) 
Seat 9: Dem-41 ($0.92 in chips) 
Aflil1966: posts small blind $0.01
Dem-41: posts big blind $0.02
*** HOLE CARDS ***
Dealt to Dorex2007 [5c Ad]
waaaaaaaa: raises $0.04 to $0.06
Roubyz: folds 
Dorex2007: folds 
sansisbai: folds 
Realtor59: folds 
Evgeniy.Si: folds 
Aflil1966: folds 
Dem-41: folds 
Uncalled bet ($0.04) returned to waaaaaaaa
waaaaaaaa collected $0.05 from pot
waaaaaaaa: doesn't show hand 
*** SUMMARY ***
Total pot $0.05 | Rake $0 
Seat 1: waaaaaaaa collected ($0.05)
Seat 2: Roubyz folded before Flop (didn't bet)
Seat 3: Dorex2007 folded before Flop (didn't bet)
Seat 4: sansisbai folded before Flop (didn't bet)
Seat 5: Realtor59 folded before Flop (didn't bet)
Seat 6: Evgeniy.Si (button) folded before Flop (didn't bet)
Seat 7: Aflil1966 (small blind) folded before Flop
Seat 9: Dem-41 (big blind) folded before Flop



PokerStars Hand #227284304974:  Hold'em No Limit ($0.01/$0.02 USD) - 2021/06/02 20:19:17 PT [2021/06/02 23:19:17 ET]
Table 'Saskia III' 9-max Seat #7 is the button
Seat 1: waaaaaaaa ($3.15 in chips) 
Seat 2: Roubyz ($3.88 in chips) 
Seat 3: Dorex2007 ($3.57 in chips) 
Seat 4: sansisbai ($1.99 in chips) 
Seat 5: Realtor59 ($1.75 in chips) 
Seat 6: Evgeniy.Si ($2.46 in chips) 
Seat 7: Aflil1966 ($2.63 in chips) 
Seat 9: Dem-41 ($0.90 in chips) 
Dem-41: posts small blind $0.01
waaaaaaaa: posts big blind $0.02
*** HOLE CARDS ***
Dealt to Dorex2007 [4s 6d]
Roubyz: folds 
Dorex2007: folds 
sansisbai: folds 
Realtor59: folds 
Evgeniy.Si: raises $0.02 to $0.04
Aflil1966: folds 
Dem-41: calls $0.03
waaaaaaaa: folds 
*** FLOP *** [6h Ad 9c]
Dem-41: checks 
Evgeniy.Si: bets $0.18
Dem-41: folds 
Uncalled bet ($0.18) returned to Evgeniy.Si
Evgeniy.Si collected $0.10 from pot
Evgeniy.Si: doesn't show hand 
*** SUMMARY ***
Total pot $0.10 | Rake $0 
Board [6h Ad 9c]
Seat 1: waaaaaaaa (big blind) folded before Flop
Seat 2: Roubyz folded before Flop (didn't bet)
Seat 3: Dorex2007 folded before Flop (didn't bet)
Seat 4: sansisbai folded before Flop (didn't bet)
Seat 5: Realtor59 folded before Flop (didn't bet)
Seat 6: Evgeniy.Si collected ($0.10)
Seat 7: Aflil1966 (button) folded before Flop (didn't bet)
Seat 9: Dem-41 (small blind) folded on the Flop



PokerStars Hand #227284311109:  Hold'em No Limit ($0.01/$0.02 USD) - 2021/06/02 20:19:49 PT [2021/06/02 23:19:49 ET]
Table 'Saskia III' 9-max Seat #9 is the button
Seat 1: waaaaaaaa ($3.13 in chips) 
Seat 2: Roubyz ($3.88 in chips) 
Seat 3: Dorex2007 ($3.57 in chips) 
Seat 4: sansisbai ($1.99 in chips) 
Seat 5: Realtor59 ($1.75 in chips) 
Seat 6: Evgeniy.Si ($2.52 in chips) 
Seat 7: Aflil1966 ($2.63 in chips) 
Seat 9: Dem-41 ($1.96 in chips) 
waaaaaaaa: posts small blind $0.01
Roubyz: posts big blind $0.02
*** HOLE CARDS ***
Dealt to Dorex2007 [Js Tc]
Dorex2007: folds 
sansisbai: folds 
Realtor59: raises $0.02 to $0.04
Evgeniy.Si: folds 
Aflil1966: folds 
Dem-41: calls $0.04
waaaaaaaa: folds 
Roubyz: folds 
*** FLOP *** [Jh 9c Ks]
Realtor59: checks 
Dem-41: bets $0.06
Realtor59: folds 
Uncalled bet ($0.06) returned to Dem-41
Dem-41 collected $0.11 from pot
Dem-41: doesn't show hand 
*** SUMMARY ***
Total pot $0.11 | Rake $0 
Board [Jh 9c Ks]
Seat 1: waaaaaaaa (small blind) folded before Flop
Seat 2: Roubyz (big blind) folded before Flop
Seat 3: Dorex2007 folded before Flop (didn't bet)
Seat 4: sansisbai folded before Flop (didn't bet)
Seat 5: Realtor59 folded on the Flop
Seat 6: Evgeniy.Si folded before Flop (didn't bet)
Seat 7: Aflil1966 folded before Flop (didn't bet)
Seat 9: Dem-41 (button) collected ($0.11)



PokerStars Hand #227284315614:  Hold'em No Limit ($0.01/$0.02 USD) - 2021/06/02 20:20:11 PT [2021/06/02 23:20:11 ET]
Table 'Saskia III' 9-max Seat #1 is the button
Seat 1: waaaaaaaa ($3.12 in chips) 
Seat 2: Roubyz ($3.86 in chips) 
Seat 3: Dorex2007 ($3.57 in chips) 
Seat 4: sansisbai ($1.99 in chips) 
Seat 5: Realtor59 ($1.71 in chips) 
Seat 6: Evgeniy.Si ($2.52 in chips) 
Seat 7: Aflil1966 ($2.63 in chips) 
Seat 9: Dem-41 ($2.03 in chips) 
Roubyz: posts small blind $0.01
Dorex2007: posts big blind $0.02
*** HOLE CARDS ***
Dealt to Dorex2007 [7d 2h]
sansisbai: folds 
Realtor59: folds 
Evgeniy.Si: calls $0.02
Aflil1966: folds 
Dem-41: folds 
waaaaaaaa: raises $0.06 to $0.08
Roubyz: folds 
Dorex2007: folds 
Evgeniy.Si: calls $0.06
*** FLOP *** [3d Jc 8d]
Evgeniy.Si: checks 
waaaaaaaa: bets $0.12
Evgeniy.Si: calls $0.12
*** TURN *** [3d Jc 8d] [Jd]
Evgeniy.Si: bets $0.41
waaaaaaaa: folds 
Uncalled bet ($0.41) returned to Evgeniy.Si
Evgeniy.Si collected $0.41 from pot
Evgeniy.Si: doesn't show hand 
*** SUMMARY ***
Total pot $0.43 | Rake $0.02 
Board [3d Jc 8d Jd]
Seat 1: waaaaaaaa (button) folded on the Turn
Seat 2: Roubyz (small blind) folded before Flop
Seat 3: Dorex2007 (big blind) folded before Flop
Seat 4: sansisbai folded before Flop (didn't bet)
Seat 5: Realtor59 folded before Flop (didn't bet)
Seat 6: Evgeniy.Si collected ($0.41)
Seat 7: Aflil1966 folded before Flop (didn't bet)
Seat 9: Dem-41 folded before Flop (didn't bet)



PokerStars Hand #227284322212:  Hold'em No Limit ($0.01/$0.02 USD) - 2021/06/02 20:20:45 PT [2021/06/02 23:20:45 ET]
Table 'Saskia III' 9-max Seat #2 is the button
Seat 1: waaaaaaaa ($2.92 in chips) 
Seat 2: Roubyz ($3.85 in chips) 
Seat 3: Dorex2007 ($3.55 in chips) 
Seat 4: sansisbai ($1.99 in chips) 
Seat 5: Realtor59 ($1.71 in chips) 
Seat 6: Evgeniy.Si ($2.73 in chips) 
Seat 7: Aflil1966 ($2.63 in chips) 
Seat 9: Dem-41 ($2.03 in chips) 
Dorex2007: posts small blind $0.01
sansisbai: posts big blind $0.02
*** HOLE CARDS ***
Dealt to Dorex2007 [9s 3d]
Realtor59: folds 
Evgeniy.Si: folds 
Aflil1966: folds 
Dem-41: folds 
waaaaaaaa: folds 
Roubyz: folds 
Dorex2007: folds 
Uncalled bet ($0.01) returned to sansisbai
sansisbai collected $0.02 from pot
sansisbai: doesn't show hand 
*** SUMMARY ***
Total pot $0.02 | Rake $0 
Seat 1: waaaaaaaa folded before Flop (didn't bet)
Seat 2: Roubyz (button) folded before Flop (didn't bet)
Seat 3: Dorex2007 (small blind) folded before Flop
Seat 4: sansisbai (big blind) collected ($0.02)
Seat 5: Realtor59 folded before Flop (didn't bet)
Seat 6: Evgeniy.Si folded before Flop (didn't bet)
Seat 7: Aflil1966 folded before Flop (didn't bet)
Seat 9: Dem-41 folded before Flop (didn't bet)



PokerStars Hand #227284325809:  Hold'em No Limit ($0.01/$0.02 USD) - 2021/06/02 20:21:03 PT [2021/06/02 23:21:03 ET]
Table 'Saskia III' 9-max Seat #3 is the button
Seat 1: waaaaaaaa ($2.92 in chips) 
Seat 2: Roubyz ($3.85 in chips) 
Seat 3: Dorex2007 ($3.54 in chips) 
Seat 4: sansisbai ($2 in chips) 
Seat 5: Realtor59 ($1.71 in chips) 
Seat 6: Evgeniy.Si ($2.73 in chips) 
Seat 7: Aflil1966 ($2.63 in chips) 
Seat 9: Dem-41 ($2.03 in chips) 
sansisbai: posts small blind $0.01
Realtor59: posts big blind $0.02
*** HOLE CARDS ***
Dealt to Dorex2007 [Qd Qs]
Evgeniy.Si: folds 
Aflil1966: calls $0.02
Dem-41: calls $0.02
waaaaaaaa: folds 
Roubyz: folds 
Dorex2007: raises $0.04 to $0.06
sansisbai: folds 
Realtor59: folds 
Aflil1966: calls $0.04
Dem-41: calls $0.04
*** FLOP *** [Kc 8d Qh]
Aflil1966: checks 
Dem-41: checks 
Dorex2007: bets $0.10
Aflil1966: folds 
Dem-41: folds 
Uncalled bet ($0.10) returned to Dorex2007
Dorex2007 collected $0.20 from pot
Dorex2007: doesn't show hand 
*** SUMMARY ***
Total pot $0.21 | Rake $0.01 
Board [Kc 8d Qh]
Seat 1: waaaaaaaa folded before Flop (didn't bet)
Seat 2: Roubyz folded before Flop (didn't bet)
Seat 3: Dorex2007 (button) collected ($0.20)
Seat 4: sansisbai (small blind) folded before Flop
Seat 5: Realtor59 (big blind) folded before Flop
Seat 6: Evgeniy.Si folded before Flop (didn't bet)
Seat 7: Aflil1966 folded on the Flop
Seat 9: Dem-41 folded on the Flop



PokerStars Hand #227284335241:  Hold'em No Limit ($0.01/$0.02 USD) - 2021/06/02 20:21:51 PT [2021/06/02 23:21:51 ET]
Table 'Saskia III' 9-max Seat #4 is the button
Seat 1: waaaaaaaa ($2.92 in chips) 
Seat 2: Roubyz ($3.85 in chips) 
Seat 3: Dorex2007 ($3.68 in chips) 
Seat 4: sansisbai ($1.99 in chips) 
Seat 5: Realtor59 ($1.69 in chips) 
Seat 6: Evgeniy.Si ($2.73 in chips) 
Seat 7: Aflil1966 ($2.57 in chips) 
Seat 9: Dem-41 ($1.97 in chips) 
Realtor59: posts small blind $0.01
Evgeniy.Si: posts big blind $0.02
*** HOLE CARDS ***
Dealt to Dorex2007 [Qd Js]
Aflil1966: folds 
Dem-41: folds 
waaaaaaaa: folds 
Roubyz: folds 
Dorex2007: raises $0.02 to $0.04
sansisbai: folds 
Realtor59: folds 
Evgeniy.Si: calls $0.02
*** FLOP *** [Tc 4c 7d]
Evgeniy.Si: checks 
Dorex2007: bets $0.06
Evgeniy.Si: calls $0.06
*** TURN *** [Tc 4c 7d] [As]
Evgeniy.Si: checks 
Dorex2007: checks 
*** RIVER *** [Tc 4c 7d As] [5c]
Evgeniy.Si: bets $0.14
Dorex2007: folds 
Uncalled bet ($0.14) returned to Evgeniy.Si
Evgeniy.Si collected $0.20 from pot
Evgeniy.Si: doesn't show hand 
*** SUMMARY ***
Total pot $0.21 | Rake $0.01 
Board [Tc 4c 7d As 5c]
Seat 1: waaaaaaaa folded before Flop (didn't bet)
Seat 2: Roubyz folded before Flop (didn't bet)
Seat 3: Dorex2007 folded on the River
Seat 4: sansisbai (button) folded before Flop (didn't bet)
Seat 5: Realtor59 (small blind) folded before Flop
Seat 6: Evgeniy.Si (big blind) collected ($0.20)
Seat 7: Aflil1966 folded before Flop (didn't bet)
Seat 9: Dem-41 folded before Flop (didn't bet)



PokerStars Hand #227284343597:  Hold'em No Limit ($0.01/$0.02 USD) - 2021/06/02 20:22:34 PT [2021/06/02 23:22:34 ET]
Table 'Saskia III' 9-max Seat #5 is the button
Seat 1: waaaaaaaa ($2.92 in chips) 
Seat 2: Roubyz ($3.85 in chips) 
Seat 3: Dorex2007 ($3.58 in chips) 
Seat 4: sansisbai ($1.99 in chips) 
Seat 5: Realtor59 ($1.68 in chips) 
Seat 6: Evgeniy.Si ($2.83 in chips) 
Seat 7: Aflil1966 ($2.57 in chips) 
Seat 9: Dem-41 ($1.97 in chips) 
Evgeniy.Si: posts small blind $0.01
Aflil1966: posts big blind $0.02
*** HOLE CARDS ***
Dealt to Dorex2007 [8h 3c]
Dem-41: calls $0.02
waaaaaaaa: folds 
Roubyz: raises $0.07 to $0.09
Dorex2007: folds 
sansisbai: folds 
Realtor59: folds 
Evgeniy.Si: calls $0.08
Aflil1966: folds 
Dem-41: folds 
*** FLOP *** [8d 5d Ah]
Evgeniy.Si: checks 
Roubyz: bets $0.12
Evgeniy.Si: folds 
Uncalled bet ($0.12) returned to Roubyz
Roubyz collected $0.21 from pot
Roubyz: doesn't show hand 
*** SUMMARY ***
Total pot $0.22 | Rake $0.01 
Board [8d 5d Ah]
Seat 1: waaaaaaaa folded before Flop (didn't bet)
Seat 2: Roubyz collected ($0.21)
Seat 3: Dorex2007 folded before Flop (didn't bet)
Seat 4: sansisbai folded before Flop (didn't bet)
Seat 5: Realtor59 (button) folded before Flop (didn't bet)
Seat 6: Evgeniy.Si (small blind) folded on the Flop
Seat 7: Aflil1966 (big blind) folded before Flop
Seat 9: Dem-41 folded before Flop



PokerStars Hand #227284349034:  Hold'em No Limit ($0.01/$0.02 USD) - 2021/06/02 20:23:02 PT [2021/06/02 23:23:02 ET]
Table 'Saskia III' 9-max Seat #6 is the button
Seat 1: waaaaaaaa ($2.92 in chips) 
Seat 2: Roubyz ($3.97 in chips) 
Seat 3: Dorex2007 ($3.58 in chips) 
Seat 4: sansisbai ($1.99 in chips) 
Seat 5: Realtor59 ($1.68 in chips) 
Seat 6: Evgeniy.Si ($2.74 in chips) 
Seat 7: Aflil1966 ($2.55 in chips) 
Seat 9: Dem-41 ($1.95 in chips) 
Aflil1966: posts small blind $0.01
Dem-41: posts big blind $0.02
*** HOLE CARDS ***
Dealt to Dorex2007 [4s 4h]
waaaaaaaa: folds 
Roubyz: folds 
Dorex2007: calls $0.02
sansisbai: folds 
Realtor59: folds 
Evgeniy.Si: calls $0.02
Aflil1966: calls $0.01
Dem-41: checks 
*** FLOP *** [Qh 8h Td]
Aflil1966: bets $0.02
Dem-41: folds 
Dorex2007: folds 
Evgeniy.Si: folds 
Uncalled bet ($0.02) returned to Aflil1966
Aflil1966 collected $0.08 from pot
Aflil1966: doesn't show hand 
*** SUMMARY ***
Total pot $0.08 | Rake $0 
Board [Qh 8h Td]
Seat 1: waaaaaaaa folded before Flop (didn't bet)
Seat 2: Roubyz folded before Flop (didn't bet)
Seat 3: Dorex2007 folded on the Flop
Seat 4: sansisbai folded before Flop (didn't bet)
Seat 5: Realtor59 folded before Flop (didn't bet)
Seat 6: Evgeniy.Si (button) folded on the Flop
Seat 7: Aflil1966 (small blind) collected ($0.08)
Seat 9: Dem-41 (big blind) folded on the Flop



PokerStars Hand #227284356279:  Hold'em No Limit ($0.01/$0.02 USD) - 2021/06/02 20:23:39 PT [2021/06/02 23:23:39 ET]
Table 'Saskia III' 9-max Seat #7 is the button
Seat 1: waaaaaaaa ($2.92 in chips) 
Seat 2: Roubyz ($3.97 in chips) 
Seat 3: Dorex2007 ($3.56 in chips) 
Seat 4: sansisbai ($1.99 in chips) 
Seat 5: Realtor59 ($1.68 in chips) 
Seat 6: Evgeniy.Si ($2.72 in chips) 
Seat 7: Aflil1966 ($2.61 in chips) 
Seat 9: Dem-41 ($1.93 in chips) 
Dem-41: posts small blind $0.01
waaaaaaaa: posts big blind $0.02
*** HOLE CARDS ***
Dealt to Dorex2007 [8s 6h]
Roubyz: folds 
Dorex2007: folds 
sansisbai: folds 
Realtor59: folds 
Evgeniy.Si: folds 
Aflil1966: folds 
Dem-41: folds 
Uncalled bet ($0.01) returned to waaaaaaaa
waaaaaaaa collected $0.02 from pot
waaaaaaaa: doesn't show hand 
*** SUMMARY ***
Total pot $0.02 | Rake $0 
Seat 1: waaaaaaaa (big blind) collected ($0.02)
Seat 2: Roubyz folded before Flop (didn't bet)
Seat 3: Dorex2007 folded before Flop (didn't bet)
Seat 4: sansisbai folded before Flop (didn't bet)
Seat 5: Realtor59 folded before Flop (didn't bet)
Seat 6: Evgeniy.Si folded before Flop (didn't bet)
Seat 7: Aflil1966 (button) folded before Flop (didn't bet)
Seat 9: Dem-41 (small blind) folded before Flop



PokerStars Hand #227284358130:  Hold'em No Limit ($0.01/$0.02 USD) - 2021/06/02 20:23:49 PT [2021/06/02 23:23:49 ET]
Table 'Saskia III' 9-max Seat #9 is the button
Seat 1: waaaaaaaa ($2.93 in chips) 
Seat 2: Roubyz ($3.97 in chips) 
Seat 3: Dorex2007 ($3.56 in chips) 
Seat 4: sansisbai ($1.99 in chips) 
Seat 5: Realtor59 ($1.68 in chips) 
Seat 6: Evgeniy.Si ($2.72 in chips) 
Seat 7: Aflil1966 ($2.61 in chips) 
Seat 9: Dem-41 ($1.92 in chips) 
waaaaaaaa: posts small blind $0.01
Roubyz: posts big blind $0.02
*** HOLE CARDS ***
Dealt to Dorex2007 [9h Ts]
Dorex2007: folds 
sansisbai: folds 
Realtor59: folds 
Evgeniy.Si: calls $0.02
Aflil1966: folds 
Dem-41: folds 
waaaaaaaa: calls $0.01
Roubyz: checks 
*** FLOP *** [3s 9d Tc]
waaaaaaaa: checks 
Roubyz: checks 
Evgeniy.Si: checks 
*** TURN *** [3s 9d Tc] [Js]
waaaaaaaa: checks 
Roubyz: checks 
Evgeniy.Si: checks 
*** RIVER *** [3s 9d Tc Js] [5s]
waaaaaaaa: checks 
Roubyz: checks 
Evgeniy.Si: checks 
*** SHOW DOWN ***
waaaaaaaa: shows [5h 6s] (a pair of Fives)
Roubyz: shows [Qs 5c] (a pair of Fives - Queen kicker)
Evgeniy.Si: mucks hand 
Roubyz collected $0.06 from pot
*** SUMMARY ***
Total pot $0.06 | Rake $0 
Board [3s 9d Tc Js 5s]
Seat 1: waaaaaaaa (small blind) showed [5h 6s] and lost with a pair of Fives
Seat 2: Roubyz (big blind) showed [Qs 5c] and won ($0.06) with a pair of Fives
Seat 3: Dorex2007 folded before Flop (didn't bet)
Seat 4: sansisbai folded before Flop (didn't bet)
Seat 5: Realtor59 folded before Flop (didn't bet)
Seat 6: Evgeniy.Si mucked [Ad 8h]
Seat 7: Aflil1966 folded before Flop (didn't bet)
Seat 9: Dem-41 (button) folded before Flop (didn't bet)



PokerStars Hand #227284366685:  Hold'em No Limit ($0.01/$0.02 USD) - 2021/06/02 20:24:32 PT [2021/06/02 23:24:32 ET]
Table 'Saskia III' 9-max Seat #2 is the button
Seat 2: Roubyz ($4.01 in chips) 
Seat 3: Dorex2007 ($3.56 in chips) 
Seat 4: sansisbai ($1.99 in chips) 
Seat 5: Realtor59 ($1.68 in chips) 
Seat 6: Evgeniy.Si ($2.70 in chips) 
Seat 7: Aflil1966 ($2.61 in chips) 
Seat 9: Dem-41 ($1.92 in chips) 
Dorex2007: posts small blind $0.01
sansisbai: posts big blind $0.02
*** HOLE CARDS ***
Dealt to Dorex2007 [Qc 3c]
Realtor59: folds 
Evgeniy.Si: folds 
Aflil1966: folds 
Dem-41: raises $0.02 to $0.04
Roubyz: folds 
Dorex2007: folds 
waaaaaaaa leaves the table
sansisbai: folds 
Uncalled bet ($0.02) returned to Dem-41
Dem-41 collected $0.05 from pot
Dem-41: doesn't show hand 
*** SUMMARY ***
Total pot $0.05 | Rake $0 
Seat 2: Roubyz (button) folded before Flop (didn't bet)
Seat 3: Dorex2007 (small blind) folded before Flop
Seat 4: sansisbai (big blind) folded before Flop
Seat 5: Realtor59 folded before Flop (didn't bet)
Seat 6: Evgeniy.Si folded before Flop (didn't bet)
Seat 7: Aflil1966 folded before Flop (didn't bet)
Seat 9: Dem-41 collected ($0.05)



PokerStars Hand #227284369292:  Hold'em No Limit ($0.01/$0.02 USD) - 2021/06/02 20:24:46 PT [2021/06/02 23:24:46 ET]
Table 'Saskia III' 9-max Seat #3 is the button
Seat 2: Roubyz ($4.01 in chips) 
Seat 3: Dorex2007 ($3.55 in chips) 
Seat 4: sansisbai ($1.97 in chips) 
Seat 5: Realtor59 ($1.68 in chips) 
Seat 6: Evgeniy.Si ($2.70 in chips) 
Seat 7: Aflil1966 ($2.61 in chips) 
Seat 9: Dem-41 ($1.95 in chips) 
sansisbai: posts small blind $0.01
Realtor59: posts big blind $0.02
*** HOLE CARDS ***
Dealt to Dorex2007 [Ad 5c]
Evgeniy.Si: folds 
Aflil1966: folds 
Dem-41: calls $0.02
Roubyz: raises $0.07 to $0.09
Dorex2007: folds 
sansisbai: folds 
Realtor59: folds 
Dem-41: calls $0.07
*** FLOP *** [8s 6c Td]
Dem-41: checks 
Roubyz: checks 
*** TURN *** [8s 6c Td] [4h]
Dem-41: checks 
Roubyz: bets $0.10
Dem-41: folds 
Uncalled bet ($0.10) returned to Roubyz
Roubyz collected $0.20 from pot
Roubyz: doesn't show hand 
*** SUMMARY ***
Total pot $0.21 | Rake $0.01 
Board [8s 6c Td 4h]
Seat 2: Roubyz collected ($0.20)
Seat 3: Dorex2007 (button) folded before Flop (didn't bet)
Seat 4: sansisbai (small blind) folded before Flop
Seat 5: Realtor59 (big blind) folded before Flop
Seat 6: Evgeniy.Si folded before Flop (didn't bet)
Seat 7: Aflil1966 folded before Flop (didn't bet)
Seat 9: Dem-41 folded on the Turn



PokerStars Hand #227284375589:  Hold'em No Limit ($0.01/$0.02 USD) - 2021/06/02 20:25:18 PT [2021/06/02 23:25:18 ET]
Table 'Saskia III' 9-max Seat #4 is the button
Seat 2: Roubyz ($4.12 in chips) 
Seat 3: Dorex2007 ($3.55 in chips) 
Seat 4: sansisbai ($1.96 in chips) 
Seat 5: Realtor59 ($1.66 in chips) 
Seat 6: Evgeniy.Si ($2.70 in chips) 
Seat 7: Aflil1966 ($2.61 in chips) 
Seat 9: Dem-41 ($1.86 in chips) 
Realtor59: posts small blind $0.01
Evgeniy.Si: posts big blind $0.02
*** HOLE CARDS ***
Dealt to Dorex2007 [4c 6d]
Aflil1966: folds 
Dem-41: calls $0.02
Roubyz: folds 
Dorex2007: folds 
sansisbai: folds 
Realtor59: folds 
Evgeniy.Si: raises $0.05 to $0.07
Dem-41: calls $0.05
*** FLOP *** [Jh 9d Qd]
Evgeniy.Si: bets $0.07
Dem-41: calls $0.07
*** TURN *** [Jh 9d Qd] [Ac]
Evgeniy.Si: bets $0.14
Dem-41: folds 
Uncalled bet ($0.14) returned to Evgeniy.Si
Evgeniy.Si collected $0.28 from pot
*** SUMMARY ***
Total pot $0.29 | Rake $0.01 
Board [Jh 9d Qd Ac]
Seat 2: Roubyz folded before Flop (didn't bet)
Seat 3: Dorex2007 folded before Flop (didn't bet)
Seat 4: sansisbai (button) folded before Flop (didn't bet)
Seat 5: Realtor59 (small blind) folded before Flop
Seat 6: Evgeniy.Si (big blind) collected ($0.28)
Seat 7: Aflil1966 folded before Flop (didn't bet)
Seat 9: Dem-41 folded on the Turn



PokerStars Hand #227284382280:  Hold'em No Limit ($0.01/$0.02 USD) - 2021/06/02 20:25:53 PT [2021/06/02 23:25:53 ET]
Table 'Saskia III' 9-max Seat #5 is the button
Seat 2: Roubyz ($4.12 in chips) 
Seat 3: Dorex2007 ($3.55 in chips) 
Seat 4: sansisbai ($1.96 in chips) 
Seat 5: Realtor59 ($1.65 in chips) 
Seat 6: Evgeniy.Si ($2.84 in chips) 
Seat 7: Aflil1966 ($2.61 in chips) 
Seat 9: Dem-41 ($1.72 in chips) 
Evgeniy.Si: posts small blind $0.01
Aflil1966: posts big blind $0.02
*** HOLE CARDS ***
Dealt to Dorex2007 [2d Ac]
Dem-41: folds 
Roubyz: folds 
Dorex2007: folds 
sansisbai: folds 
Realtor59: folds 
Evgeniy.Si: calls $0.01
Aflil1966: checks 
*** FLOP *** [4h Js Jh]
Evgeniy.Si: bets $0.02
Aflil1966: folds 
Uncalled bet ($0.02) returned to Evgeniy.Si
Evgeniy.Si collected $0.04 from pot
*** SUMMARY ***
Total pot $0.04 | Rake $0 
Board [4h Js Jh]
Seat 2: Roubyz folded before Flop (didn't bet)
Seat 3: Dorex2007 folded before Flop (didn't bet)
Seat 4: sansisbai folded before Flop (didn't bet)
Seat 5: Realtor59 (button) folded before Flop (didn't bet)
Seat 6: Evgeniy.Si (small blind) collected ($0.04)
Seat 7: Aflil1966 (big blind) folded on the Flop
Seat 9: Dem-41 folded before Flop (didn't bet)



PokerStars Hand #227284400476:  Hold'em No Limit ($0.01/$0.02 USD) - 2021/06/02 20:26:24 PT [2021/06/02 23:26:24 ET]
Table 'Saskia III' 9-max Seat #6 is the button
Seat 2: Roubyz ($4.12 in chips) 
Seat 3: Dorex2007 ($3.55 in chips) 
Seat 4: sansisbai ($1.96 in chips) 
Seat 5: Realtor59 ($1.65 in chips) 
Seat 6: Evgeniy.Si ($2.86 in chips) 
Seat 7: Aflil1966 ($2.59 in chips) 
Seat 9: Dem-41 ($1.72 in chips) 
Aflil1966: posts small blind $0.01
Dem-41: posts big blind $0.02
*** HOLE CARDS ***
Dealt to Dorex2007 [Qs Tc]
Roubyz: folds 
Dorex2007: folds 
sansisbai: folds 
Realtor59: folds 
Evgeniy.Si: folds 
Aflil1966: calls $0.01
Dem-41: checks 
*** FLOP *** [9h 4s 6c]
Aflil1966: checks 
Dem-41: checks 
*** TURN *** [9h 4s 6c] [9s]
Aflil1966: bets $0.02
Dem-41: folds 
Uncalled bet ($0.02) returned to Aflil1966
Aflil1966 collected $0.04 from pot
FLushHug4o leaves the table
Aflil1966: doesn't show hand 
*** SUMMARY ***
Total pot $0.04 | Rake $0 
Board [9h 4s 6c 9s]
Seat 2: Roubyz folded before Flop (didn't bet)
Seat 3: Dorex2007 folded before Flop (didn't bet)
Seat 4: sansisbai folded before Flop (didn't bet)
Seat 5: Realtor59 folded before Flop (didn't bet)
Seat 6: Evgeniy.Si (button) folded before Flop (didn't bet)
Seat 7: Aflil1966 (small blind) collected ($0.04)
Seat 9: Dem-41 (big blind) folded on the Turn



PokerStars Hand #227284405584:  Hold'em No Limit ($0.01/$0.02 USD) - 2021/06/02 20:26:50 PT [2021/06/02 23:26:50 ET]
Table 'Saskia III' 9-max Seat #7 is the button
Seat 2: Roubyz ($4.12 in chips) 
Seat 3: Dorex2007 ($3.55 in chips) 
Seat 4: sansisbai ($1.96 in chips) 
Seat 5: Realtor59 ($1.65 in chips) 
Seat 6: Evgeniy.Si ($2.86 in chips) 
Seat 7: Aflil1966 ($2.61 in chips) 
Seat 9: Dem-41 ($1.70 in chips) 
Dem-41: posts small blind $0.01
Roubyz: posts big blind $0.02
*** HOLE CARDS ***
Dealt to Dorex2007 [Js 3d]
Dorex2007: folds 
sansisbai: raises $0.04 to $0.06
Realtor59: calls $0.06
Evgeniy.Si: folds 
Aflil1966: folds 
Dem-41: folds 
Roubyz: folds 
*** FLOP *** [Tc Kh Qc]
sansisbai: bets $0.10
Realtor59: calls $0.10
*** TURN *** [Tc Kh Qc] [4h]
sansisbai: checks 
Realtor59: bets $0.22
sansisbai: folds 
Uncalled bet ($0.22) returned to Realtor59
Realtor59 collected $0.34 from pot
Realtor59: doesn't show hand 
*** SUMMARY ***
Total pot $0.35 | Rake $0.01 
Board [Tc Kh Qc 4h]
Seat 2: Roubyz (big blind) folded before Flop
Seat 3: Dorex2007 folded before Flop (didn't bet)
Seat 4: sansisbai folded on the Turn
Seat 5: Realtor59 collected ($0.34)
Seat 6: Evgeniy.Si folded before Flop (didn't bet)
Seat 7: Aflil1966 (button) folded before Flop (didn't bet)
Seat 9: Dem-41 (small blind) folded before Flop



PokerStars Hand #227284411699:  Hold'em No Limit ($0.01/$0.02 USD) - 2021/06/02 20:27:21 PT [2021/06/02 23:27:21 ET]
Table 'Saskia III' 9-max Seat #9 is the button
Seat 2: Roubyz ($4.10 in chips) 
Seat 3: Dorex2007 ($3.55 in chips) 
Seat 4: sansisbai ($1.80 in chips) 
Seat 5: Realtor59 ($1.83 in chips) 
Seat 6: Evgeniy.Si ($2.86 in chips) 
Seat 7: Aflil1966 ($2.61 in chips) 
Seat 9: Dem-41 ($1.69 in chips) 
Roubyz: posts small blind $0.01
Dorex2007: posts big blind $0.02
*** HOLE CARDS ***
Dealt to Dorex2007 [Tc 4s]
sansisbai: folds 
Realtor59: folds 
Evgeniy.Si: calls $0.02
Aflil1966: folds 
Dem-41: calls $0.02
Roubyz: folds 
Dorex2007: checks 
*** FLOP *** [Ad 6d 3d]
Dorex2007: checks 
Evgeniy.Si: checks 
Dem-41: checks 
*** TURN *** [Ad 6d 3d] [4d]
Dorex2007: checks 
Evgeniy.Si: checks 
Dem-41: checks 
*** RIVER *** [Ad 6d 3d 4d] [3h]
Dorex2007: checks 
Evgeniy.Si: checks 
Dem-41: checks 
*** SHOW DOWN ***
Dorex2007: shows [Tc 4s] (two pair, Fours and Threes)
Evgeniy.Si: mucks hand 
Dem-41: mucks hand 
Dorex2007 collected $0.07 from pot
*** SUMMARY ***
Total pot $0.07 | Rake $0 
Board [Ad 6d 3d 4d 3h]
Seat 2: Roubyz (small blind) folded before Flop
Seat 3: Dorex2007 (big blind) showed [Tc 4s] and won ($0.07) with two pair, Fours and Threes
Seat 4: sansisbai folded before Flop (didn't bet)
Seat 5: Realtor59 folded before Flop (didn't bet)
Seat 6: Evgeniy.Si mucked [Kh Qs]
Seat 7: Aflil1966 folded before Flop (didn't bet)
Seat 9: Dem-41 (button) mucked [7c Jh]



PokerStars Hand #227284419003:  Hold'em No Limit ($0.01/$0.02 USD) - 2021/06/02 20:28:00 PT [2021/06/02 23:28:00 ET]
Table 'Saskia III' 9-max Seat #2 is the button
Seat 2: Roubyz ($4.09 in chips) 
Seat 3: Dorex2007 ($3.60 in chips) 
Seat 4: sansisbai ($1.80 in chips) 
Seat 5: Realtor59 ($1.83 in chips) 
Seat 6: Evgeniy.Si ($2.84 in chips) 
Seat 7: Aflil1966 ($2.61 in chips) 
Seat 9: Dem-41 ($1.67 in chips) 
Dorex2007: posts small blind $0.01
sansisbai: posts big blind $0.02
*** HOLE CARDS ***
Dealt to Dorex2007 [Ac Jd]
Realtor59: folds 
Evgeniy.Si: folds 
Aflil1966: folds 
Dem-41: calls $0.02
Roubyz: folds 
Dorex2007: calls $0.01
sansisbai: checks 
*** FLOP *** [9d Kc Ah]
Dorex2007: bets $0.04
sansisbai: folds 
Dem-41: folds 
Uncalled bet ($0.04) returned to Dorex2007
Dorex2007 collected $0.06 from pot
Dorex2007: doesn't show hand 
*** SUMMARY ***
Total pot $0.06 | Rake $0 
Board [9d Kc Ah]
Seat 2: Roubyz (button) folded before Flop (didn't bet)
Seat 3: Dorex2007 (small blind) collected ($0.06)
Seat 4: sansisbai (big blind) folded on the Flop
Seat 5: Realtor59 folded before Flop (didn't bet)
Seat 6: Evgeniy.Si folded before Flop (didn't bet)
Seat 7: Aflil1966 folded before Flop (didn't bet)
Seat 9: Dem-41 folded on the Flop



PokerStars Hand #227284423014:  Hold'em No Limit ($0.01/$0.02 USD) - 2021/06/02 20:28:20 PT [2021/06/02 23:28:20 ET]
Table 'Saskia III' 9-max Seat #3 is the button
Seat 2: Roubyz ($4.09 in chips) 
Seat 3: Dorex2007 ($3.64 in chips) 
Seat 4: sansisbai ($1.78 in chips) 
Seat 5: Realtor59 ($1.83 in chips) 
Seat 6: Evgeniy.Si ($2.84 in chips) 
Seat 7: Aflil1966 ($2.61 in chips) 
Seat 9: Dem-41 ($1.65 in chips) 
sansisbai: posts small blind $0.01
Realtor59: posts big blind $0.02
*** HOLE CARDS ***
Dealt to Dorex2007 [2h 8d]
Evgeniy.Si: folds 
Aflil1966: folds 
Dem-41: folds 
Roubyz: folds 
Dorex2007: folds 
sansisbai: raises $0.04 to $0.06
Realtor59: folds 
Uncalled bet ($0.04) returned to sansisbai
sansisbai collected $0.04 from pot
*** SUMMARY ***
Total pot $0.04 | Rake $0 
Seat 2: Roubyz folded before Flop (didn't bet)
Seat 3: Dorex2007 (button) folded before Flop (didn't bet)
Seat 4: sansisbai (small blind) collected ($0.04)
Seat 5: Realtor59 (big blind) folded before Flop
Seat 6: Evgeniy.Si folded before Flop (didn't bet)
Seat 7: Aflil1966 folded before Flop (didn't bet)
Seat 9: Dem-41 folded before Flop (didn't bet)



PokerStars Hand #227284426147:  Hold'em No Limit ($0.01/$0.02 USD) - 2021/06/02 20:28:36 PT [2021/06/02 23:28:36 ET]
Table 'Saskia III' 9-max Seat #4 is the button
Seat 2: Roubyz ($4.09 in chips) 
Seat 3: Dorex2007 ($3.64 in chips) 
Seat 4: sansisbai ($1.80 in chips) 
Seat 5: Realtor59 ($1.81 in chips) 
Seat 6: Evgeniy.Si ($2.84 in chips) 
Seat 7: Aflil1966 ($2.61 in chips) 
Seat 9: Dem-41 ($1.65 in chips) 
Mariomesssi joins the table at seat #8 
Realtor59: posts small blind $0.01
Evgeniy.Si: posts big blind $0.02
*** HOLE CARDS ***
Dealt to Dorex2007 [Js Qs]
Aflil1966: raises $0.02 to $0.04
Dem-41: folds 
Roubyz: folds 
Dorex2007: calls $0.04
sansisbai: folds 
Realtor59: folds 
Evgeniy.Si: folds 
*** FLOP *** [Qc 9s Tc]
Aflil1966: bets $0.06
Dorex2007: raises $0.06 to $0.12
Aflil1966: calls $0.06
*** TURN *** [Qc 9s Tc] [Qd]
Aflil1966: checks 
Dorex2007: bets $0.34
Aflil1966: folds 
Uncalled bet ($0.34) returned to Dorex2007
Dorex2007 collected $0.34 from pot
Dorex2007: doesn't show hand 
*** SUMMARY ***
Total pot $0.35 | Rake $0.01 
Board [Qc 9s Tc Qd]
Seat 2: Roubyz folded before Flop (didn't bet)
Seat 3: Dorex2007 collected ($0.34)
Seat 4: sansisbai (button) folded before Flop (didn't bet)
Seat 5: Realtor59 (small blind) folded before Flop
Seat 6: Evgeniy.Si (big blind) folded before Flop
Seat 7: Aflil1966 folded on the Turn
Seat 9: Dem-41 folded before Flop (didn't bet)



PokerStars Hand #227284433181:  Hold'em No Limit ($0.01/$0.02 USD) - 2021/06/02 20:29:13 PT [2021/06/02 23:29:13 ET]
Table 'Saskia III' 9-max Seat #5 is the button
Seat 2: Roubyz ($4.09 in chips) 
Seat 3: Dorex2007 ($3.82 in chips) 
Seat 4: sansisbai ($1.80 in chips) 
Seat 5: Realtor59 ($1.80 in chips) 
Seat 6: Evgeniy.Si ($2.82 in chips) 
Seat 7: Aflil1966 ($2.45 in chips) 
Seat 8: Mariomesssi ($2 in chips) 
Seat 9: Dem-41 ($1.65 in chips) 
Evgeniy.Si: posts small blind $0.01
Aflil1966: posts big blind $0.02
Mariomesssi: posts big blind $0.02
*** HOLE CARDS ***
Dealt to Dorex2007 [4c 6h]
Mariomesssi: checks 
Dem-41: raises $0.02 to $0.04
Roubyz: calls $0.04
Dorex2007: folds 
sansisbai: folds 
Realtor59: folds 
Evgeniy.Si: folds 
Aflil1966: folds 
Mariomesssi: calls $0.02
*** FLOP *** [7h Qd 8s]
Mariomesssi: checks 
Dem-41: checks 
Roubyz: checks 
*** TURN *** [7h Qd 8s] [3s]
Mariomesssi has timed out
Mariomesssi: checks 
Dem-41: bets $0.04
Roubyz: calls $0.04
Mariomesssi: folds 
*** RIVER *** [7h Qd 8s 3s] [5c]
Dem-41: bets $0.02
Roubyz: calls $0.02
*** SHOW DOWN ***
Dem-41: shows [Ts Th] (a pair of Tens)
Roubyz: shows [Tc Td] (a pair of Tens)
Dem-41 collected $0.13 from pot
Roubyz collected $0.13 from pot
*** SUMMARY ***
Total pot $0.27 | Rake $0.01 
Board [7h Qd 8s 3s 5c]
Seat 2: Roubyz showed [Tc Td] and won ($0.13) with a pair of Tens
Seat 3: Dorex2007 folded before Flop (didn't bet)
Seat 4: sansisbai folded before Flop (didn't bet)
Seat 5: Realtor59 (button) folded before Flop (didn't bet)
Seat 6: Evgeniy.Si (small blind) folded before Flop
Seat 7: Aflil1966 (big blind) folded before Flop
Seat 8: Mariomesssi folded on the Turn
Seat 9: Dem-41 showed [Ts Th] and won ($0.13) with a pair of Tens



PokerStars Hand #227284454041:  Hold'em No Limit ($0.01/$0.02 USD) - 2021/06/02 20:31:01 PT [2021/06/02 23:31:01 ET]
Table 'Saskia III' 9-max Seat #6 is the button
Seat 2: Roubyz ($4.12 in chips) 
Seat 3: Dorex2007 ($3.82 in chips) 
Seat 4: sansisbai ($1.80 in chips) 
Seat 5: Realtor59 ($1.80 in chips) 
Seat 6: Evgeniy.Si ($2.81 in chips) 
Seat 7: Aflil1966 ($2.43 in chips) 
Seat 8: Mariomesssi ($1.96 in chips) 
Seat 9: Dem-41 ($1.68 in chips) 
Aflil1966: posts small blind $0.01
Mariomesssi: posts big blind $0.02
*** HOLE CARDS ***
Dealt to Dorex2007 [2c 6c]
Dem-41: folds 
Roubyz: folds 
Dorex2007: folds 
sansisbai: folds 
Realtor59: folds 
Evgeniy.Si: folds 
Aflil1966: folds 
Uncalled bet ($0.01) returned to Mariomesssi
Mariomesssi collected $0.02 from pot
Mariomesssi: doesn't show hand 
*** SUMMARY ***
Total pot $0.02 | Rake $0 
Seat 2: Roubyz folded before Flop (didn't bet)
Seat 3: Dorex2007 folded before Flop (didn't bet)
Seat 4: sansisbai folded before Flop (didn't bet)
Seat 5: Realtor59 folded before Flop (didn't bet)
Seat 6: Evgeniy.Si (button) folded before Flop (didn't bet)
Seat 7: Aflil1966 (small blind) folded before Flop
Seat 8: Mariomesssi (big blind) collected ($0.02)
Seat 9: Dem-41 folded before Flop (didn't bet)



PokerStars Hand #227284458220:  Hold'em No Limit ($0.01/$0.02 USD) - 2021/06/02 20:31:23 PT [2021/06/02 23:31:23 ET]
Table 'Saskia III' 9-max Seat #7 is the button
Seat 2: Roubyz ($4.12 in chips) 
Seat 3: Dorex2007 ($3.82 in chips) 
Seat 4: sansisbai ($1.80 in chips) 
Seat 5: Realtor59 ($1.80 in chips) 
Seat 6: Evgeniy.Si ($2.81 in chips) 
Seat 7: Aflil1966 ($2.42 in chips) 
Seat 8: Mariomesssi ($1.97 in chips) 
Seat 9: Dem-41 ($1.68 in chips) 
Mariomesssi: posts small blind $0.01
Dem-41: posts big blind $0.02
*** HOLE CARDS ***
Dealt to Dorex2007 [4h 3s]
Roubyz: folds 
Dorex2007: folds 
sansisbai: folds 
Realtor59: folds 
Evgeniy.Si: folds 
Aflil1966: calls $0.02
Mariomesssi: calls $0.01
Dem-41: checks 
*** FLOP *** [Jc Tc 8d]
Mariomesssi: bets $0.03
Dem-41: folds 
Aflil1966: calls $0.03
*** TURN *** [Jc Tc 8d] [6c]
Mariomesssi: bets $0.08
Aflil1966: folds 
Uncalled bet ($0.08) returned to Mariomesssi
Mariomesssi collected $0.12 from pot
Mariomesssi: doesn't show hand 
*** SUMMARY ***
Total pot $0.12 | Rake $0 
Board [Jc Tc 8d 6c]
Seat 2: Roubyz folded before Flop (didn't bet)
Seat 3: Dorex2007 folded before Flop (didn't bet)
Seat 4: sansisbai folded before Flop (didn't bet)
Seat 5: Realtor59 folded before Flop (didn't bet)
Seat 6: Evgeniy.Si folded before Flop (didn't bet)
Seat 7: Aflil1966 (button) folded on the Turn
Seat 8: Mariomesssi (small blind) collected ($0.12)
Seat 9: Dem-41 (big blind) folded on the Flop



PokerStars Hand #227284464876:  Hold'em No Limit ($0.01/$0.02 USD) - 2021/06/02 20:31:58 PT [2021/06/02 23:31:58 ET]
Table 'Saskia III' 9-max Seat #8 is the button
Seat 2: Roubyz ($4.12 in chips) 
Seat 3: Dorex2007 ($3.82 in chips) 
Seat 4: sansisbai ($1.80 in chips) 
Seat 5: Realtor59 ($1.80 in chips) 
Seat 6: Evgeniy.Si ($2.81 in chips) 
Seat 7: Aflil1966 ($2.37 in chips) 
Seat 8: Mariomesssi ($2.04 in chips) 
Seat 9: Dem-41 ($1.66 in chips) 
Dem-41: posts small blind $0.01
Roubyz: posts big blind $0.02
*** HOLE CARDS ***
Dealt to Dorex2007 [Qs Kc]
Dorex2007: folds 
sansisbai: folds 
Realtor59: folds 
Evgeniy.Si: calls $0.02
Aflil1966: calls $0.02
Mariomesssi: folds 
Dem-41: folds 
Roubyz: raises $0.10 to $0.12
Evgeniy.Si: calls $0.10
Aflil1966: folds 
*** FLOP *** [7s 9s 6s]
Roubyz: checks 
Evgeniy.Si: checks 
*** TURN *** [7s 9s 6s] [Td]
Roubyz: checks 
Evgeniy.Si: bets $0.13
Roubyz: calls $0.13
*** RIVER *** [7s 9s 6s Td] [5s]
Roubyz: checks 
Evgeniy.Si: bets $0.26
Roubyz: folds 
Uncalled bet ($0.26) returned to Evgeniy.Si
Evgeniy.Si collected $0.51 from pot
Evgeniy.Si: doesn't show hand 
*** SUMMARY ***
Total pot $0.53 | Rake $0.02 
Board [7s 9s 6s Td 5s]
Seat 2: Roubyz (big blind) folded on the River
Seat 3: Dorex2007 folded before Flop (didn't bet)
Seat 4: sansisbai folded before Flop (didn't bet)
Seat 5: Realtor59 folded before Flop (didn't bet)
Seat 6: Evgeniy.Si collected ($0.51)
Seat 7: Aflil1966 folded before Flop
Seat 8: Mariomesssi (button) folded before Flop (didn't bet)
Seat 9: Dem-41 (small blind) folded before Flop



PokerStars Hand #227284473416:  Hold'em No Limit ($0.01/$0.02 USD) - 2021/06/02 20:32:42 PT [2021/06/02 23:32:42 ET]
Table 'Saskia III' 9-max Seat #9 is the button
Seat 2: Roubyz ($3.87 in chips) 
Seat 3: Dorex2007 ($3.82 in chips) 
Seat 4: sansisbai ($1.80 in chips) 
Seat 5: Realtor59 ($1.80 in chips) 
Seat 6: Evgeniy.Si ($3.07 in chips) 
Seat 7: Aflil1966 ($2.35 in chips) 
Seat 8: Mariomesssi ($2.04 in chips) 
Seat 9: Dem-41 ($1.65 in chips) 
Roubyz: posts small blind $0.01
Dorex2007: posts big blind $0.02
*** HOLE CARDS ***
Dealt to Dorex2007 [8h Qc]
sansisbai: folds 
kike_kike88 joins the table at seat #1 
Realtor59: folds 
Evgeniy.Si: folds 
Aflil1966: calls $0.02
Mariomesssi: raises $0.06 to $0.08
Dem-41: folds 
Roubyz: folds 
Dorex2007: folds 
Aflil1966: folds 
Uncalled bet ($0.06) returned to Mariomesssi
Mariomesssi collected $0.07 from pot
Mariomesssi: doesn't show hand 
*** SUMMARY ***
Total pot $0.07 | Rake $0 
Seat 2: Roubyz (small blind) folded before Flop
Seat 3: Dorex2007 (big blind) folded before Flop
Seat 4: sansisbai folded before Flop (didn't bet)
Seat 5: Realtor59 folded before Flop (didn't bet)
Seat 6: Evgeniy.Si folded before Flop (didn't bet)
Seat 7: Aflil1966 folded before Flop
Seat 8: Mariomesssi collected ($0.07)
Seat 9: Dem-41 (button) folded before Flop (didn't bet)



PokerStars Hand #227284476920:  Hold'em No Limit ($0.01/$0.02 USD) - 2021/06/02 20:33:00 PT [2021/06/02 23:33:00 ET]
Table 'Saskia III' 9-max Seat #2 is the button
Seat 1: kike_kike88 ($2 in chips) 
Seat 2: Roubyz ($3.86 in chips) 
Seat 3: Dorex2007 ($3.80 in chips) 
Seat 4: sansisbai ($1.80 in chips) 
Seat 5: Realtor59 ($1.80 in chips) 
Seat 6: Evgeniy.Si ($3.07 in chips) 
Seat 7: Aflil1966 ($2.33 in chips) 
Seat 8: Mariomesssi ($2.09 in chips) 
Seat 9: Dem-41 ($1.65 in chips) 
Dorex2007: posts small blind $0.01
sansisbai: posts big blind $0.02
kike_kike88: posts big blind $0.02
*** HOLE CARDS ***
Dealt to Dorex2007 [6s 6h]
Realtor59: folds 
Evgeniy.Si: calls $0.02
Aflil1966: calls $0.02
Mariomesssi: raises $0.04 to $0.06
Dem-41: calls $0.06
kike_kike88: folds 
Roubyz: folds 
Dorex2007: folds 
sansisbai: folds 
Evgeniy.Si: calls $0.04
Aflil1966: folds 
*** FLOP *** [Td 3s Qc]
Evgeniy.Si: checks 
Mariomesssi: bets $0.14
Dem-41: calls $0.14
Evgeniy.Si: folds 
*** TURN *** [Td 3s Qc] [3d]
Mariomesssi: bets $0.26
Dem-41: calls $0.26
*** RIVER *** [Td 3s Qc 3d] [Ks]
Mariomesssi: bets $0.98
Dem-41: raises $0.21 to $1.19 and is all-in
Mariomesssi: folds 
Uncalled bet ($0.21) returned to Dem-41
Dem-41 collected $2.90 from pot
Dem-41: doesn't show hand 
*** SUMMARY ***
Total pot $3.01 | Rake $0.11 
Board [Td 3s Qc 3d Ks]
Seat 1: kike_kike88 folded before Flop (didn't bet)
Seat 2: Roubyz (button) folded before Flop (didn't bet)
Seat 3: Dorex2007 (small blind) folded before Flop
Seat 4: sansisbai (big blind) folded before Flop
Seat 5: Realtor59 folded before Flop (didn't bet)
Seat 6: Evgeniy.Si folded on the Flop
Seat 7: Aflil1966 folded before Flop
Seat 8: Mariomesssi folded on the River
Seat 9: Dem-41 collected ($2.90)



PokerStars Hand #227284490243:  Hold'em No Limit ($0.01/$0.02 USD) - 2021/06/02 20:34:09 PT [2021/06/02 23:34:09 ET]
Table 'Saskia III' 9-max Seat #3 is the button
Seat 1: kike_kike88 ($1.98 in chips) 
Seat 2: Roubyz ($3.86 in chips) 
Seat 3: Dorex2007 ($3.79 in chips) 
Seat 4: sansisbai ($1.78 in chips) 
Seat 5: Realtor59 ($1.80 in chips) 
Seat 6: Evgeniy.Si ($3.01 in chips) 
Seat 7: Aflil1966 ($2.31 in chips) 
Seat 8: Mariomesssi ($0.65 in chips) 
Seat 9: Dem-41 ($3.11 in chips) 
sansisbai: posts small blind $0.01
Realtor59: posts big blind $0.02
*** HOLE CARDS ***
Dealt to Dorex2007 [Ts 5s]
Evgeniy.Si: calls $0.02
Aflil1966: folds 
Mariomesssi: folds 
Dem-41: folds 
kike_kike88: calls $0.02
Roubyz: folds 
Dorex2007: folds 
sansisbai: folds 
Realtor59: checks 
*** FLOP *** [Kd Ad 8h]
Realtor59: checks 
Evgeniy.Si: bets $0.04
kike_kike88: calls $0.04
Realtor59: folds 
*** TURN *** [Kd Ad 8h] [Jh]
Evgeniy.Si: bets $0.07
kike_kike88: calls $0.07
*** RIVER *** [Kd Ad 8h Jh] [Js]
Evgeniy.Si: bets $0.10
kike_kike88: calls $0.10
*** SHOW DOWN ***
Evgeniy.Si: shows [As 4s] (two pair, Aces and Jacks)
kike_kike88: mucks hand 
Evgeniy.Si collected $0.47 from pot
*** SUMMARY ***
Total pot $0.49 | Rake $0.02 
Board [Kd Ad 8h Jh Js]
Seat 1: kike_kike88 mucked [4c Kh]
Seat 2: Roubyz folded before Flop (didn't bet)
Seat 3: Dorex2007 (button) folded before Flop (didn't bet)
Seat 4: sansisbai (small blind) folded before Flop
Seat 5: Realtor59 (big blind) folded on the Flop
Seat 6: Evgeniy.Si showed [As 4s] and won ($0.47) with two pair, Aces and Jacks
Seat 7: Aflil1966 folded before Flop (didn't bet)
Seat 8: Mariomesssi folded before Flop (didn't bet)
Seat 9: Dem-41 folded before Flop (didn't bet)



PokerStars Hand #227284502485:  Hold'em No Limit ($0.01/$0.02 USD) - 2021/06/02 20:35:13 PT [2021/06/02 23:35:13 ET]
Table 'Saskia III' 9-max Seat #4 is the button
Seat 1: kike_kike88 ($1.75 in chips) 
Seat 2: Roubyz ($3.86 in chips) 
Seat 3: Dorex2007 ($3.79 in chips) 
Seat 4: sansisbai ($1.77 in chips) 
Seat 5: Realtor59 ($1.78 in chips) 
Seat 6: Evgeniy.Si ($3.25 in chips) 
Seat 7: Aflil1966 ($2.31 in chips) 
Seat 8: Mariomesssi ($0.65 in chips) 
Seat 9: Dem-41 ($3.11 in chips) 
Realtor59: posts small blind $0.01
Evgeniy.Si: posts big blind $0.02
*** HOLE CARDS ***
Dealt to Dorex2007 [6c 4c]
Aflil1966: folds 
Mariomesssi: raises $0.08 to $0.10
Dem-41: folds 
kike_kike88: folds 
Roubyz: folds 
Dorex2007: folds 
sansisbai: folds 
Realtor59: raises $1.68 to $1.78 and is all-in
Evgeniy.Si: folds 
Mariomesssi: calls $0.55 and is all-in
Uncalled bet ($1.13) returned to Realtor59
*** FLOP *** [2d 3c 3d]
*** TURN *** [2d 3c 3d] [7c]
*** RIVER *** [2d 3c 3d 7c] [Js]
*** SHOW DOWN ***
Realtor59: shows [Qh Qs] (two pair, Queens and Threes)
Mariomesssi: shows [5d 4h] (a pair of Threes)
Realtor59 collected $1.27 from pot
*** SUMMARY ***
Total pot $1.32 | Rake $0.05 
Board [2d 3c 3d 7c Js]
Seat 1: kike_kike88 folded before Flop (didn't bet)
Seat 2: Roubyz folded before Flop (didn't bet)
Seat 3: Dorex2007 folded before Flop (didn't bet)
Seat 4: sansisbai (button) folded before Flop (didn't bet)
Seat 5: Realtor59 (small blind) showed [Qh Qs] and won ($1.27) with two pair, Queens and Threes
Seat 6: Evgeniy.Si (big blind) folded before Flop
Seat 7: Aflil1966 folded before Flop (didn't bet)
Seat 8: Mariomesssi showed [5d 4h] and lost with a pair of Threes
Seat 9: Dem-41 folded before Flop (didn't bet)



PokerStars Hand #227284507893:  Hold'em No Limit ($0.01/$0.02 USD) - 2021/06/02 20:35:41 PT [2021/06/02 23:35:41 ET]
Table 'Saskia III' 9-max Seat #5 is the button
Seat 1: kike_kike88 ($1.75 in chips) 
Seat 2: Roubyz ($3.86 in chips) 
Seat 3: Dorex2007 ($3.79 in chips) 
Seat 4: sansisbai ($1.77 in chips) 
Seat 5: Realtor59 ($2.40 in chips) 
Seat 6: Evgeniy.Si ($3.23 in chips) 
Seat 7: Aflil1966 ($2.31 in chips) 
Seat 9: Dem-41 ($3.11 in chips) 
Evgeniy.Si: posts small blind $0.01
Aflil1966: posts big blind $0.02
*** HOLE CARDS ***
Dealt to Dorex2007 [Ad Jh]
Mariomesssi leaves the table
Dem-41: folds 
kike_kike88: folds 
Roubyz: folds 
Dorex2007: raises $0.04 to $0.06
sansisbai: folds 
Realtor59: folds 
Evgeniy.Si: calls $0.05
Aflil1966: folds 
*** FLOP *** [7d 2c 6s]
margolin777 joins the table at seat #8 
Evgeniy.Si: checks 
Dorex2007: bets $0.14
Evgeniy.Si: calls $0.14
*** TURN *** [7d 2c 6s] [9c]
Evgeniy.Si: checks 
Dorex2007: checks 
*** RIVER *** [7d 2c 6s 9c] [3d]
Evgeniy.Si: checks 
Dorex2007: bets $0.41
Evgeniy.Si: folds 
Uncalled bet ($0.41) returned to Dorex2007
Dorex2007 collected $0.41 from pot
Dorex2007: doesn't show hand 
*** SUMMARY ***
Total pot $0.42 | Rake $0.01 
Board [7d 2c 6s 9c 3d]
Seat 1: kike_kike88 folded before Flop (didn't bet)
Seat 2: Roubyz folded before Flop (didn't bet)
Seat 3: Dorex2007 collected ($0.41)
Seat 4: sansisbai folded before Flop (didn't bet)
Seat 5: Realtor59 (button) folded before Flop (didn't bet)
Seat 6: Evgeniy.Si (small blind) folded on the River
Seat 7: Aflil1966 (big blind) folded before Flop
Seat 9: Dem-41 folded before Flop (didn't bet)



PokerStars Hand #227284517290:  Hold'em No Limit ($0.01/$0.02 USD) - 2021/06/02 20:36:30 PT [2021/06/02 23:36:30 ET]
Table 'Saskia III' 9-max Seat #6 is the button
Seat 1: kike_kike88 ($1.75 in chips) 
Seat 2: Roubyz ($3.86 in chips) 
Seat 3: Dorex2007 ($4 in chips) 
Seat 4: sansisbai ($1.77 in chips) 
Seat 5: Realtor59 ($2.40 in chips) 
Seat 6: Evgeniy.Si ($3.03 in chips) 
Seat 7: Aflil1966 ($2.29 in chips) 
Seat 8: margolin777 ($0.80 in chips) 
Seat 9: Dem-41 ($3.11 in chips) 
Aflil1966: posts small blind $0.01
margolin777: posts big blind $0.02
*** HOLE CARDS ***
Dealt to Dorex2007 [9c 9d]
Dem-41: calls $0.02
kike_kike88: folds 
Roubyz: folds 
Dorex2007: calls $0.02
sansisbai: folds 
Realtor59: folds 
Evgeniy.Si: folds 
Aflil1966: folds 
margolin777: checks 
*** FLOP *** [Jc 7s Jh]
margolin777: bets $0.02
Dem-41: raises $0.02 to $0.04
Dorex2007: calls $0.04
margolin777: calls $0.02
*** TURN *** [Jc 7s Jh] [Ah]
margolin777: checks 
Dem-41: bets $0.18
Dorex2007: folds 
margolin777: folds 
Uncalled bet ($0.18) returned to Dem-41
Dem-41 collected $0.18 from pot
Dem-41: doesn't show hand 
*** SUMMARY ***
Total pot $0.19 | Rake $0.01 
Board [Jc 7s Jh Ah]
Seat 1: kike_kike88 folded before Flop (didn't bet)
Seat 2: Roubyz folded before Flop (didn't bet)
Seat 3: Dorex2007 folded on the Turn
Seat 4: sansisbai folded before Flop (didn't bet)
Seat 5: Realtor59 folded before Flop (didn't bet)
Seat 6: Evgeniy.Si (button) folded before Flop (didn't bet)
Seat 7: Aflil1966 (small blind) folded before Flop
Seat 8: margolin777 (big blind) folded on the Turn
Seat 9: Dem-41 collected ($0.18)



PokerStars Hand #227284524315:  Hold'em No Limit ($0.01/$0.02 USD) - 2021/06/02 20:37:07 PT [2021/06/02 23:37:07 ET]
Table 'Saskia III' 9-max Seat #7 is the button
Seat 1: kike_kike88 ($1.75 in chips) 
Seat 2: Roubyz ($3.86 in chips) 
Seat 3: Dorex2007 ($3.94 in chips) 
Seat 4: sansisbai ($1.77 in chips) 
Seat 5: Realtor59 ($2.40 in chips) 
Seat 6: Evgeniy.Si ($3.03 in chips) 
Seat 7: Aflil1966 ($2.28 in chips) 
Seat 8: margolin777 ($0.74 in chips) 
Seat 9: Dem-41 ($3.23 in chips) 
margolin777: posts small blind $0.01
Dem-41: posts big blind $0.02
*** HOLE CARDS ***
Dealt to Dorex2007 [2s Ad]
kike_kike88: calls $0.02
Roubyz: folds 
Dorex2007: folds 
sansisbai: folds 
Realtor59: folds 
Evgeniy.Si: calls $0.02
Aflil1966: folds 
margolin777 has timed out
margolin777: folds 
margolin777 is disconnected 
Dem-41: raises $0.02 to $0.04
kike_kike88: calls $0.02
Evgeniy.Si: calls $0.02
*** FLOP *** [Th 6c Kh]
Dem-41: bets $0.02
kike_kike88: folds 
Evgeniy.Si: calls $0.02
*** TURN *** [Th 6c Kh] [5c]
Dem-41: bets $0.02
Evgeniy.Si: calls $0.02
*** RIVER *** [Th 6c Kh 5c] [8d]
Dem-41: checks 
Evgeniy.Si: checks 
*** SHOW DOWN ***
Dem-41: shows [Ah Qh] (high card Ace)
Evgeniy.Si: shows [Kc 2c] (a pair of Kings)
Evgeniy.Si collected $0.20 from pot
*** SUMMARY ***
Total pot $0.21 | Rake $0.01 
Board [Th 6c Kh 5c 8d]
Seat 1: kike_kike88 folded on the Flop
Seat 2: Roubyz folded before Flop (didn't bet)
Seat 3: Dorex2007 folded before Flop (didn't bet)
Seat 4: sansisbai folded before Flop (didn't bet)
Seat 5: Realtor59 folded before Flop (didn't bet)
Seat 6: Evgeniy.Si showed [Kc 2c] and won ($0.20) with a pair of Kings
Seat 7: Aflil1966 (button) folded before Flop (didn't bet)
Seat 8: margolin777 (small blind) folded before Flop
Seat 9: Dem-41 (big blind) showed [Ah Qh] and lost with high card Ace



PokerStars Hand #227284539322:  Hold'em No Limit ($0.01/$0.02 USD) - 2021/06/02 20:38:27 PT [2021/06/02 23:38:27 ET]
Table 'Saskia III' 9-max Seat #9 is the button
Seat 1: kike_kike88 ($1.71 in chips) 
Seat 2: Roubyz ($3.86 in chips) 
Seat 3: Dorex2007 ($3.94 in chips) 
Seat 4: sansisbai ($1.77 in chips) 
Seat 5: Realtor59 ($2.40 in chips) 
Seat 6: Evgeniy.Si ($3.15 in chips) 
Seat 7: Aflil1966 ($2.28 in chips) 
Seat 9: Dem-41 ($3.15 in chips) 
kike_kike88: posts small blind $0.01
Roubyz: posts big blind $0.02
*** HOLE CARDS ***
Dealt to Dorex2007 [As 3d]
Dorex2007: folds 
sansisbai: raises $0.04 to $0.06
Realtor59: folds 
Evgeniy.Si: folds 
Aflil1966: folds 
Dem-41: folds 
kike_kike88: calls $0.05
Roubyz: calls $0.04
*** FLOP *** [Qd 7c 4d]
kike_kike88: checks 
Roubyz: checks 
sansisbai: bets $0.17
kike_kike88: raises $1.48 to $1.65 and is all-in
Roubyz: folds 
sansisbai: folds 
Uncalled bet ($1.48) returned to kike_kike88
kike_kike88 collected $0.50 from pot
kike_kike88: doesn't show hand 
*** SUMMARY ***
Total pot $0.52 | Rake $0.02 
Board [Qd 7c 4d]
Seat 1: kike_kike88 (small blind) collected ($0.50)
Seat 2: Roubyz (big blind) folded on the Flop
Seat 3: Dorex2007 folded before Flop (didn't bet)
Seat 4: sansisbai folded on the Flop
Seat 5: Realtor59 folded before Flop (didn't bet)
Seat 6: Evgeniy.Si folded before Flop (didn't bet)
Seat 7: Aflil1966 folded before Flop (didn't bet)
Seat 9: Dem-41 (button) folded before Flop (didn't bet)



PokerStars Hand #227284545012:  Hold'em No Limit ($0.01/$0.02 USD) - 2021/06/02 20:38:56 PT [2021/06/02 23:38:56 ET]
Table 'Saskia III' 9-max Seat #1 is the button
Seat 1: kike_kike88 ($1.98 in chips) 
Seat 2: Roubyz ($3.80 in chips) 
Seat 3: Dorex2007 ($3.94 in chips) 
Seat 4: sansisbai ($1.54 in chips) 
Seat 5: Realtor59 ($2.40 in chips) 
Seat 6: Evgeniy.Si ($3.15 in chips) 
Seat 7: Aflil1966 ($2.28 in chips) 
Seat 9: Dem-41 ($3.15 in chips) 
Roubyz: posts small blind $0.01
Dorex2007: posts big blind $0.02
*** HOLE CARDS ***
Dealt to Dorex2007 [4d 9s]
sansisbai: folds 
Realtor59: folds 
Evgeniy.Si: folds 
Aflil1966: folds 
Dem-41: calls $0.02
kike_kike88: folds 
Roubyz: folds 
Dorex2007: checks 
*** FLOP *** [6d 8d Qh]
Dorex2007: checks 
Dem-41: checks 
*** TURN *** [6d 8d Qh] [3d]
Dorex2007: checks 
Dem-41: checks 
*** RIVER *** [6d 8d Qh 3d] [Ah]
Dorex2007: checks 
Dem-41: checks 
*** SHOW DOWN ***
Dorex2007: shows [4d 9s] (high card Ace)
Dem-41: shows [5h Kh] (high card Ace - King kicker)
Dem-41 collected $0.05 from pot
*** SUMMARY ***
Total pot $0.05 | Rake $0 
Board [6d 8d Qh 3d Ah]
Seat 1: kike_kike88 (button) folded before Flop (didn't bet)
Seat 2: Roubyz (small blind) folded before Flop
Seat 3: Dorex2007 (big blind) showed [4d 9s] and lost with high card Ace
Seat 4: sansisbai folded before Flop (didn't bet)
Seat 5: Realtor59 folded before Flop (didn't bet)
Seat 6: Evgeniy.Si folded before Flop (didn't bet)
Seat 7: Aflil1966 folded before Flop (didn't bet)
Seat 9: Dem-41 showed [5h Kh] and won ($0.05) with high card Ace



PokerStars Hand #227284554597:  Hold'em No Limit ($0.01/$0.02 USD) - 2021/06/02 20:39:28 PT [2021/06/02 23:39:28 ET]
Table 'Saskia III' 9-max Seat #2 is the button
Seat 1: kike_kike88 ($1.98 in chips) 
Seat 2: Roubyz ($3.79 in chips) 
Seat 3: Dorex2007 ($3.92 in chips) 
Seat 4: sansisbai ($1.54 in chips) 
Seat 5: Realtor59 ($2.40 in chips) 
Seat 6: Evgeniy.Si ($3.15 in chips) 
Seat 7: Aflil1966 ($2.28 in chips) 
Seat 9: Dem-41 ($3.18 in chips) 
Dorex2007: posts small blind $0.01
sansisbai: posts big blind $0.02
*** HOLE CARDS ***
Dealt to Dorex2007 [4d Jc]
Realtor59: folds 
Evgeniy.Si: folds 
Aflil1966: folds 
Dem-41: folds 
kike_kike88: calls $0.02
Roubyz: folds 
Dorex2007: folds 
sansisbai: checks 
*** FLOP *** [Jh Ah Qs]
sansisbai: checks 
kike_kike88: bets $0.05
sansisbai: folds 
Uncalled bet ($0.05) returned to kike_kike88
kike_kike88 collected $0.05 from pot
kike_kike88: doesn't show hand 
*** SUMMARY ***
Total pot $0.05 | Rake $0 
Board [Jh Ah Qs]
Seat 1: kike_kike88 collected ($0.05)
Seat 2: Roubyz (button) folded before Flop (didn't bet)
Seat 3: Dorex2007 (small blind) folded before Flop
Seat 4: sansisbai (big blind) folded on the Flop
Seat 5: Realtor59 folded before Flop (didn't bet)
Seat 6: Evgeniy.Si folded before Flop (didn't bet)
Seat 7: Aflil1966 folded before Flop (didn't bet)
Seat 9: Dem-41 folded before Flop (didn't bet)



PokerStars Hand #227284559471:  Hold'em No Limit ($0.01/$0.02 USD) - 2021/06/02 20:39:54 PT [2021/06/02 23:39:54 ET]
Table 'Saskia III' 9-max Seat #3 is the button
Seat 1: kike_kike88 ($2.01 in chips) 
Seat 2: Roubyz ($3.79 in chips) 
Seat 3: Dorex2007 ($3.91 in chips) 
Seat 4: sansisbai ($1.52 in chips) 
Seat 5: Realtor59 ($2.40 in chips) 
Seat 6: Evgeniy.Si ($3.15 in chips) 
Seat 7: Aflil1966 ($2.28 in chips) 
Seat 8: margolin777 ($0.73 in chips) 
Seat 9: Dem-41 ($3.18 in chips) 
sansisbai: posts small blind $0.01
Realtor59: posts big blind $0.02
*** HOLE CARDS ***
Dealt to Dorex2007 [8s 4c]
Evgeniy.Si: folds 
Aflil1966: folds 
margolin777: calls $0.02
Dem-41: calls $0.02
kike_kike88: raises $0.02 to $0.04
Roubyz: folds 
Dorex2007: folds 
sansisbai: folds 
Realtor59: folds 
margolin777: calls $0.02
Dem-41: calls $0.02
*** FLOP *** [Jd 6s 4h]
margolin777: checks 
Dem-41: bets $0.02
kike_kike88: raises $0.18 to $0.20
margolin777: calls $0.20
Dem-41: folds 
*** TURN *** [Jd 6s 4h] [Th]
margolin777: checks 
kike_kike88: bets $1.77 and is all-in
margolin777: folds 
Uncalled bet ($1.77) returned to kike_kike88
kike_kike88 collected $0.55 from pot
kike_kike88: doesn't show hand 
*** SUMMARY ***
Total pot $0.57 | Rake $0.02 
Board [Jd 6s 4h Th]
Seat 1: kike_kike88 collected ($0.55)
Seat 2: Roubyz folded before Flop (didn't bet)
Seat 3: Dorex2007 (button) folded before Flop (didn't bet)
Seat 4: sansisbai (small blind) folded before Flop
Seat 5: Realtor59 (big blind) folded before Flop
Seat 6: Evgeniy.Si folded before Flop (didn't bet)
Seat 7: Aflil1966 folded before Flop (didn't bet)
Seat 8: margolin777 folded on the Turn
Seat 9: Dem-41 folded on the Flop



PokerStars Hand #227284566515:  Hold'em No Limit ($0.01/$0.02 USD) - 2021/06/02 20:40:31 PT [2021/06/02 23:40:31 ET]
Table 'Saskia III' 9-max Seat #4 is the button
Seat 1: kike_kike88 ($2.32 in chips) 
Seat 2: Roubyz ($3.79 in chips) 
Seat 3: Dorex2007 ($3.91 in chips) 
Seat 4: sansisbai ($1.51 in chips) 
Seat 5: Realtor59 ($2.38 in chips) 
Seat 6: Evgeniy.Si ($3.15 in chips) 
Seat 7: Aflil1966 ($2.28 in chips) 
Seat 8: margolin777 ($0.49 in chips) 
Seat 9: Dem-41 ($3.12 in chips) 
Realtor59: posts small blind $0.01
Evgeniy.Si: posts big blind $0.02
*** HOLE CARDS ***
Dealt to Dorex2007 [7c 7s]
Aflil1966: folds 
margolin777: calls $0.02
Dem-41: calls $0.02
kike_kike88: folds 
kike_kike88 leaves the table
Roubyz: raises $0.09 to $0.11
Dorex2007: folds 
sansisbai: folds 
Realtor59: folds 
Cicero Gilmário joins the table at seat #1 
Evgeniy.Si: folds 
margolin777: calls $0.09
Dem-41: folds 
*** FLOP *** [Jh 6c Kc]
margolin777: checks 
Roubyz: checks 
*** TURN *** [Jh 6c Kc] [Qs]
margolin777: bets $0.02
Roubyz: calls $0.02
*** RIVER *** [Jh 6c Kc Qs] [7d]
margolin777: bets $0.36 and is all-in
Roubyz: folds 
Uncalled bet ($0.36) returned to margolin777
margolin777 collected $0.30 from pot
margolin777: doesn't show hand 
*** SUMMARY ***
Total pot $0.31 | Rake $0.01 
Board [Jh 6c Kc Qs 7d]
Seat 1: kike_kike88 folded before Flop (didn't bet)
Seat 2: Roubyz folded on the River
Seat 3: Dorex2007 folded before Flop (didn't bet)
Seat 4: sansisbai (button) folded before Flop (didn't bet)
Seat 5: Realtor59 (small blind) folded before Flop
Seat 6: Evgeniy.Si (big blind) folded before Flop
Seat 7: Aflil1966 folded before Flop (didn't bet)
Seat 8: margolin777 collected ($0.30)
Seat 9: Dem-41 folded before Flop



PokerStars Hand #227284575616:  Hold'em No Limit ($0.01/$0.02 USD) - 2021/06/02 20:41:19 PT [2021/06/02 23:41:19 ET]
Table 'Saskia III' 9-max Seat #5 is the button
Seat 1: Cicero Gilmário ($2 in chips) 
Seat 2: Roubyz ($3.66 in chips) 
Seat 3: Dorex2007 ($3.91 in chips) 
Seat 4: sansisbai ($1.51 in chips) 
Seat 5: Realtor59 ($2.37 in chips) 
Seat 6: Evgeniy.Si ($3.13 in chips) 
Seat 7: Aflil1966 ($2.28 in chips) 
Seat 8: margolin777 ($0.66 in chips) 
Seat 9: Dem-41 ($3.10 in chips) 
Evgeniy.Si: posts small blind $0.01
Aflil1966: posts big blind $0.02
Cicero Gilmário: posts big blind $0.02
*** HOLE CARDS ***
Dealt to Dorex2007 [7c Jd]
margolin777: calls $0.02
Dem-41: folds 
Cicero Gilmário: checks 
Roubyz: folds 
Dorex2007: folds 
sansisbai: folds 
Realtor59: folds 
Evgeniy.Si: calls $0.01
Aflil1966: checks 
*** FLOP *** [5d 2c 2d]
Evgeniy.Si: checks 
Aflil1966: checks 
margolin777: checks 
Cicero Gilmário: checks 
*** TURN *** [5d 2c 2d] [6h]
Evgeniy.Si: checks 
Aflil1966: bets $0.02
margolin777: folds 
Cicero Gilmário: calls $0.02
Evgeniy.Si: folds 
*** RIVER *** [5d 2c 2d 6h] [3h]
Aflil1966: checks 
Cicero Gilmário: checks 
*** SHOW DOWN ***
Aflil1966: shows [Ad Qs] (a pair of Deuces)
Cicero Gilmário: mucks hand 
Aflil1966 collected $0.12 from pot
*** SUMMARY ***
Total pot $0.12 | Rake $0 
Board [5d 2c 2d 6h 3h]
Seat 1: Cicero Gilmário mucked [8c 9h]
Seat 2: Roubyz folded before Flop (didn't bet)
Seat 3: Dorex2007 folded before Flop (didn't bet)
Seat 4: sansisbai folded before Flop (didn't bet)
Seat 5: Realtor59 (button) folded before Flop (didn't bet)
Seat 6: Evgeniy.Si (small blind) folded on the Turn
Seat 7: Aflil1966 (big blind) showed [Ad Qs] and won ($0.12) with a pair of Deuces
Seat 8: margolin777 folded on the Turn
Seat 9: Dem-41 folded before Flop (didn't bet)



PokerStars Hand #227284583354:  Hold'em No Limit ($0.01/$0.02 USD) - 2021/06/02 20:42:00 PT [2021/06/02 23:42:00 ET]
Table 'Saskia III' 9-max Seat #7 is the button
Seat 1: Cicero Gilmário ($1.96 in chips) 
Seat 2: Roubyz ($3.66 in chips) 
Seat 3: Dorex2007 ($3.91 in chips) 
Seat 4: sansisbai ($1.51 in chips) 
Seat 5: Realtor59 ($2.37 in chips) 
Seat 7: Aflil1966 ($2.36 in chips) 
Seat 8: margolin777 ($0.64 in chips) 
Seat 9: Dem-41 ($3.10 in chips) 
margolin777: posts small blind $0.01
Dem-41: posts big blind $0.02
*** HOLE CARDS ***
Dealt to Dorex2007 [Kh Qs]
Cicero Gilmário: folds 
Roubyz: folds 
Dorex2007: raises $0.04 to $0.06
sansisbai: folds 
Realtor59: folds 
Aflil1966: folds 
margolin777: calls $0.05
Dem-41: folds 
*** FLOP *** [3c Ks Td]
margolin777: checks 
Dorex2007: checks 
*** TURN *** [3c Ks Td] [7c]
margolin777: bets $0.02
Dorex2007: raises $0.04 to $0.06
margolin777: calls $0.04
*** RIVER *** [3c Ks Td 7c] [3h]
margolin777: checks 
Dorex2007: checks 
*** SHOW DOWN ***
margolin777: shows [As 7d] (two pair, Sevens and Threes)
Dorex2007: shows [Kh Qs] (two pair, Kings and Threes)
Dorex2007 collected $0.25 from pot
*** SUMMARY ***
Total pot $0.26 | Rake $0.01 
Board [3c Ks Td 7c 3h]
Seat 1: Cicero Gilmário folded before Flop (didn't bet)
Seat 2: Roubyz folded before Flop (didn't bet)
Seat 3: Dorex2007 showed [Kh Qs] and won ($0.25) with two pair, Kings and Threes
Seat 4: sansisbai folded before Flop (didn't bet)
Seat 5: Realtor59 folded before Flop (didn't bet)
Seat 7: Aflil1966 (button) folded before Flop (didn't bet)
Seat 8: margolin777 (small blind) showed [As 7d] and lost with two pair, Sevens and Threes
Seat 9: Dem-41 (big blind) folded before Flop



PokerStars Hand #227284591618:  Hold'em No Limit ($0.01/$0.02 USD) - 2021/06/02 20:42:44 PT [2021/06/02 23:42:44 ET]
Table 'Saskia III' 9-max Seat #8 is the button
Seat 1: Cicero Gilmário ($1.96 in chips) 
Seat 2: Roubyz ($3.66 in chips) 
Seat 3: Dorex2007 ($4.04 in chips) 
Seat 4: sansisbai ($1.51 in chips) 
Seat 5: Realtor59 ($2.37 in chips) 
Seat 7: Aflil1966 ($2.36 in chips) 
Seat 8: margolin777 ($0.52 in chips) 
Seat 9: Dem-41 ($3.08 in chips) 
Dem-41: posts small blind $0.01
Cicero Gilmário: posts big blind $0.02
*** HOLE CARDS ***
Dealt to Dorex2007 [Ah 9s]
Roubyz: folds 
Dorex2007: folds 
sansisbai: folds 
Realtor59: folds 
Aflil1966: folds 
margolin777 has timed out
margolin777: folds 
Dem-41: calls $0.01
Cicero Gilmário: checks 
*** FLOP *** [8h 3c 9h]
Dem-41: checks 
Cicero Gilmário: checks 
*** TURN *** [8h 3c 9h] [2s]
Dem-41: bets $0.02
Cicero Gilmário: calls $0.02
*** RIVER *** [8h 3c 9h 2s] [6h]
Dem-41: checks 
Cicero Gilmário: bets $0.06
Dem-41: folds 
Uncalled bet ($0.06) returned to Cicero Gilmário
Cicero Gilmário collected $0.08 from pot
Cicero Gilmário: doesn't show hand 
*** SUMMARY ***
Total pot $0.08 | Rake $0 
Board [8h 3c 9h 2s 6h]
Seat 1: Cicero Gilmário (big blind) collected ($0.08)
Seat 2: Roubyz folded before Flop (didn't bet)
Seat 3: Dorex2007 folded before Flop (didn't bet)
Seat 4: sansisbai folded before Flop (didn't bet)
Seat 5: Realtor59 folded before Flop (didn't bet)
Seat 7: Aflil1966 folded before Flop (didn't bet)
Seat 8: margolin777 (button) folded before Flop (didn't bet)
Seat 9: Dem-41 (small blind) folded on the River



PokerStars Hand #227284599514:  Hold'em No Limit ($0.01/$0.02 USD) - 2021/06/02 20:43:26 PT [2021/06/02 23:43:26 ET]
Table 'Saskia III' 9-max Seat #9 is the button
Seat 1: Cicero Gilmário ($2 in chips) 
Seat 2: Roubyz ($3.66 in chips) 
Seat 3: Dorex2007 ($4.04 in chips) 
Seat 4: sansisbai ($1.51 in chips) 
Seat 5: Realtor59 ($2.37 in chips) 
Seat 7: Aflil1966 ($2.36 in chips) 
Seat 8: margolin777 ($0.52 in chips) 
Seat 9: Dem-41 ($3.04 in chips) 
Cicero Gilmário: posts small blind $0.01
Roubyz: posts big blind $0.02
*** HOLE CARDS ***
Dealt to Dorex2007 [5s Th]
Dorex2007: folds 
sansisbai: raises $0.04 to $0.06
Realtor59: raises $0.10 to $0.16
Aflil1966: folds 
margolin777: folds 
Dem-41: folds 
Cicero Gilmário: folds 
Roubyz: folds 
sansisbai: folds 
Uncalled bet ($0.10) returned to Realtor59
Realtor59 collected $0.15 from pot
Realtor59: doesn't show hand 
*** SUMMARY ***
Total pot $0.15 | Rake $0 
Seat 1: Cicero Gilmário (small blind) folded before Flop
Seat 2: Roubyz (big blind) folded before Flop
Seat 3: Dorex2007 folded before Flop (didn't bet)
Seat 4: sansisbai folded before Flop
Seat 5: Realtor59 collected ($0.15)
Seat 7: Aflil1966 folded before Flop (didn't bet)
Seat 8: margolin777 folded before Flop (didn't bet)
Seat 9: Dem-41 (button) folded before Flop (didn't bet)



PokerStars Hand #227284603537:  Hold'em No Limit ($0.01/$0.02 USD) - 2021/06/02 20:43:48 PT [2021/06/02 23:43:48 ET]
Table 'Saskia III' 9-max Seat #1 is the button
Seat 1: Cicero Gilmário ($1.99 in chips) 
Seat 2: Roubyz ($3.64 in chips) 
Seat 3: Dorex2007 ($4.04 in chips) 
Seat 4: sansisbai ($1.45 in chips) 
Seat 5: Realtor59 ($2.46 in chips) 
Seat 7: Aflil1966 ($2.36 in chips) 
Seat 8: margolin777 ($0.52 in chips) 
Seat 9: Dem-41 ($3.04 in chips) 
Roubyz: posts small blind $0.01
Dorex2007: posts big blind $0.02
*** HOLE CARDS ***
Dealt to Dorex2007 [7d 7s]
sansisbai: folds 
Realtor59: folds 
Aflil1966: folds 
margolin777: calls $0.02
Dem-41: folds 
Cicero Gilmário: calls $0.02
Roubyz: folds 
Dorex2007: checks 
*** FLOP *** [Kc Qc 3c]
Dorex2007: checks 
margolin777: bets $0.07
Cicero Gilmário: calls $0.07
Dorex2007: folds 
*** TURN *** [Kc Qc 3c] [Th]
margolin777: bets $0.20
Cicero Gilmário: raises $1.70 to $1.90 and is all-in
margolin777: calls $0.23 and is all-in
Uncalled bet ($1.47) returned to Cicero Gilmário
*** RIVER *** [Kc Qc 3c Th] [6d]
*** SHOW DOWN ***
margolin777: shows [Ks 6c] (two pair, Kings and Sixes)
Cicero Gilmário: shows [Jc 9s] (a straight, Nine to King)
Cicero Gilmário collected $1.03 from pot
*** SUMMARY ***
Total pot $1.07 | Rake $0.04 
Board [Kc Qc 3c Th 6d]
Seat 1: Cicero Gilmário (button) showed [Jc 9s] and won ($1.03) with a straight, Nine to King
Seat 2: Roubyz (small blind) folded before Flop
Seat 3: Dorex2007 (big blind) folded on the Flop
Seat 4: sansisbai folded before Flop (didn't bet)
Seat 5: Realtor59 folded before Flop (didn't bet)
Seat 7: Aflil1966 folded before Flop (didn't bet)
Seat 8: margolin777 showed [Ks 6c] and lost with two pair, Kings and Sixes
Seat 9: Dem-41 folded before Flop (didn't bet)



PokerStars Hand #227284609885:  Hold'em No Limit ($0.01/$0.02 USD) - 2021/06/02 20:44:22 PT [2021/06/02 23:44:22 ET]
Table 'Saskia III' 9-max Seat #2 is the button
Seat 1: Cicero Gilmário ($2.50 in chips) 
Seat 2: Roubyz ($3.63 in chips) 
Seat 3: Dorex2007 ($4.02 in chips) 
Seat 4: sansisbai ($2 in chips) 
Seat 5: Realtor59 ($2.46 in chips) 
Seat 7: Aflil1966 ($2.36 in chips) 
Seat 9: Dem-41 ($3.04 in chips) 
Dorex2007: posts small blind $0.01
sansisbai: posts big blind $0.02
*** HOLE CARDS ***
Dealt to Dorex2007 [Qd 9h]
Realtor59: folds 
Aflil1966: folds 
Dem-41: folds 
Cicero Gilmário: folds 
Roubyz: folds 
Dorex2007: calls $0.01
sansisbai: checks 
*** FLOP *** [3c Js Qh]
Dorex2007: checks 
margolin777 leaves the table
sansisbai: bets $0.04
Dorex2007: raises $0.08 to $0.12
sansisbai: folds 
Uncalled bet ($0.08) returned to Dorex2007
Dorex2007 collected $0.12 from pot
Dorex2007: doesn't show hand 
*** SUMMARY ***
Total pot $0.12 | Rake $0 
Board [3c Js Qh]
Seat 1: Cicero Gilmário folded before Flop (didn't bet)
Seat 2: Roubyz (button) folded before Flop (didn't bet)
Seat 3: Dorex2007 (small blind) collected ($0.12)
Seat 4: sansisbai (big blind) folded on the Flop
Seat 5: Realtor59 folded before Flop (didn't bet)
Seat 7: Aflil1966 folded before Flop (didn't bet)
Seat 9: Dem-41 folded before Flop (didn't bet)



PokerStars Hand #227284615130:  Hold'em No Limit ($0.01/$0.02 USD) - 2021/06/02 20:44:50 PT [2021/06/02 23:44:50 ET]
Table 'Saskia III' 9-max Seat #3 is the button
Seat 1: Cicero Gilmário ($2.50 in chips) 
Seat 2: Roubyz ($3.63 in chips) 
Seat 3: Dorex2007 ($4.08 in chips) 
Seat 4: sansisbai ($1.94 in chips) 
Seat 5: Realtor59 ($2.46 in chips) 
Seat 7: Aflil1966 ($2.36 in chips) 
Seat 9: Dem-41 ($3.04 in chips) 
sansisbai: posts small blind $0.01
Realtor59: posts big blind $0.02
*** HOLE CARDS ***
Dealt to Dorex2007 [6s 5c]
Aflil1966: folds 
Dem-41: folds 
Cicero Gilmário: folds 
Roubyz: folds 
Dorex2007: folds 
sansisbai: folds 
Uncalled bet ($0.01) returned to Realtor59
Realtor59 collected $0.02 from pot
Realtor59: doesn't show hand 
*** SUMMARY ***
Total pot $0.02 | Rake $0 
Seat 1: Cicero Gilmário folded before Flop (didn't bet)
Seat 2: Roubyz folded before Flop (didn't bet)
Seat 3: Dorex2007 (button) folded before Flop (didn't bet)
Seat 4: sansisbai (small blind) folded before Flop
Seat 5: Realtor59 (big blind) collected ($0.02)
Seat 7: Aflil1966 folded before Flop (didn't bet)
Seat 9: Dem-41 folded before Flop (didn't bet)



PokerStars Hand #227284620558:  Hold'em No Limit ($0.01/$0.02 USD) - 2021/06/02 20:45:00 PT [2021/06/02 23:45:00 ET]
Table 'Saskia III' 9-max Seat #4 is the button
Seat 1: Cicero Gilmário ($2.50 in chips) 
Seat 2: Roubyz ($3.63 in chips) 
Seat 3: Dorex2007 ($4.08 in chips) 
Seat 4: sansisbai ($1.93 in chips) 
Seat 5: Realtor59 ($2.47 in chips) 
Seat 7: Aflil1966 ($2.36 in chips) 
Seat 9: Dem-41 ($3.04 in chips) 
Realtor59: posts small blind $0.01
Aflil1966: posts big blind $0.02
*** HOLE CARDS ***
Dealt to Dorex2007 [2h 7c]
Dem-41: folds 
Cicero Gilmário: calls $0.02
Roubyz: folds 
Dorex2007: folds 
sansisbai: folds 
Realtor59: folds 
Aflil1966: checks 
*** FLOP *** [Ks 5s 9s]
Aflil1966: checks 
Cicero Gilmário: checks 
*** TURN *** [Ks 5s 9s] [4h]
Aflil1966: checks 
Cicero Gilmário: bets $0.03
Aflil1966: folds 
Uncalled bet ($0.03) returned to Cicero Gilmário
Cicero Gilmário collected $0.05 from pot
Cicero Gilmário: doesn't show hand 
*** SUMMARY ***
Total pot $0.05 | Rake $0 
Board [Ks 5s 9s 4h]
Seat 1: Cicero Gilmário collected ($0.05)
Seat 2: Roubyz folded before Flop (didn't bet)
Seat 3: Dorex2007 folded before Flop (didn't bet)
Seat 4: sansisbai (button) folded before Flop (didn't bet)
Seat 5: Realtor59 (small blind) folded before Flop
Seat 7: Aflil1966 (big blind) folded on the Turn
Seat 9: Dem-41 folded before Flop (didn't bet)



PokerStars Hand #227284625670:  Hold'em No Limit ($0.01/$0.02 USD) - 2021/06/02 20:45:28 PT [2021/06/02 23:45:28 ET]
Table 'Saskia III' 9-max Seat #5 is the button
Seat 1: Cicero Gilmário ($2.53 in chips) 
Seat 2: Roubyz ($3.63 in chips) 
Seat 3: Dorex2007 ($4.08 in chips) 
Seat 4: sansisbai ($1.93 in chips) 
Seat 5: Realtor59 ($2.46 in chips) 
Seat 7: Aflil1966 ($2.34 in chips) 
Seat 9: Dem-41 ($3.04 in chips) 
Aflil1966: posts small blind $0.01
Dem-41: posts big blind $0.02
*** HOLE CARDS ***
Dealt to Dorex2007 [Th Js]
Cicero Gilmário: folds 
Roubyz: folds 
Dorex2007: folds 
sansisbai: folds 
Realtor59: folds 
Aflil1966: calls $0.01
Dem-41: checks 
*** FLOP *** [4d 6h 8h]
Aflil1966: checks 
Dem-41: bets $0.06
Aflil1966: calls $0.06
*** TURN *** [4d 6h 8h] [Jc]
Aflil1966: checks 
Dem-41: checks 
*** RIVER *** [4d 6h 8h Jc] [Ts]
Aflil1966: checks 
Dem-41: checks 
*** SHOW DOWN ***
Aflil1966: shows [Ad Kd] (high card Ace)
Dem-41: shows [8d 2c] (a pair of Eights)
Dem-41 collected $0.15 from pot
*** SUMMARY ***
Total pot $0.16 | Rake $0.01 
Board [4d 6h 8h Jc Ts]
Seat 1: Cicero Gilmário folded before Flop (didn't bet)
Seat 2: Roubyz folded before Flop (didn't bet)
Seat 3: Dorex2007 folded before Flop (didn't bet)
Seat 4: sansisbai folded before Flop (didn't bet)
Seat 5: Realtor59 (button) folded before Flop (didn't bet)
Seat 7: Aflil1966 (small blind) showed [Ad Kd] and lost with high card Ace
Seat 9: Dem-41 (big blind) showed [8d 2c] and won ($0.15) with a pair of Eights



PokerStars Hand #227284632119:  Hold'em No Limit ($0.01/$0.02 USD) - 2021/06/02 20:46:04 PT [2021/06/02 23:46:04 ET]
Table 'Saskia III' 9-max Seat #7 is the button
Seat 1: Cicero Gilmário ($2.53 in chips) 
Seat 2: Roubyz ($3.63 in chips) 
Seat 3: Dorex2007 ($4.08 in chips) 
Seat 4: sansisbai ($1.93 in chips) 
Seat 5: Realtor59 ($2.46 in chips) 
Seat 6: Evgeniy.Si ($3.11 in chips) 
Seat 7: Aflil1966 ($2.26 in chips) 
Seat 9: Dem-41 ($3.11 in chips) 
Dem-41: posts small blind $0.01
Cicero Gilmário: posts big blind $0.02
Evgeniy.Si: posts small & big blinds $0.03
*** HOLE CARDS ***
Dealt to Dorex2007 [Jh 7s]
Roubyz: folds 
Dorex2007: folds 
sansisbai: folds 
Realtor59: folds 
Evgeniy.Si: checks 
Aflil1966: calls $0.02
Dem-41: raises $0.04 to $0.06
Cicero Gilmário: raises $0.04 to $0.10
Evgeniy.Si: folds 
Aflil1966: folds 
Dem-41: calls $0.04
*** FLOP *** [9d 6c Qc]
Dem-41: bets $0.02
Cicero Gilmário: raises $0.28 to $0.30
Dem-41: calls $0.28
*** TURN *** [9d 6c Qc] [Td]
Dem-41: bets $0.02
Cicero Gilmário: raises $2.02 to $2.04
Dem-41: folds 
Uncalled bet ($2.02) returned to Cicero Gilmário
Cicero Gilmário collected $0.86 from pot
Cicero Gilmário: doesn't show hand 
*** SUMMARY ***
Total pot $0.89 | Rake $0.03 
Board [9d 6c Qc Td]
Seat 1: Cicero Gilmário (big blind) collected ($0.86)
Seat 2: Roubyz folded before Flop (didn't bet)
Seat 3: Dorex2007 folded before Flop (didn't bet)
Seat 4: sansisbai folded before Flop (didn't bet)
Seat 5: Realtor59 folded before Flop (didn't bet)
Seat 6: Evgeniy.Si folded before Flop (didn't bet)
Seat 7: Aflil1966 (button) folded before Flop
Seat 9: Dem-41 (small blind) folded on the Turn



PokerStars Hand #227284641467:  Hold'em No Limit ($0.01/$0.02 USD) - 2021/06/02 20:46:55 PT [2021/06/02 23:46:55 ET]
Table 'Saskia III' 9-max Seat #9 is the button
Seat 1: Cicero Gilmário ($2.97 in chips) 
Seat 2: Roubyz ($3.63 in chips) 
Seat 3: Dorex2007 ($4.08 in chips) 
Seat 4: sansisbai ($1.93 in chips) 
Seat 5: Realtor59 ($2.46 in chips) 
Seat 6: Evgeniy.Si ($3.08 in chips) 
Seat 7: Aflil1966 ($2.24 in chips) 
Seat 9: Dem-41 ($2.69 in chips) 
Cicero Gilmário: posts small blind $0.01
Roubyz: posts big blind $0.02
*** HOLE CARDS ***
Dealt to Dorex2007 [9s 9c]
Dorex2007: raises $0.02 to $0.04
sansisbai: raises $0.16 to $0.20
Realtor59: folds 
Evgeniy.Si: folds 
Aflil1966: folds 
Dem-41: folds 
Cicero Gilmário: folds 
Roubyz: folds 
Dorex2007: folds 
Uncalled bet ($0.16) returned to sansisbai
sansisbai collected $0.11 from pot
Cicero Gilmário leaves the table
sansisbai: doesn't show hand 
*** SUMMARY ***
Total pot $0.11 | Rake $0 
Seat 1: Cicero Gilmário (small blind) folded before Flop
Seat 2: Roubyz (big blind) folded before Flop
Seat 3: Dorex2007 folded before Flop
Seat 4: sansisbai collected ($0.11)
Seat 5: Realtor59 folded before Flop (didn't bet)
Seat 6: Evgeniy.Si folded before Flop (didn't bet)
Seat 7: Aflil1966 folded before Flop (didn't bet)
Seat 9: Dem-41 (button) folded before Flop (didn't bet)



PokerStars Hand #227284645421:  Hold'em No Limit ($0.01/$0.02 USD) - 2021/06/02 20:47:17 PT [2021/06/02 23:47:17 ET]
Table 'Saskia III' 9-max Seat #2 is the button
Seat 2: Roubyz ($3.61 in chips) 
Seat 3: Dorex2007 ($4.04 in chips) 
Seat 4: sansisbai ($2 in chips) 
Seat 5: Realtor59 ($2.46 in chips) 
Seat 6: Evgeniy.Si ($3.08 in chips) 
Seat 7: Aflil1966 ($2.24 in chips) 
Seat 9: Dem-41 ($2.69 in chips) 
Dorex2007: posts small blind $0.01
sansisbai: posts big blind $0.02
*** HOLE CARDS ***
Dealt to Dorex2007 [2h 6s]
Realtor59: raises $0.04 to $0.06
Evgeniy.Si: folds 
Aflil1966: folds 
Dem-41: folds 
Roubyz: folds 
Dorex2007: folds 
sansisbai: folds 
Uncalled bet ($0.04) returned to Realtor59
Realtor59 collected $0.05 from pot
Realtor59: doesn't show hand 
*** SUMMARY ***
Total pot $0.05 | Rake $0 
Seat 2: Roubyz (button) folded before Flop (didn't bet)
Seat 3: Dorex2007 (small blind) folded before Flop
Seat 4: sansisbai (big blind) folded before Flop
Seat 5: Realtor59 collected ($0.05)
Seat 6: Evgeniy.Si folded before Flop (didn't bet)
Seat 7: Aflil1966 folded before Flop (didn't bet)
Seat 9: Dem-41 folded before Flop (didn't bet)



PokerStars Hand #227284650887:  Hold'em No Limit ($0.01/$0.02 USD) - 2021/06/02 20:47:29 PT [2021/06/02 23:47:29 ET]
Table 'Saskia III' 9-max Seat #3 is the button
Seat 2: Roubyz ($3.61 in chips) 
Seat 3: Dorex2007 ($4.03 in chips) 
Seat 4: sansisbai ($1.98 in chips) 
Seat 5: Realtor59 ($2.49 in chips) 
Seat 6: Evgeniy.Si ($3.08 in chips) 
Seat 7: Aflil1966 ($2.24 in chips) 
Seat 9: Dem-41 ($2.69 in chips) 
sansisbai: posts small blind $0.01
Realtor59: posts big blind $0.02
*** HOLE CARDS ***
Dealt to Dorex2007 [2c Tc]
Evgeniy.Si: calls $0.02
Aflil1966: folds 
Dem-41: folds 
Roubyz: folds 
Dorex2007: folds 
sansisbai: folds 
Realtor59: checks 
*** FLOP *** [9h 2s Jh]
Realtor59: checks 
Evgeniy.Si: checks 
*** TURN *** [9h 2s Jh] [8s]
Realtor59: checks 
Evgeniy.Si: checks 
*** RIVER *** [9h 2s Jh 8s] [5c]
Realtor59: checks 
Evgeniy.Si: bets $0.02
Realtor59: folds 
Uncalled bet ($0.02) returned to Evgeniy.Si
Evgeniy.Si collected $0.05 from pot
Evgeniy.Si: doesn't show hand 
*** SUMMARY ***
Total pot $0.05 | Rake $0 
Board [9h 2s Jh 8s 5c]
Seat 2: Roubyz folded before Flop (didn't bet)
Seat 3: Dorex2007 (button) folded before Flop (didn't bet)
Seat 4: sansisbai (small blind) folded before Flop
Seat 5: Realtor59 (big blind) folded on the River
Seat 6: Evgeniy.Si collected ($0.05)
Seat 7: Aflil1966 folded before Flop (didn't bet)
Seat 9: Dem-41 folded before Flop (didn't bet)



PokerStars Hand #227284655123:  Hold'em No Limit ($0.01/$0.02 USD) - 2021/06/02 20:47:52 PT [2021/06/02 23:47:52 ET]
Table 'Saskia III' 9-max Seat #4 is the button
Seat 2: Roubyz ($3.61 in chips) 
Seat 3: Dorex2007 ($4.03 in chips) 
Seat 4: sansisbai ($1.97 in chips) 
Seat 5: Realtor59 ($2.47 in chips) 
Seat 6: Evgeniy.Si ($3.11 in chips) 
Seat 7: Aflil1966 ($2.24 in chips) 
Seat 9: Dem-41 ($2.69 in chips) 
Realtor59: posts small blind $0.01
Evgeniy.Si: posts big blind $0.02
*** HOLE CARDS ***
Dealt to Dorex2007 [Ah Tc]
Aflil1966: calls $0.02
Dem-41: folds 
Roubyz: folds 
Dorex2007: calls $0.02
sansisbai: raises $0.08 to $0.10
Realtor59: folds 
Evgeniy.Si: folds 
Aflil1966: raises $2.14 to $2.24 and is all-in
Dorex2007: folds 
sansisbai: folds 
Uncalled bet ($2.14) returned to Aflil1966
Aflil1966 collected $0.25 from pot
Aflil1966: doesn't show hand 
*** SUMMARY ***
Total pot $0.25 | Rake $0 
Seat 2: Roubyz folded before Flop (didn't bet)
Seat 3: Dorex2007 folded before Flop
Seat 4: sansisbai (button) folded before Flop
Seat 5: Realtor59 (small blind) folded before Flop
Seat 6: Evgeniy.Si (big blind) folded before Flop
Seat 7: Aflil1966 collected ($0.25)
Seat 9: Dem-41 folded before Flop (didn't bet)



PokerStars Hand #227284660960:  Hold'em No Limit ($0.01/$0.02 USD) - 2021/06/02 20:48:23 PT [2021/06/02 23:48:23 ET]
Table 'Saskia III' 9-max Seat #5 is the button
Seat 2: Roubyz ($3.61 in chips) 
Seat 3: Dorex2007 ($4.01 in chips) 
Seat 4: sansisbai ($1.87 in chips) 
Seat 5: Realtor59 ($2.46 in chips) 
Seat 6: Evgeniy.Si ($3.09 in chips) 
Seat 7: Aflil1966 ($2.39 in chips) 
Seat 9: Dem-41 ($2.69 in chips) 
Evgeniy.Si: posts small blind $0.01
Aflil1966: posts big blind $0.02
*** HOLE CARDS ***
Dealt to Dorex2007 [Kc 5s]
Dem-41: calls $0.02
Roubyz: folds 
Dorex2007: folds 
sansisbai: folds 
Realtor59: folds 
Evgeniy.Si: calls $0.01
Aflil1966: checks 
*** FLOP *** [7h 9s 2h]
Evgeniy.Si: checks 
Aflil1966: checks 
Dem-41: bets $0.04
Evgeniy.Si: folds 
Aflil1966: folds 
Uncalled bet ($0.04) returned to Dem-41
Dem-41 collected $0.06 from pot
Dem-41: doesn't show hand 
*** SUMMARY ***
Total pot $0.06 | Rake $0 
Board [7h 9s 2h]
Seat 2: Roubyz folded before Flop (didn't bet)
Seat 3: Dorex2007 folded before Flop (didn't bet)
Seat 4: sansisbai folded before Flop (didn't bet)
Seat 5: Realtor59 (button) folded before Flop (didn't bet)
Seat 6: Evgeniy.Si (small blind) folded on the Flop
Seat 7: Aflil1966 (big blind) folded on the Flop
Seat 9: Dem-41 collected ($0.06)



PokerStars Hand #227284665126:  Hold'em No Limit ($0.01/$0.02 USD) - 2021/06/02 20:48:46 PT [2021/06/02 23:48:46 ET]
Table 'Saskia III' 9-max Seat #6 is the button
Seat 2: Roubyz ($3.61 in chips) 
Seat 3: Dorex2007 ($4.01 in chips) 
Seat 4: sansisbai ($1.87 in chips) 
Seat 5: Realtor59 ($2.46 in chips) 
Seat 6: Evgeniy.Si ($3.07 in chips) 
Seat 7: Aflil1966 ($2.37 in chips) 
Seat 9: Dem-41 ($2.73 in chips) 
Aflil1966: posts small blind $0.01
Dem-41: posts big blind $0.02
*** HOLE CARDS ***
Dealt to Dorex2007 [Qd 6c]
Roubyz: folds 
Dorex2007: folds 
sansisbai: folds 
Realtor59: raises $0.04 to $0.06
Evgeniy.Si: folds 
Aflil1966: folds 
Dem-41: folds 
Uncalled bet ($0.04) returned to Realtor59
Realtor59 collected $0.05 from pot
Realtor59: doesn't show hand 
*** SUMMARY ***
Total pot $0.05 | Rake $0 
Seat 2: Roubyz folded before Flop (didn't bet)
Seat 3: Dorex2007 folded before Flop (didn't bet)
Seat 4: sansisbai folded before Flop (didn't bet)
Seat 5: Realtor59 collected ($0.05)
Seat 6: Evgeniy.Si (button) folded before Flop (didn't bet)
Seat 7: Aflil1966 (small blind) folded before Flop
Seat 9: Dem-41 (big blind) folded before Flop



PokerStars Hand #227284667984:  Hold'em No Limit ($0.01/$0.02 USD) - 2021/06/02 20:49:02 PT [2021/06/02 23:49:02 ET]
Table 'Saskia III' 9-max Seat #7 is the button
Seat 2: Roubyz ($3.61 in chips) 
Seat 3: Dorex2007 ($4.01 in chips) 
Seat 4: sansisbai ($1.87 in chips) 
Seat 5: Realtor59 ($2.49 in chips) 
Seat 6: Evgeniy.Si ($3.07 in chips) 
Seat 7: Aflil1966 ($2.36 in chips) 
Seat 9: Dem-41 ($2.71 in chips) 
Dem-41: posts small blind $0.01
Roubyz: posts big blind $0.02
*** HOLE CARDS ***
Dealt to Dorex2007 [6s Kd]
Dorex2007: folds 
sansisbai: folds 
Realtor59: folds 
Evgeniy.Si: folds 
Aflil1966: calls $0.02
Dem-41: calls $0.01
Roubyz: checks 
*** FLOP *** [5d 5s 3d]
Dem-41: checks 
Roubyz: checks 
Aflil1966: bets $0.06
Dem-41: folds 
Roubyz: folds 
Uncalled bet ($0.06) returned to Aflil1966
Aflil1966 collected $0.06 from pot
Aflil1966: doesn't show hand 
*** SUMMARY ***
Total pot $0.06 | Rake $0 
Board [5d 5s 3d]
Seat 2: Roubyz (big blind) folded on the Flop
Seat 3: Dorex2007 folded before Flop (didn't bet)
Seat 4: sansisbai folded before Flop (didn't bet)
Seat 5: Realtor59 folded before Flop (didn't bet)
Seat 6: Evgeniy.Si folded before Flop (didn't bet)
Seat 7: Aflil1966 (button) collected ($0.06)
Seat 9: Dem-41 (small blind) folded on the Flop



PokerStars Hand #227284672645:  Hold'em No Limit ($0.01/$0.02 USD) - 2021/06/02 20:49:28 PT [2021/06/02 23:49:28 ET]
Table 'Saskia III' 9-max Seat #9 is the button
Seat 2: Roubyz ($3.59 in chips) 
Seat 3: Dorex2007 ($4.01 in chips) 
Seat 4: sansisbai ($1.87 in chips) 
Seat 5: Realtor59 ($2.49 in chips) 
Seat 6: Evgeniy.Si ($3.07 in chips) 
Seat 7: Aflil1966 ($2.40 in chips) 
Seat 9: Dem-41 ($2.69 in chips) 
Roubyz: posts small blind $0.01
Dorex2007: posts big blind $0.02
*** HOLE CARDS ***
Dealt to Dorex2007 [9s 9h]
sansisbai: folds 
Realtor59: folds 
Evgeniy.Si: calls $0.02
Aflil1966: folds 
Dem-41: calls $0.02
Roubyz: folds 
Dorex2007: checks 
*** FLOP *** [Kh Jh 8c]
Dorex2007: checks 
Evgeniy.Si: bets $0.04
Dem-41: calls $0.04
Dorex2007: folds 
*** TURN *** [Kh Jh 8c] [3h]
Evgeniy.Si: bets $0.07
Dem-41: calls $0.07
*** RIVER *** [Kh Jh 8c 3h] [2d]
Evgeniy.Si: bets $0.12
Dem-41: folds 
Uncalled bet ($0.12) returned to Evgeniy.Si
Evgeniy.Si collected $0.28 from pot
Evgeniy.Si: doesn't show hand 
*** SUMMARY ***
Total pot $0.29 | Rake $0.01 
Board [Kh Jh 8c 3h 2d]
Seat 2: Roubyz (small blind) folded before Flop
Seat 3: Dorex2007 (big blind) folded on the Flop
Seat 4: sansisbai folded before Flop (didn't bet)
Seat 5: Realtor59 folded before Flop (didn't bet)
Seat 6: Evgeniy.Si collected ($0.28)
Seat 7: Aflil1966 folded before Flop (didn't bet)
Seat 9: Dem-41 (button) folded on the River



PokerStars Hand #227284679459:  Hold'em No Limit ($0.01/$0.02 USD) - 2021/06/02 20:50:05 PT [2021/06/02 23:50:05 ET]
Table 'Saskia III' 9-max Seat #2 is the button
Seat 2: Roubyz ($3.58 in chips) 
Seat 3: Dorex2007 ($3.99 in chips) 
Seat 4: sansisbai ($1.87 in chips) 
Seat 5: Realtor59 ($2.49 in chips) 
Seat 6: Evgeniy.Si ($3.22 in chips) 
Seat 7: Aflil1966 ($2.40 in chips) 
Seat 9: Dem-41 ($2.56 in chips) 
Dorex2007: posts small blind $0.01
sansisbai: posts big blind $0.02
*** HOLE CARDS ***
Dealt to Dorex2007 [Js 2c]
Realtor59: folds 
Evgeniy.Si: calls $0.02
Aflil1966: folds 
Dem-41: raises $0.02 to $0.04
Roubyz: folds 
Dorex2007: folds 
sansisbai: folds 
Evgeniy.Si: calls $0.02
*** FLOP *** [3s Td 8s]
Evgeniy.Si: checks 
Dem-41: bets $0.04
Evgeniy.Si: folds 
Uncalled bet ($0.04) returned to Dem-41
Dem-41 collected $0.11 from pot
Dem-41: doesn't show hand 
*** SUMMARY ***
Total pot $0.11 | Rake $0 
Board [3s Td 8s]
Seat 2: Roubyz (button) folded before Flop (didn't bet)
Seat 3: Dorex2007 (small blind) folded before Flop
Seat 4: sansisbai (big blind) folded before Flop
Seat 5: Realtor59 folded before Flop (didn't bet)
Seat 6: Evgeniy.Si folded on the Flop
Seat 7: Aflil1966 folded before Flop (didn't bet)
Seat 9: Dem-41 collected ($0.11)



PokerStars Hand #227284684342:  Hold'em No Limit ($0.01/$0.02 USD) - 2021/06/02 20:50:32 PT [2021/06/02 23:50:32 ET]
Table 'Saskia III' 9-max Seat #3 is the button
Seat 2: Roubyz ($3.58 in chips) 
Seat 3: Dorex2007 ($3.98 in chips) 
Seat 4: sansisbai ($1.85 in chips) 
Seat 5: Realtor59 ($2.49 in chips) 
Seat 6: Evgeniy.Si ($3.18 in chips) 
Seat 7: Aflil1966 ($2.40 in chips) 
Seat 9: Dem-41 ($2.63 in chips) 
sansisbai: posts small blind $0.01
Realtor59: posts big blind $0.02
*** HOLE CARDS ***
Dealt to Dorex2007 [5d Kc]
Evgeniy.Si: folds 
Aflil1966: raises $0.02 to $0.04
Dem-41: folds 
Roubyz: folds 
Dorex2007: folds 
sansisbai: folds 
Realtor59: folds 
Uncalled bet ($0.02) returned to Aflil1966
Aflil1966 collected $0.05 from pot
Aflil1966: doesn't show hand 
*** SUMMARY ***
Total pot $0.05 | Rake $0 
Seat 2: Roubyz folded before Flop (didn't bet)
Seat 3: Dorex2007 (button) folded before Flop (didn't bet)
Seat 4: sansisbai (small blind) folded before Flop
Seat 5: Realtor59 (big blind) folded before Flop
Seat 6: Evgeniy.Si folded before Flop (didn't bet)
Seat 7: Aflil1966 collected ($0.05)
Seat 9: Dem-41 folded before Flop (didn't bet)



PokerStars Hand #227284686887:  Hold'em No Limit ($0.01/$0.02 USD) - 2021/06/02 20:50:46 PT [2021/06/02 23:50:46 ET]
Table 'Saskia III' 9-max Seat #4 is the button
Seat 2: Roubyz ($3.58 in chips) 
Seat 3: Dorex2007 ($3.98 in chips) 
Seat 4: sansisbai ($1.84 in chips) 
Seat 5: Realtor59 ($2.47 in chips) 
Seat 6: Evgeniy.Si ($3.18 in chips) 
Seat 7: Aflil1966 ($2.43 in chips) 
Seat 9: Dem-41 ($2.63 in chips) 
Realtor59: posts small blind $0.01
Evgeniy.Si: posts big blind $0.02
*** HOLE CARDS ***
Dealt to Dorex2007 [2c 4s]
Aflil1966: calls $0.02
Dem-41: calls $0.02
Roubyz: folds 
Dorex2007: folds 
sansisbai: raises $0.06 to $0.08
Realtor59: calls $0.07
Evgeniy.Si: calls $0.06
Aflil1966: folds 
Dem-41: calls $0.06
*** FLOP *** [8s 2d 4h]
Realtor59: checks 
Evgeniy.Si: checks 
Dem-41: bets $0.02
sansisbai: calls $0.02
Realtor59: calls $0.02
Evgeniy.Si: calls $0.02
*** TURN *** [8s 2d 4h] [7c]
Realtor59: checks 
Evgeniy.Si: bets $0.21
Dem-41: calls $0.21
sansisbai: folds 
Realtor59: folds 
*** RIVER *** [8s 2d 4h 7c] [Ts]
Evgeniy.Si: checks 
Dem-41: checks 
*** SHOW DOWN ***
Evgeniy.Si: shows [6d 5d] (a straight, Four to Eight)
Dem-41: mucks hand 
Evgeniy.Si collected $0.81 from pot
*** SUMMARY ***
Total pot $0.84 | Rake $0.03 
Board [8s 2d 4h 7c Ts]
Seat 2: Roubyz folded before Flop (didn't bet)
Seat 3: Dorex2007 folded before Flop (didn't bet)
Seat 4: sansisbai (button) folded on the Turn
Seat 5: Realtor59 (small blind) folded on the Turn
Seat 6: Evgeniy.Si (big blind) showed [6d 5d] and won ($0.81) with a straight, Four to Eight
Seat 7: Aflil1966 folded before Flop
Seat 9: Dem-41 mucked [9s 9d]



PokerStars Hand #227284697219:  Hold'em No Limit ($0.01/$0.02 USD) - 2021/06/02 20:51:43 PT [2021/06/02 23:51:43 ET]
Table 'Saskia III' 9-max Seat #5 is the button
Seat 2: Roubyz ($3.58 in chips) 
Seat 3: Dorex2007 ($3.98 in chips) 
Seat 4: sansisbai ($1.74 in chips) 
Seat 5: Realtor59 ($2.37 in chips) 
Seat 6: Evgeniy.Si ($3.68 in chips) 
Seat 7: Aflil1966 ($2.41 in chips) 
Seat 9: Dem-41 ($2.32 in chips) 
Evgeniy.Si: posts small blind $0.01
Aflil1966: posts big blind $0.02
*** HOLE CARDS ***
Dealt to Dorex2007 [6d 9c]
Dem-41: folds 
Roubyz: folds 
Dorex2007: folds 
sansisbai: folds 
Realtor59: raises $0.04 to $0.06
Evgeniy.Si: calls $0.05
Aflil1966: folds 
*** FLOP *** [Tc 3d 8s]
Evgeniy.Si: checks 
Realtor59: bets $0.06
Evgeniy.Si: folds 
Uncalled bet ($0.06) returned to Realtor59
Realtor59 collected $0.14 from pot
Realtor59: doesn't show hand 
*** SUMMARY ***
Total pot $0.14 | Rake $0 
Board [Tc 3d 8s]
Seat 2: Roubyz folded before Flop (didn't bet)
Seat 3: Dorex2007 folded before Flop (didn't bet)
Seat 4: sansisbai folded before Flop (didn't bet)
Seat 5: Realtor59 (button) collected ($0.14)
Seat 6: Evgeniy.Si (small blind) folded on the Flop
Seat 7: Aflil1966 (big blind) folded before Flop
Seat 9: Dem-41 folded before Flop (didn't bet)



PokerStars Hand #227284703679:  Hold'em No Limit ($0.01/$0.02 USD) - 2021/06/02 20:52:19 PT [2021/06/02 23:52:19 ET]
Table 'Saskia III' 9-max Seat #6 is the button
Seat 2: Roubyz ($3.58 in chips) 
Seat 3: Dorex2007 ($3.98 in chips) 
Seat 4: sansisbai ($1.74 in chips) 
Seat 5: Realtor59 ($2.45 in chips) 
Seat 6: Evgeniy.Si ($3.62 in chips) 
Seat 7: Aflil1966 ($2.39 in chips) 
Seat 9: Dem-41 ($2.32 in chips) 
Aflil1966: posts small blind $0.01
Dem-41: posts big blind $0.02
*** HOLE CARDS ***
Dealt to Dorex2007 [9c Ks]
Roubyz: folds 
Dorex2007: folds 
sansisbai: raises $0.04 to $0.06
Realtor59: folds 
Evgeniy.Si: calls $0.06
Aflil1966: folds 
Dem-41: calls $0.04
*** FLOP *** [7s 5c Jh]
Dem-41: checks 
sansisbai: bets $0.14
Evgeniy.Si: folds 
Dem-41: folds 
Uncalled bet ($0.14) returned to sansisbai
sansisbai collected $0.18 from pot
sansisbai: doesn't show hand 
*** SUMMARY ***
Total pot $0.19 | Rake $0.01 
Board [7s 5c Jh]
Seat 2: Roubyz folded before Flop (didn't bet)
Seat 3: Dorex2007 folded before Flop (didn't bet)
Seat 4: sansisbai collected ($0.18)
Seat 5: Realtor59 folded before Flop (didn't bet)
Seat 6: Evgeniy.Si (button) folded on the Flop
Seat 7: Aflil1966 (small blind) folded before Flop
Seat 9: Dem-41 (big blind) folded on the Flop



PokerStars Hand #227284709304:  Hold'em No Limit ($0.01/$0.02 USD) - 2021/06/02 20:52:50 PT [2021/06/02 23:52:50 ET]
Table 'Saskia III' 9-max Seat #7 is the button
Seat 2: Roubyz ($3.58 in chips) 
Seat 3: Dorex2007 ($3.98 in chips) 
Seat 4: sansisbai ($1.86 in chips) 
Seat 5: Realtor59 ($2.45 in chips) 
Seat 6: Evgeniy.Si ($3.56 in chips) 
Seat 7: Aflil1966 ($2.38 in chips) 
Seat 9: Dem-41 ($2.26 in chips) 
Dem-41: posts small blind $0.01
Roubyz: posts big blind $0.02
*** HOLE CARDS ***
Dealt to Dorex2007 [Jc 2d]
Dorex2007: folds 
sansisbai: raises $0.04 to $0.06
Realtor59: folds 
Evgeniy.Si: folds 
Aflil1966: calls $0.06
Dem-41: calls $0.05
Roubyz: folds 
*** FLOP *** [7d 4h 9h]
Dem-41: checks 
sansisbai: checks 
Aflil1966: checks 
*** TURN *** [7d 4h 9h] [Jh]
Dem-41: checks 
sansisbai: checks 
Aflil1966: bets $0.19
Dem-41: calls $0.19
sansisbai: folds 
*** RIVER *** [7d 4h 9h Jh] [Th]
Dem-41: checks 
Aflil1966: bets $0.56
Dem-41: folds 
Uncalled bet ($0.56) returned to Aflil1966
Aflil1966 collected $0.56 from pot
Aflil1966: doesn't show hand 
*** SUMMARY ***
Total pot $0.58 | Rake $0.02 
Board [7d 4h 9h Jh Th]
Seat 2: Roubyz (big blind) folded before Flop
Seat 3: Dorex2007 folded before Flop (didn't bet)
Seat 4: sansisbai folded on the Turn
Seat 5: Realtor59 folded before Flop (didn't bet)
Seat 6: Evgeniy.Si folded before Flop (didn't bet)
Seat 7: Aflil1966 (button) collected ($0.56)
Seat 9: Dem-41 (small blind) folded on the River



PokerStars Hand #227284720705:  Hold'em No Limit ($0.01/$0.02 USD) - 2021/06/02 20:53:53 PT [2021/06/02 23:53:53 ET]
Table 'Saskia III' 9-max Seat #9 is the button
Seat 2: Roubyz ($3.56 in chips) 
Seat 3: Dorex2007 ($3.98 in chips) 
Seat 4: sansisbai ($1.80 in chips) 
Seat 5: Realtor59 ($2.45 in chips) 
Seat 6: Evgeniy.Si ($3.56 in chips) 
Seat 7: Aflil1966 ($2.69 in chips) 
Seat 9: Dem-41 ($2.01 in chips) 
Roubyz: posts small blind $0.01
Dorex2007: posts big blind $0.02
*** HOLE CARDS ***
Dealt to Dorex2007 [Js Ac]
sansisbai: folds 
Realtor59: raises $0.02 to $0.04
Evgeniy.Si: folds 
Aflil1966: folds 
Dem-41: folds 
Roubyz: folds 
Dorex2007: calls $0.02
*** FLOP *** [4h Qh 9c]
Dorex2007: checks 
Realtor59: bets $0.06
Dorex2007: folds 
Uncalled bet ($0.06) returned to Realtor59
Realtor59 collected $0.09 from pot
Realtor59: doesn't show hand 
*** SUMMARY ***
Total pot $0.09 | Rake $0 
Board [4h Qh 9c]
Seat 2: Roubyz (small blind) folded before Flop
Seat 3: Dorex2007 (big blind) folded on the Flop
Seat 4: sansisbai folded before Flop (didn't bet)
Seat 5: Realtor59 collected ($0.09)
Seat 6: Evgeniy.Si folded before Flop (didn't bet)
Seat 7: Aflil1966 folded before Flop (didn't bet)
Seat 9: Dem-41 (button) folded before Flop (didn't bet)



PokerStars Hand #227284725568:  Hold'em No Limit ($0.01/$0.02 USD) - 2021/06/02 20:54:20 PT [2021/06/02 23:54:20 ET]
Table 'Saskia III' 9-max Seat #2 is the button
Seat 2: Roubyz ($3.55 in chips) 
Seat 3: Dorex2007 ($3.94 in chips) 
Seat 4: sansisbai ($1.80 in chips) 
Seat 5: Realtor59 ($2.50 in chips) 
Seat 6: Evgeniy.Si ($3.56 in chips) 
Seat 7: Aflil1966 ($2.69 in chips) 
Seat 9: Dem-41 ($2.01 in chips) 
Dorex2007: posts small blind $0.01
sansisbai: posts big blind $0.02
*** HOLE CARDS ***
Dealt to Dorex2007 [Tc Jd]
Realtor59: folds 
Evgeniy.Si: folds 
Aflil1966: folds 
Dem-41: calls $0.02
Roubyz: folds 
Dorex2007: calls $0.01
sansisbai: checks 
*** FLOP *** [Kd Qd 2h]
Dorex2007: checks 
sansisbai: bets $0.06
Dem-41: folds 
Dorex2007: calls $0.06
*** TURN *** [Kd Qd 2h] [2c]
Dorex2007: checks 
sansisbai: checks 
*** RIVER *** [Kd Qd 2h 2c] [Kc]
Dorex2007: checks 
sansisbai: bets $0.17
Dorex2007: folds 
Uncalled bet ($0.17) returned to sansisbai
sansisbai collected $0.17 from pot
sansisbai: doesn't show hand 
*** SUMMARY ***
Total pot $0.18 | Rake $0.01 
Board [Kd Qd 2h 2c Kc]
Seat 2: Roubyz (button) folded before Flop (didn't bet)
Seat 3: Dorex2007 (small blind) folded on the River
Seat 4: sansisbai (big blind) collected ($0.17)
Seat 5: Realtor59 folded before Flop (didn't bet)
Seat 6: Evgeniy.Si folded before Flop (didn't bet)
Seat 7: Aflil1966 folded before Flop (didn't bet)
Seat 9: Dem-41 folded on the Flop



PokerStars Hand #227284750137:  Hold'em No Limit ($0.01/$0.02 USD) - 2021/06/02 20:55:05 PT [2021/06/02 23:55:05 ET]
Table 'Saskia III' 9-max Seat #3 is the button
Seat 2: Roubyz ($3.55 in chips) 
Seat 3: Dorex2007 ($3.86 in chips) 
Seat 4: sansisbai ($1.89 in chips) 
Seat 5: Realtor59 ($2.50 in chips) 
Seat 6: Evgeniy.Si ($3.56 in chips) 
Seat 7: Aflil1966 ($2.69 in chips) 
Seat 9: Dem-41 ($1.99 in chips) 
sansisbai: posts small blind $0.01
Realtor59: posts big blind $0.02
*** HOLE CARDS ***
Dealt to Dorex2007 [4s 8h]
Evgeniy.Si: folds 
Aflil1966: calls $0.02
Dem-41: calls $0.02
Roubyz: folds 
Dorex2007: folds 
sansisbai: folds 
Realtor59: checks 
*** FLOP *** [2s 6c Jd]
Realtor59: checks 
Aflil1966: bets $0.07
Dem-41: folds 
Realtor59: folds 
Uncalled bet ($0.07) returned to Aflil1966
Aflil1966 collected $0.07 from pot
Aflil1966: doesn't show hand 
*** SUMMARY ***
Total pot $0.07 | Rake $0 
Board [2s 6c Jd]
Seat 2: Roubyz folded before Flop (didn't bet)
Seat 3: Dorex2007 (button) folded before Flop (didn't bet)
Seat 4: sansisbai (small blind) folded before Flop
Seat 5: Realtor59 (big blind) folded on the Flop
Seat 6: Evgeniy.Si folded before Flop (didn't bet)
Seat 7: Aflil1966 collected ($0.07)
Seat 9: Dem-41 folded on the Flop



PokerStars Hand #227284753303:  Hold'em No Limit ($0.01/$0.02 USD) - 2021/06/02 20:55:26 PT [2021/06/02 23:55:26 ET]
Table 'Saskia III' 9-max Seat #4 is the button
Seat 2: Roubyz ($3.55 in chips) 
Seat 3: Dorex2007 ($3.86 in chips) 
Seat 4: sansisbai ($1.88 in chips) 
Seat 5: Realtor59 ($2.48 in chips) 
Seat 6: Evgeniy.Si ($3.56 in chips) 
Seat 7: Aflil1966 ($2.74 in chips) 
Seat 9: Dem-41 ($1.97 in chips) 
Realtor59: posts small blind $0.01
Evgeniy.Si: posts big blind $0.02
*** HOLE CARDS ***
Dealt to Dorex2007 [Js 7d]
Aflil1966: calls $0.02
Dem-41: folds 
Roubyz: folds 
Dorex2007: folds 
sansisbai: raises $0.06 to $0.08
Realtor59: folds 
Evgeniy.Si: folds 
Aflil1966: folds 
Uncalled bet ($0.06) returned to sansisbai
sansisbai collected $0.07 from pot
sansisbai: doesn't show hand 
*** SUMMARY ***
Total pot $0.07 | Rake $0 
Seat 2: Roubyz folded before Flop (didn't bet)
Seat 3: Dorex2007 folded before Flop (didn't bet)
Seat 4: sansisbai (button) collected ($0.07)
Seat 5: Realtor59 (small blind) folded before Flop
Seat 6: Evgeniy.Si (big blind) folded before Flop
Seat 7: Aflil1966 folded before Flop
Seat 9: Dem-41 folded before Flop (didn't bet)



PokerStars Hand #227284756623:  Hold'em No Limit ($0.01/$0.02 USD) - 2021/06/02 20:55:48 PT [2021/06/02 23:55:48 ET]
Table 'Saskia III' 9-max Seat #5 is the button
Seat 2: Roubyz ($3.55 in chips) 
Seat 3: Dorex2007 ($3.86 in chips) 
Seat 4: sansisbai ($1.93 in chips) 
Seat 5: Realtor59 ($2.47 in chips) 
Seat 6: Evgeniy.Si ($3.54 in chips) 
Seat 7: Aflil1966 ($2.72 in chips) 
Seat 9: Dem-41 ($1.97 in chips) 
Evgeniy.Si: posts small blind $0.01
Aflil1966: posts big blind $0.02
*** HOLE CARDS ***
Dealt to Dorex2007 [Ks Jc]
Dem-41: folds 
Roubyz: folds 
Dorex2007: calls $0.02
sansisbai: folds 
Realtor59: folds 
Evgeniy.Si: calls $0.01
Aflil1966: checks 
*** FLOP *** [Ac 4h 4c]
Evgeniy.Si: checks 
Aflil1966: checks 
Dorex2007: checks 
*** TURN *** [Ac 4h 4c] [Ah]
Evgeniy.Si: checks 
Aflil1966: checks 
Dorex2007: checks 
*** RIVER *** [Ac 4h 4c Ah] [8s]
Evgeniy.Si: bets $0.02
Aflil1966: folds 
Dorex2007: folds 
Uncalled bet ($0.02) returned to Evgeniy.Si
Evgeniy.Si collected $0.06 from pot
*** SUMMARY ***
Total pot $0.06 | Rake $0 
Board [Ac 4h 4c Ah 8s]
Seat 2: Roubyz folded before Flop (didn't bet)
Seat 3: Dorex2007 folded on the River
Seat 4: sansisbai folded before Flop (didn't bet)
Seat 5: Realtor59 (button) folded before Flop (didn't bet)
Seat 6: Evgeniy.Si (small blind) collected ($0.06)
Seat 7: Aflil1966 (big blind) folded on the River
Seat 9: Dem-41 folded before Flop (didn't bet)



PokerStars Hand #227284763295:  Hold'em No Limit ($0.01/$0.02 USD) - 2021/06/02 20:56:34 PT [2021/06/02 23:56:34 ET]
Table 'Saskia III' 9-max Seat #6 is the button
Seat 2: Roubyz ($3.55 in chips) 
Seat 3: Dorex2007 ($3.84 in chips) 
Seat 4: sansisbai ($1.93 in chips) 
Seat 5: Realtor59 ($2.47 in chips) 
Seat 6: Evgeniy.Si ($3.58 in chips) 
Seat 7: Aflil1966 ($2.70 in chips) 
Seat 9: Dem-41 ($1.97 in chips) 
Aflil1966: posts small blind $0.01
Dem-41: posts big blind $0.02
*** HOLE CARDS ***
Dealt to Dorex2007 [7d Kc]
Roubyz: raises $0.04 to $0.06
Dorex2007: folds 
sansisbai: calls $0.06
Realtor59: raises $0.10 to $0.16
Evgeniy.Si: calls $0.16
Aflil1966: folds 
Dem-41: folds 
Maxis118711 joins the table at seat #1 
Roubyz: calls $0.10
Maxis118711 leaves the table
sansisbai: calls $0.10
*** FLOP *** [8s 2s 2h]
Roubyz: checks 
sansisbai: checks 
Realtor59: bets $0.30
Evgeniy.Si: folds 
Roubyz: folds 
sansisbai: folds 
Uncalled bet ($0.30) returned to Realtor59
Realtor59 collected $0.65 from pot
Realtor59: doesn't show hand 
*** SUMMARY ***
Total pot $0.67 | Rake $0.02 
Board [8s 2s 2h]
Seat 2: Roubyz folded on the Flop
Seat 3: Dorex2007 folded before Flop (didn't bet)
Seat 4: sansisbai folded on the Flop
Seat 5: Realtor59 collected ($0.65)
Seat 6: Evgeniy.Si (button) folded on the Flop
Seat 7: Aflil1966 (small blind) folded before Flop
Seat 9: Dem-41 (big blind) folded before Flop



PokerStars Hand #227284771235:  Hold'em No Limit ($0.01/$0.02 USD) - 2021/06/02 20:57:28 PT [2021/06/02 23:57:28 ET]
Table 'Saskia III' 9-max Seat #7 is the button
Seat 3: Dorex2007 ($3.84 in chips) 
Seat 4: sansisbai ($1.77 in chips) 
Seat 5: Realtor59 ($2.96 in chips) 
Seat 6: Evgeniy.Si ($3.42 in chips) 
Seat 7: Aflil1966 ($2.69 in chips) 
Seat 9: Dem-41 ($1.95 in chips) 
Dem-41: posts small blind $0.01
Roubyz: is sitting out 
Roubyz leaves the table
Dorex2007: posts big blind $0.02
*** HOLE CARDS ***
Dealt to Dorex2007 [4s 7h]
sansisbai: folds 
Realtor59: folds 
Evgeniy.Si: calls $0.02
Aflil1966: folds 
Dem-41: folds 
Dorex2007: checks 
*** FLOP *** [As 9s 3h]
Dorex2007: checks 
Evgeniy.Si: bets $0.08
Aflil1966 leaves the table
Dorex2007: folds 
Uncalled bet ($0.08) returned to Evgeniy.Si
Evgeniy.Si collected $0.05 from pot
Evgeniy.Si: doesn't show hand 
*** SUMMARY ***
Total pot $0.05 | Rake $0 
Board [As 9s 3h]
Seat 3: Dorex2007 (big blind) folded on the Flop
Seat 4: sansisbai folded before Flop (didn't bet)
Seat 5: Realtor59 folded before Flop (didn't bet)
Seat 6: Evgeniy.Si collected ($0.05)
Seat 7: Aflil1966 (button) folded before Flop (didn't bet)
Seat 9: Dem-41 (small blind) folded before Flop



PokerStars Hand #227284775000:  Hold'em No Limit ($0.01/$0.02 USD) - 2021/06/02 20:57:54 PT [2021/06/02 23:57:54 ET]
Table 'Saskia III' 9-max Seat #9 is the button
Seat 3: Dorex2007 ($3.82 in chips) 
Seat 4: sansisbai ($1.77 in chips) 
Seat 5: Realtor59 ($2.96 in chips) 
Seat 6: Evgeniy.Si ($3.45 in chips) 
Seat 9: Dem-41 ($1.94 in chips) 
Dorex2007: posts small blind $0.01
sansisbai: posts big blind $0.02
*** HOLE CARDS ***
Dealt to Dorex2007 [Js 8d]
Realtor59: folds 
Evgeniy.Si: folds 
Dem-41: folds 
Dorex2007: folds 
Uncalled bet ($0.01) returned to sansisbai
sansisbai collected $0.02 from pot
sansisbai: doesn't show hand 
*** SUMMARY ***
Total pot $0.02 | Rake $0 
Seat 3: Dorex2007 (small blind) folded before Flop
Seat 4: sansisbai (big blind) collected ($0.02)
Seat 5: Realtor59 folded before Flop (didn't bet)
Seat 6: Evgeniy.Si folded before Flop (didn't bet)
Seat 9: Dem-41 (button) folded before Flop (didn't bet)



