PokerStars Hand #230449866388:  Hold'em No Limit ($0.01/$0.02 USD) - 2021/10/08 10:13:57 PT [2021/10/08 13:13:57 ET]
Table 'Tokio II' 9-max Seat #6 is the button
Seat 1: BrazzersGr ($2.74 in chips) 
Seat 2: Alis505 ($3.67 in chips) 
Seat 4: AVV_72008 ($2.11 in chips) 
Seat 5: Dorex2007 ($2 in chips) 
Seat 6: pakermeet ($1.71 in chips) 
Seat 7: Prince Mantis ($5.43 in chips) 
Seat 8: gizmondouk ($2 in chips) 
Prince Mantis: posts small blind $0.01
gizmondouk: posts big blind $0.02
avtogena: sits out 
Dorex2007: posts big blind $0.02
*** HOLE CARDS ***
Dealt to Dorex2007 [Jh Td]
BrazzersGr: folds 
Alis505 has timed out
Alis505: folds 
AVV_72008: folds 
Dorex2007: raises $0.04 to $0.06
pakermeet: calls $0.06
Prince Mantis: folds 
gizmondouk: folds 
*** FLOP *** [Kc Tc Js]
Dorex2007: bets $0.09
pakermeet: folds 
Uncalled bet ($0.09) returned to Dorex2007
Dorex2007 collected $0.14 from pot
Dorex2007: doesn't show hand 
*** SUMMARY ***
Total pot $0.15 | Rake $0.01 
Board [Kc Tc Js]
Seat 1: BrazzersGr folded before Flop (didn't bet)
Seat 2: Alis505 folded before Flop (didn't bet)
Seat 4: AVV_72008 folded before Flop (didn't bet)
Seat 5: Dorex2007 collected ($0.14)
Seat 6: pakermeet (button) folded on the Flop
Seat 7: Prince Mantis (small blind) folded before Flop
Seat 8: gizmondouk (big blind) folded before Flop



PokerStars Hand #230449886461:  Hold'em No Limit ($0.01/$0.02 USD) - 2021/10/08 10:14:45 PT [2021/10/08 13:14:45 ET]
Table 'Tokio II' 9-max Seat #7 is the button
Seat 1: BrazzersGr ($2.74 in chips) 
Seat 2: Alis505 ($3.67 in chips) 
Seat 4: AVV_72008 ($2.11 in chips) 
Seat 5: Dorex2007 ($2.08 in chips) 
Seat 6: pakermeet ($1.65 in chips) 
Seat 7: Prince Mantis ($5.42 in chips) 
Seat 8: gizmondouk ($2 in chips) 
Seat 9: avtogena ($2 in chips) 
gizmondouk: posts small blind $0.01
avtogena: posts big blind $0.02
*** HOLE CARDS ***
Dealt to Dorex2007 [Jc 2c]
BrazzersGr: folds 
Alis505: folds 
AVV_72008: calls $0.02
Dorex2007: folds 
pakermeet has timed out
pakermeet: folds 
Prince Mantis: raises $0.08 to $0.10
gizmondouk: folds 
avtogena: folds 
AVV_72008: folds 
Uncalled bet ($0.08) returned to Prince Mantis
Prince Mantis collected $0.07 from pot
Prince Mantis: doesn't show hand 
*** SUMMARY ***
Total pot $0.07 | Rake $0 
Seat 1: BrazzersGr folded before Flop (didn't bet)
Seat 2: Alis505 folded before Flop (didn't bet)
Seat 4: AVV_72008 folded before Flop
Seat 5: Dorex2007 folded before Flop (didn't bet)
Seat 6: pakermeet folded before Flop (didn't bet)
Seat 7: Prince Mantis (button) collected ($0.07)
Seat 8: gizmondouk (small blind) folded before Flop
Seat 9: avtogena (big blind) folded before Flop



PokerStars Hand #230449901164:  Hold'em No Limit ($0.01/$0.02 USD) - 2021/10/08 10:15:19 PT [2021/10/08 13:15:19 ET]
Table 'Tokio II' 9-max Seat #8 is the button
Seat 1: BrazzersGr ($2.74 in chips) 
Seat 2: Alis505 ($3.67 in chips) 
Seat 4: AVV_72008 ($2.09 in chips) 
Seat 5: Dorex2007 ($2.08 in chips) 
Seat 7: Prince Mantis ($5.47 in chips) 
Seat 8: gizmondouk ($2 in chips) 
Seat 9: avtogena ($2 in chips) 
avtogena: posts small blind $0.01
BrazzersGr: posts big blind $0.02
*** HOLE CARDS ***
Dealt to Dorex2007 [Kh Jd]
Alis505: folds 
AVV_72008: folds 
Dorex2007: raises $0.04 to $0.06
Prince Mantis: raises $0.14 to $0.20
gizmondouk: folds 
avtogena: raises $0.24 to $0.44
BrazzersGr: folds 
Dorex2007: folds 
Prince Mantis: calls $0.24
*** FLOP *** [2c 7d 2d]
avtogena: bets $1.56 and is all-in
Prince Mantis: folds 
Uncalled bet ($1.56) returned to avtogena
avtogena collected $0.93 from pot
avtogena: doesn't show hand 
*** SUMMARY ***
Total pot $0.96 | Rake $0.03 
Board [2c 7d 2d]
Seat 1: BrazzersGr (big blind) folded before Flop
Seat 2: Alis505 folded before Flop (didn't bet)
Seat 4: AVV_72008 folded before Flop (didn't bet)
Seat 5: Dorex2007 folded before Flop
Seat 7: Prince Mantis folded on the Flop
Seat 8: gizmondouk (button) folded before Flop (didn't bet)
Seat 9: avtogena (small blind) collected ($0.93)



PokerStars Hand #230449924186:  Hold'em No Limit ($0.01/$0.02 USD) - 2021/10/08 10:16:14 PT [2021/10/08 13:16:14 ET]
Table 'Tokio II' 9-max Seat #9 is the button
Seat 1: BrazzersGr ($2.72 in chips) 
Seat 2: Alis505 ($3.67 in chips) 
Seat 4: AVV_72008 ($2.09 in chips) 
Seat 5: Dorex2007 ($2.02 in chips) 
Seat 6: pakermeet ($1.65 in chips) 
Seat 7: Prince Mantis ($5.03 in chips) 
Seat 8: gizmondouk ($2 in chips) 
Seat 9: avtogena ($2.49 in chips) 
BrazzersGr: posts small blind $0.01
Alis505: posts big blind $0.02
*** HOLE CARDS ***
Dealt to Dorex2007 [5d Ts]
AVV_72008: folds 
Dorex2007: folds 
pakermeet: calls $0.02
Prince Mantis: folds 
gizmondouk: folds 
avtogena: folds 
BrazzersGr: folds 
Alis505: checks 
*** FLOP *** [Js Kc Jc]
Alis505: checks 
pakermeet: bets $0.05
Alis505: folds 
Uncalled bet ($0.05) returned to pakermeet
pakermeet collected $0.05 from pot
pakermeet: doesn't show hand 
*** SUMMARY ***
Total pot $0.05 | Rake $0 
Board [Js Kc Jc]
Seat 1: BrazzersGr (small blind) folded before Flop
Seat 2: Alis505 (big blind) folded on the Flop
Seat 4: AVV_72008 folded before Flop (didn't bet)
Seat 5: Dorex2007 folded before Flop (didn't bet)
Seat 6: pakermeet collected ($0.05)
Seat 7: Prince Mantis folded before Flop (didn't bet)
Seat 8: gizmondouk folded before Flop (didn't bet)
Seat 9: avtogena (button) folded before Flop (didn't bet)



PokerStars Hand #230449940337:  Hold'em No Limit ($0.01/$0.02 USD) - 2021/10/08 10:16:53 PT [2021/10/08 13:16:53 ET]
Table 'Tokio II' 9-max Seat #1 is the button
Seat 1: BrazzersGr ($2.71 in chips) 
Seat 2: Alis505 ($3.65 in chips) 
Seat 4: AVV_72008 ($2.09 in chips) 
Seat 5: Dorex2007 ($2.02 in chips) 
Seat 6: pakermeet ($1.68 in chips) 
Seat 7: Prince Mantis ($5.03 in chips) 
Seat 8: gizmondouk ($2 in chips) 
Seat 9: avtogena ($2.49 in chips) 
Alis505: posts small blind $0.01
AVV_72008: posts big blind $0.02
*** HOLE CARDS ***
Dealt to Dorex2007 [8s Kh]
Dorex2007: folds 
pakermeet has timed out
pakermeet: folds 
Prince Mantis: folds 
gizmondouk: raises $0.04 to $0.06
avtogena: folds 
BrazzersGr has timed out
BrazzersGr: folds 
Alis505: calls $0.05
AVV_72008: folds 
*** FLOP *** [5c 9c Jc]
Alis505: checks 
gizmondouk: bets $0.10
Alis505: folds 
Uncalled bet ($0.10) returned to gizmondouk
gizmondouk collected $0.14 from pot
gizmondouk: doesn't show hand 
*** SUMMARY ***
Total pot $0.14 | Rake $0 
Board [5c 9c Jc]
Seat 1: BrazzersGr (button) folded before Flop (didn't bet)
Seat 2: Alis505 (small blind) folded on the Flop
Seat 4: AVV_72008 (big blind) folded before Flop
Seat 5: Dorex2007 folded before Flop (didn't bet)
Seat 6: pakermeet folded before Flop (didn't bet)
Seat 7: Prince Mantis folded before Flop (didn't bet)
Seat 8: gizmondouk collected ($0.14)
Seat 9: avtogena folded before Flop (didn't bet)



PokerStars Hand #230449965527:  Hold'em No Limit ($0.01/$0.02 USD) - 2021/10/08 10:17:53 PT [2021/10/08 13:17:53 ET]
Table 'Tokio II' 9-max Seat #2 is the button
Seat 1: BrazzersGr ($2.71 in chips) 
Seat 2: Alis505 ($3.59 in chips) 
Seat 4: AVV_72008 ($2.07 in chips) 
Seat 5: Dorex2007 ($2.02 in chips) 
Seat 6: pakermeet ($1.68 in chips) 
Seat 7: Prince Mantis ($5.03 in chips) 
Seat 8: gizmondouk ($2.08 in chips) 
Seat 9: avtogena ($2.49 in chips) 
AVV_72008: posts small blind $0.01
Dorex2007: posts big blind $0.02
*** HOLE CARDS ***
Dealt to Dorex2007 [Kc Qh]
pakermeet has timed out
pakermeet: folds 
Prince Mantis: folds 
gizmondouk: folds 
avtogena: folds 
BrazzersGr: raises $0.04 to $0.06
Alis505: calls $0.06
AVV_72008: folds 
Dorex2007: raises $0.14 to $0.20
BrazzersGr: calls $0.14
Alis505: folds 
*** FLOP *** [Qc 2h Tc]
Dorex2007: bets $1.82 and is all-in
BrazzersGr: folds 
Uncalled bet ($1.82) returned to Dorex2007
Dorex2007 collected $0.45 from pot
Dorex2007: doesn't show hand 
*** SUMMARY ***
Total pot $0.47 | Rake $0.02 
Board [Qc 2h Tc]
Seat 1: BrazzersGr folded on the Flop
Seat 2: Alis505 (button) folded before Flop
Seat 4: AVV_72008 (small blind) folded before Flop
Seat 5: Dorex2007 (big blind) collected ($0.45)
Seat 6: pakermeet folded before Flop (didn't bet)
Seat 7: Prince Mantis folded before Flop (didn't bet)
Seat 8: gizmondouk folded before Flop (didn't bet)
Seat 9: avtogena folded before Flop (didn't bet)



PokerStars Hand #230449992232:  Hold'em No Limit ($0.01/$0.02 USD) - 2021/10/08 10:18:59 PT [2021/10/08 13:18:59 ET]
Table 'Tokio II' 9-max Seat #4 is the button
Seat 1: BrazzersGr ($2.51 in chips) 
Seat 2: Alis505 ($3.53 in chips) 
Seat 4: AVV_72008 ($2.06 in chips) 
Seat 5: Dorex2007 ($2.27 in chips) 
Seat 6: pakermeet ($1.68 in chips) 
Seat 7: Prince Mantis ($5.03 in chips) 
Seat 8: gizmondouk ($2.08 in chips) 
Seat 9: avtogena ($2.49 in chips) 
Dorex2007: posts small blind $0.01
pakermeet: posts big blind $0.02
*** HOLE CARDS ***
Dealt to Dorex2007 [2s As]
Prince Mantis: folds 
gizmondouk: folds 
avtogena: folds 
BrazzersGr: raises $0.02 to $0.04
Alis505: calls $0.04
AVV_72008: calls $0.04
Dorex2007: folds 
pakermeet: folds 
*** FLOP *** [Ad Jd Kc]
BrazzersGr: checks 
Alis505: bets $0.14
AVV_72008: folds 
BrazzersGr: folds 
Uncalled bet ($0.14) returned to Alis505
Alis505 collected $0.14 from pot
Alis505: doesn't show hand 
*** SUMMARY ***
Total pot $0.15 | Rake $0.01 
Board [Ad Jd Kc]
Seat 1: BrazzersGr folded on the Flop
Seat 2: Alis505 collected ($0.14)
Seat 4: AVV_72008 (button) folded on the Flop
Seat 5: Dorex2007 (small blind) folded before Flop
Seat 6: pakermeet (big blind) folded before Flop
Seat 7: Prince Mantis folded before Flop (didn't bet)
Seat 8: gizmondouk folded before Flop (didn't bet)
Seat 9: avtogena folded before Flop (didn't bet)



PokerStars Hand #230450013540:  Hold'em No Limit ($0.01/$0.02 USD) - 2021/10/08 10:19:50 PT [2021/10/08 13:19:50 ET]
Table 'Tokio II' 9-max Seat #5 is the button
Seat 1: BrazzersGr ($2.47 in chips) 
Seat 2: Alis505 ($3.63 in chips) 
Seat 4: AVV_72008 ($2.02 in chips) 
Seat 5: Dorex2007 ($2.26 in chips) 
Seat 6: pakermeet ($1.66 in chips) 
Seat 7: Prince Mantis ($5.03 in chips) 
Seat 9: avtogena ($2.49 in chips) 
pakermeet: posts small blind $0.01
Prince Mantis: posts big blind $0.02
*** HOLE CARDS ***
Dealt to Dorex2007 [9c 2s]
avtogena: folds 
BrazzersGr: folds 
Alis505: folds 
AVV_72008: folds 
Dorex2007: folds 
pakermeet: folds 
Uncalled bet ($0.01) returned to Prince Mantis
Prince Mantis collected $0.02 from pot
Prince Mantis: doesn't show hand 
*** SUMMARY ***
Total pot $0.02 | Rake $0 
Seat 1: BrazzersGr folded before Flop (didn't bet)
Seat 2: Alis505 folded before Flop (didn't bet)
Seat 4: AVV_72008 folded before Flop (didn't bet)
Seat 5: Dorex2007 (button) folded before Flop (didn't bet)
Seat 6: pakermeet (small blind) folded before Flop
Seat 7: Prince Mantis (big blind) collected ($0.02)
Seat 9: avtogena folded before Flop (didn't bet)



PokerStars Hand #230450023377:  Hold'em No Limit ($0.01/$0.02 USD) - 2021/10/08 10:20:13 PT [2021/10/08 13:20:13 ET]
Table 'Tokio II' 9-max Seat #6 is the button
Seat 1: BrazzersGr ($2.47 in chips) 
Seat 2: Alis505 ($3.63 in chips) 
Seat 4: AVV_72008 ($2.02 in chips) 
Seat 5: Dorex2007 ($2.26 in chips) 
Seat 6: pakermeet ($1.65 in chips) 
Seat 7: Prince Mantis ($5.04 in chips) 
Seat 9: avtogena ($2.49 in chips) 
Prince Mantis: posts small blind $0.01
avtogena: posts big blind $0.02
*** HOLE CARDS ***
Dealt to Dorex2007 [8h 5d]
BrazzersGr: folds 
Alis505: folds 
AVV_72008: folds 
Dorex2007: folds 
pakermeet: raises $0.02 to $0.04
Prince Mantis: folds 
avtogena: calls $0.02
*** FLOP *** [6d 4c 4d]
avtogena: checks 
pakermeet: checks 
*** TURN *** [6d 4c 4d] [9s]
avtogena: bets $0.06
pakermeet: calls $0.06
*** RIVER *** [6d 4c 4d 9s] [9d]
avtogena: checks 
pakermeet: bets $0.20
avtogena: folds 
Uncalled bet ($0.20) returned to pakermeet
pakermeet collected $0.20 from pot
pakermeet: doesn't show hand 
*** SUMMARY ***
Total pot $0.21 | Rake $0.01 
Board [6d 4c 4d 9s 9d]
Seat 1: BrazzersGr folded before Flop (didn't bet)
Seat 2: Alis505 folded before Flop (didn't bet)
Seat 4: AVV_72008 folded before Flop (didn't bet)
Seat 5: Dorex2007 folded before Flop (didn't bet)
Seat 6: pakermeet (button) collected ($0.20)
Seat 7: Prince Mantis (small blind) folded before Flop
Seat 9: avtogena (big blind) folded on the River



PokerStars Hand #230450045637:  Hold'em No Limit ($0.01/$0.02 USD) - 2021/10/08 10:21:06 PT [2021/10/08 13:21:06 ET]
Table 'Tokio II' 9-max Seat #7 is the button
Seat 1: BrazzersGr ($2.47 in chips) 
Seat 2: Alis505 ($3.63 in chips) 
Seat 4: AVV_72008 ($2.02 in chips) 
Seat 5: Dorex2007 ($2.26 in chips) 
Seat 6: pakermeet ($1.75 in chips) 
Seat 7: Prince Mantis ($5.03 in chips) 
Seat 9: avtogena ($2.39 in chips) 
avtogena: posts small blind $0.01
BrazzersGr: posts big blind $0.02
*** HOLE CARDS ***
Dealt to Dorex2007 [2d 3c]
Alis505: folds 
AVV_72008: folds 
Dorex2007: folds 
pakermeet: folds 
Prince Mantis: folds 
avtogena: folds 
Uncalled bet ($0.01) returned to BrazzersGr
BrazzersGr collected $0.02 from pot
BrazzersGr: doesn't show hand 
*** SUMMARY ***
Total pot $0.02 | Rake $0 
Seat 1: BrazzersGr (big blind) collected ($0.02)
Seat 2: Alis505 folded before Flop (didn't bet)
Seat 4: AVV_72008 folded before Flop (didn't bet)
Seat 5: Dorex2007 folded before Flop (didn't bet)
Seat 6: pakermeet folded before Flop (didn't bet)
Seat 7: Prince Mantis (button) folded before Flop (didn't bet)
Seat 9: avtogena (small blind) folded before Flop



PokerStars Hand #230450052200:  Hold'em No Limit ($0.01/$0.02 USD) - 2021/10/08 10:21:22 PT [2021/10/08 13:21:22 ET]
Table 'Tokio II' 9-max Seat #9 is the button
Seat 1: BrazzersGr ($2.48 in chips) 
Seat 2: Alis505 ($3.63 in chips) 
Seat 4: AVV_72008 ($2.02 in chips) 
Seat 5: Dorex2007 ($2.26 in chips) 
Seat 6: pakermeet ($1.75 in chips) 
Seat 7: Prince Mantis ($5.03 in chips) 
Seat 9: avtogena ($2.38 in chips) 
BrazzersGr: posts small blind $0.01
Alis505: posts big blind $0.02
*** HOLE CARDS ***
Dealt to Dorex2007 [9c 7c]
AVV_72008: folds 
Dorex2007: folds 
jixufixu leaves the table
pakermeet: folds 
Prince Mantis: raises $0.04 to $0.06
avtogena: folds 
BrazzersGr: folds 
Alis505: calls $0.04
*** FLOP *** [Kc 2h Ah]
Alis505: checks 
Prince Mantis: bets $0.10
Alis505: calls $0.10
*** TURN *** [Kc 2h Ah] [Ac]
Alis505: checks 
Prince Mantis: bets $0.24
Alis505: calls $0.24
*** RIVER *** [Kc 2h Ah Ac] [5h]
Alis505: checks 
Prince Mantis: bets $0.47
Cid s2 joins the table at seat #3 
Alis505: calls $0.47
*** SHOW DOWN ***
Prince Mantis: shows [As Ts] (three of a kind, Aces)
Alis505: mucks hand 
Prince Mantis collected $1.69 from pot
*** SUMMARY ***
Total pot $1.75 | Rake $0.06 
Board [Kc 2h Ah Ac 5h]
Seat 1: BrazzersGr (small blind) folded before Flop
Seat 2: Alis505 (big blind) mucked [Ad 6h]
Seat 4: AVV_72008 folded before Flop (didn't bet)
Seat 5: Dorex2007 folded before Flop (didn't bet)
Seat 6: pakermeet folded before Flop (didn't bet)
Seat 7: Prince Mantis showed [As Ts] and won ($1.69) with three of a kind, Aces
Seat 9: avtogena (button) folded before Flop (didn't bet)



PokerStars Hand #230450087871:  Hold'em No Limit ($0.01/$0.02 USD) - 2021/10/08 10:22:39 PT [2021/10/08 13:22:39 ET]
Table 'Tokio II' 9-max Seat #1 is the button
Seat 1: BrazzersGr ($2.47 in chips) 
Seat 2: Alis505 ($2.76 in chips) 
Seat 3: Cid s2 ($1.60 in chips) 
Seat 4: AVV_72008 ($2.02 in chips) 
Seat 5: Dorex2007 ($2.26 in chips) 
Seat 6: pakermeet ($1.75 in chips) 
Seat 7: Prince Mantis ($5.85 in chips) 
Seat 9: avtogena ($2.38 in chips) 
Alis505: posts small blind $0.01
Cid s2: posts big blind $0.02
*** HOLE CARDS ***
Dealt to Dorex2007 [6c Th]
AVV_72008: folds 
Dorex2007: folds 
pakermeet: calls $0.02
Prince Mantis: folds 
avtogena: raises $0.04 to $0.06
BrazzersGr: folds 
Alis505: folds 
Cid s2: raises $0.04 to $0.10
pakermeet: folds 
avtogena: calls $0.04
*** FLOP *** [7s 5h 5c]
Cid s2: checks 
avtogena: bets $0.11
Cid s2: calls $0.11
*** TURN *** [7s 5h 5c] [3h]
Cid s2: checks 
avtogena: bets $0.22
Cid s2: calls $0.22
*** RIVER *** [7s 5h 5c 3h] [6d]
Cid s2: checks 
avtogena: checks 
*** SHOW DOWN ***
Cid s2: shows [5s 5d] (four of a kind, Fives)
avtogena: mucks hand 
Cid s2 collected $0.86 from pot
*** SUMMARY ***
Total pot $0.89 | Rake $0.03 
Board [7s 5h 5c 3h 6d]
Seat 1: BrazzersGr (button) folded before Flop (didn't bet)
Seat 2: Alis505 (small blind) folded before Flop
Seat 3: Cid s2 (big blind) showed [5s 5d] and won ($0.86) with four of a kind, Fives
Seat 4: AVV_72008 folded before Flop (didn't bet)
Seat 5: Dorex2007 folded before Flop (didn't bet)
Seat 6: pakermeet folded before Flop
Seat 7: Prince Mantis folded before Flop (didn't bet)
Seat 9: avtogena mucked [9c 9d]



PokerStars Hand #230450116778:  Hold'em No Limit ($0.01/$0.02 USD) - 2021/10/08 10:23:48 PT [2021/10/08 13:23:48 ET]
Table 'Tokio II' 9-max Seat #2 is the button
Seat 1: BrazzersGr ($2.47 in chips) 
Seat 2: Alis505 ($2.75 in chips) 
Seat 3: Cid s2 ($2.03 in chips) 
Seat 4: AVV_72008 ($2.02 in chips) 
Seat 5: Dorex2007 ($2.26 in chips) 
Seat 6: pakermeet ($1.73 in chips) 
Seat 7: Prince Mantis ($5.85 in chips) 
Seat 9: avtogena ($2 in chips) 
Cid s2: posts small blind $0.01
AVV_72008: posts big blind $0.02
gizmondouk: sits out 
*** HOLE CARDS ***
Dealt to Dorex2007 [7d 5d]
Dorex2007: folds 
pakermeet has timed out
pakermeet: folds 
Prince Mantis: raises $0.04 to $0.06
avtogena: folds 
BrazzersGr: folds 
Alis505: folds 
Cid s2: folds 
AVV_72008: folds 
Uncalled bet ($0.04) returned to Prince Mantis
Prince Mantis collected $0.05 from pot
Prince Mantis: doesn't show hand 
*** SUMMARY ***
Total pot $0.05 | Rake $0 
Seat 1: BrazzersGr folded before Flop (didn't bet)
Seat 2: Alis505 (button) folded before Flop (didn't bet)
Seat 3: Cid s2 (small blind) folded before Flop
Seat 4: AVV_72008 (big blind) folded before Flop
Seat 5: Dorex2007 folded before Flop (didn't bet)
Seat 6: pakermeet folded before Flop (didn't bet)
Seat 7: Prince Mantis collected ($0.05)
Seat 9: avtogena folded before Flop (didn't bet)



PokerStars Hand #230450130494:  Hold'em No Limit ($0.01/$0.02 USD) - 2021/10/08 10:24:21 PT [2021/10/08 13:24:21 ET]
Table 'Tokio II' 9-max Seat #3 is the button
Seat 1: BrazzersGr ($2.47 in chips) 
Seat 2: Alis505 ($2.75 in chips) 
Seat 3: Cid s2 ($2.02 in chips) 
Seat 4: AVV_72008 ($2 in chips) 
Seat 5: Dorex2007 ($2.26 in chips) 
Seat 6: pakermeet ($1.73 in chips) 
Seat 7: Prince Mantis ($5.88 in chips) 
Seat 9: avtogena ($2 in chips) 
AVV_72008: posts small blind $0.01
Dorex2007: posts big blind $0.02
gizmondouk: sits out 
*** HOLE CARDS ***
Dealt to Dorex2007 [As Td]
pakermeet: raises $0.04 to $0.06
Prince Mantis: folds 
avtogena: folds 
BrazzersGr: calls $0.06
Alis505: calls $0.06
Cid s2: folds 
AVV_72008: folds 
Dorex2007: calls $0.04
*** FLOP *** [9h 3s 7d]
Dorex2007: checks 
pakermeet: checks 
BrazzersGr: checks 
Alis505: checks 
*** TURN *** [9h 3s 7d] [Kh]
Dorex2007: checks 
pakermeet: bets $0.24
BrazzersGr: folds 
Alis505: folds 
Dorex2007: folds 
Uncalled bet ($0.24) returned to pakermeet
pakermeet collected $0.24 from pot
pakermeet: doesn't show hand 
*** SUMMARY ***
Total pot $0.25 | Rake $0.01 
Board [9h 3s 7d Kh]
Seat 1: BrazzersGr folded on the Turn
Seat 2: Alis505 folded on the Turn
Seat 3: Cid s2 (button) folded before Flop (didn't bet)
Seat 4: AVV_72008 (small blind) folded before Flop
Seat 5: Dorex2007 (big blind) folded on the Turn
Seat 6: pakermeet collected ($0.24)
Seat 7: Prince Mantis folded before Flop (didn't bet)
Seat 9: avtogena folded before Flop (didn't bet)



PokerStars Hand #230450161254:  Hold'em No Limit ($0.01/$0.02 USD) - 2021/10/08 10:25:35 PT [2021/10/08 13:25:35 ET]
Table 'Tokio II' 9-max Seat #4 is the button
Seat 1: BrazzersGr ($2.41 in chips) 
Seat 2: Alis505 ($2.69 in chips) 
Seat 3: Cid s2 ($2.02 in chips) 
Seat 4: AVV_72008 ($1.99 in chips) 
Seat 5: Dorex2007 ($2.20 in chips) 
Seat 6: pakermeet ($1.91 in chips) 
Seat 7: Prince Mantis ($5.88 in chips) 
Seat 9: avtogena ($2 in chips) 
Dorex2007: posts small blind $0.01
pakermeet: posts big blind $0.02
gizmondouk: sits out 
*** HOLE CARDS ***
Dealt to Dorex2007 [3h 7h]
Prince Mantis: folds 
avtogena: raises $0.02 to $0.04
BrazzersGr: folds 
Alis505: calls $0.04
Cid s2: raises $0.02 to $0.06
AVV_72008: folds 
Dorex2007: folds 
pakermeet: folds 
avtogena: calls $0.02
Alis505: calls $0.02
*** FLOP *** [8d Ad 8s]
avtogena: checks 
Alis505: checks 
Cid s2: checks 
*** TURN *** [8d Ad 8s] [9c]
avtogena: checks 
Alis505: checks 
Cid s2: bets $0.10
avtogena: folds 
Alis505: folds 
Uncalled bet ($0.10) returned to Cid s2
Cid s2 collected $0.20 from pot
Cid s2: doesn't show hand 
*** SUMMARY ***
Total pot $0.21 | Rake $0.01 
Board [8d Ad 8s 9c]
Seat 1: BrazzersGr folded before Flop (didn't bet)
Seat 2: Alis505 folded on the Turn
Seat 3: Cid s2 collected ($0.20)
Seat 4: AVV_72008 (button) folded before Flop (didn't bet)
Seat 5: Dorex2007 (small blind) folded before Flop
Seat 6: pakermeet (big blind) folded before Flop
Seat 7: Prince Mantis folded before Flop (didn't bet)
Seat 9: avtogena folded on the Turn



PokerStars Hand #230450192780:  Hold'em No Limit ($0.01/$0.02 USD) - 2021/10/08 10:26:37 PT [2021/10/08 13:26:37 ET]
Table 'Tokio II' 9-max Seat #5 is the button
Seat 1: BrazzersGr ($2.41 in chips) 
Seat 2: Alis505 ($2.63 in chips) 
Seat 3: Cid s2 ($2.16 in chips) 
Seat 4: AVV_72008 ($1.99 in chips) 
Seat 5: Dorex2007 ($2.19 in chips) 
Seat 6: pakermeet ($1.89 in chips) 
Seat 7: Prince Mantis ($5.88 in chips) 
Seat 9: avtogena ($2 in chips) 
pakermeet: posts small blind $0.01
Prince Mantis: posts big blind $0.02
gizmondouk: sits out 
*** HOLE CARDS ***
Dealt to Dorex2007 [Ts 2h]
avtogena: folds 
BrazzersGr: folds 
Alis505: folds 
Cid s2: folds 
AVV_72008: calls $0.02
Dorex2007: folds 
pakermeet: folds 
Prince Mantis: checks 
*** FLOP *** [8d 3s 6s]
Prince Mantis: checks 
AVV_72008: checks 
*** TURN *** [8d 3s 6s] [Ac]
Prince Mantis: checks 
AVV_72008: checks 
*** RIVER *** [8d 3s 6s Ac] [4h]
Prince Mantis: checks 
AVV_72008: checks 
*** SHOW DOWN ***
Prince Mantis: shows [2c 8h] (a pair of Eights)
AVV_72008: mucks hand 
Prince Mantis collected $0.05 from pot
*** SUMMARY ***
Total pot $0.05 | Rake $0 
Board [8d 3s 6s Ac 4h]
Seat 1: BrazzersGr folded before Flop (didn't bet)
Seat 2: Alis505 folded before Flop (didn't bet)
Seat 3: Cid s2 folded before Flop (didn't bet)
Seat 4: AVV_72008 mucked [Qs Kc]
Seat 5: Dorex2007 (button) folded before Flop (didn't bet)
Seat 6: pakermeet (small blind) folded before Flop
Seat 7: Prince Mantis (big blind) showed [2c 8h] and won ($0.05) with a pair of Eights
Seat 9: avtogena folded before Flop (didn't bet)



PokerStars Hand #230450209884:  Hold'em No Limit ($0.01/$0.02 USD) - 2021/10/08 10:27:18 PT [2021/10/08 13:27:18 ET]
Table 'Tokio II' 9-max Seat #6 is the button
Seat 1: BrazzersGr ($2.41 in chips) 
Seat 2: Alis505 ($2.63 in chips) 
Seat 3: Cid s2 ($2.16 in chips) 
Seat 4: AVV_72008 ($1.97 in chips) 
Seat 5: Dorex2007 ($2.19 in chips) 
Seat 6: pakermeet ($1.88 in chips) 
Seat 7: Prince Mantis ($5.91 in chips) 
Seat 8: gizmondouk ($2.08 in chips) 
Seat 9: avtogena ($2 in chips) 
Prince Mantis: posts small blind $0.01
gizmondouk: posts big blind $0.02
*** HOLE CARDS ***
Dealt to Dorex2007 [9d Kd]
avtogena: folds 
BrazzersGr: folds 
Alis505: folds 
Cid s2: folds 
AVV_72008: folds 
Dorex2007: folds 
pakermeet: calls $0.02
Prince Mantis: folds 
gizmondouk: checks 
*** FLOP *** [3d 7c 6s]
gizmondouk: bets $0.03
pakermeet: raises $0.13 to $0.16
gizmondouk: raises $0.38 to $0.54
pakermeet: raises $1.32 to $1.86 and is all-in
gizmondouk: calls $1.32
*** TURN *** [3d 7c 6s] [6c]
*** RIVER *** [3d 7c 6s 6c] [3c]
*** SHOW DOWN ***
gizmondouk: shows [5d 4h] (a straight, Three to Seven)
pakermeet: shows [Ah Ac] (two pair, Aces and Sixes)
gizmondouk cashed out the hand for $3.49 | Cash Out Fee $0.04
*** SUMMARY ***
Total pot $3.77 | Rake $0.13 
Board [3d 7c 6s 6c 3c]
Seat 1: BrazzersGr folded before Flop (didn't bet)
Seat 2: Alis505 folded before Flop (didn't bet)
Seat 3: Cid s2 folded before Flop (didn't bet)
Seat 4: AVV_72008 folded before Flop (didn't bet)
Seat 5: Dorex2007 folded before Flop (didn't bet)
Seat 6: pakermeet (button) showed [Ah Ac] and lost with two pair, Aces and Sixes
Seat 7: Prince Mantis (small blind) folded before Flop
Seat 8: gizmondouk (big blind) showed [5d 4h] and won ($3.64) with a straight, Three to Seven (pot not awarded as player cashed out)
Seat 9: avtogena folded before Flop (didn't bet)



PokerStars Hand #230450230596:  Hold'em No Limit ($0.01/$0.02 USD) - 2021/10/08 10:28:08 PT [2021/10/08 13:28:08 ET]
Table 'Tokio II' 9-max Seat #7 is the button
Seat 1: BrazzersGr ($2.41 in chips) 
Seat 2: Alis505 ($2.63 in chips) 
Seat 3: Cid s2 ($2.16 in chips) 
Seat 4: AVV_72008 ($1.97 in chips) 
Seat 5: Dorex2007 ($2.19 in chips) 
Seat 7: Prince Mantis ($5.90 in chips) 
Seat 8: gizmondouk ($3.69 in chips) 
Seat 9: avtogena ($2 in chips) 
gizmondouk: posts small blind $0.01
avtogena: posts big blind $0.02
*** HOLE CARDS ***
Dealt to Dorex2007 [3s 8c]
BrazzersGr: folds 
Alis505: calls $0.02
Cid s2: raises $0.04 to $0.06
AVV_72008: folds 
Dorex2007: folds 
Prince Mantis: folds 
gizmondouk: folds 
avtogena: calls $0.04
Alis505: calls $0.04
*** FLOP *** [9d Jd 2d]
avtogena: checks 
Alis505: bets $0.12
Cid s2: folds 
avtogena: folds 
Uncalled bet ($0.12) returned to Alis505
Alis505 collected $0.18 from pot
Alis505: doesn't show hand 
*** SUMMARY ***
Total pot $0.19 | Rake $0.01 
Board [9d Jd 2d]
Seat 1: BrazzersGr folded before Flop (didn't bet)
Seat 2: Alis505 collected ($0.18)
Seat 3: Cid s2 folded on the Flop
Seat 4: AVV_72008 folded before Flop (didn't bet)
Seat 5: Dorex2007 folded before Flop (didn't bet)
Seat 7: Prince Mantis (button) folded before Flop (didn't bet)
Seat 8: gizmondouk (small blind) folded before Flop
Seat 9: avtogena (big blind) folded on the Flop



PokerStars Hand #230450248422:  Hold'em No Limit ($0.01/$0.02 USD) - 2021/10/08 10:28:51 PT [2021/10/08 13:28:51 ET]
Table 'Tokio II' 9-max Seat #8 is the button
Seat 1: BrazzersGr ($2.41 in chips) 
Seat 2: Alis505 ($2.75 in chips) 
Seat 3: Cid s2 ($2.10 in chips) 
Seat 4: AVV_72008 ($1.97 in chips) 
Seat 5: Dorex2007 ($2.19 in chips) 
Seat 7: Prince Mantis ($5.90 in chips) 
Seat 8: gizmondouk ($3.68 in chips) 
Seat 9: avtogena ($2 in chips) 
avtogena: posts small blind $0.01
BrazzersGr: posts big blind $0.02
*** HOLE CARDS ***
Dealt to Dorex2007 [Qd Qh]
Alis505: calls $0.02
Cid s2: folds 
AVV_72008: folds 
Dorex2007: raises $0.08 to $0.10
Prince Mantis: folds 
gizmondouk: folds 
avtogena: folds 
BrazzersGr: folds 
Alis505: folds 
Uncalled bet ($0.08) returned to Dorex2007
Dorex2007 collected $0.07 from pot
Dorex2007: doesn't show hand 
*** SUMMARY ***
Total pot $0.07 | Rake $0 
Seat 1: BrazzersGr (big blind) folded before Flop
Seat 2: Alis505 folded before Flop
Seat 3: Cid s2 folded before Flop (didn't bet)
Seat 4: AVV_72008 folded before Flop (didn't bet)
Seat 5: Dorex2007 collected ($0.07)
Seat 7: Prince Mantis folded before Flop (didn't bet)
Seat 8: gizmondouk (button) folded before Flop (didn't bet)
Seat 9: avtogena (small blind) folded before Flop



PokerStars Hand #230450264431:  Hold'em No Limit ($0.01/$0.02 USD) - 2021/10/08 10:29:30 PT [2021/10/08 13:29:30 ET]
Table 'Tokio II' 9-max Seat #9 is the button
Seat 1: BrazzersGr ($2.39 in chips) 
Seat 2: Alis505 ($2.73 in chips) 
Seat 3: Cid s2 ($2.10 in chips) 
Seat 4: AVV_72008 ($1.97 in chips) 
Seat 5: Dorex2007 ($2.24 in chips) 
Seat 6: pakermeet ($2 in chips) 
Seat 7: Prince Mantis ($5.90 in chips) 
Seat 8: gizmondouk ($3.68 in chips) 
Seat 9: avtogena ($2 in chips) 
BrazzersGr: posts small blind $0.01
Alis505: posts big blind $0.02
*** HOLE CARDS ***
Dealt to Dorex2007 [2c 3s]
Cid s2: raises $0.02 to $0.04
AVV_72008: folds 
Dorex2007: folds 
pakermeet: folds 
Prince Mantis: folds 
gizmondouk: folds 
avtogena: calls $0.04
BrazzersGr: folds 
Alis505: calls $0.02
*** FLOP *** [5s 7d 2d]
Alis505: checks 
Cid s2: checks 
avtogena: checks 
*** TURN *** [5s 7d 2d] [Ts]
Alis505: checks 
Cid s2: checks 
avtogena: checks 
*** RIVER *** [5s 7d 2d Ts] [7h]
Alis505: checks 
Cid s2: bets $0.13
avtogena: folds 
Alis505: folds 
Uncalled bet ($0.13) returned to Cid s2
Cid s2 collected $0.13 from pot
Cid s2: doesn't show hand 
*** SUMMARY ***
Total pot $0.13 | Rake $0 
Board [5s 7d 2d Ts 7h]
Seat 1: BrazzersGr (small blind) folded before Flop
Seat 2: Alis505 (big blind) folded on the River
Seat 3: Cid s2 collected ($0.13)
Seat 4: AVV_72008 folded before Flop (didn't bet)
Seat 5: Dorex2007 folded before Flop (didn't bet)
Seat 6: pakermeet folded before Flop (didn't bet)
Seat 7: Prince Mantis folded before Flop (didn't bet)
Seat 8: gizmondouk folded before Flop (didn't bet)
Seat 9: avtogena (button) folded on the River



PokerStars Hand #230450298005:  Hold'em No Limit ($0.01/$0.02 USD) - 2021/10/08 10:30:49 PT [2021/10/08 13:30:49 ET]
Table 'Tokio II' 9-max Seat #1 is the button
Seat 1: BrazzersGr ($2.38 in chips) 
Seat 2: Alis505 ($2.69 in chips) 
Seat 3: Cid s2 ($2.19 in chips) 
Seat 4: AVV_72008 ($1.97 in chips) 
Seat 5: Dorex2007 ($2.24 in chips) 
Seat 6: pakermeet ($2 in chips) 
Seat 7: Prince Mantis ($5.90 in chips) 
Seat 8: gizmondouk ($3.68 in chips) 
Seat 9: avtogena ($2 in chips) 
Alis505: posts small blind $0.01
Cid s2: posts big blind $0.02
*** HOLE CARDS ***
Dealt to Dorex2007 [4c Kh]
AVV_72008: folds 
Dorex2007: folds 
pakermeet: calls $0.02
Prince Mantis: folds 
gizmondouk: folds 
avtogena: folds 
BrazzersGr: raises $0.04 to $0.06
Alis505: calls $0.05
Cid s2: folds 
pakermeet: calls $0.04
*** FLOP *** [Qs 4s 9s]
Alis505: checks 
pakermeet: checks 
BrazzersGr: bets $0.12
Alis505: calls $0.12
pakermeet: folds 
*** TURN *** [Qs 4s 9s] [3s]
Alis505: bets $0.21
BrazzersGr: calls $0.21
*** RIVER *** [Qs 4s 9s 3s] [4h]
Alis505: bets $0.42
BrazzersGr: calls $0.42
*** SHOW DOWN ***
Alis505: shows [Ks 2d] (a flush, King high)
BrazzersGr: mucks hand 
Alis505 collected $1.64 from pot
*** SUMMARY ***
Total pot $1.70 | Rake $0.06 
Board [Qs 4s 9s 3s 4h]
Seat 1: BrazzersGr (button) mucked [Ah Js]
Seat 2: Alis505 (small blind) showed [Ks 2d] and won ($1.64) with a flush, King high
Seat 3: Cid s2 (big blind) folded before Flop
Seat 4: AVV_72008 folded before Flop (didn't bet)
Seat 5: Dorex2007 folded before Flop (didn't bet)
Seat 6: pakermeet folded on the Flop
Seat 7: Prince Mantis folded before Flop (didn't bet)
Seat 8: gizmondouk folded before Flop (didn't bet)
Seat 9: avtogena folded before Flop (didn't bet)



PokerStars Hand #230450333888:  Hold'em No Limit ($0.01/$0.02 USD) - 2021/10/08 10:32:12 PT [2021/10/08 13:32:12 ET]
Table 'Tokio II' 9-max Seat #2 is the button
Seat 1: BrazzersGr ($1.57 in chips) 
Seat 2: Alis505 ($3.52 in chips) 
Seat 3: Cid s2 ($2.17 in chips) 
Seat 4: AVV_72008 ($1.97 in chips) 
Seat 5: Dorex2007 ($2.24 in chips) 
Seat 6: pakermeet ($1.94 in chips) 
Seat 7: Prince Mantis ($5.90 in chips) 
Seat 8: gizmondouk ($3.68 in chips) 
Seat 9: avtogena ($2 in chips) 
Cid s2: posts small blind $0.01
AVV_72008: posts big blind $0.02
*** HOLE CARDS ***
Dealt to Dorex2007 [9s Qd]
Dorex2007: folds 
pakermeet: folds 
Prince Mantis: folds 
gizmondouk: raises $0.04 to $0.06
avtogena: folds 
BrazzersGr: folds 
Alis505: calls $0.06
Cid s2: calls $0.05
AVV_72008: calls $0.04
*** FLOP *** [Td 2s Th]
BrazzersGr leaves the table
Cid s2: checks 
AVV_72008: checks 
gizmondouk: bets $0.14
marioitaa11 joins the table at seat #1 
Alis505: folds 
Cid s2: folds 
AVV_72008: folds 
Uncalled bet ($0.14) returned to gizmondouk
gizmondouk collected $0.23 from pot
gizmondouk: doesn't show hand 
*** SUMMARY ***
Total pot $0.24 | Rake $0.01 
Board [Td 2s Th]
Seat 1: BrazzersGr folded before Flop (didn't bet)
Seat 2: Alis505 (button) folded on the Flop
Seat 3: Cid s2 (small blind) folded on the Flop
Seat 4: AVV_72008 (big blind) folded on the Flop
Seat 5: Dorex2007 folded before Flop (didn't bet)
Seat 6: pakermeet folded before Flop (didn't bet)
Seat 7: Prince Mantis folded before Flop (didn't bet)
Seat 8: gizmondouk collected ($0.23)
Seat 9: avtogena folded before Flop (didn't bet)



PokerStars Hand #230450358266:  Hold'em No Limit ($0.01/$0.02 USD) - 2021/10/08 10:33:09 PT [2021/10/08 13:33:09 ET]
Table 'Tokio II' 9-max Seat #3 is the button
Seat 1: marioitaa11 ($0.80 in chips) 
Seat 2: Alis505 ($3.46 in chips) 
Seat 3: Cid s2 ($2.11 in chips) 
Seat 4: AVV_72008 ($1.91 in chips) 
Seat 5: Dorex2007 ($2.24 in chips) 
Seat 6: pakermeet ($1.94 in chips) 
Seat 7: Prince Mantis ($5.90 in chips) 
Seat 8: gizmondouk ($3.85 in chips) 
Seat 9: avtogena ($2 in chips) 
AVV_72008: posts small blind $0.01
Dorex2007: posts big blind $0.02
marioitaa11: posts big blind $0.02
*** HOLE CARDS ***
Dealt to Dorex2007 [Ad 3h]
pakermeet: calls $0.02
Prince Mantis: folds 
gizmondouk: folds 
avtogena: raises $0.02 to $0.04
marioitaa11: calls $0.02
Alis505: calls $0.04
Cid s2: folds 
AVV_72008: calls $0.03
Dorex2007: folds 
pakermeet: calls $0.02
*** FLOP *** [Ac Kc Th]
AVV_72008: checks 
pakermeet: bets $0.11
avtogena: folds 
marioitaa11: folds 
Alis505: calls $0.11
AVV_72008: folds 
*** TURN *** [Ac Kc Th] [Ks]
pakermeet: bets $0.42
Alis505: folds 
Uncalled bet ($0.42) returned to pakermeet
pakermeet collected $0.42 from pot
pakermeet: doesn't show hand 
*** SUMMARY ***
Total pot $0.44 | Rake $0.02 
Board [Ac Kc Th Ks]
Seat 1: marioitaa11 folded on the Flop
Seat 2: Alis505 folded on the Turn
Seat 3: Cid s2 (button) folded before Flop (didn't bet)
Seat 4: AVV_72008 (small blind) folded on the Flop
Seat 5: Dorex2007 (big blind) folded before Flop
Seat 6: pakermeet collected ($0.42)
Seat 7: Prince Mantis folded before Flop (didn't bet)
Seat 8: gizmondouk folded before Flop (didn't bet)
Seat 9: avtogena folded on the Flop



PokerStars Hand #230450378676:  Hold'em No Limit ($0.01/$0.02 USD) - 2021/10/08 10:33:57 PT [2021/10/08 13:33:57 ET]
Table 'Tokio II' 9-max Seat #4 is the button
Seat 1: marioitaa11 ($0.76 in chips) 
Seat 2: Alis505 ($3.31 in chips) 
Seat 3: Cid s2 ($2.11 in chips) 
Seat 4: AVV_72008 ($1.87 in chips) 
Seat 5: Dorex2007 ($2.22 in chips) 
Seat 6: pakermeet ($2.21 in chips) 
Seat 7: Prince Mantis ($5.90 in chips) 
Seat 8: gizmondouk ($3.85 in chips) 
Seat 9: avtogena ($2 in chips) 
Dorex2007: posts small blind $0.01
pakermeet: posts big blind $0.02
*** HOLE CARDS ***
Dealt to Dorex2007 [4s Jc]
Prince Mantis: folds 
gizmondouk: folds 
avtogena: folds 
marioitaa11: folds 
Alis505: calls $0.02
Cid s2: calls $0.02
AVV_72008: folds 
Dorex2007: folds 
pakermeet: checks 
*** FLOP *** [Kd 3d 9c]
pakermeet: checks 
Alis505: checks 
Cid s2: bets $0.50
pakermeet: folds 
Alis505: folds 
Uncalled bet ($0.50) returned to Cid s2
Cid s2 collected $0.07 from pot
Cid s2: doesn't show hand 
*** SUMMARY ***
Total pot $0.07 | Rake $0 
Board [Kd 3d 9c]
Seat 1: marioitaa11 folded before Flop (didn't bet)
Seat 2: Alis505 folded on the Flop
Seat 3: Cid s2 collected ($0.07)
Seat 4: AVV_72008 (button) folded before Flop (didn't bet)
Seat 5: Dorex2007 (small blind) folded before Flop
Seat 6: pakermeet (big blind) folded on the Flop
Seat 7: Prince Mantis folded before Flop (didn't bet)
Seat 8: gizmondouk folded before Flop (didn't bet)
Seat 9: avtogena folded before Flop (didn't bet)



PokerStars Hand #230450399181:  Hold'em No Limit ($0.01/$0.02 USD) - 2021/10/08 10:34:45 PT [2021/10/08 13:34:45 ET]
Table 'Tokio II' 9-max Seat #5 is the button
Seat 1: marioitaa11 ($0.93 in chips) 
Seat 2: Alis505 ($3.29 in chips) 
Seat 3: Cid s2 ($2.16 in chips) 
Seat 4: AVV_72008 ($1.87 in chips) 
Seat 5: Dorex2007 ($2.21 in chips) 
Seat 6: pakermeet ($2.19 in chips) 
Seat 7: Prince Mantis ($5.90 in chips) 
Seat 8: gizmondouk ($3.85 in chips) 
Seat 9: avtogena ($2 in chips) 
pakermeet: posts small blind $0.01
Prince Mantis: posts big blind $0.02
*** HOLE CARDS ***
Dealt to Dorex2007 [Ad 9d]
gizmondouk: folds 
avtogena: folds 
marioitaa11: calls $0.02
Alis505: folds 
Cid s2: folds 
AVV_72008: calls $0.02
Dorex2007: calls $0.02
pakermeet: calls $0.01
Prince Mantis: raises $0.14 to $0.16
marioitaa11: folds 
AVV_72008: folds 
Dorex2007: folds 
pakermeet: raises $2.03 to $2.19 and is all-in
Prince Mantis: calls $2.03
*** FLOP *** [2d Kh 2c]
*** TURN *** [2d Kh 2c] [8d]
*** RIVER *** [2d Kh 2c 8d] [5c]
*** SHOW DOWN ***
pakermeet: shows [9h 9c] (two pair, Nines and Deuces)
Prince Mantis: shows [Td Ts] (two pair, Tens and Deuces)
Prince Mantis collected $4.28 from pot
*** SUMMARY ***
Total pot $4.44 | Rake $0.16 
Board [2d Kh 2c 8d 5c]
Seat 1: marioitaa11 folded before Flop
Seat 2: Alis505 folded before Flop (didn't bet)
Seat 3: Cid s2 folded before Flop (didn't bet)
Seat 4: AVV_72008 folded before Flop
Seat 5: Dorex2007 (button) folded before Flop
Seat 6: pakermeet (small blind) showed [9h 9c] and lost with two pair, Nines and Deuces
Seat 7: Prince Mantis (big blind) showed [Td Ts] and won ($4.28) with two pair, Tens and Deuces
Seat 8: gizmondouk folded before Flop (didn't bet)
Seat 9: avtogena folded before Flop (didn't bet)



PokerStars Hand #230450428754:  Hold'em No Limit ($0.01/$0.02 USD) - 2021/10/08 10:35:54 PT [2021/10/08 13:35:54 ET]
Table 'Tokio II' 9-max Seat #7 is the button
Seat 1: marioitaa11 ($0.91 in chips) 
Seat 2: Alis505 ($3.29 in chips) 
Seat 3: Cid s2 ($2.16 in chips) 
Seat 4: AVV_72008 ($1.85 in chips) 
Seat 5: Dorex2007 ($2.19 in chips) 
Seat 7: Prince Mantis ($7.99 in chips) 
Seat 8: gizmondouk ($3.85 in chips) 
Seat 9: avtogena ($2 in chips) 
gizmondouk: posts small blind $0.01
avtogena: posts big blind $0.02
*** HOLE CARDS ***
Dealt to Dorex2007 [7d Kc]
marioitaa11: calls $0.02
Alis505: folds 
pakermeet leaves the table
Cid s2: raises $0.04 to $0.06
AVV_72008: folds 
Dorex2007: folds 
zive_Belarus joins the table at seat #6 
Prince Mantis: calls $0.06
gizmondouk: folds 
avtogena: calls $0.04
marioitaa11: calls $0.04
*** FLOP *** [7h As 5d]
avtogena: checks 
marioitaa11: checks 
Cid s2: bets $0.12
Prince Mantis: folds 
avtogena: folds 
marioitaa11: folds 
Uncalled bet ($0.12) returned to Cid s2
Cid s2 collected $0.24 from pot
Cid s2: doesn't show hand 
*** SUMMARY ***
Total pot $0.25 | Rake $0.01 
Board [7h As 5d]
Seat 1: marioitaa11 folded on the Flop
Seat 2: Alis505 folded before Flop (didn't bet)
Seat 3: Cid s2 collected ($0.24)
Seat 4: AVV_72008 folded before Flop (didn't bet)
Seat 5: Dorex2007 folded before Flop (didn't bet)
Seat 7: Prince Mantis (button) folded on the Flop
Seat 8: gizmondouk (small blind) folded before Flop
Seat 9: avtogena (big blind) folded on the Flop



PokerStars Hand #230450448542:  Hold'em No Limit ($0.01/$0.02 USD) - 2021/10/08 10:36:40 PT [2021/10/08 13:36:40 ET]
Table 'Tokio II' 9-max Seat #9 is the button
Seat 1: marioitaa11 ($0.85 in chips) 
Seat 2: Alis505 ($3.29 in chips) 
Seat 3: Cid s2 ($2.34 in chips) 
Seat 4: AVV_72008 ($1.85 in chips) 
Seat 5: Dorex2007 ($2.19 in chips) 
Seat 7: Prince Mantis ($7.93 in chips) 
Seat 9: avtogena ($2 in chips) 
marioitaa11: posts small blind $0.01
Alis505: posts big blind $0.02
zive_Belarus: sits out 
*** HOLE CARDS ***
Dealt to Dorex2007 [2c 2s]
Cid s2: raises $0.02 to $0.04
AVV_72008: calls $0.04
Dorex2007: folds 
Prince Mantis: folds 
avtogena: folds 
marioitaa11: calls $0.03
Alis505: folds 
*** FLOP *** [Ac 7h 8c]
marioitaa11: bets $0.02
Cid s2: calls $0.02
AVV_72008: calls $0.02
*** TURN *** [Ac 7h 8c] [6s]
marioitaa11: bets $0.10
Cid s2: calls $0.10
AVV_72008: folds 
*** RIVER *** [Ac 7h 8c 6s] [6h]
marioitaa11: bets $0.69 and is all-in
Cid s2: folds 
Uncalled bet ($0.69) returned to marioitaa11
marioitaa11 collected $0.39 from pot
marioitaa11: doesn't show hand 
*** SUMMARY ***
Total pot $0.40 | Rake $0.01 
Board [Ac 7h 8c 6s 6h]
Seat 1: marioitaa11 (small blind) collected ($0.39)
Seat 2: Alis505 (big blind) folded before Flop
Seat 3: Cid s2 folded on the River
Seat 4: AVV_72008 folded on the Turn
Seat 5: Dorex2007 folded before Flop (didn't bet)
Seat 7: Prince Mantis folded before Flop (didn't bet)
Seat 9: avtogena (button) folded before Flop (didn't bet)



PokerStars Hand #230450467517:  Hold'em No Limit ($0.01/$0.02 USD) - 2021/10/08 10:37:25 PT [2021/10/08 13:37:25 ET]
Table 'Tokio II' 9-max Seat #1 is the button
Seat 1: marioitaa11 ($1.08 in chips) 
Seat 2: Alis505 ($3.27 in chips) 
Seat 3: Cid s2 ($2.18 in chips) 
Seat 4: AVV_72008 ($1.79 in chips) 
Seat 5: Dorex2007 ($2.19 in chips) 
Seat 7: Prince Mantis ($7.93 in chips) 
Seat 9: avtogena ($2 in chips) 
Alis505: posts small blind $0.01
Cid s2: posts big blind $0.02
zive_Belarus: sits out 
*** HOLE CARDS ***
Dealt to Dorex2007 [3c Qs]
AVV_72008: folds 
Dorex2007: folds 
Prince Mantis: folds 
avtogena: folds 
marioitaa11: calls $0.02
Alis505: calls $0.01
Cid s2: checks 
*** FLOP *** [8s 8c 4s]
Alis505: checks 
Cid s2: checks 
marioitaa11: bets $0.02
Alis505: folds 
Cid s2: calls $0.02
*** TURN *** [8s 8c 4s] [2c]
Cid s2: checks 
marioitaa11: bets $0.05
Cid s2: calls $0.05
*** RIVER *** [8s 8c 4s 2c] [Jc]
Cid s2: checks 
marioitaa11: checks 
*** SHOW DOWN ***
Cid s2: shows [7d 5c] (a pair of Eights)
marioitaa11: shows [As Qd] (a pair of Eights - Ace kicker)
marioitaa11 collected $0.19 from pot
*** SUMMARY ***
Total pot $0.20 | Rake $0.01 
Board [8s 8c 4s 2c Jc]
Seat 1: marioitaa11 (button) showed [As Qd] and won ($0.19) with a pair of Eights
Seat 2: Alis505 (small blind) folded on the Flop
Seat 3: Cid s2 (big blind) showed [7d 5c] and lost with a pair of Eights
Seat 4: AVV_72008 folded before Flop (didn't bet)
Seat 5: Dorex2007 folded before Flop (didn't bet)
Seat 7: Prince Mantis folded before Flop (didn't bet)
Seat 9: avtogena folded before Flop (didn't bet)



PokerStars Hand #230450486223:  Hold'em No Limit ($0.01/$0.02 USD) - 2021/10/08 10:38:08 PT [2021/10/08 13:38:08 ET]
Table 'Tokio II' 9-max Seat #2 is the button
Seat 1: marioitaa11 ($1.18 in chips) 
Seat 2: Alis505 ($3.25 in chips) 
Seat 3: Cid s2 ($2.09 in chips) 
Seat 5: Dorex2007 ($2.19 in chips) 
Seat 7: Prince Mantis ($7.93 in chips) 
Seat 9: avtogena ($2 in chips) 
Cid s2: posts small blind $0.01
Dorex2007: posts big blind $0.02
zive_Belarus: sits out 
*** HOLE CARDS ***
Dealt to Dorex2007 [4h 4s]
Prince Mantis: folds 
avtogena: raises $0.02 to $0.04
marioitaa11: folds 
Alis505: calls $0.04
Cid s2: raises $0.02 to $0.06
Dorex2007: calls $0.04
avtogena: calls $0.02
Alis505: calls $0.02
*** FLOP *** [6s Kd Th]
Cid s2: bets $0.12
Dorex2007: folds 
avtogena: folds 
Alis505: folds 
Uncalled bet ($0.12) returned to Cid s2
Cid s2 collected $0.23 from pot
Cid s2: doesn't show hand 
*** SUMMARY ***
Total pot $0.24 | Rake $0.01 
Board [6s Kd Th]
Seat 1: marioitaa11 folded before Flop (didn't bet)
Seat 2: Alis505 (button) folded on the Flop
Seat 3: Cid s2 (small blind) collected ($0.23)
Seat 5: Dorex2007 (big blind) folded on the Flop
Seat 7: Prince Mantis folded before Flop (didn't bet)
Seat 9: avtogena folded on the Flop



PokerStars Hand #230450503404:  Hold'em No Limit ($0.01/$0.02 USD) - 2021/10/08 10:38:48 PT [2021/10/08 13:38:48 ET]
Table 'Tokio II' 9-max Seat #3 is the button
Seat 1: marioitaa11 ($1.18 in chips) 
Seat 2: Alis505 ($3.19 in chips) 
Seat 3: Cid s2 ($2.26 in chips) 
Seat 5: Dorex2007 ($2.13 in chips) 
Seat 6: zive_Belarus ($2 in chips) 
Seat 7: Prince Mantis ($7.93 in chips) 
Seat 9: avtogena ($2 in chips) 
Dorex2007: posts small blind $0.01
zive_Belarus: posts big blind $0.02
*** HOLE CARDS ***
Dealt to Dorex2007 [9h 7h]
Prince Mantis: folds 
avtogena: folds 
marioitaa11: raises $0.02 to $0.04
Alis505: calls $0.04
Cid s2: folds 
Dorex2007: folds 
zive_Belarus: raises $0.20 to $0.24
marioitaa11: raises $0.94 to $1.18 and is all-in
Alis505: folds 
zive_Belarus: folds 
Uncalled bet ($0.94) returned to marioitaa11
marioitaa11 collected $0.53 from pot
marioitaa11: doesn't show hand 
*** SUMMARY ***
Total pot $0.53 | Rake $0 
Seat 1: marioitaa11 collected ($0.53)
Seat 2: Alis505 folded before Flop
Seat 3: Cid s2 (button) folded before Flop (didn't bet)
Seat 5: Dorex2007 (small blind) folded before Flop
Seat 6: zive_Belarus (big blind) folded before Flop
Seat 7: Prince Mantis folded before Flop (didn't bet)
Seat 9: avtogena folded before Flop (didn't bet)



PokerStars Hand #230450520313:  Hold'em No Limit ($0.01/$0.02 USD) - 2021/10/08 10:39:27 PT [2021/10/08 13:39:27 ET]
Table 'Tokio II' 9-max Seat #5 is the button
Seat 1: marioitaa11 ($1.47 in chips) 
Seat 2: Alis505 ($3.15 in chips) 
Seat 3: Cid s2 ($2.26 in chips) 
Seat 5: Dorex2007 ($2.12 in chips) 
Seat 6: zive_Belarus ($2 in chips) 
Seat 7: Prince Mantis ($7.93 in chips) 
Seat 9: avtogena ($2 in chips) 
zive_Belarus: posts small blind $0.01
Prince Mantis: posts big blind $0.02
*** HOLE CARDS ***
Dealt to Dorex2007 [8c 4d]
avtogena: folds 
marioitaa11: calls $0.02
Alis505 has timed out
Alis505: folds 
Cid s2: folds 
Dorex2007: folds 
zive_Belarus: calls $0.01
Prince Mantis: checks 
*** FLOP *** [Ac 9s Qh]
zive_Belarus: bets $0.03
Prince Mantis: folds 
marioitaa11: calls $0.03
*** TURN *** [Ac 9s Qh] [Js]
zive_Belarus: bets $0.04
marioitaa11: calls $0.04
*** RIVER *** [Ac 9s Qh Js] [7c]
zive_Belarus: bets $0.06
marioitaa11: folds 
Uncalled bet ($0.06) returned to zive_Belarus
zive_Belarus collected $0.19 from pot
zive_Belarus: doesn't show hand 
*** SUMMARY ***
Total pot $0.20 | Rake $0.01 
Board [Ac 9s Qh Js 7c]
Seat 1: marioitaa11 folded on the River
Seat 2: Alis505 folded before Flop (didn't bet)
Seat 3: Cid s2 folded before Flop (didn't bet)
Seat 5: Dorex2007 (button) folded before Flop (didn't bet)
Seat 6: zive_Belarus (small blind) collected ($0.19)
Seat 7: Prince Mantis (big blind) folded on the Flop
Seat 9: avtogena folded before Flop (didn't bet)



PokerStars Hand #230450540824:  Hold'em No Limit ($0.01/$0.02 USD) - 2021/10/08 10:40:15 PT [2021/10/08 13:40:15 ET]
Table 'Tokio II' 9-max Seat #6 is the button
Seat 1: marioitaa11 ($1.38 in chips) 
Seat 2: Alis505 ($3.15 in chips) 
Seat 3: Cid s2 ($2.26 in chips) 
Seat 5: Dorex2007 ($2.12 in chips) 
Seat 6: zive_Belarus ($2.10 in chips) 
Seat 7: Prince Mantis ($7.91 in chips) 
Seat 9: avtogena ($2 in chips) 
Prince Mantis: posts small blind $0.01
avtogena: posts big blind $0.02
*** HOLE CARDS ***
Dealt to Dorex2007 [Ah 7h]
marioitaa11: calls $0.02
Alis505: folds 
Cid s2: calls $0.02
Dorex2007: calls $0.02
zive_Belarus: folds 
Prince Mantis: folds 
avtogena: checks 
*** FLOP *** [Jd 3h 2s]
avtogena: checks 
marioitaa11: bets $0.05
Cid s2: folds 
Dorex2007: folds 
avtogena: calls $0.05
*** TURN *** [Jd 3h 2s] [Jc]
avtogena: checks 
marioitaa11: bets $0.18
avtogena: folds 
Uncalled bet ($0.18) returned to marioitaa11
marioitaa11 collected $0.18 from pot
marioitaa11: doesn't show hand 
*** SUMMARY ***
Total pot $0.19 | Rake $0.01 
Board [Jd 3h 2s Jc]
Seat 1: marioitaa11 collected ($0.18)
Seat 2: Alis505 folded before Flop (didn't bet)
Seat 3: Cid s2 folded on the Flop
Seat 5: Dorex2007 folded on the Flop
Seat 6: zive_Belarus (button) folded before Flop (didn't bet)
Seat 7: Prince Mantis (small blind) folded before Flop
Seat 9: avtogena (big blind) folded on the Turn



PokerStars Hand #230450561077:  Hold'em No Limit ($0.01/$0.02 USD) - 2021/10/08 10:41:02 PT [2021/10/08 13:41:02 ET]
Table 'Tokio II' 9-max Seat #7 is the button
Seat 1: marioitaa11 ($1.49 in chips) 
Seat 2: Alis505 ($3.15 in chips) 
Seat 3: Cid s2 ($2.24 in chips) 
Seat 5: Dorex2007 ($2.10 in chips) 
Seat 6: zive_Belarus ($2.10 in chips) 
Seat 7: Prince Mantis ($7.90 in chips) 
Seat 9: avtogena ($2 in chips) 
avtogena: posts small blind $0.01
marioitaa11: posts big blind $0.02
*** HOLE CARDS ***
Dealt to Dorex2007 [Jd Qh]
Alis505: folds 
Cid s2: folds 
Dorex2007: raises $0.02 to $0.04
zive_Belarus: folds 
Prince Mantis: folds 
avtogena: folds 
marioitaa11: calls $0.02
*** FLOP *** [As 7d Qs]
marioitaa11: bets $0.05
Dorex2007: calls $0.05
*** TURN *** [As 7d Qs] [6c]
marioitaa11: checks 
Dorex2007: bets $0.09
marioitaa11: folds 
Uncalled bet ($0.09) returned to Dorex2007
Dorex2007 collected $0.18 from pot
Dorex2007: doesn't show hand 
*** SUMMARY ***
Total pot $0.19 | Rake $0.01 
Board [As 7d Qs 6c]
Seat 1: marioitaa11 (big blind) folded on the Turn
Seat 2: Alis505 folded before Flop (didn't bet)
Seat 3: Cid s2 folded before Flop (didn't bet)
Seat 5: Dorex2007 collected ($0.18)
Seat 6: zive_Belarus folded before Flop (didn't bet)
Seat 7: Prince Mantis (button) folded before Flop (didn't bet)
Seat 9: avtogena (small blind) folded before Flop



PokerStars Hand #230450587736:  Hold'em No Limit ($0.01/$0.02 USD) - 2021/10/08 10:41:43 PT [2021/10/08 13:41:43 ET]
Table 'Tokio II' 9-max Seat #9 is the button
Seat 1: marioitaa11 ($1.40 in chips) 
Seat 2: Alis505 ($3.15 in chips) 
Seat 3: Cid s2 ($2.24 in chips) 
Seat 5: Dorex2007 ($2.19 in chips) 
Seat 6: zive_Belarus ($2.10 in chips) 
Seat 7: Prince Mantis ($7.90 in chips) 
Seat 9: avtogena ($2 in chips) 
marioitaa11: posts small blind $0.01
Alis505: posts big blind $0.02
*** HOLE CARDS ***
Dealt to Dorex2007 [Tc 2c]
Cid s2 has timed out
Cid s2: folds 
Dorex2007: folds 
zive_Belarus: folds 
Prince Mantis: folds 
avtogena: raises $0.04 to $0.06
marioitaa11: calls $0.05
Alis505: calls $0.04
*** FLOP *** [9s Qc 5d]
marioitaa11: bets $0.17
Alis505: folds 
avtogena: folds 
Uncalled bet ($0.17) returned to marioitaa11
marioitaa11 collected $0.17 from pot
marioitaa11: doesn't show hand 
*** SUMMARY ***
Total pot $0.18 | Rake $0.01 
Board [9s Qc 5d]
Seat 1: marioitaa11 (small blind) collected ($0.17)
Seat 2: Alis505 (big blind) folded on the Flop
Seat 3: Cid s2 folded before Flop (didn't bet)
Seat 5: Dorex2007 folded before Flop (didn't bet)
Seat 6: zive_Belarus folded before Flop (didn't bet)
Seat 7: Prince Mantis folded before Flop (didn't bet)
Seat 9: avtogena (button) folded on the Flop



PokerStars Hand #230450604073:  Hold'em No Limit ($0.01/$0.02 USD) - 2021/10/08 10:42:21 PT [2021/10/08 13:42:21 ET]
Table 'Tokio II' 9-max Seat #1 is the button
Seat 1: marioitaa11 ($1.51 in chips) 
Seat 2: Alis505 ($3.09 in chips) 
Seat 3: Cid s2 ($2.24 in chips) 
Seat 5: Dorex2007 ($2.19 in chips) 
Seat 6: zive_Belarus ($2.10 in chips) 
Seat 7: Prince Mantis ($7.90 in chips) 
Seat 9: avtogena ($2 in chips) 
Alis505: posts small blind $0.01
Cid s2: posts big blind $0.02
*** HOLE CARDS ***
Dealt to Dorex2007 [Qd Ad]
Dorex2007: raises $0.02 to $0.04
zive_Belarus: folds 
Prince Mantis: folds 
avtogena: folds 
marioitaa11: folds 
Alis505: folds 
Cid s2: raises $0.02 to $0.06
Dorex2007: calls $0.02
*** FLOP *** [5h 2h 5c]
Cid s2: bets $0.13
Dorex2007: raises $0.26 to $0.39
Cid s2: calls $0.26
*** TURN *** [5h 2h 5c] [8c]
Cid s2: checks 
Dorex2007: bets $0.88
Cid s2: raises $0.88 to $1.76
Dorex2007: calls $0.86 and is all-in
Uncalled bet ($0.02) returned to Cid s2
*** RIVER *** [5h 2h 5c 8c] [Kh]
*** SHOW DOWN ***
Cid s2: shows [Jd Jc] (two pair, Jacks and Fives)
Dorex2007: shows [Qd Ad] (a pair of Fives)
Cid s2 cashed out the hand for $3.63 | Cash Out Fee $0.04
*** SUMMARY ***
Total pot $4.39 | Rake $0.15 
Board [5h 2h 5c 8c Kh]
Seat 1: marioitaa11 (button) folded before Flop (didn't bet)
Seat 2: Alis505 (small blind) folded before Flop
Seat 3: Cid s2 (big blind) showed [Jd Jc] and won ($4.24) with two pair, Jacks and Fives (pot not awarded as player cashed out)
Seat 5: Dorex2007 showed [Qd Ad] and lost with a pair of Fives
Seat 6: zive_Belarus folded before Flop (didn't bet)
Seat 7: Prince Mantis folded before Flop (didn't bet)
Seat 9: avtogena folded before Flop (didn't bet)



PokerStars Hand #230450664667:  Hold'em No Limit ($0.01/$0.02 USD) - 2021/10/08 10:44:41 PT [2021/10/08 13:44:41 ET]
Table 'Tokio II' 9-max Seat #6 is the button
Seat 1: marioitaa11 ($1.45 in chips) 
Seat 2: Alis505 ($3.23 in chips) 
Seat 3: Cid s2 ($3.77 in chips) 
Seat 5: Dorex2007 ($2 in chips) 
Seat 6: zive_Belarus ($2.07 in chips) 
Seat 7: Prince Mantis ($7.88 in chips) 
Seat 9: avtogena ($2 in chips) 
Prince Mantis: posts small blind $0.01
avtogena: posts big blind $0.02
Dorex2007: posts small & big blinds $0.03
*** HOLE CARDS ***
Dealt to Dorex2007 [9c 2s]
marioitaa11: calls $0.02
Alis505: calls $0.02
Cid s2: folds 
Dorex2007: checks 
zive_Belarus: folds 
Prince Mantis: raises $0.16 to $0.18
avtogena: folds 
marioitaa11: calls $0.16
Alis505: folds 
Dorex2007: folds 
*** FLOP *** [3d 4s 2h]
Prince Mantis: bets $0.31
marioitaa11: folds 
Uncalled bet ($0.31) returned to Prince Mantis
Prince Mantis collected $0.41 from pot
Prince Mantis: doesn't show hand 
*** SUMMARY ***
Total pot $0.43 | Rake $0.02 
Board [3d 4s 2h]
Seat 1: marioitaa11 folded on the Flop
Seat 2: Alis505 folded before Flop
Seat 3: Cid s2 folded before Flop (didn't bet)
Seat 5: Dorex2007 folded before Flop (didn't bet)
Seat 6: zive_Belarus (button) folded before Flop (didn't bet)
Seat 7: Prince Mantis (small blind) collected ($0.41)
Seat 9: avtogena (big blind) folded before Flop



PokerStars Hand #230450690982:  Hold'em No Limit ($0.01/$0.02 USD) - 2021/10/08 10:45:42 PT [2021/10/08 13:45:42 ET]
Table 'Tokio II' 9-max Seat #7 is the button
Seat 1: marioitaa11 ($1.27 in chips) 
Seat 2: Alis505 ($3.21 in chips) 
Seat 3: Cid s2 ($3.77 in chips) 
Seat 5: Dorex2007 ($1.97 in chips) 
Seat 6: zive_Belarus ($2.07 in chips) 
Seat 7: Prince Mantis ($8.11 in chips) 
Seat 9: avtogena ($2 in chips) 
avtogena: posts small blind $0.01
marioitaa11: posts big blind $0.02
*** HOLE CARDS ***
Dealt to Dorex2007 [5d Td]
Alis505: calls $0.02
Cid s2: raises $0.02 to $0.04
Dorex2007: folds 
zive_Belarus: folds 
Prince Mantis: folds 
avtogena: folds 
marioitaa11: calls $0.02
Alis505: raises $0.14 to $0.18
Cid s2: calls $0.14
marioitaa11: folds 
*** FLOP *** [3h 8d Kd]
Alis505: checks 
Cid s2: checks 
*** TURN *** [3h 8d Kd] [9h]
Alis505: bets $0.24
Cid s2: folds 
Uncalled bet ($0.24) returned to Alis505
Alis505 collected $0.40 from pot
Alis505: doesn't show hand 
*** SUMMARY ***
Total pot $0.41 | Rake $0.01 
Board [3h 8d Kd 9h]
Seat 1: marioitaa11 (big blind) folded before Flop
Seat 2: Alis505 collected ($0.40)
Seat 3: Cid s2 folded on the Turn
Seat 5: Dorex2007 folded before Flop (didn't bet)
Seat 6: zive_Belarus folded before Flop (didn't bet)
Seat 7: Prince Mantis (button) folded before Flop (didn't bet)
Seat 9: avtogena (small blind) folded before Flop



PokerStars Hand #230450730575:  Hold'em No Limit ($0.01/$0.02 USD) - 2021/10/08 10:47:13 PT [2021/10/08 13:47:13 ET]
Table 'Tokio II' 9-max Seat #1 is the button
Seat 1: marioitaa11 ($1.22 in chips) 
Seat 2: Alis505 ($3.37 in chips) 
Seat 3: Cid s2 ($3.59 in chips) 
Seat 5: Dorex2007 ($1.97 in chips) 
Seat 6: zive_Belarus ($2.07 in chips) 
Seat 7: Prince Mantis ($8.18 in chips) 
Seat 9: avtogena ($2 in chips) 
Alis505: posts small blind $0.01
Cid s2: posts big blind $0.02
gizmondouk: sits out 
*** HOLE CARDS ***
Dealt to Dorex2007 [9s Kc]
Dorex2007: folds 
zive_Belarus: folds 
Prince Mantis: folds 
avtogena: folds 
marioitaa11: calls $0.02
Alis505: calls $0.01
Cid s2: checks 
*** FLOP *** [Ad 9h 3c]
Alis505: checks 
Cid s2: checks 
marioitaa11: bets $0.03
Alis505: folds 
Cid s2: folds 
Uncalled bet ($0.03) returned to marioitaa11
marioitaa11 collected $0.06 from pot
marioitaa11: doesn't show hand 
*** SUMMARY ***
Total pot $0.06 | Rake $0 
Board [Ad 9h 3c]
Seat 1: marioitaa11 (button) collected ($0.06)
Seat 2: Alis505 (small blind) folded on the Flop
Seat 3: Cid s2 (big blind) folded on the Flop
Seat 5: Dorex2007 folded before Flop (didn't bet)
Seat 6: zive_Belarus folded before Flop (didn't bet)
Seat 7: Prince Mantis folded before Flop (didn't bet)
Seat 9: avtogena folded before Flop (didn't bet)



PokerStars Hand #230450745248:  Hold'em No Limit ($0.01/$0.02 USD) - 2021/10/08 10:47:46 PT [2021/10/08 13:47:46 ET]
Table 'Tokio II' 9-max Seat #2 is the button
Seat 1: marioitaa11 ($1.26 in chips) 
Seat 2: Alis505 ($3.35 in chips) 
Seat 3: Cid s2 ($3.57 in chips) 
Seat 5: Dorex2007 ($1.97 in chips) 
Seat 6: zive_Belarus ($2.07 in chips) 
Seat 7: Prince Mantis ($8.18 in chips) 
Seat 9: avtogena ($2 in chips) 
Cid s2: posts small blind $0.01
Dorex2007: posts big blind $0.02
gizmondouk: sits out 
*** HOLE CARDS ***
Dealt to Dorex2007 [Ks Qd]
zive_Belarus: folds 
Prince Mantis: folds 
avtogena: raises $0.02 to $0.04
marioitaa11: folds 
Alis505: calls $0.04
Cid s2: raises $0.02 to $0.06
Dorex2007: calls $0.04
avtogena: calls $0.02
Alis505: calls $0.02
*** FLOP *** [6h 2d Kh]
Cid s2: bets $0.02
Dorex2007: raises $0.14 to $0.16
avtogena: folds 
Alis505: calls $0.16
Cid s2: folds 
*** TURN *** [6h 2d Kh] [Kd]
Dorex2007: bets $1.75 and is all-in
Alis505: folds 
Uncalled bet ($1.75) returned to Dorex2007
Dorex2007 collected $0.56 from pot
Dorex2007: doesn't show hand 
*** SUMMARY ***
Total pot $0.58 | Rake $0.02 
Board [6h 2d Kh Kd]
Seat 1: marioitaa11 folded before Flop (didn't bet)
Seat 2: Alis505 (button) folded on the Turn
Seat 3: Cid s2 (small blind) folded on the Flop
Seat 5: Dorex2007 (big blind) collected ($0.56)
Seat 6: zive_Belarus folded before Flop (didn't bet)
Seat 7: Prince Mantis folded before Flop (didn't bet)
Seat 9: avtogena folded on the Flop



PokerStars Hand #230450774119:  Hold'em No Limit ($0.01/$0.02 USD) - 2021/10/08 10:48:52 PT [2021/10/08 13:48:52 ET]
Table 'Tokio II' 9-max Seat #3 is the button
Seat 1: marioitaa11 ($1.26 in chips) 
Seat 2: Alis505 ($3.13 in chips) 
Seat 3: Cid s2 ($3.49 in chips) 
Seat 5: Dorex2007 ($2.31 in chips) 
Seat 6: zive_Belarus ($2.07 in chips) 
Seat 7: Prince Mantis ($8.18 in chips) 
Seat 9: avtogena ($2 in chips) 
Dorex2007: posts small blind $0.01
zive_Belarus: posts big blind $0.02
gizmondouk: sits out 
*** HOLE CARDS ***
Dealt to Dorex2007 [3c 5c]
Prince Mantis: folds 
avtogena: raises $0.02 to $0.04
marioitaa11: calls $0.04
Alis505: calls $0.04
Cid s2: folds 
Dorex2007: folds 
zive_Belarus: folds 
*** FLOP *** [Ks As Js]
avtogena: checks 
marioitaa11: bets $0.02
Alis505: calls $0.02
avtogena: calls $0.02
*** TURN *** [Ks As Js] [5s]
avtogena: checks 
marioitaa11: checks 
Alis505: bets $0.12
avtogena: folds 
marioitaa11: folds 
Uncalled bet ($0.12) returned to Alis505
Alis505 collected $0.20 from pot
Alis505: doesn't show hand 
*** SUMMARY ***
Total pot $0.21 | Rake $0.01 
Board [Ks As Js 5s]
Seat 1: marioitaa11 folded on the Turn
Seat 2: Alis505 collected ($0.20)
Seat 3: Cid s2 (button) folded before Flop (didn't bet)
Seat 5: Dorex2007 (small blind) folded before Flop
Seat 6: zive_Belarus (big blind) folded before Flop
Seat 7: Prince Mantis folded before Flop (didn't bet)
Seat 9: avtogena folded on the Turn



PokerStars Hand #230450795099:  Hold'em No Limit ($0.01/$0.02 USD) - 2021/10/08 10:49:40 PT [2021/10/08 13:49:40 ET]
Table 'Tokio II' 9-max Seat #5 is the button
Seat 1: marioitaa11 ($1.20 in chips) 
Seat 2: Alis505 ($3.27 in chips) 
Seat 3: Cid s2 ($3.49 in chips) 
Seat 5: Dorex2007 ($2.30 in chips) 
Seat 6: zive_Belarus ($2.05 in chips) 
Seat 7: Prince Mantis ($8.18 in chips) 
Seat 9: avtogena ($2 in chips) 
zive_Belarus: posts small blind $0.01
Prince Mantis: posts big blind $0.02
gizmondouk: sits out 
*** HOLE CARDS ***
Dealt to Dorex2007 [3d 5h]
avtogena: folds 
marioitaa11: calls $0.02
Alis505: calls $0.02
Cid s2: folds 
Dorex2007: folds 
zive_Belarus: folds 
Prince Mantis: checks 
*** FLOP *** [Td As 4h]
Prince Mantis: checks 
marioitaa11: checks 
Alis505: checks 
*** TURN *** [Td As 4h] [4c]
Prince Mantis: checks 
marioitaa11: checks 
Alis505: bets $0.07
Prince Mantis: folds 
marioitaa11: folds 
Uncalled bet ($0.07) returned to Alis505
Alis505 collected $0.07 from pot
Alis505: doesn't show hand 
*** SUMMARY ***
Total pot $0.07 | Rake $0 
Board [Td As 4h 4c]
Seat 1: marioitaa11 folded on the Turn
Seat 2: Alis505 collected ($0.07)
Seat 3: Cid s2 folded before Flop (didn't bet)
Seat 5: Dorex2007 (button) folded before Flop (didn't bet)
Seat 6: zive_Belarus (small blind) folded before Flop
Seat 7: Prince Mantis (big blind) folded on the Turn
Seat 9: avtogena folded before Flop (didn't bet)



PokerStars Hand #230450815259:  Hold'em No Limit ($0.01/$0.02 USD) - 2021/10/08 10:50:27 PT [2021/10/08 13:50:27 ET]
Table 'Tokio II' 9-max Seat #6 is the button
Seat 1: marioitaa11 ($1.18 in chips) 
Seat 2: Alis505 ($3.32 in chips) 
Seat 3: Cid s2 ($3.49 in chips) 
Seat 5: Dorex2007 ($2.30 in chips) 
Seat 6: zive_Belarus ($2.04 in chips) 
Seat 7: Prince Mantis ($8.16 in chips) 
Seat 8: gizmondouk ($3.84 in chips) 
Seat 9: avtogena ($2 in chips) 
Prince Mantis: posts small blind $0.01
gizmondouk: posts big blind $0.02
*** HOLE CARDS ***
Dealt to Dorex2007 [5c 8s]
avtogena: folds 
marioitaa11: folds 
Alis505: folds 
Cid s2: raises $0.04 to $0.06
Dorex2007: folds 
zive_Belarus: folds 
Prince Mantis: folds 
gizmondouk: folds 
Uncalled bet ($0.04) returned to Cid s2
Cid s2 collected $0.05 from pot
Cid s2: doesn't show hand 
*** SUMMARY ***
Total pot $0.05 | Rake $0 
Seat 1: marioitaa11 folded before Flop (didn't bet)
Seat 2: Alis505 folded before Flop (didn't bet)
Seat 3: Cid s2 collected ($0.05)
Seat 5: Dorex2007 folded before Flop (didn't bet)
Seat 6: zive_Belarus (button) folded before Flop (didn't bet)
Seat 7: Prince Mantis (small blind) folded before Flop
Seat 8: gizmondouk (big blind) folded before Flop
Seat 9: avtogena folded before Flop (didn't bet)



PokerStars Hand #230450822973:  Hold'em No Limit ($0.01/$0.02 USD) - 2021/10/08 10:50:44 PT [2021/10/08 13:50:44 ET]
Table 'Tokio II' 9-max Seat #7 is the button
Seat 1: marioitaa11 ($1.18 in chips) 
Seat 2: Alis505 ($3.32 in chips) 
Seat 3: Cid s2 ($3.52 in chips) 
Seat 5: Dorex2007 ($2.30 in chips) 
Seat 6: zive_Belarus ($2.04 in chips) 
Seat 7: Prince Mantis ($8.15 in chips) 
Seat 8: gizmondouk ($3.82 in chips) 
Seat 9: avtogena ($2 in chips) 
gizmondouk: posts small blind $0.01
avtogena: posts big blind $0.02
*** HOLE CARDS ***
Dealt to Dorex2007 [7h 9c]
marioitaa11: calls $0.02
Alis505: folds 
Cid s2: folds 
Dorex2007: folds 
zive_Belarus: raises $0.07 to $0.09
Prince Mantis: folds 
gizmondouk: folds 
avtogena: folds 
marioitaa11: calls $0.07
*** FLOP *** [Ts 9h 3h]
marioitaa11: bets $0.08
zive_Belarus: calls $0.08
*** TURN *** [Ts 9h 3h] [2c]
marioitaa11: bets $0.18
zive_Belarus: calls $0.18
*** RIVER *** [Ts 9h 3h 2c] [5d]
marioitaa11: bets $0.83 and is all-in
zive_Belarus: folds 
Uncalled bet ($0.83) returned to marioitaa11
marioitaa11 collected $0.70 from pot
marioitaa11: doesn't show hand 
*** SUMMARY ***
Total pot $0.73 | Rake $0.03 
Board [Ts 9h 3h 2c 5d]
Seat 1: marioitaa11 collected ($0.70)
Seat 2: Alis505 folded before Flop (didn't bet)
Seat 3: Cid s2 folded before Flop (didn't bet)
Seat 5: Dorex2007 folded before Flop (didn't bet)
Seat 6: zive_Belarus folded on the River
Seat 7: Prince Mantis (button) folded before Flop (didn't bet)
Seat 8: gizmondouk (small blind) folded before Flop
Seat 9: avtogena (big blind) folded before Flop



PokerStars Hand #230450843483:  Hold'em No Limit ($0.01/$0.02 USD) - 2021/10/08 10:51:31 PT [2021/10/08 13:51:31 ET]
Table 'Tokio II' 9-max Seat #8 is the button
Seat 1: marioitaa11 ($1.53 in chips) 
Seat 2: Alis505 ($3.32 in chips) 
Seat 3: Cid s2 ($3.52 in chips) 
Seat 5: Dorex2007 ($2.30 in chips) 
Seat 6: zive_Belarus ($2 in chips) 
Seat 7: Prince Mantis ($8.15 in chips) 
Seat 8: gizmondouk ($3.81 in chips) 
Seat 9: avtogena ($2 in chips) 
avtogena: posts small blind $0.01
marioitaa11: posts big blind $0.02
*** HOLE CARDS ***
Dealt to Dorex2007 [7d Jh]
Alis505: folds 
Cid s2: folds 
Dorex2007: folds 
zive_Belarus: folds 
Prince Mantis: folds 
gizmondouk: folds 
avtogena: raises $0.04 to $0.06
marioitaa11: calls $0.04
*** FLOP *** [6c Js As]
avtogena: bets $0.20
marioitaa11: calls $0.20
*** TURN *** [6c Js As] [6d]
avtogena: bets $1.28
marioitaa11: folds 
Uncalled bet ($1.28) returned to avtogena
avtogena collected $0.50 from pot
avtogena: doesn't show hand 
*** SUMMARY ***
Total pot $0.52 | Rake $0.02 
Board [6c Js As 6d]
Seat 1: marioitaa11 (big blind) folded on the Turn
Seat 2: Alis505 folded before Flop (didn't bet)
Seat 3: Cid s2 folded before Flop (didn't bet)
Seat 5: Dorex2007 folded before Flop (didn't bet)
Seat 6: zive_Belarus folded before Flop (didn't bet)
Seat 7: Prince Mantis folded before Flop (didn't bet)
Seat 8: gizmondouk (button) folded before Flop (didn't bet)
Seat 9: avtogena (small blind) collected ($0.50)



PokerStars Hand #230450860378:  Hold'em No Limit ($0.01/$0.02 USD) - 2021/10/08 10:52:10 PT [2021/10/08 13:52:10 ET]
Table 'Tokio II' 9-max Seat #9 is the button
Seat 1: marioitaa11 ($1.27 in chips) 
Seat 2: Alis505 ($3.32 in chips) 
Seat 3: Cid s2 ($3.52 in chips) 
Seat 5: Dorex2007 ($2.30 in chips) 
Seat 6: zive_Belarus ($2 in chips) 
Seat 7: Prince Mantis ($8.15 in chips) 
Seat 8: gizmondouk ($3.81 in chips) 
Seat 9: avtogena ($2.24 in chips) 
marioitaa11: posts small blind $0.01
Alis505: posts big blind $0.02
*** HOLE CARDS ***
Dealt to Dorex2007 [9s 5d]
Cid s2: folds 
Dorex2007: folds 
zive_Belarus: folds 
Prince Mantis: folds 
gizmondouk: folds 
avtogena: folds 
marioitaa11: calls $0.01
Alis505: checks 
*** FLOP *** [6h Qs Qc]
marioitaa11: bets $0.02
Alis505: folds 
Uncalled bet ($0.02) returned to marioitaa11
marioitaa11 collected $0.04 from pot
marioitaa11: doesn't show hand 
*** SUMMARY ***
Total pot $0.04 | Rake $0 
Board [6h Qs Qc]
Seat 1: marioitaa11 (small blind) collected ($0.04)
Seat 2: Alis505 (big blind) folded on the Flop
Seat 3: Cid s2 folded before Flop (didn't bet)
Seat 5: Dorex2007 folded before Flop (didn't bet)
Seat 6: zive_Belarus folded before Flop (didn't bet)
Seat 7: Prince Mantis folded before Flop (didn't bet)
Seat 8: gizmondouk folded before Flop (didn't bet)
Seat 9: avtogena (button) folded before Flop (didn't bet)



PokerStars Hand #230450871625:  Hold'em No Limit ($0.01/$0.02 USD) - 2021/10/08 10:52:36 PT [2021/10/08 13:52:36 ET]
Table 'Tokio II' 9-max Seat #1 is the button
Seat 1: marioitaa11 ($1.29 in chips) 
Seat 2: Alis505 ($3.30 in chips) 
Seat 3: Cid s2 ($3.52 in chips) 
Seat 5: Dorex2007 ($2.30 in chips) 
Seat 6: zive_Belarus ($2 in chips) 
Seat 7: Prince Mantis ($8.15 in chips) 
Seat 8: gizmondouk ($3.81 in chips) 
Seat 9: avtogena ($2.24 in chips) 
Alis505: posts small blind $0.01
Cid s2: posts big blind $0.02
*** HOLE CARDS ***
Dealt to Dorex2007 [7s Jh]
Dorex2007: folds 
zive_Belarus: folds 
Prince Mantis: raises $0.04 to $0.06
gizmondouk: calls $0.06
avtogena: calls $0.06
marioitaa11: folds 
Alis505: calls $0.05
Cid s2: folds 
*** FLOP *** [2d 8d Ah]
Alis505: checks 
Prince Mantis: bets $0.15
gizmondouk: folds 
avtogena: folds 
Alis505: folds 
Uncalled bet ($0.15) returned to Prince Mantis
Prince Mantis collected $0.25 from pot
Prince Mantis: doesn't show hand 
*** SUMMARY ***
Total pot $0.26 | Rake $0.01 
Board [2d 8d Ah]
Seat 1: marioitaa11 (button) folded before Flop (didn't bet)
Seat 2: Alis505 (small blind) folded on the Flop
Seat 3: Cid s2 (big blind) folded before Flop
Seat 5: Dorex2007 folded before Flop (didn't bet)
Seat 6: zive_Belarus folded before Flop (didn't bet)
Seat 7: Prince Mantis collected ($0.25)
Seat 8: gizmondouk folded on the Flop
Seat 9: avtogena folded on the Flop



PokerStars Hand #230450894784:  Hold'em No Limit ($0.01/$0.02 USD) - 2021/10/08 10:53:29 PT [2021/10/08 13:53:29 ET]
Table 'Tokio II' 9-max Seat #2 is the button
Seat 1: marioitaa11 ($1.29 in chips) 
Seat 2: Alis505 ($3.24 in chips) 
Seat 3: Cid s2 ($3.50 in chips) 
Seat 5: Dorex2007 ($2.30 in chips) 
Seat 6: zive_Belarus ($2 in chips) 
Seat 7: Prince Mantis ($8.34 in chips) 
Seat 8: gizmondouk ($3.75 in chips) 
Seat 9: avtogena ($2.18 in chips) 
Cid s2: posts small blind $0.01
Dorex2007: posts big blind $0.02
*** HOLE CARDS ***
Dealt to Dorex2007 [Ah 9c]
zive_Belarus: folds 
Prince Mantis: folds 
gizmondouk: folds 
avtogena: folds 
marioitaa11: calls $0.02
Alis505: calls $0.02
Cid s2: folds 
Dorex2007: checks 
*** FLOP *** [5c Qs Ac]
Dorex2007: checks 
marioitaa11: checks 
Alis505: checks 
*** TURN *** [5c Qs Ac] [6h]
Dorex2007: bets $0.07
marioitaa11: folds 
Alis505: folds 
Uncalled bet ($0.07) returned to Dorex2007
Dorex2007 collected $0.07 from pot
AVV_72008 leaves the table
Dorex2007: doesn't show hand 
*** SUMMARY ***
Total pot $0.07 | Rake $0 
Board [5c Qs Ac 6h]
Seat 1: marioitaa11 folded on the Turn
Seat 2: Alis505 (button) folded on the Turn
Seat 3: Cid s2 (small blind) folded before Flop
Seat 5: Dorex2007 (big blind) collected ($0.07)
Seat 6: zive_Belarus folded before Flop (didn't bet)
Seat 7: Prince Mantis folded before Flop (didn't bet)
Seat 8: gizmondouk folded before Flop (didn't bet)
Seat 9: avtogena folded before Flop (didn't bet)



PokerStars Hand #230450921011:  Hold'em No Limit ($0.01/$0.02 USD) - 2021/10/08 10:54:30 PT [2021/10/08 13:54:30 ET]
Table 'Tokio II' 9-max Seat #3 is the button
Seat 1: marioitaa11 ($1.27 in chips) 
Seat 2: Alis505 ($3.22 in chips) 
Seat 3: Cid s2 ($3.49 in chips) 
Seat 5: Dorex2007 ($2.35 in chips) 
Seat 6: zive_Belarus ($2 in chips) 
Seat 7: Prince Mantis ($8.34 in chips) 
Seat 8: gizmondouk ($3.75 in chips) 
Seat 9: avtogena ($2.18 in chips) 
Dorex2007: posts small blind $0.01
zive_Belarus: posts big blind $0.02
*** HOLE CARDS ***
Dealt to Dorex2007 [7d 3c]
Prince Mantis: folds 
gizmondouk: folds 
avtogena: raises $0.04 to $0.06
moreuplessdown joins the table at seat #4 
marioitaa11: folds 
Alis505: folds 
Cid s2: calls $0.06
Dorex2007: folds 
zive_Belarus: folds 
*** FLOP *** [Qs Qd Qc]
avtogena: checks 
Cid s2: checks 
*** TURN *** [Qs Qd Qc] [8d]
avtogena: checks 
Cid s2: checks 
*** RIVER *** [Qs Qd Qc 8d] [Jc]
avtogena: bets $0.02
Cid s2: raises $0.18 to $0.20
avtogena: folds 
Uncalled bet ($0.18) returned to Cid s2
Cid s2 collected $0.18 from pot
Cid s2: doesn't show hand 
*** SUMMARY ***
Total pot $0.19 | Rake $0.01 
Board [Qs Qd Qc 8d Jc]
Seat 1: marioitaa11 folded before Flop (didn't bet)
Seat 2: Alis505 folded before Flop (didn't bet)
Seat 3: Cid s2 (button) collected ($0.18)
Seat 5: Dorex2007 (small blind) folded before Flop
Seat 6: zive_Belarus (big blind) folded before Flop
Seat 7: Prince Mantis folded before Flop (didn't bet)
Seat 8: gizmondouk folded before Flop (didn't bet)
Seat 9: avtogena folded on the River



PokerStars Hand #230450946449:  Hold'em No Limit ($0.01/$0.02 USD) - 2021/10/08 10:55:40 PT [2021/10/08 13:55:40 ET]
Table 'Tokio II' 9-max Seat #5 is the button
Seat 1: marioitaa11 ($1.27 in chips) 
Seat 2: Alis505 ($3.22 in chips) 
Seat 3: Cid s2 ($3.59 in chips) 
Seat 5: Dorex2007 ($2.34 in chips) 
Seat 6: zive_Belarus ($2 in chips) 
Seat 7: Prince Mantis ($8.34 in chips) 
Seat 8: gizmondouk ($3.75 in chips) 
Seat 9: avtogena ($2.10 in chips) 
zive_Belarus: posts small blind $0.01
Prince Mantis: posts big blind $0.02
moreuplessdown: sits out 
*** HOLE CARDS ***
Dealt to Dorex2007 [Td Ah]
gizmondouk: folds 
avtogena: folds 
marioitaa11: calls $0.02
Alis505: folds 
Cid s2: raises $0.04 to $0.06
Dorex2007: folds 
zive_Belarus: raises $0.12 to $0.18
Prince Mantis: folds 
marioitaa11: calls $0.16
Cid s2: calls $0.12
*** FLOP *** [Jh Ts 8h]
zive_Belarus: bets $0.16
marioitaa11: folds 
Cid s2: raises $0.16 to $0.32
zive_Belarus: calls $0.16
*** TURN *** [Jh Ts 8h] [2h]
zive_Belarus: checks 
Cid s2: bets $1.16
zive_Belarus: folds 
Uncalled bet ($1.16) returned to Cid s2
Cid s2 collected $1.16 from pot
Cid s2: doesn't show hand 
*** SUMMARY ***
Total pot $1.20 | Rake $0.04 
Board [Jh Ts 8h 2h]
Seat 1: marioitaa11 folded on the Flop
Seat 2: Alis505 folded before Flop (didn't bet)
Seat 3: Cid s2 collected ($1.16)
Seat 5: Dorex2007 (button) folded before Flop (didn't bet)
Seat 6: zive_Belarus (small blind) folded on the Turn
Seat 7: Prince Mantis (big blind) folded before Flop
Seat 8: gizmondouk folded before Flop (didn't bet)
Seat 9: avtogena folded before Flop (didn't bet)



PokerStars Hand #230450965718:  Hold'em No Limit ($0.01/$0.02 USD) - 2021/10/08 10:56:43 PT [2021/10/08 13:56:43 ET]
Table 'Tokio II' 9-max Seat #6 is the button
Seat 1: marioitaa11 ($1.09 in chips) 
Seat 2: Alis505 ($3.22 in chips) 
Seat 3: Cid s2 ($4.25 in chips) 
Seat 4: moreuplessdown ($0.80 in chips) 
Seat 5: Dorex2007 ($2.34 in chips) 
Seat 6: zive_Belarus ($2 in chips) 
Seat 7: Prince Mantis ($8.32 in chips) 
Seat 8: gizmondouk ($3.75 in chips) 
Seat 9: avtogena ($2.10 in chips) 
Prince Mantis: posts small blind $0.01
gizmondouk: posts big blind $0.02
moreuplessdown: posts big blind $0.02
*** HOLE CARDS ***
Dealt to Dorex2007 [8s 5d]
avtogena: folds 
marioitaa11: calls $0.02
Alis505: folds 
Cid s2: raises $0.02 to $0.04
moreuplessdown: raises $0.12 to $0.16
Dorex2007: folds 
zive_Belarus: folds 
Prince Mantis: folds 
gizmondouk: folds 
marioitaa11: calls $0.14
Cid s2: calls $0.12
*** FLOP *** [As Ac Th]
marioitaa11: checks 
Cid s2: checks 
moreuplessdown: checks 
*** TURN *** [As Ac Th] [9c]
marioitaa11: bets $0.49
Cid s2: calls $0.49
moreuplessdown: folds 
*** RIVER *** [As Ac Th 9c] [4s]
marioitaa11: bets $0.44 and is all-in
Cid s2: calls $0.44
*** SHOW DOWN ***
marioitaa11: shows [Ad 5s] (three of a kind, Aces)
Cid s2: shows [Kc 9h] (two pair, Aces and Nines)
marioitaa11 collected $2.29 from pot
*** SUMMARY ***
Total pot $2.37 | Rake $0.08 
Board [As Ac Th 9c 4s]
Seat 1: marioitaa11 showed [Ad 5s] and won ($2.29) with three of a kind, Aces
Seat 2: Alis505 folded before Flop (didn't bet)
Seat 3: Cid s2 showed [Kc 9h] and lost with two pair, Aces and Nines
Seat 4: moreuplessdown folded on the Turn
Seat 5: Dorex2007 folded before Flop (didn't bet)
Seat 6: zive_Belarus (button) folded before Flop (didn't bet)
Seat 7: Prince Mantis (small blind) folded before Flop
Seat 8: gizmondouk (big blind) folded before Flop
Seat 9: avtogena folded before Flop (didn't bet)



PokerStars Hand #230450990444:  Hold'em No Limit ($0.01/$0.02 USD) - 2021/10/08 10:57:50 PT [2021/10/08 13:57:50 ET]
Table 'Tokio II' 9-max Seat #7 is the button
Seat 1: marioitaa11 ($2.29 in chips) 
Seat 2: Alis505 ($3.22 in chips) 
Seat 3: Cid s2 ($3.16 in chips) 
Seat 4: moreuplessdown ($0.64 in chips) 
Seat 5: Dorex2007 ($2.34 in chips) 
Seat 6: zive_Belarus ($2 in chips) 
Seat 7: Prince Mantis ($8.31 in chips) 
Seat 8: gizmondouk ($3.73 in chips) 
Seat 9: avtogena ($2.10 in chips) 
gizmondouk: posts small blind $0.01
avtogena: posts big blind $0.02
*** HOLE CARDS ***
Dealt to Dorex2007 [Qs 2c]
marioitaa11: folds 
marioitaa11 leaves the table
Alis505 has timed out
Alis505: folds 
Cid s2: folds 
moreuplessdown: raises $0.04 to $0.06
Dorex2007: folds 
zive_Belarus: folds 
Prince Mantis: folds 
gizmondouk: folds 
avtogena: folds 
Uncalled bet ($0.04) returned to moreuplessdown
moreuplessdown collected $0.05 from pot
moreuplessdown: doesn't show hand 
*** SUMMARY ***
Total pot $0.05 | Rake $0 
Seat 1: marioitaa11 folded before Flop (didn't bet)
Seat 2: Alis505 folded before Flop (didn't bet)
Seat 3: Cid s2 folded before Flop (didn't bet)
Seat 4: moreuplessdown collected ($0.05)
Seat 5: Dorex2007 folded before Flop (didn't bet)
Seat 6: zive_Belarus folded before Flop (didn't bet)
Seat 7: Prince Mantis (button) folded before Flop (didn't bet)
Seat 8: gizmondouk (small blind) folded before Flop
Seat 9: avtogena (big blind) folded before Flop



PokerStars Hand #230451000043:  Hold'em No Limit ($0.01/$0.02 USD) - 2021/10/08 10:58:21 PT [2021/10/08 13:58:21 ET]
Table 'Tokio II' 9-max Seat #8 is the button
Seat 2: Alis505 ($3.22 in chips) 
Seat 3: Cid s2 ($3.16 in chips) 
Seat 4: moreuplessdown ($0.67 in chips) 
Seat 5: Dorex2007 ($2.34 in chips) 
Seat 6: zive_Belarus ($2 in chips) 
Seat 7: Prince Mantis ($8.31 in chips) 
Seat 8: gizmondouk ($3.72 in chips) 
Seat 9: avtogena ($2.08 in chips) 
avtogena: posts small blind $0.01
Alis505: posts big blind $0.02
*** HOLE CARDS ***
Dealt to Dorex2007 [9c Qs]
Cid s2: raises $0.04 to $0.06
franpalermo14 joins the table at seat #1 
moreuplessdown: folds 
Dorex2007: folds 
zive_Belarus: folds 
Prince Mantis: raises $0.14 to $0.20
gizmondouk: folds 
avtogena: folds 
Alis505: calls $0.18
Cid s2: calls $0.14
*** FLOP *** [7d 3d 2d]
Alis505: checks 
Cid s2: checks 
Prince Mantis: bets $0.26
Alis505: folds 
Cid s2: folds 
Uncalled bet ($0.26) returned to Prince Mantis
Prince Mantis collected $0.59 from pot
Prince Mantis: doesn't show hand 
*** SUMMARY ***
Total pot $0.61 | Rake $0.02 
Board [7d 3d 2d]
Seat 2: Alis505 (big blind) folded on the Flop
Seat 3: Cid s2 folded on the Flop
Seat 4: moreuplessdown folded before Flop (didn't bet)
Seat 5: Dorex2007 folded before Flop (didn't bet)
Seat 6: zive_Belarus folded before Flop (didn't bet)
Seat 7: Prince Mantis collected ($0.59)
Seat 8: gizmondouk (button) folded before Flop (didn't bet)
Seat 9: avtogena (small blind) folded before Flop



PokerStars Hand #230451022560:  Hold'em No Limit ($0.01/$0.02 USD) - 2021/10/08 10:59:34 PT [2021/10/08 13:59:34 ET]
Table 'Tokio II' 9-max Seat #9 is the button
Seat 2: Alis505 ($3.02 in chips) 
Seat 4: moreuplessdown ($0.67 in chips) 
Seat 5: Dorex2007 ($2.34 in chips) 
Seat 6: zive_Belarus ($2 in chips) 
Seat 7: Prince Mantis ($8.70 in chips) 
Seat 8: gizmondouk ($3.72 in chips) 
Seat 9: avtogena ($2.07 in chips) 
Alis505: posts small blind $0.01
moreuplessdown: posts big blind $0.02
*** HOLE CARDS ***
Dealt to Dorex2007 [Td Ts]
Dorex2007: raises $0.04 to $0.06
zive_Belarus: folds 
Prince Mantis: folds 
gizmondouk: folds 
avtogena: folds 
Alis505: folds 
moreuplessdown: raises $0.13 to $0.19
Dorex2007: calls $0.13
*** FLOP *** [Ad 4s As]
moreuplessdown: checks 
Dorex2007: bets $0.19
moreuplessdown: calls $0.19
*** TURN *** [Ad 4s As] [8s]
moreuplessdown: checks 
Dorex2007: bets $0.74
moreuplessdown: calls $0.29 and is all-in
Uncalled bet ($0.45) returned to Dorex2007
*** RIVER *** [Ad 4s As 8s] [7c]
*** SHOW DOWN ***
moreuplessdown: shows [Kd Kh] (two pair, Aces and Kings)
Dorex2007: shows [Td Ts] (two pair, Aces and Tens)
moreuplessdown collected $1.30 from pot
*** SUMMARY ***
Total pot $1.35 | Rake $0.05 
Board [Ad 4s As 8s 7c]
Seat 2: Alis505 (small blind) folded before Flop
Seat 4: moreuplessdown (big blind) showed [Kd Kh] and won ($1.30) with two pair, Aces and Kings
Seat 5: Dorex2007 showed [Td Ts] and lost with two pair, Aces and Tens
Seat 6: zive_Belarus folded before Flop (didn't bet)
Seat 7: Prince Mantis folded before Flop (didn't bet)
Seat 8: gizmondouk folded before Flop (didn't bet)
Seat 9: avtogena (button) folded before Flop (didn't bet)



PokerStars Hand #230451045518:  Hold'em No Limit ($0.01/$0.02 USD) - 2021/10/08 11:00:43 PT [2021/10/08 14:00:43 ET]
Table 'Tokio II' 9-max Seat #2 is the button
Seat 2: Alis505 ($3.01 in chips) 
Seat 4: moreuplessdown ($1.30 in chips) 
Seat 5: Dorex2007 ($1.67 in chips) 
Seat 6: zive_Belarus ($2 in chips) 
Seat 7: Prince Mantis ($8.70 in chips) 
Seat 8: gizmondouk ($3.72 in chips) 
Seat 9: avtogena ($2.07 in chips) 
moreuplessdown: posts small blind $0.01
Dorex2007: posts big blind $0.02
franpalermo14: sits out 
*** HOLE CARDS ***
Dealt to Dorex2007 [As 5c]
zive_Belarus: folds 
Prince Mantis: raises $0.04 to $0.06
gizmondouk: folds 
avtogena: folds 
Alis505: calls $0.06
moreuplessdown: folds 
Dorex2007: calls $0.04
*** FLOP *** [4h Qh Qs]
Dorex2007: checks 
Prince Mantis: bets $0.14
Alis505: folds 
Dorex2007: folds 
Uncalled bet ($0.14) returned to Prince Mantis
Prince Mantis collected $0.18 from pot
Prince Mantis: doesn't show hand 
*** SUMMARY ***
Total pot $0.19 | Rake $0.01 
Board [4h Qh Qs]
Seat 2: Alis505 (button) folded on the Flop
Seat 4: moreuplessdown (small blind) folded before Flop
Seat 5: Dorex2007 (big blind) folded on the Flop
Seat 6: zive_Belarus folded before Flop (didn't bet)
Seat 7: Prince Mantis collected ($0.18)
Seat 8: gizmondouk folded before Flop (didn't bet)
Seat 9: avtogena folded before Flop (didn't bet)



PokerStars Hand #230451060180:  Hold'em No Limit ($0.01/$0.02 USD) - 2021/10/08 11:01:23 PT [2021/10/08 14:01:23 ET]
Table 'Tokio II' 9-max Seat #4 is the button
Seat 2: Alis505 ($2.95 in chips) 
Seat 4: moreuplessdown ($1.29 in chips) 
Seat 5: Dorex2007 ($1.61 in chips) 
Seat 6: zive_Belarus ($2 in chips) 
Seat 7: Prince Mantis ($8.82 in chips) 
Seat 8: gizmondouk ($3.72 in chips) 
Seat 9: avtogena ($2.07 in chips) 
Dorex2007: posts small blind $0.01
zive_Belarus: posts big blind $0.02
franpalermo14: sits out 
*** HOLE CARDS ***
Dealt to Dorex2007 [Qd 4s]
Prince Mantis: folds 
gizmondouk: folds 
avtogena: folds 
Alis505: folds 
moreuplessdown: raises $0.04 to $0.06
Dorex2007: folds 
zive_Belarus: folds 
Uncalled bet ($0.04) returned to moreuplessdown
moreuplessdown collected $0.05 from pot
moreuplessdown: doesn't show hand 
*** SUMMARY ***
Total pot $0.05 | Rake $0 
Seat 2: Alis505 folded before Flop (didn't bet)
Seat 4: moreuplessdown (button) collected ($0.05)
Seat 5: Dorex2007 (small blind) folded before Flop
Seat 6: zive_Belarus (big blind) folded before Flop
Seat 7: Prince Mantis folded before Flop (didn't bet)
Seat 8: gizmondouk folded before Flop (didn't bet)
Seat 9: avtogena folded before Flop (didn't bet)



PokerStars Hand #230451068242:  Hold'em No Limit ($0.01/$0.02 USD) - 2021/10/08 11:01:43 PT [2021/10/08 14:01:43 ET]
Table 'Tokio II' 9-max Seat #5 is the button
Seat 2: Alis505 ($2.95 in chips) 
Seat 4: moreuplessdown ($1.32 in chips) 
Seat 5: Dorex2007 ($2 in chips) 
Seat 6: zive_Belarus ($2 in chips) 
Seat 7: Prince Mantis ($8.82 in chips) 
Seat 8: gizmondouk ($3.72 in chips) 
Seat 9: avtogena ($2.07 in chips) 
zive_Belarus: posts small blind $0.01
Prince Mantis: posts big blind $0.02
franpalermo14: sits out 
*** HOLE CARDS ***
Dealt to Dorex2007 [6d 3d]
gizmondouk: folds 
avtogena: folds 
Alis505: folds 
moreuplessdown: raises $0.02 to $0.04
Dorex2007: folds 
zive_Belarus: folds 
Prince Mantis: calls $0.02
*** FLOP *** [Td Ad Qc]
Prince Mantis: checks 
moreuplessdown: bets $0.02
Prince Mantis: calls $0.02
*** TURN *** [Td Ad Qc] [7d]
Prince Mantis: checks 
moreuplessdown: bets $0.02
Prince Mantis: calls $0.02
*** RIVER *** [Td Ad Qc 7d] [Tc]
Prince Mantis: bets $0.12
moreuplessdown: folds 
Uncalled bet ($0.12) returned to Prince Mantis
Prince Mantis collected $0.16 from pot
Prince Mantis: doesn't show hand 
*** SUMMARY ***
Total pot $0.17 | Rake $0.01 
Board [Td Ad Qc 7d Tc]
Seat 2: Alis505 folded before Flop (didn't bet)
Seat 4: moreuplessdown folded on the River
Seat 5: Dorex2007 (button) folded before Flop (didn't bet)
Seat 6: zive_Belarus (small blind) folded before Flop
Seat 7: Prince Mantis (big blind) collected ($0.16)
Seat 8: gizmondouk folded before Flop (didn't bet)
Seat 9: avtogena folded before Flop (didn't bet)



PokerStars Hand #230451093705:  Hold'em No Limit ($0.01/$0.02 USD) - 2021/10/08 11:02:44 PT [2021/10/08 14:02:44 ET]
Table 'Tokio II' 9-max Seat #6 is the button
Seat 2: Alis505 ($2.95 in chips) 
Seat 4: moreuplessdown ($1.24 in chips) 
Seat 5: Dorex2007 ($2 in chips) 
Seat 6: zive_Belarus ($2 in chips) 
Seat 7: Prince Mantis ($8.90 in chips) 
Seat 8: gizmondouk ($3.72 in chips) 
Seat 9: avtogena ($2.07 in chips) 
Prince Mantis: posts small blind $0.01
gizmondouk: posts big blind $0.02
franpalermo14: sits out 
*** HOLE CARDS ***
Dealt to Dorex2007 [3d Qd]
avtogena: folds 
Alis505: calls $0.02
moreuplessdown: calls $0.02
Dorex2007: folds 
zive_Belarus: folds 
Prince Mantis: raises $0.12 to $0.14
gizmondouk: folds 
Alis505: folds 
moreuplessdown: folds 
Uncalled bet ($0.12) returned to Prince Mantis
Prince Mantis collected $0.08 from pot
Prince Mantis: doesn't show hand 
*** SUMMARY ***
Total pot $0.08 | Rake $0 
Seat 2: Alis505 folded before Flop
Seat 4: moreuplessdown folded before Flop
Seat 5: Dorex2007 folded before Flop (didn't bet)
Seat 6: zive_Belarus (button) folded before Flop (didn't bet)
Seat 7: Prince Mantis (small blind) collected ($0.08)
Seat 8: gizmondouk (big blind) folded before Flop
Seat 9: avtogena folded before Flop (didn't bet)



PokerStars Hand #230451114704:  Hold'em No Limit ($0.01/$0.02 USD) - 2021/10/08 11:03:31 PT [2021/10/08 14:03:31 ET]
Table 'Tokio II' 9-max Seat #7 is the button
Seat 2: Alis505 ($2.93 in chips) 
Seat 4: moreuplessdown ($1.22 in chips) 
Seat 5: Dorex2007 ($2 in chips) 
Seat 6: zive_Belarus ($2 in chips) 
Seat 7: Prince Mantis ($8.96 in chips) 
Seat 8: gizmondouk ($3.70 in chips) 
Seat 9: avtogena ($2.07 in chips) 
gizmondouk: posts small blind $0.01
avtogena: posts big blind $0.02
franpalermo14: sits out 
*** HOLE CARDS ***
Dealt to Dorex2007 [Kh Qd]
Alis505: folds 
moreuplessdown: folds 
Dorex2007: raises $0.04 to $0.06
zive_Belarus: folds 
Prince Mantis: folds 
gizmondouk: folds 
avtogena: calls $0.04
*** FLOP *** [8h 6d 7h]
avtogena: checks 
Dorex2007: bets $0.13
avtogena: folds 
Uncalled bet ($0.13) returned to Dorex2007
Dorex2007 collected $0.13 from pot
Dorex2007: doesn't show hand 
*** SUMMARY ***
Total pot $0.13 | Rake $0 
Board [8h 6d 7h]
Seat 2: Alis505 folded before Flop (didn't bet)
Seat 4: moreuplessdown folded before Flop (didn't bet)
Seat 5: Dorex2007 collected ($0.13)
Seat 6: zive_Belarus folded before Flop (didn't bet)
Seat 7: Prince Mantis (button) folded before Flop (didn't bet)
Seat 8: gizmondouk (small blind) folded before Flop
Seat 9: avtogena (big blind) folded on the Flop



PokerStars Hand #230451128161:  Hold'em No Limit ($0.01/$0.02 USD) - 2021/10/08 11:04:01 PT [2021/10/08 14:04:01 ET]
Table 'Tokio II' 9-max Seat #8 is the button
Seat 1: franpalermo14 ($2 in chips) 
Seat 2: Alis505 ($2.93 in chips) 
Seat 4: moreuplessdown ($1.22 in chips) 
Seat 5: Dorex2007 ($2.07 in chips) 
Seat 6: zive_Belarus ($2 in chips) 
Seat 7: Prince Mantis ($8.96 in chips) 
Seat 8: gizmondouk ($3.69 in chips) 
Seat 9: avtogena ($2.01 in chips) 
avtogena: posts small blind $0.01
franpalermo14: posts big blind $0.02
*** HOLE CARDS ***
Dealt to Dorex2007 [7d Qd]
Alis505: folds 
moreuplessdown: raises $0.04 to $0.06
Dorex2007: folds 
zive_Belarus: folds 
Prince Mantis: folds 
gizmondouk: folds 
avtogena: folds 
franpalermo14: folds 
Uncalled bet ($0.04) returned to moreuplessdown
moreuplessdown collected $0.05 from pot
moreuplessdown: doesn't show hand 
*** SUMMARY ***
Total pot $0.05 | Rake $0 
Seat 1: franpalermo14 (big blind) folded before Flop
Seat 2: Alis505 folded before Flop (didn't bet)
Seat 4: moreuplessdown collected ($0.05)
Seat 5: Dorex2007 folded before Flop (didn't bet)
Seat 6: zive_Belarus folded before Flop (didn't bet)
Seat 7: Prince Mantis folded before Flop (didn't bet)
Seat 8: gizmondouk (button) folded before Flop (didn't bet)
Seat 9: avtogena (small blind) folded before Flop



PokerStars Hand #230451139809:  Hold'em No Limit ($0.01/$0.02 USD) - 2021/10/08 11:04:28 PT [2021/10/08 14:04:28 ET]
Table 'Tokio II' 9-max Seat #9 is the button
Seat 1: franpalermo14 ($1.98 in chips) 
Seat 2: Alis505 ($2.93 in chips) 
Seat 4: moreuplessdown ($1.25 in chips) 
Seat 5: Dorex2007 ($2.07 in chips) 
Seat 6: zive_Belarus ($2 in chips) 
Seat 7: Prince Mantis ($8.96 in chips) 
Seat 8: gizmondouk ($3.69 in chips) 
Seat 9: avtogena ($2 in chips) 
franpalermo14: posts small blind $0.01
Alis505: posts big blind $0.02
*** HOLE CARDS ***
Dealt to Dorex2007 [5s Ts]
moreuplessdown: folds 
Dorex2007: folds 
zive_Belarus: folds 
Prince Mantis: folds 
gizmondouk: folds 
avtogena: raises $0.04 to $0.06
franpalermo14: folds 
Alis505: calls $0.04
*** FLOP *** [9c 7c Qs]
Alis505: checks 
avtogena: checks 
*** TURN *** [9c 7c Qs] [6d]
Alis505: checks 
avtogena: checks 
*** RIVER *** [9c 7c Qs 6d] [Jd]
Alis505: bets $0.13
avtogena: folds 
Uncalled bet ($0.13) returned to Alis505
Alis505 collected $0.13 from pot
Alis505: doesn't show hand 
*** SUMMARY ***
Total pot $0.13 | Rake $0 
Board [9c 7c Qs 6d Jd]
Seat 1: franpalermo14 (small blind) folded before Flop
Seat 2: Alis505 (big blind) collected ($0.13)
Seat 4: moreuplessdown folded before Flop (didn't bet)
Seat 5: Dorex2007 folded before Flop (didn't bet)
Seat 6: zive_Belarus folded before Flop (didn't bet)
Seat 7: Prince Mantis folded before Flop (didn't bet)
Seat 8: gizmondouk folded before Flop (didn't bet)
Seat 9: avtogena (button) folded on the River



PokerStars Hand #230451160027:  Hold'em No Limit ($0.01/$0.02 USD) - 2021/10/08 11:05:13 PT [2021/10/08 14:05:13 ET]
Table 'Tokio II' 9-max Seat #1 is the button
Seat 1: franpalermo14 ($1.97 in chips) 
Seat 2: Alis505 ($3 in chips) 
Seat 3: Cid s2 ($2.96 in chips) 
Seat 4: moreuplessdown ($1.25 in chips) 
Seat 5: Dorex2007 ($2.07 in chips) 
Seat 6: zive_Belarus ($2 in chips) 
Seat 7: Prince Mantis ($8.96 in chips) 
Seat 8: gizmondouk ($3.69 in chips) 
Seat 9: avtogena ($2 in chips) 
Alis505: posts small blind $0.01
Cid s2: posts big blind $0.02
*** HOLE CARDS ***
Dealt to Dorex2007 [Jc 7s]
moreuplessdown: folds 
Dorex2007: folds 
zive_Belarus: folds 
Prince Mantis: raises $0.04 to $0.06
gizmondouk: folds 
avtogena: calls $0.06
franpalermo14: folds 
Alis505: calls $0.05
Cid s2: raises $0.04 to $0.10
Prince Mantis: raises $0.38 to $0.48
avtogena: folds 
Alis505: folds 
Cid s2: raises $0.38 to $0.86
Prince Mantis has timed out
Prince Mantis: folds 
Uncalled bet ($0.38) returned to Cid s2
Cid s2 collected $1.08 from pot
Cid s2: doesn't show hand 
*** SUMMARY ***
Total pot $1.08 | Rake $0 
Seat 1: franpalermo14 (button) folded before Flop (didn't bet)
Seat 2: Alis505 (small blind) folded before Flop
Seat 3: Cid s2 (big blind) collected ($1.08)
Seat 4: moreuplessdown folded before Flop (didn't bet)
Seat 5: Dorex2007 folded before Flop (didn't bet)
Seat 6: zive_Belarus folded before Flop (didn't bet)
Seat 7: Prince Mantis folded before Flop
Seat 8: gizmondouk folded before Flop (didn't bet)
Seat 9: avtogena folded before Flop



PokerStars Hand #230451210140:  Hold'em No Limit ($0.01/$0.02 USD) - 2021/10/08 11:07:05 PT [2021/10/08 14:07:05 ET]
Table 'Tokio II' 9-max Seat #2 is the button
Seat 1: franpalermo14 ($1.97 in chips) 
Seat 2: Alis505 ($2.94 in chips) 
Seat 3: Cid s2 ($3.56 in chips) 
Seat 4: moreuplessdown ($1.25 in chips) 
Seat 5: Dorex2007 ($2.07 in chips) 
Seat 6: zive_Belarus ($2 in chips) 
Seat 7: Prince Mantis ($8.48 in chips) 
Seat 8: gizmondouk ($3.69 in chips) 
Seat 9: avtogena ($2 in chips) 
Cid s2: posts small blind $0.01
moreuplessdown: posts big blind $0.02
*** HOLE CARDS ***
Dealt to Dorex2007 [As 4h]
Dorex2007: folds 
zive_Belarus: folds 
Prince Mantis: folds 
gizmondouk: folds 
avtogena: folds 
franpalermo14: folds 
Alis505: raises $0.04 to $0.06
Cid s2: folds 
moreuplessdown: calls $0.04
*** FLOP *** [4c Tc 6d]
moreuplessdown: checks 
Alis505: bets $0.13
moreuplessdown: raises $0.17 to $0.30
Alis505: folds 
Uncalled bet ($0.17) returned to moreuplessdown
moreuplessdown collected $0.38 from pot
moreuplessdown: doesn't show hand 
*** SUMMARY ***
Total pot $0.39 | Rake $0.01 
Board [4c Tc 6d]
Seat 1: franpalermo14 folded before Flop (didn't bet)
Seat 2: Alis505 (button) folded on the Flop
Seat 3: Cid s2 (small blind) folded before Flop
Seat 4: moreuplessdown (big blind) collected ($0.38)
Seat 5: Dorex2007 folded before Flop (didn't bet)
Seat 6: zive_Belarus folded before Flop (didn't bet)
Seat 7: Prince Mantis folded before Flop (didn't bet)
Seat 8: gizmondouk folded before Flop (didn't bet)
Seat 9: avtogena folded before Flop (didn't bet)



PokerStars Hand #230451240588:  Hold'em No Limit ($0.01/$0.02 USD) - 2021/10/08 11:08:14 PT [2021/10/08 14:08:14 ET]
Table 'Tokio II' 9-max Seat #3 is the button
Seat 1: franpalermo14 ($1.97 in chips) 
Seat 2: Alis505 ($2.75 in chips) 
Seat 3: Cid s2 ($3.55 in chips) 
Seat 4: moreuplessdown ($1.44 in chips) 
Seat 5: Dorex2007 ($2.07 in chips) 
Seat 6: zive_Belarus ($2 in chips) 
Seat 7: Prince Mantis ($8.48 in chips) 
Seat 8: gizmondouk ($3.69 in chips) 
Seat 9: avtogena ($2 in chips) 
moreuplessdown: posts small blind $0.01
Dorex2007: posts big blind $0.02
*** HOLE CARDS ***
Dealt to Dorex2007 [6s 9d]
zive_Belarus: folds 
Prince Mantis: folds 
gizmondouk: folds 
avtogena: raises $0.04 to $0.06
franpalermo14: folds 
Alis505: folds 
Cid s2: folds 
moreuplessdown: calls $0.05
Dorex2007: folds 
*** FLOP *** [7c 5d 2d]
moreuplessdown: bets $0.02
avtogena: calls $0.02
*** TURN *** [7c 5d 2d] [3h]
moreuplessdown: bets $0.06
avtogena: calls $0.06
*** RIVER *** [7c 5d 2d 3h] [4h]
moreuplessdown: bets $0.12
avtogena: calls $0.12
*** SHOW DOWN ***
moreuplessdown: shows [Ah 8s] (a straight, Ace to Five)
avtogena: shows [Jh Ac] (a straight, Ace to Five)
moreuplessdown collected $0.26 from pot
avtogena collected $0.26 from pot
*** SUMMARY ***
Total pot $0.54 | Rake $0.02 
Board [7c 5d 2d 3h 4h]
Seat 1: franpalermo14 folded before Flop (didn't bet)
Seat 2: Alis505 folded before Flop (didn't bet)
Seat 3: Cid s2 (button) folded before Flop (didn't bet)
Seat 4: moreuplessdown (small blind) showed [Ah 8s] and won ($0.26) with a straight, Ace to Five
Seat 5: Dorex2007 (big blind) folded before Flop
Seat 6: zive_Belarus folded before Flop (didn't bet)
Seat 7: Prince Mantis folded before Flop (didn't bet)
Seat 8: gizmondouk folded before Flop (didn't bet)
Seat 9: avtogena showed [Jh Ac] and won ($0.26) with a straight, Ace to Five



PokerStars Hand #230451267199:  Hold'em No Limit ($0.01/$0.02 USD) - 2021/10/08 11:09:14 PT [2021/10/08 14:09:14 ET]
Table 'Tokio II' 9-max Seat #4 is the button
Seat 1: franpalermo14 ($1.97 in chips) 
Seat 2: Alis505 ($2.75 in chips) 
Seat 3: Cid s2 ($3.55 in chips) 
Seat 4: moreuplessdown ($1.44 in chips) 
Seat 5: Dorex2007 ($2.05 in chips) 
Seat 6: zive_Belarus ($2 in chips) 
Seat 7: Prince Mantis ($8.48 in chips) 
Seat 8: gizmondouk ($3.69 in chips) 
Seat 9: avtogena ($2 in chips) 
Dorex2007: posts small blind $0.01
zive_Belarus: posts big blind $0.02
*** HOLE CARDS ***
Dealt to Dorex2007 [As 5c]
Prince Mantis: folds 
gizmondouk: folds 
avtogena: raises $0.04 to $0.06
franpalermo14: folds 
Alis505: folds 
Cid s2: folds 
moreuplessdown: folds 
Dorex2007: folds 
zive_Belarus: folds 
Uncalled bet ($0.04) returned to avtogena
avtogena collected $0.05 from pot
avtogena: doesn't show hand 
*** SUMMARY ***
Total pot $0.05 | Rake $0 
Seat 1: franpalermo14 folded before Flop (didn't bet)
Seat 2: Alis505 folded before Flop (didn't bet)
Seat 3: Cid s2 folded before Flop (didn't bet)
Seat 4: moreuplessdown (button) folded before Flop (didn't bet)
Seat 5: Dorex2007 (small blind) folded before Flop
Seat 6: zive_Belarus (big blind) folded before Flop
Seat 7: Prince Mantis folded before Flop (didn't bet)
Seat 8: gizmondouk folded before Flop (didn't bet)
Seat 9: avtogena collected ($0.05)



PokerStars Hand #230451279413:  Hold'em No Limit ($0.01/$0.02 USD) - 2021/10/08 11:09:41 PT [2021/10/08 14:09:41 ET]
Table 'Tokio II' 9-max Seat #5 is the button
Seat 1: franpalermo14 ($1.97 in chips) 
Seat 2: Alis505 ($2.75 in chips) 
Seat 3: Cid s2 ($3.55 in chips) 
Seat 4: moreuplessdown ($1.44 in chips) 
Seat 5: Dorex2007 ($2.04 in chips) 
Seat 6: zive_Belarus ($2 in chips) 
Seat 7: Prince Mantis ($8.48 in chips) 
Seat 8: gizmondouk ($3.69 in chips) 
Seat 9: avtogena ($2.03 in chips) 
zive_Belarus: posts small blind $0.01
Prince Mantis: posts big blind $0.02
*** HOLE CARDS ***
Dealt to Dorex2007 [Ac 9c]
gizmondouk: folds 
avtogena: folds 
franpalermo14: folds 
Alis505: folds 
Cid s2: calls $0.02
moreuplessdown: folds 
Dorex2007: raises $0.08 to $0.10
zive_Belarus: folds 
Prince Mantis: folds 
Cid s2: calls $0.08
*** FLOP *** [2s 8s 9s]
Cid s2: checks 
Dorex2007: bets $0.22
Cid s2: folds 
Uncalled bet ($0.22) returned to Dorex2007
Dorex2007 collected $0.22 from pot
Dorex2007: doesn't show hand 
*** SUMMARY ***
Total pot $0.23 | Rake $0.01 
Board [2s 8s 9s]
Seat 1: franpalermo14 folded before Flop (didn't bet)
Seat 2: Alis505 folded before Flop (didn't bet)
Seat 3: Cid s2 folded on the Flop
Seat 4: moreuplessdown folded before Flop (didn't bet)
Seat 5: Dorex2007 (button) collected ($0.22)
Seat 6: zive_Belarus (small blind) folded before Flop
Seat 7: Prince Mantis (big blind) folded before Flop
Seat 8: gizmondouk folded before Flop (didn't bet)
Seat 9: avtogena folded before Flop (didn't bet)



PokerStars Hand #230451297440:  Hold'em No Limit ($0.01/$0.02 USD) - 2021/10/08 11:10:21 PT [2021/10/08 14:10:21 ET]
Table 'Tokio II' 9-max Seat #6 is the button
Seat 1: franpalermo14 ($1.97 in chips) 
Seat 2: Alis505 ($2.75 in chips) 
Seat 3: Cid s2 ($3.45 in chips) 
Seat 4: moreuplessdown ($1.44 in chips) 
Seat 5: Dorex2007 ($2.16 in chips) 
Seat 6: zive_Belarus ($2 in chips) 
Seat 7: Prince Mantis ($8.46 in chips) 
Seat 8: gizmondouk ($3.69 in chips) 
Seat 9: avtogena ($2.03 in chips) 
Prince Mantis: posts small blind $0.01
gizmondouk: posts big blind $0.02
*** HOLE CARDS ***
Dealt to Dorex2007 [Ac Tc]
avtogena: raises $0.04 to $0.06
franpalermo14: folds 
Alis505: calls $0.06
Cid s2: calls $0.06
moreuplessdown: folds 
Dorex2007: calls $0.06
zive_Belarus: folds 
Prince Mantis: folds 
gizmondouk: folds 
*** FLOP *** [8s 2d Ts]
avtogena: bets $0.22
Alis505: folds 
Cid s2: calls $0.22
Dorex2007: folds 
*** TURN *** [8s 2d Ts] [Qd]
avtogena: checks 
Cid s2: checks 
*** RIVER *** [8s 2d Ts Qd] [6c]
avtogena: bets $0.35
Cid s2: folds 
Uncalled bet ($0.35) returned to avtogena
avtogena collected $0.69 from pot
avtogena: doesn't show hand 
*** SUMMARY ***
Total pot $0.71 | Rake $0.02 
Board [8s 2d Ts Qd 6c]
Seat 1: franpalermo14 folded before Flop (didn't bet)
Seat 2: Alis505 folded on the Flop
Seat 3: Cid s2 folded on the River
Seat 4: moreuplessdown folded before Flop (didn't bet)
Seat 5: Dorex2007 folded on the Flop
Seat 6: zive_Belarus (button) folded before Flop (didn't bet)
Seat 7: Prince Mantis (small blind) folded before Flop
Seat 8: gizmondouk (big blind) folded before Flop
Seat 9: avtogena collected ($0.69)



PokerStars Hand #230451327542:  Hold'em No Limit ($0.01/$0.02 USD) - 2021/10/08 11:11:28 PT [2021/10/08 14:11:28 ET]
Table 'Tokio II' 9-max Seat #7 is the button
Seat 1: franpalermo14 ($1.97 in chips) 
Seat 2: Alis505 ($2.69 in chips) 
Seat 3: Cid s2 ($3.17 in chips) 
Seat 4: moreuplessdown ($1.44 in chips) 
Seat 5: Dorex2007 ($2.10 in chips) 
Seat 6: zive_Belarus ($2 in chips) 
Seat 7: Prince Mantis ($8.45 in chips) 
Seat 8: gizmondouk ($3.67 in chips) 
Seat 9: avtogena ($2.44 in chips) 
gizmondouk: posts small blind $0.01
avtogena: posts big blind $0.02
*** HOLE CARDS ***
Dealt to Dorex2007 [5h 4c]
franpalermo14: folds 
Alis505: calls $0.02
Cid s2: folds 
moreuplessdown: calls $0.02
Dorex2007: folds 
zive_Belarus: folds 
Prince Mantis: raises $0.09 to $0.11
gizmondouk: folds 
avtogena: folds 
Alis505: calls $0.09
moreuplessdown: folds 
*** FLOP *** [Qd 8s 7c]
Alis505: checks 
Prince Mantis: bets $0.10
Alis505: folds 
Uncalled bet ($0.10) returned to Prince Mantis
Prince Mantis collected $0.26 from pot
Prince Mantis: doesn't show hand 
*** SUMMARY ***
Total pot $0.27 | Rake $0.01 
Board [Qd 8s 7c]
Seat 1: franpalermo14 folded before Flop (didn't bet)
Seat 2: Alis505 folded on the Flop
Seat 3: Cid s2 folded before Flop (didn't bet)
Seat 4: moreuplessdown folded before Flop
Seat 5: Dorex2007 folded before Flop (didn't bet)
Seat 6: zive_Belarus folded before Flop (didn't bet)
Seat 7: Prince Mantis (button) collected ($0.26)
Seat 8: gizmondouk (small blind) folded before Flop
Seat 9: avtogena (big blind) folded before Flop



PokerStars Hand #230451358247:  Hold'em No Limit ($0.01/$0.02 USD) - 2021/10/08 11:12:36 PT [2021/10/08 14:12:36 ET]
Table 'Tokio II' 9-max Seat #8 is the button
Seat 1: franpalermo14 ($1.97 in chips) 
Seat 2: Alis505 ($2.58 in chips) 
Seat 4: moreuplessdown ($1.42 in chips) 
Seat 5: Dorex2007 ($2.10 in chips) 
Seat 6: zive_Belarus ($2 in chips) 
Seat 7: Prince Mantis ($8.60 in chips) 
Seat 8: gizmondouk ($3.66 in chips) 
Seat 9: avtogena ($2.42 in chips) 
avtogena: posts small blind $0.01
franpalermo14: posts big blind $0.02
*** HOLE CARDS ***
Dealt to Dorex2007 [Tc 6c]
Alis505: raises $0.04 to $0.06
moreuplessdown: folds 
Dorex2007: folds 
zive_Belarus: folds 
Prince Mantis: folds 
gizmondouk: folds 
moreuplessdown leaves the table
avtogena: calls $0.05
franpalermo14: folds 
*** FLOP *** [Qs 6s 5d]
avtogena: checks 
Alis505: bets $0.14
avtogena: raises $0.28 to $0.42
Alis505: folds 
Uncalled bet ($0.28) returned to avtogena
avtogena collected $0.41 from pot
avtogena: doesn't show hand 
*** SUMMARY ***
Total pot $0.42 | Rake $0.01 
Board [Qs 6s 5d]
Seat 1: franpalermo14 (big blind) folded before Flop
Seat 2: Alis505 folded on the Flop
Seat 4: moreuplessdown folded before Flop (didn't bet)
Seat 5: Dorex2007 folded before Flop (didn't bet)
Seat 6: zive_Belarus folded before Flop (didn't bet)
Seat 7: Prince Mantis folded before Flop (didn't bet)
Seat 8: gizmondouk (button) folded before Flop (didn't bet)
Seat 9: avtogena (small blind) collected ($0.41)



PokerStars Hand #230451383551:  Hold'em No Limit ($0.01/$0.02 USD) - 2021/10/08 11:13:32 PT [2021/10/08 14:13:32 ET]
Table 'Tokio II' 9-max Seat #9 is the button
Seat 1: franpalermo14 ($1.95 in chips) 
Seat 2: Alis505 ($2.38 in chips) 
Seat 5: Dorex2007 ($2.10 in chips) 
Seat 6: zive_Belarus ($2 in chips) 
Seat 7: Prince Mantis ($8.60 in chips) 
Seat 8: gizmondouk ($3.66 in chips) 
Seat 9: avtogena ($2.63 in chips) 
franpalermo14: posts small blind $0.01
Alis505: posts big blind $0.02
*** HOLE CARDS ***
Dealt to Dorex2007 [8h Qs]
Dorex2007: folds 
zive_Belarus: raises $0.04 to $0.06
Prince Mantis: folds 
gizmondouk: folds 
avtogena: calls $0.06
franpalermo14: folds 
Alis505: calls $0.04
*** FLOP *** [Qh Ad 5d]
Alis505: checks 
talcfc joins the table at seat #4 
zive_Belarus: bets $0.05
avtogena: calls $0.05
Alis505: folds 
*** TURN *** [Qh Ad 5d] [7h]
zive_Belarus: checks 
Alis505 leaves the table
avtogena: checks 
*** RIVER *** [Qh Ad 5d 7h] [8c]
zive_Belarus: bets $0.02
avtogena: calls $0.02
*** SHOW DOWN ***
zive_Belarus: shows [Ks Kc] (a pair of Kings)
avtogena: mucks hand 
zive_Belarus collected $0.32 from pot
*** SUMMARY ***
Total pot $0.33 | Rake $0.01 
Board [Qh Ad 5d 7h 8c]
Seat 1: franpalermo14 (small blind) folded before Flop
Seat 2: Alis505 (big blind) folded on the Flop
Seat 5: Dorex2007 folded before Flop (didn't bet)
Seat 6: zive_Belarus showed [Ks Kc] and won ($0.32) with a pair of Kings
Seat 7: Prince Mantis folded before Flop (didn't bet)
Seat 8: gizmondouk folded before Flop (didn't bet)
Seat 9: avtogena (button) mucked [6c 6d]



PokerStars Hand #230451403282:  Hold'em No Limit ($0.01/$0.02 USD) - 2021/10/08 11:14:17 PT [2021/10/08 14:14:17 ET]
Table 'Tokio II' 9-max Seat #1 is the button
Seat 1: franpalermo14 ($1.94 in chips) 
Seat 5: Dorex2007 ($2.10 in chips) 
Seat 6: zive_Belarus ($2.19 in chips) 
Seat 7: Prince Mantis ($8.60 in chips) 
Seat 8: gizmondouk ($3.66 in chips) 
Seat 9: avtogena ($2.50 in chips) 
Dorex2007: posts small blind $0.01
zive_Belarus: posts big blind $0.02
*** HOLE CARDS ***
Dealt to Dorex2007 [6c 5h]
Prince Mantis: folds 
bigkall150 joins the table at seat #2 
gizmondouk: folds 
avtogena: folds 
franpalermo14: folds 
Dorex2007: folds 
Uncalled bet ($0.01) returned to zive_Belarus
zive_Belarus collected $0.02 from pot
zive_Belarus: doesn't show hand 
*** SUMMARY ***
Total pot $0.02 | Rake $0 
Seat 1: franpalermo14 (button) folded before Flop (didn't bet)
Seat 5: Dorex2007 (small blind) folded before Flop
Seat 6: zive_Belarus (big blind) collected ($0.02)
Seat 7: Prince Mantis folded before Flop (didn't bet)
Seat 8: gizmondouk folded before Flop (didn't bet)
Seat 9: avtogena folded before Flop (didn't bet)



PokerStars Hand #230451408058:  Hold'em No Limit ($0.01/$0.02 USD) - 2021/10/08 11:14:27 PT [2021/10/08 14:14:27 ET]
Table 'Tokio II' 9-max Seat #5 is the button
Seat 1: franpalermo14 ($1.94 in chips) 
Seat 4: talcfc ($0.80 in chips) 
Seat 5: Dorex2007 ($2.09 in chips) 
Seat 6: zive_Belarus ($2.20 in chips) 
Seat 7: Prince Mantis ($8.60 in chips) 
Seat 8: gizmondouk ($3.66 in chips) 
Seat 9: avtogena ($2.50 in chips) 
zive_Belarus: posts small blind $0.01
Prince Mantis: posts big blind $0.02
bigkall150: sits out 
bigkall150 leaves the table
talcfc: posts big blind $0.02
*** HOLE CARDS ***
Dealt to Dorex2007 [8c 7h]
gizmondouk: folds 
avtogena: folds 
franpalermo14: folds 
talcfc: checks 
Dorex2007: folds 
zive_Belarus: raises $0.06 to $0.08
Prince Mantis: folds 
talcfc: folds 
Uncalled bet ($0.06) returned to zive_Belarus
zive_Belarus collected $0.06 from pot
zive_Belarus: doesn't show hand 
*** SUMMARY ***
Total pot $0.06 | Rake $0 
Seat 1: franpalermo14 folded before Flop (didn't bet)
Seat 4: talcfc folded before Flop (didn't bet)
Seat 5: Dorex2007 (button) folded before Flop (didn't bet)
Seat 6: zive_Belarus (small blind) collected ($0.06)
Seat 7: Prince Mantis (big blind) folded before Flop
Seat 8: gizmondouk folded before Flop (didn't bet)
Seat 9: avtogena folded before Flop (didn't bet)



PokerStars Hand #230451422999:  Hold'em No Limit ($0.01/$0.02 USD) - 2021/10/08 11:15:01 PT [2021/10/08 14:15:01 ET]
Table 'Tokio II' 9-max Seat #6 is the button
Seat 1: franpalermo14 ($1.94 in chips) 
Seat 4: talcfc ($0.78 in chips) 
Seat 5: Dorex2007 ($2.09 in chips) 
Seat 6: zive_Belarus ($2.24 in chips) 
Seat 7: Prince Mantis ($8.58 in chips) 
Seat 8: gizmondouk ($3.66 in chips) 
Seat 9: avtogena ($2.50 in chips) 
Prince Mantis: posts small blind $0.01
gizmondouk: posts big blind $0.02
*** HOLE CARDS ***
Dealt to Dorex2007 [6h Jh]
avtogena: folds 
franpalermo14: folds 
seventh08 joins the table at seat #2 
talcfc has timed out
talcfc: folds 
Dorex2007: folds 
zive_Belarus: folds 
zive_Belarus leaves the table
Prince Mantis: raises $0.04 to $0.06
gizmondouk: folds 
Uncalled bet ($0.04) returned to Prince Mantis
Prince Mantis collected $0.04 from pot
Prince Mantis: doesn't show hand 
*** SUMMARY ***
Total pot $0.04 | Rake $0 
Seat 1: franpalermo14 folded before Flop (didn't bet)
Seat 4: talcfc folded before Flop (didn't bet)
Seat 5: Dorex2007 folded before Flop (didn't bet)
Seat 6: zive_Belarus (button) folded before Flop (didn't bet)
Seat 7: Prince Mantis (small blind) collected ($0.04)
Seat 8: gizmondouk (big blind) folded before Flop
Seat 9: avtogena folded before Flop (didn't bet)



PokerStars Hand #230451434755:  Hold'em No Limit ($0.01/$0.02 USD) - 2021/10/08 11:15:26 PT [2021/10/08 14:15:26 ET]
Table 'Tokio II' 9-max Seat #7 is the button
Seat 1: franpalermo14 ($1.94 in chips) 
Seat 4: talcfc ($0.78 in chips) 
Seat 5: Dorex2007 ($2.09 in chips) 
Seat 7: Prince Mantis ($8.60 in chips) 
Seat 8: gizmondouk ($3.64 in chips) 
Seat 9: avtogena ($2.50 in chips) 
gizmondouk: posts small blind $0.01
avtogena: posts big blind $0.02
seventh08: sits out 
*** HOLE CARDS ***
Dealt to Dorex2007 [7s Ac]
franpalermo14: folds 
talcfc: folds 
Dorex2007: folds 
Prince Mantis: raises $0.04 to $0.06
gizmondouk: folds 
avtogena: calls $0.04
*** FLOP *** [7d 4h 6s]
avtogena: checks 
antoniusicra joins the table at seat #6 
Prince Mantis: bets $0.04
avtogena: calls $0.04
*** TURN *** [7d 4h 6s] [Js]
avtogena: checks 
Prince Mantis: bets $0.15
avtogena: calls $0.15
*** RIVER *** [7d 4h 6s Js] [6c]
avtogena: checks 
Prince Mantis: checks 
*** SHOW DOWN ***
avtogena: shows [5s Ks] (a pair of Sixes)
Prince Mantis: shows [4c 5d] (two pair, Sixes and Fours)
Prince Mantis collected $0.49 from pot
*** SUMMARY ***
Total pot $0.51 | Rake $0.02 
Board [7d 4h 6s Js 6c]
Seat 1: franpalermo14 folded before Flop (didn't bet)
Seat 4: talcfc folded before Flop (didn't bet)
Seat 5: Dorex2007 folded before Flop (didn't bet)
Seat 7: Prince Mantis (button) showed [4c 5d] and won ($0.49) with two pair, Sixes and Fours
Seat 8: gizmondouk (small blind) folded before Flop
Seat 9: avtogena (big blind) showed [5s Ks] and lost with a pair of Sixes



PokerStars Hand #230451464830:  Hold'em No Limit ($0.01/$0.02 USD) - 2021/10/08 11:16:31 PT [2021/10/08 14:16:31 ET]
Table 'Tokio II' 9-max Seat #8 is the button
Seat 1: franpalermo14 ($1.94 in chips) 
Seat 4: talcfc ($0.78 in chips) 
Seat 5: Dorex2007 ($2.09 in chips) 
Seat 7: Prince Mantis ($8.84 in chips) 
Seat 8: gizmondouk ($3.63 in chips) 
Seat 9: avtogena ($2.25 in chips) 
avtogena: posts small blind $0.01
franpalermo14: posts big blind $0.02
seventh08: sits out 
antoniusicra: sits out 
*** HOLE CARDS ***
Dealt to Dorex2007 [Ac Ks]
talcfc: folds 
Dorex2007: raises $0.04 to $0.06
Prince Mantis: folds 
gizmondouk: folds 
avtogena: folds 
franpalermo14: folds 
Uncalled bet ($0.04) returned to Dorex2007
Dorex2007 collected $0.05 from pot
Dorex2007: doesn't show hand 
*** SUMMARY ***
Total pot $0.05 | Rake $0 
Seat 1: franpalermo14 (big blind) folded before Flop
Seat 4: talcfc folded before Flop (didn't bet)
Seat 5: Dorex2007 collected ($0.05)
Seat 7: Prince Mantis folded before Flop (didn't bet)
Seat 8: gizmondouk (button) folded before Flop (didn't bet)
Seat 9: avtogena (small blind) folded before Flop



PokerStars Hand #230451473100:  Hold'em No Limit ($0.01/$0.02 USD) - 2021/10/08 11:16:50 PT [2021/10/08 14:16:50 ET]
Table 'Tokio II' 9-max Seat #9 is the button
Seat 1: franpalermo14 ($1.92 in chips) 
Seat 2: seventh08 ($0.80 in chips) 
Seat 4: talcfc ($0.78 in chips) 
Seat 5: Dorex2007 ($2.12 in chips) 
Seat 7: Prince Mantis ($8.84 in chips) 
Seat 8: gizmondouk ($3.63 in chips) 
Seat 9: avtogena ($2.24 in chips) 
franpalermo14: posts small blind $0.01
seventh08: posts big blind $0.02
antoniusicra: sits out 
*** HOLE CARDS ***
Dealt to Dorex2007 [5h 5c]
talcfc: folds 
Dorex2007: calls $0.02
Prince Mantis: folds 
gizmondouk: folds 
avtogena: calls $0.02
franpalermo14: folds 
seventh08: checks 
*** FLOP *** [3h 2d 6h]
seventh08: checks 
Dorex2007: bets $0.07
avtogena: calls $0.07
seventh08: folds 
*** TURN *** [3h 2d 6h] [Th]
Dorex2007: bets $0.10
avtogena: calls $0.10
*** RIVER *** [3h 2d 6h Th] [Kh]
Dorex2007: checks 
avtogena: bets $0.22
Dorex2007: raises $0.56 to $0.78
avtogena: raises $1.27 to $2.05 and is all-in
Dorex2007: folds 
Uncalled bet ($1.27) returned to avtogena
avtogena collected $1.90 from pot
avtogena: doesn't show hand 
*** SUMMARY ***
Total pot $1.97 | Rake $0.07 
Board [3h 2d 6h Th Kh]
Seat 1: franpalermo14 (small blind) folded before Flop
Seat 2: seventh08 (big blind) folded on the Flop
Seat 4: talcfc folded before Flop (didn't bet)
Seat 5: Dorex2007 folded on the River
Seat 7: Prince Mantis folded before Flop (didn't bet)
Seat 8: gizmondouk folded before Flop (didn't bet)
Seat 9: avtogena (button) collected ($1.90)



PokerStars Hand #230451521403:  Hold'em No Limit ($0.01/$0.02 USD) - 2021/10/08 11:18:33 PT [2021/10/08 14:18:33 ET]
Table 'Tokio II' 9-max Seat #1 is the button
Seat 1: franpalermo14 ($1.91 in chips) 
Seat 2: seventh08 ($0.78 in chips) 
Seat 4: talcfc ($0.78 in chips) 
Seat 5: Dorex2007 ($2 in chips) 
Seat 7: Prince Mantis ($8.84 in chips) 
Seat 8: gizmondouk ($3.63 in chips) 
Seat 9: avtogena ($3.17 in chips) 
seventh08: posts small blind $0.01
talcfc: posts big blind $0.02
antoniusicra: sits out 
*** HOLE CARDS ***
Dealt to Dorex2007 [8s 4d]
Dorex2007: folds 
Prince Mantis: folds 
gizmondouk: folds 
avtogena: folds 
franpalermo14: folds 
seventh08: raises $0.02 to $0.04
talcfc: calls $0.02
*** FLOP *** [As 5d Qs]
seventh08: bets $0.04
talcfc: calls $0.04
*** TURN *** [As 5d Qs] [5c]
seventh08: bets $0.04
talcfc: calls $0.04
*** RIVER *** [As 5d Qs 5c] [Tc]
seventh08: checks 
talcfc: checks 
*** SHOW DOWN ***
seventh08: shows [4c Ah] (two pair, Aces and Fives)
talcfc: mucks hand 
seventh08 collected $0.23 from pot
*** SUMMARY ***
Total pot $0.24 | Rake $0.01 
Board [As 5d Qs 5c Tc]
Seat 1: franpalermo14 (button) folded before Flop (didn't bet)
Seat 2: seventh08 (small blind) showed [4c Ah] and won ($0.23) with two pair, Aces and Fives
Seat 4: talcfc (big blind) mucked [9d Qh]
Seat 5: Dorex2007 folded before Flop (didn't bet)
Seat 7: Prince Mantis folded before Flop (didn't bet)
Seat 8: gizmondouk folded before Flop (didn't bet)
Seat 9: avtogena folded before Flop (didn't bet)



