PokerStars Hand #227351430786:  Hold'em No Limit ($0.01/$0.02 USD) - 2021/06/05 12:08:57 PT [2021/06/05 15:08:57 ET]
Table 'Iocaste II' 9-max Seat #7 is the button
Seat 1: mayakden ($2.91 in chips) 
Seat 2: lolilolka ($4.25 in chips) 
Seat 3: tylerdurden21x ($3.13 in chips) 
Seat 4: Tiewire ($2.08 in chips) 
Seat 5: Dorex2007 ($2 in chips) 
Seat 6: Samolyuk ($4.34 in chips) 
Seat 7: CherT678 ($2.34 in chips) 
Seat 8: 1tillit1 ($2 in chips) 
Seat 9: ezzeARG ($1.39 in chips) 
1tillit1: posts small blind $0.01
ezzeARG: posts big blind $0.02
Dorex2007: posts big blind $0.02
*** HOLE CARDS ***
Dealt to Dorex2007 [Ac Ts]
mayakden: folds 
lolilolka: folds 
tylerdurden21x: raises $0.04 to $0.06
Tiewire: folds 
Dorex2007: folds 
Samolyuk: folds 
CherT678: folds 
1tillit1: folds 
ezzeARG: folds 
Uncalled bet ($0.04) returned to tylerdurden21x
tylerdurden21x collected $0.07 from pot
tylerdurden21x: doesn't show hand 
*** SUMMARY ***
Total pot $0.07 | Rake $0 
Seat 1: mayakden folded before Flop (didn't bet)
Seat 2: lolilolka folded before Flop (didn't bet)
Seat 3: tylerdurden21x collected ($0.07)
Seat 4: Tiewire folded before Flop (didn't bet)
Seat 5: Dorex2007 folded before Flop (didn't bet)
Seat 6: Samolyuk folded before Flop (didn't bet)
Seat 7: CherT678 (button) folded before Flop (didn't bet)
Seat 8: 1tillit1 (small blind) folded before Flop
Seat 9: ezzeARG (big blind) folded before Flop



PokerStars Hand #227351444974:  Hold'em No Limit ($0.01/$0.02 USD) - 2021/06/05 12:09:24 PT [2021/06/05 15:09:24 ET]
Table 'Iocaste II' 9-max Seat #8 is the button
Seat 1: mayakden ($2.91 in chips) 
Seat 2: lolilolka ($4.25 in chips) 
Seat 3: tylerdurden21x ($3.18 in chips) 
Seat 4: Tiewire ($2.08 in chips) 
Seat 5: Dorex2007 ($1.98 in chips) 
Seat 6: Samolyuk ($4.34 in chips) 
Seat 7: CherT678 ($2.34 in chips) 
Seat 8: 1tillit1 ($2 in chips) 
Seat 9: ezzeARG ($1.37 in chips) 
ezzeARG: posts small blind $0.01
mayakden: posts big blind $0.02
*** HOLE CARDS ***
Dealt to Dorex2007 [Kd 5d]
lolilolka: folds 
tylerdurden21x: folds 
Tiewire: raises $0.04 to $0.06
Dorex2007: folds 
Samolyuk: raises $0.12 to $0.18
CherT678: folds 
1tillit1: folds 
ezzeARG: folds 
mayakden: folds 
Tiewire: folds 
Uncalled bet ($0.12) returned to Samolyuk
Samolyuk collected $0.15 from pot
*** SUMMARY ***
Total pot $0.15 | Rake $0 
Seat 1: mayakden (big blind) folded before Flop
Seat 2: lolilolka folded before Flop (didn't bet)
Seat 3: tylerdurden21x folded before Flop (didn't bet)
Seat 4: Tiewire folded before Flop
Seat 5: Dorex2007 folded before Flop (didn't bet)
Seat 6: Samolyuk collected ($0.15)
Seat 7: CherT678 folded before Flop (didn't bet)
Seat 8: 1tillit1 (button) folded before Flop (didn't bet)
Seat 9: ezzeARG (small blind) folded before Flop



PokerStars Hand #227351462911:  Hold'em No Limit ($0.01/$0.02 USD) - 2021/06/05 12:09:58 PT [2021/06/05 15:09:58 ET]
Table 'Iocaste II' 9-max Seat #9 is the button
Seat 1: mayakden ($2.89 in chips) 
Seat 2: lolilolka ($4.25 in chips) 
Seat 3: tylerdurden21x ($3.18 in chips) 
Seat 4: Tiewire ($2.02 in chips) 
Seat 5: Dorex2007 ($1.98 in chips) 
Seat 6: Samolyuk ($4.43 in chips) 
Seat 7: CherT678 ($2.34 in chips) 
Seat 8: 1tillit1 ($2 in chips) 
Seat 9: ezzeARG ($1.36 in chips) 
mayakden: posts small blind $0.01
lolilolka: posts big blind $0.02
*** HOLE CARDS ***
Dealt to Dorex2007 [9d 8s]
tylerdurden21x: folds 
Tiewire: folds 
Dorex2007: folds 
Samolyuk: folds 
CherT678: folds 
1tillit1: folds 
ezzeARG: folds 
mayakden: folds 
Uncalled bet ($0.01) returned to lolilolka
lolilolka collected $0.02 from pot
lolilolka: doesn't show hand 
*** SUMMARY ***
Total pot $0.02 | Rake $0 
Seat 1: mayakden (small blind) folded before Flop
Seat 2: lolilolka (big blind) collected ($0.02)
Seat 3: tylerdurden21x folded before Flop (didn't bet)
Seat 4: Tiewire folded before Flop (didn't bet)
Seat 5: Dorex2007 folded before Flop (didn't bet)
Seat 6: Samolyuk folded before Flop (didn't bet)
Seat 7: CherT678 folded before Flop (didn't bet)
Seat 8: 1tillit1 folded before Flop (didn't bet)
Seat 9: ezzeARG (button) folded before Flop (didn't bet)



PokerStars Hand #227351472426:  Hold'em No Limit ($0.01/$0.02 USD) - 2021/06/05 12:10:16 PT [2021/06/05 15:10:16 ET]
Table 'Iocaste II' 9-max Seat #1 is the button
Seat 1: mayakden ($2.88 in chips) 
Seat 2: lolilolka ($4.26 in chips) 
Seat 3: tylerdurden21x ($3.18 in chips) 
Seat 4: Tiewire ($2.02 in chips) 
Seat 5: Dorex2007 ($1.98 in chips) 
Seat 6: Samolyuk ($4.43 in chips) 
Seat 7: CherT678 ($2.34 in chips) 
Seat 8: 1tillit1 ($2 in chips) 
Seat 9: ezzeARG ($1.36 in chips) 
lolilolka: posts small blind $0.01
tylerdurden21x: posts big blind $0.02
*** HOLE CARDS ***
Dealt to Dorex2007 [Kc 6h]
Tiewire: raises $0.04 to $0.06
Dorex2007: folds 
Samolyuk: folds 
CherT678: folds 
1tillit1: folds 
ezzeARG: folds 
mayakden: raises $0.14 to $0.20
lolilolka: folds 
tylerdurden21x: folds 
Tiewire: folds 
Uncalled bet ($0.14) returned to mayakden
mayakden collected $0.15 from pot
mayakden: doesn't show hand 
*** SUMMARY ***
Total pot $0.15 | Rake $0 
Seat 1: mayakden (button) collected ($0.15)
Seat 2: lolilolka (small blind) folded before Flop
Seat 3: tylerdurden21x (big blind) folded before Flop
Seat 4: Tiewire folded before Flop
Seat 5: Dorex2007 folded before Flop (didn't bet)
Seat 6: Samolyuk folded before Flop (didn't bet)
Seat 7: CherT678 folded before Flop (didn't bet)
Seat 8: 1tillit1 folded before Flop (didn't bet)
Seat 9: ezzeARG folded before Flop (didn't bet)



PokerStars Hand #227351494408:  Hold'em No Limit ($0.01/$0.02 USD) - 2021/06/05 12:10:57 PT [2021/06/05 15:10:57 ET]
Table 'Iocaste II' 9-max Seat #2 is the button
Seat 1: mayakden ($2.97 in chips) 
Seat 2: lolilolka ($4.25 in chips) 
Seat 3: tylerdurden21x ($3.16 in chips) 
Seat 4: Tiewire ($2 in chips) 
Seat 5: Dorex2007 ($1.98 in chips) 
Seat 6: Samolyuk ($4.43 in chips) 
Seat 7: CherT678 ($2.34 in chips) 
Seat 8: 1tillit1 ($2 in chips) 
Seat 9: ezzeARG ($1.36 in chips) 
tylerdurden21x: posts small blind $0.01
Tiewire: posts big blind $0.02
*** HOLE CARDS ***
Dealt to Dorex2007 [8h 7c]
Dorex2007: folds 
Samolyuk: folds 
CherT678: folds 
1tillit1: folds 
ezzeARG: folds 
mayakden: folds 
lolilolka: folds 
tylerdurden21x: calls $0.01
Tiewire: checks 
*** FLOP *** [5c Js 4c]
tylerdurden21x: checks 
Tiewire: checks 
*** TURN *** [5c Js 4c] [Kh]
tylerdurden21x: checks 
Tiewire: checks 
*** RIVER *** [5c Js 4c Kh] [Jh]
tylerdurden21x: checks 
Tiewire: checks 
*** SHOW DOWN ***
tylerdurden21x: shows [5h 7s] (two pair, Jacks and Fives)
Tiewire: mucks hand 
tylerdurden21x collected $0.04 from pot
*** SUMMARY ***
Total pot $0.04 | Rake $0 
Board [5c Js 4c Kh Jh]
Seat 1: mayakden folded before Flop (didn't bet)
Seat 2: lolilolka (button) folded before Flop (didn't bet)
Seat 3: tylerdurden21x (small blind) showed [5h 7s] and won ($0.04) with two pair, Jacks and Fives
Seat 4: Tiewire (big blind) mucked [3s Qd]
Seat 5: Dorex2007 folded before Flop (didn't bet)
Seat 6: Samolyuk folded before Flop (didn't bet)
Seat 7: CherT678 folded before Flop (didn't bet)
Seat 8: 1tillit1 folded before Flop (didn't bet)
Seat 9: ezzeARG folded before Flop (didn't bet)



PokerStars Hand #227351515806:  Hold'em No Limit ($0.01/$0.02 USD) - 2021/06/05 12:11:38 PT [2021/06/05 15:11:38 ET]
Table 'Iocaste II' 9-max Seat #3 is the button
Seat 1: mayakden ($2.97 in chips) 
Seat 2: lolilolka ($4.25 in chips) 
Seat 3: tylerdurden21x ($3.18 in chips) 
Seat 4: Tiewire ($2 in chips) 
Seat 5: Dorex2007 ($1.98 in chips) 
Seat 6: Samolyuk ($4.43 in chips) 
Seat 7: CherT678 ($2.34 in chips) 
Seat 8: 1tillit1 ($2 in chips) 
Seat 9: ezzeARG ($1.36 in chips) 
Tiewire: posts small blind $0.01
Dorex2007: posts big blind $0.02
*** HOLE CARDS ***
Dealt to Dorex2007 [Qs 8c]
Samolyuk: folds 
CherT678: folds 
1tillit1: folds 
ezzeARG: folds 
mayakden has timed out
mayakden: folds 
lolilolka: folds 
tylerdurden21x: folds 
Tiewire: raises $0.04 to $0.06
Dorex2007: folds 
Uncalled bet ($0.04) returned to Tiewire
Tiewire collected $0.04 from pot
Tiewire: doesn't show hand 
*** SUMMARY ***
Total pot $0.04 | Rake $0 
Seat 1: mayakden folded before Flop (didn't bet)
Seat 2: lolilolka folded before Flop (didn't bet)
Seat 3: tylerdurden21x (button) folded before Flop (didn't bet)
Seat 4: Tiewire (small blind) collected ($0.04)
Seat 5: Dorex2007 (big blind) folded before Flop
Seat 6: Samolyuk folded before Flop (didn't bet)
Seat 7: CherT678 folded before Flop (didn't bet)
Seat 8: 1tillit1 folded before Flop (didn't bet)
Seat 9: ezzeARG folded before Flop (didn't bet)



PokerStars Hand #227351533538:  Hold'em No Limit ($0.01/$0.02 USD) - 2021/06/05 12:12:11 PT [2021/06/05 15:12:11 ET]
Table 'Iocaste II' 9-max Seat #4 is the button
Seat 1: mayakden ($2.97 in chips) 
Seat 2: lolilolka ($4.25 in chips) 
Seat 3: tylerdurden21x ($3.18 in chips) 
Seat 4: Tiewire ($2.02 in chips) 
Seat 5: Dorex2007 ($1.96 in chips) 
Seat 6: Samolyuk ($4.43 in chips) 
Seat 7: CherT678 ($2.34 in chips) 
Seat 8: 1tillit1 ($2 in chips) 
Seat 9: ezzeARG ($1.36 in chips) 
Dorex2007: posts small blind $0.01
Samolyuk: posts big blind $0.02
*** HOLE CARDS ***
Dealt to Dorex2007 [8s 2d]
CherT678: folds 
1tillit1: folds 
ezzeARG: folds 
mayakden: folds 
lolilolka: folds 
tylerdurden21x: folds 
Tiewire: folds 
Dorex2007: folds 
Uncalled bet ($0.01) returned to Samolyuk
Samolyuk collected $0.02 from pot
*** SUMMARY ***
Total pot $0.02 | Rake $0 
Seat 1: mayakden folded before Flop (didn't bet)
Seat 2: lolilolka folded before Flop (didn't bet)
Seat 3: tylerdurden21x folded before Flop (didn't bet)
Seat 4: Tiewire (button) folded before Flop (didn't bet)
Seat 5: Dorex2007 (small blind) folded before Flop
Seat 6: Samolyuk (big blind) collected ($0.02)
Seat 7: CherT678 folded before Flop (didn't bet)
Seat 8: 1tillit1 folded before Flop (didn't bet)
Seat 9: ezzeARG folded before Flop (didn't bet)



PokerStars Hand #227351546046:  Hold'em No Limit ($0.01/$0.02 USD) - 2021/06/05 12:12:35 PT [2021/06/05 15:12:35 ET]
Table 'Iocaste II' 9-max Seat #5 is the button
Seat 1: mayakden ($2.97 in chips) 
Seat 2: lolilolka ($4.25 in chips) 
Seat 3: tylerdurden21x ($3.18 in chips) 
Seat 4: Tiewire ($2.02 in chips) 
Seat 5: Dorex2007 ($1.95 in chips) 
Seat 6: Samolyuk ($4.44 in chips) 
Seat 7: CherT678 ($2.34 in chips) 
Seat 9: ezzeARG ($1.36 in chips) 
Samolyuk: posts small blind $0.01
CherT678: posts big blind $0.02
*** HOLE CARDS ***
Dealt to Dorex2007 [5h Kc]
ezzeARG: calls $0.02
mayakden: folds 
lolilolka: folds 
tylerdurden21x: folds 
Tiewire: folds 
Dorex2007: folds 
Samolyuk: calls $0.01
CherT678: checks 
*** FLOP *** [3d Td 6d]
Samolyuk: bets $0.02
CherT678: folds 
ezzeARG: calls $0.02
*** TURN *** [3d Td 6d] [7c]
Samolyuk: bets $0.04
ezzeARG: calls $0.04
*** RIVER *** [3d Td 6d 7c] [Ad]
Samolyuk: bets $0.17
ezzeARG: calls $0.17
*** SHOW DOWN ***
Samolyuk: shows [Kd Jd] (a flush, Ace high)
ezzeARG: mucks hand 
Samolyuk collected $0.50 from pot
*** SUMMARY ***
Total pot $0.52 | Rake $0.02 
Board [3d Td 6d 7c Ad]
Seat 1: mayakden folded before Flop (didn't bet)
Seat 2: lolilolka folded before Flop (didn't bet)
Seat 3: tylerdurden21x folded before Flop (didn't bet)
Seat 4: Tiewire folded before Flop (didn't bet)
Seat 5: Dorex2007 (button) folded before Flop (didn't bet)
Seat 6: Samolyuk (small blind) showed [Kd Jd] and won ($0.50) with a flush, Ace high
Seat 7: CherT678 (big blind) folded on the Flop
Seat 9: ezzeARG mucked [Qd Kh]



PokerStars Hand #227351567280:  Hold'em No Limit ($0.01/$0.02 USD) - 2021/06/05 12:13:14 PT [2021/06/05 15:13:14 ET]
Table 'Iocaste II' 9-max Seat #6 is the button
Seat 1: mayakden ($2.97 in chips) 
Seat 2: lolilolka ($4.25 in chips) 
Seat 3: tylerdurden21x ($3.18 in chips) 
Seat 4: Tiewire ($2.02 in chips) 
Seat 5: Dorex2007 ($1.95 in chips) 
Seat 6: Samolyuk ($4.69 in chips) 
Seat 7: CherT678 ($2.32 in chips) 
Seat 9: ezzeARG ($1.11 in chips) 
CherT678: posts small blind $0.01
ezzeARG: posts big blind $0.02
*** HOLE CARDS ***
Dealt to Dorex2007 [5h 8d]
mayakden: folds 
lolilolka: folds 
tylerdurden21x: folds 
Tiewire: folds 
Dorex2007: folds 
Samolyuk: folds 
CherT678: raises $0.03 to $0.05
ezzeARG: calls $0.03
*** FLOP *** [Ad Tc 2c]
CherT678: checks 
ezzeARG: bets $0.05
CherT678: folds 
Uncalled bet ($0.05) returned to ezzeARG
ezzeARG collected $0.10 from pot
ezzeARG: doesn't show hand 
*** SUMMARY ***
Total pot $0.10 | Rake $0 
Board [Ad Tc 2c]
Seat 1: mayakden folded before Flop (didn't bet)
Seat 2: lolilolka folded before Flop (didn't bet)
Seat 3: tylerdurden21x folded before Flop (didn't bet)
Seat 4: Tiewire folded before Flop (didn't bet)
Seat 5: Dorex2007 folded before Flop (didn't bet)
Seat 6: Samolyuk (button) folded before Flop (didn't bet)
Seat 7: CherT678 (small blind) folded on the Flop
Seat 9: ezzeARG (big blind) collected ($0.10)



PokerStars Hand #227351583269:  Hold'em No Limit ($0.01/$0.02 USD) - 2021/06/05 12:13:45 PT [2021/06/05 15:13:45 ET]
Table 'Iocaste II' 9-max Seat #7 is the button
Seat 1: mayakden ($2.97 in chips) 
Seat 2: lolilolka ($4.25 in chips) 
Seat 3: tylerdurden21x ($3.18 in chips) 
Seat 4: Tiewire ($2.02 in chips) 
Seat 5: Dorex2007 ($1.95 in chips) 
Seat 6: Samolyuk ($4.69 in chips) 
Seat 7: CherT678 ($2.27 in chips) 
Seat 9: ezzeARG ($1.16 in chips) 
ezzeARG: posts small blind $0.01
mayakden: posts big blind $0.02
*** HOLE CARDS ***
Dealt to Dorex2007 [8h Qs]
lolilolka: folds 
tylerdurden21x: folds 
Tiewire: raises $0.04 to $0.06
Dorex2007: folds 
Samolyuk: folds 
CherT678: folds 
ezzeARG: folds 
mayakden: folds 
Uncalled bet ($0.04) returned to Tiewire
Tiewire collected $0.05 from pot
Tiewire: doesn't show hand 
*** SUMMARY ***
Total pot $0.05 | Rake $0 
Seat 1: mayakden (big blind) folded before Flop
Seat 2: lolilolka folded before Flop (didn't bet)
Seat 3: tylerdurden21x folded before Flop (didn't bet)
Seat 4: Tiewire collected ($0.05)
Seat 5: Dorex2007 folded before Flop (didn't bet)
Seat 6: Samolyuk folded before Flop (didn't bet)
Seat 7: CherT678 (button) folded before Flop (didn't bet)
Seat 9: ezzeARG (small blind) folded before Flop



PokerStars Hand #227351595639:  Hold'em No Limit ($0.01/$0.02 USD) - 2021/06/05 12:14:08 PT [2021/06/05 15:14:08 ET]
Table 'Iocaste II' 9-max Seat #9 is the button
Seat 1: mayakden ($2.95 in chips) 
Seat 2: lolilolka ($4.25 in chips) 
Seat 3: tylerdurden21x ($3.18 in chips) 
Seat 4: Tiewire ($2.05 in chips) 
Seat 5: Dorex2007 ($1.95 in chips) 
Seat 6: Samolyuk ($4.69 in chips) 
Seat 7: CherT678 ($2.27 in chips) 
Seat 9: ezzeARG ($1.15 in chips) 
mayakden: posts small blind $0.01
lolilolka: posts big blind $0.02
1tillit1: sits out 
*** HOLE CARDS ***
Dealt to Dorex2007 [7c 8s]
tylerdurden21x: folds 
Tiewire: folds 
Dorex2007: folds 
Samolyuk: folds 
CherT678: folds 
tylerdurden21x leaves the table
ezzeARG: folds 
mayakden: folds 
Uncalled bet ($0.01) returned to lolilolka
lolilolka collected $0.02 from pot
lolilolka: doesn't show hand 
*** SUMMARY ***
Total pot $0.02 | Rake $0 
Seat 1: mayakden (small blind) folded before Flop
Seat 2: lolilolka (big blind) collected ($0.02)
Seat 3: tylerdurden21x folded before Flop (didn't bet)
Seat 4: Tiewire folded before Flop (didn't bet)
Seat 5: Dorex2007 folded before Flop (didn't bet)
Seat 6: Samolyuk folded before Flop (didn't bet)
Seat 7: CherT678 folded before Flop (didn't bet)
Seat 9: ezzeARG (button) folded before Flop (didn't bet)



PokerStars Hand #227351603785:  Hold'em No Limit ($0.01/$0.02 USD) - 2021/06/05 12:14:23 PT [2021/06/05 15:14:23 ET]
Table 'Iocaste II' 9-max Seat #1 is the button
Seat 1: mayakden ($2.94 in chips) 
Seat 2: lolilolka ($4.26 in chips) 
Seat 4: Tiewire ($2.05 in chips) 
Seat 5: Dorex2007 ($1.95 in chips) 
Seat 6: Samolyuk ($4.69 in chips) 
Seat 7: CherT678 ($2.27 in chips) 
Seat 9: ezzeARG ($1.15 in chips) 
lolilolka: posts small blind $0.01
Tiewire: posts big blind $0.02
1tillit1: sits out 
*** HOLE CARDS ***
Dealt to Dorex2007 [8c Ks]
kuyan535 joins the table at seat #3 
Dorex2007: folds 
Samolyuk: folds 
CherT678: folds 
CherT678 leaves the table
ezzeARG: folds 
mayakden: folds 
lolilolka: folds 
Uncalled bet ($0.01) returned to Tiewire
Tiewire collected $0.02 from pot
Tiewire: doesn't show hand 
*** SUMMARY ***
Total pot $0.02 | Rake $0 
Seat 1: mayakden (button) folded before Flop (didn't bet)
Seat 2: lolilolka (small blind) folded before Flop
Seat 4: Tiewire (big blind) collected ($0.02)
Seat 5: Dorex2007 folded before Flop (didn't bet)
Seat 6: Samolyuk folded before Flop (didn't bet)
Seat 7: CherT678 folded before Flop (didn't bet)
Seat 9: ezzeARG folded before Flop (didn't bet)



PokerStars Hand #227351616369:  Hold'em No Limit ($0.01/$0.02 USD) - 2021/06/05 12:14:47 PT [2021/06/05 15:14:47 ET]
Table 'Iocaste II' 9-max Seat #2 is the button
Seat 1: mayakden ($2.94 in chips) 
Seat 2: lolilolka ($4.25 in chips) 
Seat 4: Tiewire ($2.06 in chips) 
Seat 5: Dorex2007 ($1.95 in chips) 
Seat 6: Samolyuk ($4.69 in chips) 
Seat 9: ezzeARG ($1.15 in chips) 
Tiewire: posts small blind $0.01
Dorex2007: posts big blind $0.02
1tillit1: sits out 
*** HOLE CARDS ***
Dealt to Dorex2007 [Jh Js]
Samolyuk: folds 
ezzeARG: folds 
mayakden: folds 
lolilolka: raises $0.04 to $0.06
Tiewire: folds 
Dorex2007: calls $0.04
*** FLOP *** [Kh 5d 6d]
Dorex2007: checks 
lolilolka: bets $0.07
Dorex2007: raises $0.13 to $0.20
lolilolka: raises $0.53 to $0.73
Dorex2007: calls $0.53
*** TURN *** [Kh 5d 6d] [2d]
Dorex2007: bets $1.16 and is all-in
lolilolka: calls $1.16
*** RIVER *** [Kh 5d 6d 2d] [8d]
*** SHOW DOWN ***
Dorex2007: shows [Jh Js] (a pair of Jacks)
lolilolka: shows [Ad Ah] (a flush, Ace high)
lolilolka collected $3.77 from pot
Dorex2007 cashed out the hand for $0.09
*** SUMMARY ***
Total pot $3.91 | Rake $0.14 
Board [Kh 5d 6d 2d 8d]
Seat 1: mayakden folded before Flop (didn't bet)
Seat 2: lolilolka (button) showed [Ad Ah] and won ($3.77) with a flush, Ace high
Seat 4: Tiewire (small blind) folded before Flop
Seat 5: Dorex2007 (big blind) showed [Jh Js] and lost with a pair of Jacks (cashed out).
Seat 6: Samolyuk folded before Flop (didn't bet)
Seat 9: ezzeARG folded before Flop (didn't bet)



PokerStars Hand #227351644895:  Hold'em No Limit ($0.01/$0.02 USD) - 2021/06/05 12:15:37 PT [2021/06/05 15:15:37 ET]
Table 'Iocaste II' 9-max Seat #4 is the button
Seat 1: mayakden ($2.94 in chips) 
Seat 2: lolilolka ($6.07 in chips) 
Seat 3: kuyan535 ($0.80 in chips) 
Seat 4: Tiewire ($2.05 in chips) 
Seat 5: Dorex2007 ($0.09 in chips) 
Seat 6: Samolyuk ($4.69 in chips) 
Seat 9: ezzeARG ($1.15 in chips) 
Dorex2007: posts small blind $0.01
Samolyuk: posts big blind $0.02
1tillit1: sits out 
kuyan535: posts big blind $0.02
*** HOLE CARDS ***
Dealt to Dorex2007 [8s 7d]
ezzeARG: folds 
mayakden: folds 
lolilolka: folds 
kuyan535: checks 
Tiewire: folds 
Dorex2007: folds 
Samolyuk: checks 
*** FLOP *** [9h 5d 6s]
Samolyuk: bets $0.03
kuyan535: calls $0.03
*** TURN *** [9h 5d 6s] [Ac]
Samolyuk: bets $0.06
kuyan535: folds 
Uncalled bet ($0.06) returned to Samolyuk
Samolyuk collected $0.11 from pot
synaps01 joins the table at seat #7 
*** SUMMARY ***
Total pot $0.11 | Rake $0 
Board [9h 5d 6s Ac]
Seat 1: mayakden folded before Flop (didn't bet)
Seat 2: lolilolka folded before Flop (didn't bet)
Seat 3: kuyan535 folded on the Turn
Seat 4: Tiewire (button) folded before Flop (didn't bet)
Seat 5: Dorex2007 (small blind) folded before Flop
Seat 6: Samolyuk (big blind) collected ($0.11)
Seat 9: ezzeARG folded before Flop (didn't bet)



PokerStars Hand #227351666627:  Hold'em No Limit ($0.01/$0.02 USD) - 2021/06/05 12:16:17 PT [2021/06/05 15:16:17 ET]
Table 'Iocaste II' 9-max Seat #5 is the button
Seat 1: mayakden ($2.94 in chips) 
Seat 2: lolilolka ($6.07 in chips) 
Seat 3: kuyan535 ($0.75 in chips) 
Seat 4: Tiewire ($2.05 in chips) 
Seat 5: Dorex2007 ($1.99 in chips) 
Seat 6: Samolyuk ($4.75 in chips) 
Seat 7: synaps01 ($0.80 in chips) 
Seat 9: ezzeARG ($1.15 in chips) 
Samolyuk: posts small blind $0.01
synaps01: posts big blind $0.02
1tillit1: sits out 
*** HOLE CARDS ***
Dealt to Dorex2007 [7c 8s]
ezzeARG: folds 
mayakden: folds 
lolilolka: raises $0.04 to $0.06
kuyan535: folds 
Tiewire: folds 
Dorex2007: folds 
Samolyuk: folds 
synaps01: calls $0.04
*** FLOP *** [Js Kh Tc]
synaps01: bets $0.02
lolilolka: raises $0.06 to $0.08
synaps01 has timed out
synaps01: folds 
Uncalled bet ($0.06) returned to lolilolka
lolilolka collected $0.16 from pot
lolilolka: doesn't show hand 
*** SUMMARY ***
Total pot $0.17 | Rake $0.01 
Board [Js Kh Tc]
Seat 1: mayakden folded before Flop (didn't bet)
Seat 2: lolilolka collected ($0.16)
Seat 3: kuyan535 folded before Flop (didn't bet)
Seat 4: Tiewire folded before Flop (didn't bet)
Seat 5: Dorex2007 (button) folded before Flop (didn't bet)
Seat 6: Samolyuk (small blind) folded before Flop
Seat 7: synaps01 (big blind) folded on the Flop
Seat 9: ezzeARG folded before Flop (didn't bet)



PokerStars Hand #227351704893:  Hold'em No Limit ($0.01/$0.02 USD) - 2021/06/05 12:17:29 PT [2021/06/05 15:17:29 ET]
Table 'Iocaste II' 9-max Seat #6 is the button
Seat 1: mayakden ($2.94 in chips) 
Seat 2: lolilolka ($6.15 in chips) 
Seat 3: kuyan535 ($0.75 in chips) 
Seat 4: Tiewire ($2.05 in chips) 
Seat 5: Dorex2007 ($1.99 in chips) 
Seat 6: Samolyuk ($4.74 in chips) 
Seat 9: ezzeARG ($1.15 in chips) 
ezzeARG: posts small blind $0.01
mayakden: posts big blind $0.02
*** HOLE CARDS ***
Dealt to Dorex2007 [Td 5d]
lolilolka: folds 
kuyan535: folds 
Tiewire: folds 
Dorex2007: folds 
Samolyuk: folds 
ezzeARG: folds 
Uncalled bet ($0.01) returned to mayakden
mayakden collected $0.02 from pot
mayakden: doesn't show hand 
*** SUMMARY ***
Total pot $0.02 | Rake $0 
Seat 1: mayakden (big blind) collected ($0.02)
Seat 2: lolilolka folded before Flop (didn't bet)
Seat 3: kuyan535 folded before Flop (didn't bet)
Seat 4: Tiewire folded before Flop (didn't bet)
Seat 5: Dorex2007 folded before Flop (didn't bet)
Seat 6: Samolyuk (button) folded before Flop (didn't bet)
Seat 9: ezzeARG (small blind) folded before Flop



PokerStars Hand #227351710988:  Hold'em No Limit ($0.01/$0.02 USD) - 2021/06/05 12:17:40 PT [2021/06/05 15:17:40 ET]
Table 'Iocaste II' 9-max Seat #9 is the button
Seat 1: mayakden ($2.95 in chips) 
Seat 2: lolilolka ($6.15 in chips) 
Seat 3: kuyan535 ($0.75 in chips) 
Seat 4: Tiewire ($2.05 in chips) 
Seat 5: Dorex2007 ($1.99 in chips) 
Seat 6: Samolyuk ($4.74 in chips) 
Seat 7: synaps01 ($0.72 in chips) 
Seat 9: ezzeARG ($1.14 in chips) 
mayakden: posts small blind $0.01
lolilolka: posts big blind $0.02
synaps01: posts small blind $0.01
1tillit1: sits out 
*** HOLE CARDS ***
Dealt to Dorex2007 [Ts 3h]
kuyan535: calls $0.02
Tiewire: calls $0.02
Dorex2007: folds 
Samolyuk: calls $0.02
synaps01: calls $0.02
ezzeARG: calls $0.02
mayakden: folds 
lolilolka: checks 
*** FLOP *** [Qs 9d 4d]
lolilolka: checks 
kuyan535: checks 
Tiewire: checks 
Samolyuk: checks 
synaps01: bets $0.02
ezzeARG: raises $0.02 to $0.04
lolilolka: folds 
kuyan535: folds 
Tiewire: calls $0.04
Samolyuk: folds 
synaps01: calls $0.02
*** TURN *** [Qs 9d 4d] [8h]
Tiewire: checks 
synaps01: checks 
ezzeARG: bets $0.08
Tiewire: calls $0.08
synaps01: calls $0.08
*** RIVER *** [Qs 9d 4d 8h] [8d]
Tiewire: checks 
synaps01: bets $0.02
ezzeARG: calls $0.02
Tiewire: calls $0.02
*** SHOW DOWN ***
synaps01: shows [7s 9c] (two pair, Nines and Eights)
ezzeARG: shows [Qd Kh] (two pair, Queens and Eights)
Tiewire: mucks hand 
ezzeARG collected $0.54 from pot
*** SUMMARY ***
Total pot $0.56 | Rake $0.02 
Board [Qs 9d 4d 8h 8d]
Seat 1: mayakden (small blind) folded before Flop
Seat 2: lolilolka (big blind) folded on the Flop
Seat 3: kuyan535 folded on the Flop
Seat 4: Tiewire mucked [Th Qh]
Seat 5: Dorex2007 folded before Flop (didn't bet)
Seat 6: Samolyuk folded on the Flop
Seat 7: synaps01 showed [7s 9c] and lost with two pair, Nines and Eights
Seat 9: ezzeARG (button) showed [Qd Kh] and won ($0.54) with two pair, Queens and Eights



PokerStars Hand #227351779759:  Hold'em No Limit ($0.01/$0.02 USD) - 2021/06/05 12:19:48 PT [2021/06/05 15:19:48 ET]
Table 'Iocaste II' 9-max Seat #1 is the button
Seat 1: mayakden ($2.94 in chips) 
Seat 2: lolilolka ($6.13 in chips) 
Seat 3: kuyan535 ($0.73 in chips) 
Seat 4: Tiewire ($2 in chips) 
Seat 5: Dorex2007 ($1.99 in chips) 
Seat 6: Samolyuk ($4.72 in chips) 
Seat 7: synaps01 ($0.55 in chips) 
Seat 9: ezzeARG ($1.52 in chips) 
lolilolka: posts small blind $0.01
kuyan535: posts big blind $0.02
1tillit1: sits out 
*** HOLE CARDS ***
Dealt to Dorex2007 [3s 5h]
Tiewire: folds 
Dorex2007: folds 
Samolyuk: raises $0.04 to $0.06
synaps01: calls $0.06
ezzeARG: folds 
mayakden: folds 
lolilolka: folds 
kuyan535: folds 
*** FLOP *** [5c 9d Jc]
Samolyuk: bets $0.07
synaps01: calls $0.07
*** TURN *** [5c 9d Jc] [Jh]
Samolyuk: bets $0.14
synaps01: calls $0.14
*** RIVER *** [5c 9d Jc Jh] [7h]
Samolyuk: bets $4.45 and is all-in
synaps01: calls $0.28 and is all-in
Uncalled bet ($4.17) returned to Samolyuk
*** SHOW DOWN ***
Samolyuk: shows [Kc Kh] (two pair, Kings and Jacks)
synaps01: shows [8d 9c] (two pair, Jacks and Nines)
Samolyuk collected $1.09 from pot
*** SUMMARY ***
Total pot $1.13 | Rake $0.04 
Board [5c 9d Jc Jh 7h]
Seat 1: mayakden (button) folded before Flop (didn't bet)
Seat 2: lolilolka (small blind) folded before Flop
Seat 3: kuyan535 (big blind) folded before Flop
Seat 4: Tiewire folded before Flop (didn't bet)
Seat 5: Dorex2007 folded before Flop (didn't bet)
Seat 6: Samolyuk showed [Kc Kh] and won ($1.09) with two pair, Kings and Jacks
Seat 7: synaps01 showed [8d 9c] and lost with two pair, Jacks and Nines
Seat 9: ezzeARG folded before Flop (didn't bet)



PokerStars Hand #227351808252:  Hold'em No Limit ($0.01/$0.02 USD) - 2021/06/05 12:20:41 PT [2021/06/05 15:20:41 ET]
Table 'Iocaste II' 9-max Seat #2 is the button
Seat 1: mayakden ($2.94 in chips) 
Seat 2: lolilolka ($6.12 in chips) 
Seat 3: kuyan535 ($0.71 in chips) 
Seat 4: Tiewire ($2 in chips) 
Seat 5: Dorex2007 ($1.99 in chips) 
Seat 6: Samolyuk ($5.26 in chips) 
Seat 8: 1tillit1 ($2 in chips) 
Seat 9: ezzeARG ($1.52 in chips) 
kuyan535: posts small blind $0.01
Tiewire: posts big blind $0.02
1tillit1: posts small & big blinds $0.03
*** HOLE CARDS ***
Dealt to Dorex2007 [9d Qs]
Dorex2007: folds 
Samolyuk: folds 
1tillit1: checks 
synaps01 leaves the table
ezzeARG: folds 
mayakden: raises $0.04 to $0.06
lolilolka: folds 
kuyan535: folds 
Tiewire: folds 
1tillit1: folds 
Uncalled bet ($0.04) returned to mayakden
mayakden collected $0.08 from pot
mayakden: doesn't show hand 
*** SUMMARY ***
Total pot $0.08 | Rake $0 
Seat 1: mayakden collected ($0.08)
Seat 2: lolilolka (button) folded before Flop (didn't bet)
Seat 3: kuyan535 (small blind) folded before Flop
Seat 4: Tiewire (big blind) folded before Flop
Seat 5: Dorex2007 folded before Flop (didn't bet)
Seat 6: Samolyuk folded before Flop (didn't bet)
Seat 8: 1tillit1 folded before Flop (didn't bet)
Seat 9: ezzeARG folded before Flop (didn't bet)



PokerStars Hand #227351822579:  Hold'em No Limit ($0.01/$0.02 USD) - 2021/06/05 12:21:07 PT [2021/06/05 15:21:07 ET]
Table 'Iocaste II' 9-max Seat #3 is the button
Seat 1: mayakden ($3 in chips) 
Seat 2: lolilolka ($6.12 in chips) 
Seat 3: kuyan535 ($0.70 in chips) 
Seat 4: Tiewire ($2 in chips) 
Seat 5: Dorex2007 ($1.99 in chips) 
Seat 6: Samolyuk ($5.26 in chips) 
Seat 8: 1tillit1 ($2 in chips) 
Seat 9: ezzeARG ($1.52 in chips) 
Tiewire: posts small blind $0.01
Dorex2007: posts big blind $0.02
*** HOLE CARDS ***
Dealt to Dorex2007 [Th 2s]
Samolyuk: folds 
1tillit1: folds 
ezzeARG: folds 
mayakden: folds 
lolilolka: folds 
kuyan535: calls $0.02
Tiewire: folds 
Dorex2007: checks 
*** FLOP *** [9h Ad Qc]
CEBEP_X7X joins the table at seat #7 
Dorex2007: checks 
kuyan535: bets $0.04
Dorex2007: folds 
Uncalled bet ($0.04) returned to kuyan535
kuyan535 collected $0.05 from pot
kuyan535: doesn't show hand 
*** SUMMARY ***
Total pot $0.05 | Rake $0 
Board [9h Ad Qc]
Seat 1: mayakden folded before Flop (didn't bet)
Seat 2: lolilolka folded before Flop (didn't bet)
Seat 3: kuyan535 (button) collected ($0.05)
Seat 4: Tiewire (small blind) folded before Flop
Seat 5: Dorex2007 (big blind) folded on the Flop
Seat 6: Samolyuk folded before Flop (didn't bet)
Seat 8: 1tillit1 folded before Flop (didn't bet)
Seat 9: ezzeARG folded before Flop (didn't bet)



PokerStars Hand #227351845449:  Hold'em No Limit ($0.01/$0.02 USD) - 2021/06/05 12:21:40 PT [2021/06/05 15:21:40 ET]
Table 'Iocaste II' 9-max Seat #4 is the button
Seat 1: mayakden ($3 in chips) 
Seat 2: lolilolka ($6.12 in chips) 
Seat 3: kuyan535 ($0.73 in chips) 
Seat 4: Tiewire ($2 in chips) 
Seat 5: Dorex2007 ($1.97 in chips) 
Seat 6: Samolyuk ($5.26 in chips) 
Seat 7: CEBEP_X7X ($0.80 in chips) 
Seat 8: 1tillit1 ($2 in chips) 
Seat 9: ezzeARG ($1.52 in chips) 
Dorex2007: posts small blind $0.01
Samolyuk: posts big blind $0.02
CEBEP_X7X: posts big blind $0.02
*** HOLE CARDS ***
Dealt to Dorex2007 [3s Ah]
CEBEP_X7X: checks 
1tillit1: folds 
ezzeARG: folds 
mayakden: folds 
lolilolka: folds 
kuyan535: calls $0.02
Tiewire: folds 
Dorex2007: calls $0.01
Samolyuk: checks 
*** FLOP *** [Kh 7d Jh]
Dorex2007: checks 
Samolyuk: checks 
CEBEP_X7X: checks 
kuyan535: bets $0.08
Dorex2007: folds 
Samolyuk: folds 
CEBEP_X7X: folds 
Uncalled bet ($0.08) returned to kuyan535
kuyan535 collected $0.08 from pot
kuyan535: doesn't show hand 
*** SUMMARY ***
Total pot $0.08 | Rake $0 
Board [Kh 7d Jh]
Seat 1: mayakden folded before Flop (didn't bet)
Seat 2: lolilolka folded before Flop (didn't bet)
Seat 3: kuyan535 collected ($0.08)
Seat 4: Tiewire (button) folded before Flop (didn't bet)
Seat 5: Dorex2007 (small blind) folded on the Flop
Seat 6: Samolyuk (big blind) folded on the Flop
Seat 7: CEBEP_X7X folded on the Flop (didn't bet)
Seat 8: 1tillit1 folded before Flop (didn't bet)
Seat 9: ezzeARG folded before Flop (didn't bet)



PokerStars Hand #227351870445:  Hold'em No Limit ($0.01/$0.02 USD) - 2021/06/05 12:22:26 PT [2021/06/05 15:22:26 ET]
Table 'Iocaste II' 9-max Seat #5 is the button
Seat 1: mayakden ($3 in chips) 
Seat 2: lolilolka ($6.12 in chips) 
Seat 3: kuyan535 ($0.79 in chips) 
Seat 4: Tiewire ($2 in chips) 
Seat 5: Dorex2007 ($1.95 in chips) 
Seat 6: Samolyuk ($5.24 in chips) 
Seat 7: CEBEP_X7X ($0.78 in chips) 
Seat 8: 1tillit1 ($2 in chips) 
Seat 9: ezzeARG ($1.52 in chips) 
Samolyuk: posts small blind $0.01
CEBEP_X7X: posts big blind $0.02
*** HOLE CARDS ***
Dealt to Dorex2007 [3h 4c]
1tillit1: folds 
ezzeARG: folds 
mayakden: folds 
lolilolka: folds 
kuyan535: folds 
Tiewire: raises $0.04 to $0.06
Dorex2007: folds 
Samolyuk: folds 
CEBEP_X7X: calls $0.04
*** FLOP *** [6c Qs 6s]
CEBEP_X7X: bets $0.06
Tiewire: calls $0.06
*** TURN *** [6c Qs 6s] [7s]
CEBEP_X7X: checks 
Tiewire: checks 
*** RIVER *** [6c Qs 6s 7s] [Ah]
CEBEP_X7X: checks 
Tiewire: bets $0.18
CEBEP_X7X: folds 
Uncalled bet ($0.18) returned to Tiewire
Tiewire collected $0.24 from pot
Tiewire: doesn't show hand 
*** SUMMARY ***
Total pot $0.25 | Rake $0.01 
Board [6c Qs 6s 7s Ah]
Seat 1: mayakden folded before Flop (didn't bet)
Seat 2: lolilolka folded before Flop (didn't bet)
Seat 3: kuyan535 folded before Flop (didn't bet)
Seat 4: Tiewire collected ($0.24)
Seat 5: Dorex2007 (button) folded before Flop (didn't bet)
Seat 6: Samolyuk (small blind) folded before Flop
Seat 7: CEBEP_X7X (big blind) folded on the River
Seat 8: 1tillit1 folded before Flop (didn't bet)
Seat 9: ezzeARG folded before Flop (didn't bet)



PokerStars Hand #227351899060:  Hold'em No Limit ($0.01/$0.02 USD) - 2021/06/05 12:23:19 PT [2021/06/05 15:23:19 ET]
Table 'Iocaste II' 9-max Seat #6 is the button
Seat 1: mayakden ($3 in chips) 
Seat 2: lolilolka ($6.12 in chips) 
Seat 3: kuyan535 ($0.79 in chips) 
Seat 4: Tiewire ($2.12 in chips) 
Seat 5: Dorex2007 ($1.95 in chips) 
Seat 6: Samolyuk ($5.23 in chips) 
Seat 7: CEBEP_X7X ($0.66 in chips) 
Seat 8: 1tillit1 ($2 in chips) 
Seat 9: ezzeARG ($1.52 in chips) 
CEBEP_X7X: posts small blind $0.01
1tillit1: posts big blind $0.02
*** HOLE CARDS ***
Dealt to Dorex2007 [2h 8s]
ezzeARG: folds 
mayakden: folds 
lolilolka: folds 
kuyan535: folds 
Tiewire: raises $0.04 to $0.06
Dorex2007: folds 
Samolyuk: folds 
CEBEP_X7X: calls $0.05
1tillit1: calls $0.04
*** FLOP *** [Ac 4c 4h]
CEBEP_X7X: checks 
1tillit1: checks 
Tiewire: bets $0.12
CEBEP_X7X: folds 
1tillit1: folds 
Uncalled bet ($0.12) returned to Tiewire
Tiewire collected $0.17 from pot
Tiewire: doesn't show hand 
*** SUMMARY ***
Total pot $0.18 | Rake $0.01 
Board [Ac 4c 4h]
Seat 1: mayakden folded before Flop (didn't bet)
Seat 2: lolilolka folded before Flop (didn't bet)
Seat 3: kuyan535 folded before Flop (didn't bet)
Seat 4: Tiewire collected ($0.17)
Seat 5: Dorex2007 folded before Flop (didn't bet)
Seat 6: Samolyuk (button) folded before Flop (didn't bet)
Seat 7: CEBEP_X7X (small blind) folded on the Flop
Seat 8: 1tillit1 (big blind) folded on the Flop
Seat 9: ezzeARG folded before Flop (didn't bet)



PokerStars Hand #227351918555:  Hold'em No Limit ($0.01/$0.02 USD) - 2021/06/05 12:23:55 PT [2021/06/05 15:23:55 ET]
Table 'Iocaste II' 9-max Seat #7 is the button
Seat 1: mayakden ($3 in chips) 
Seat 2: lolilolka ($6.12 in chips) 
Seat 3: kuyan535 ($0.79 in chips) 
Seat 4: Tiewire ($2.23 in chips) 
Seat 5: Dorex2007 ($1.95 in chips) 
Seat 6: Samolyuk ($5.23 in chips) 
Seat 7: CEBEP_X7X ($0.60 in chips) 
Seat 8: 1tillit1 ($2 in chips) 
Seat 9: ezzeARG ($1.52 in chips) 
1tillit1: posts small blind $0.01
ezzeARG: posts big blind $0.02
*** HOLE CARDS ***
Dealt to Dorex2007 [Ad 9s]
mayakden: folds 
lolilolka: folds 
kuyan535: calls $0.02
Tiewire: folds 
Dorex2007: folds 
Samolyuk: calls $0.02
CEBEP_X7X: calls $0.02
1tillit1: folds 
ezzeARG: checks 
*** FLOP *** [8d 7s Kc]
ezzeARG: checks 
kuyan535: checks 
Samolyuk: checks 
CEBEP_X7X: checks 
*** TURN *** [8d 7s Kc] [8s]
ezzeARG: checks 
kuyan535: checks 
Samolyuk: bets $0.04
CEBEP_X7X: folds 
ezzeARG: folds 
kuyan535: raises $0.12 to $0.16
Samolyuk: calls $0.12
*** RIVER *** [8d 7s Kc 8s] [Th]
kuyan535: bets $0.20
Samolyuk: calls $0.20
*** SHOW DOWN ***
kuyan535: shows [8h Qh] (three of a kind, Eights)
Samolyuk: mucks hand 
kuyan535 collected $0.78 from pot
*** SUMMARY ***
Total pot $0.81 | Rake $0.03 
Board [8d 7s Kc 8s Th]
Seat 1: mayakden folded before Flop (didn't bet)
Seat 2: lolilolka folded before Flop (didn't bet)
Seat 3: kuyan535 showed [8h Qh] and won ($0.78) with three of a kind, Eights
Seat 4: Tiewire folded before Flop (didn't bet)
Seat 5: Dorex2007 folded before Flop (didn't bet)
Seat 6: Samolyuk mucked [8c 6c]
Seat 7: CEBEP_X7X (button) folded on the Turn
Seat 8: 1tillit1 (small blind) folded before Flop
Seat 9: ezzeARG (big blind) folded on the Turn



PokerStars Hand #227351955893:  Hold'em No Limit ($0.01/$0.02 USD) - 2021/06/05 12:25:04 PT [2021/06/05 15:25:04 ET]
Table 'Iocaste II' 9-max Seat #8 is the button
Seat 1: mayakden ($3 in chips) 
Seat 2: lolilolka ($6.12 in chips) 
Seat 3: kuyan535 ($1.19 in chips) 
Seat 4: Tiewire ($2.23 in chips) 
Seat 5: Dorex2007 ($1.95 in chips) 
Seat 6: Samolyuk ($4.85 in chips) 
Seat 7: CEBEP_X7X ($0.58 in chips) 
Seat 8: 1tillit1 ($2 in chips) 
Seat 9: ezzeARG ($1.50 in chips) 
ezzeARG: posts small blind $0.01
mayakden: posts big blind $0.02
*** HOLE CARDS ***
Dealt to Dorex2007 [Ks 8c]
lolilolka: folds 
kuyan535: folds 
Tiewire: folds 
Dorex2007: folds 
Samolyuk: folds 
CEBEP_X7X: folds 
1tillit1: raises $0.03 to $0.05
ezzeARG: folds 
mayakden: folds 
Uncalled bet ($0.03) returned to 1tillit1
1tillit1 collected $0.05 from pot
1tillit1: doesn't show hand 
*** SUMMARY ***
Total pot $0.05 | Rake $0 
Seat 1: mayakden (big blind) folded before Flop
Seat 2: lolilolka folded before Flop (didn't bet)
Seat 3: kuyan535 folded before Flop (didn't bet)
Seat 4: Tiewire folded before Flop (didn't bet)
Seat 5: Dorex2007 folded before Flop (didn't bet)
Seat 6: Samolyuk folded before Flop (didn't bet)
Seat 7: CEBEP_X7X folded before Flop (didn't bet)
Seat 8: 1tillit1 (button) collected ($0.05)
Seat 9: ezzeARG (small blind) folded before Flop



PokerStars Hand #227351965035:  Hold'em No Limit ($0.01/$0.02 USD) - 2021/06/05 12:25:21 PT [2021/06/05 15:25:21 ET]
Table 'Iocaste II' 9-max Seat #9 is the button
Seat 1: mayakden ($2.98 in chips) 
Seat 2: lolilolka ($6.12 in chips) 
Seat 3: kuyan535 ($1.19 in chips) 
Seat 4: Tiewire ($2.23 in chips) 
Seat 5: Dorex2007 ($1.95 in chips) 
Seat 6: Samolyuk ($4.85 in chips) 
Seat 7: CEBEP_X7X ($0.58 in chips) 
Seat 8: 1tillit1 ($2.03 in chips) 
Seat 9: ezzeARG ($1.49 in chips) 
mayakden: posts small blind $0.01
lolilolka: posts big blind $0.02
*** HOLE CARDS ***
Dealt to Dorex2007 [3s Th]
kuyan535: folds 
Tiewire: folds 
Dorex2007: folds 
Samolyuk: folds 
CEBEP_X7X: folds 
1tillit1: folds 
ezzeARG: raises $0.04 to $0.06
mayakden: raises $0.14 to $0.20
lolilolka: folds 
ezzeARG: calls $0.14
*** FLOP *** [8c 2s Qc]
mayakden: bets $0.20
ezzeARG: raises $0.24 to $0.44
mayakden: calls $0.24
*** TURN *** [8c 2s Qc] [9c]
mayakden: checks 
ezzeARG: bets $0.85 and is all-in
mayakden: folds 
Uncalled bet ($0.85) returned to ezzeARG
ezzeARG collected $1.25 from pot
ezzeARG: doesn't show hand 
*** SUMMARY ***
Total pot $1.30 | Rake $0.05 
Board [8c 2s Qc 9c]
Seat 1: mayakden (small blind) folded on the Turn
Seat 2: lolilolka (big blind) folded before Flop
Seat 3: kuyan535 folded before Flop (didn't bet)
Seat 4: Tiewire folded before Flop (didn't bet)
Seat 5: Dorex2007 folded before Flop (didn't bet)
Seat 6: Samolyuk folded before Flop (didn't bet)
Seat 7: CEBEP_X7X folded before Flop (didn't bet)
Seat 8: 1tillit1 folded before Flop (didn't bet)
Seat 9: ezzeARG (button) collected ($1.25)



PokerStars Hand #227352012784:  Hold'em No Limit ($0.01/$0.02 USD) - 2021/06/05 12:26:50 PT [2021/06/05 15:26:50 ET]
Table 'Iocaste II' 9-max Seat #1 is the button
Seat 1: mayakden ($2.34 in chips) 
Seat 2: lolilolka ($6.10 in chips) 
Seat 3: kuyan535 ($1.19 in chips) 
Seat 4: Tiewire ($2.23 in chips) 
Seat 5: Dorex2007 ($1.95 in chips) 
Seat 6: Samolyuk ($4.85 in chips) 
Seat 7: CEBEP_X7X ($0.58 in chips) 
Seat 8: 1tillit1 ($2.03 in chips) 
Seat 9: ezzeARG ($2.10 in chips) 
lolilolka: posts small blind $0.01
kuyan535: posts big blind $0.02
*** HOLE CARDS ***
Dealt to Dorex2007 [9d Js]
Tiewire: folds 
Dorex2007: folds 
Samolyuk: folds 
CEBEP_X7X: folds 
1tillit1: raises $0.04 to $0.06
ezzeARG: calls $0.06
mayakden: folds 
lolilolka: folds 
kuyan535: calls $0.04
*** FLOP *** [Qh 8h Tc]
kuyan535: checks 
1tillit1: bets $0.12
ezzeARG: folds 
kuyan535: folds 
Uncalled bet ($0.12) returned to 1tillit1
1tillit1 collected $0.18 from pot
1tillit1: doesn't show hand 
*** SUMMARY ***
Total pot $0.19 | Rake $0.01 
Board [Qh 8h Tc]
Seat 1: mayakden (button) folded before Flop (didn't bet)
Seat 2: lolilolka (small blind) folded before Flop
Seat 3: kuyan535 (big blind) folded on the Flop
Seat 4: Tiewire folded before Flop (didn't bet)
Seat 5: Dorex2007 folded before Flop (didn't bet)
Seat 6: Samolyuk folded before Flop (didn't bet)
Seat 7: CEBEP_X7X folded before Flop (didn't bet)
Seat 8: 1tillit1 collected ($0.18)
Seat 9: ezzeARG folded on the Flop



PokerStars Hand #227352033263:  Hold'em No Limit ($0.01/$0.02 USD) - 2021/06/05 12:27:28 PT [2021/06/05 15:27:28 ET]
Table 'Iocaste II' 9-max Seat #2 is the button
Seat 1: mayakden ($2.34 in chips) 
Seat 2: lolilolka ($6.09 in chips) 
Seat 3: kuyan535 ($1.13 in chips) 
Seat 4: Tiewire ($2.23 in chips) 
Seat 5: Dorex2007 ($1.95 in chips) 
Seat 6: Samolyuk ($4.85 in chips) 
Seat 7: CEBEP_X7X ($0.58 in chips) 
Seat 8: 1tillit1 ($2.15 in chips) 
Seat 9: ezzeARG ($2.04 in chips) 
kuyan535: posts small blind $0.01
Tiewire: posts big blind $0.02
*** HOLE CARDS ***
Dealt to Dorex2007 [Kd 2s]
Dorex2007: folds 
Samolyuk: folds 
CEBEP_X7X: calls $0.02
1tillit1: raises $0.08 to $0.10
ezzeARG: folds 
mayakden: folds 
lolilolka: folds 
kuyan535: folds 
Tiewire: folds 
CEBEP_X7X: calls $0.08
*** FLOP *** [Kh 6s 7s]
CEBEP_X7X: checks 
1tillit1: checks 
*** TURN *** [Kh 6s 7s] [Qd]
CEBEP_X7X: checks 
1tillit1: bets $0.12
CEBEP_X7X: folds 
Uncalled bet ($0.12) returned to 1tillit1
1tillit1 collected $0.22 from pot
1tillit1: doesn't show hand 
*** SUMMARY ***
Total pot $0.23 | Rake $0.01 
Board [Kh 6s 7s Qd]
Seat 1: mayakden folded before Flop (didn't bet)
Seat 2: lolilolka (button) folded before Flop (didn't bet)
Seat 3: kuyan535 (small blind) folded before Flop
Seat 4: Tiewire (big blind) folded before Flop
Seat 5: Dorex2007 folded before Flop (didn't bet)
Seat 6: Samolyuk folded before Flop (didn't bet)
Seat 7: CEBEP_X7X folded on the Turn
Seat 8: 1tillit1 collected ($0.22)
Seat 9: ezzeARG folded before Flop (didn't bet)



PokerStars Hand #227352057961:  Hold'em No Limit ($0.01/$0.02 USD) - 2021/06/05 12:28:13 PT [2021/06/05 15:28:13 ET]
Table 'Iocaste II' 9-max Seat #3 is the button
Seat 1: mayakden ($2.34 in chips) 
Seat 2: lolilolka ($6.09 in chips) 
Seat 3: kuyan535 ($1.12 in chips) 
Seat 4: Tiewire ($2.21 in chips) 
Seat 5: Dorex2007 ($1.95 in chips) 
Seat 6: Samolyuk ($4.85 in chips) 
Seat 7: CEBEP_X7X ($0.48 in chips) 
Seat 8: 1tillit1 ($2.27 in chips) 
Seat 9: ezzeARG ($2.04 in chips) 
Tiewire: posts small blind $0.01
Dorex2007: posts big blind $0.02
*** HOLE CARDS ***
Dealt to Dorex2007 [As Qc]
Samolyuk: folds 
CEBEP_X7X: calls $0.02
1tillit1: folds 
ezzeARG: folds 
mayakden: folds 
lolilolka: raises $0.02 to $0.04
kuyan535: folds 
Tiewire: folds 
Dorex2007: calls $0.02
CEBEP_X7X: calls $0.02
*** FLOP *** [Qs Js Jh]
Dorex2007: checks 
CEBEP_X7X: checks 
lolilolka: bets $0.08
Dorex2007: calls $0.08
CEBEP_X7X: calls $0.08
*** TURN *** [Qs Js Jh] [2s]
Dorex2007: checks 
CEBEP_X7X: checks 
lolilolka: checks 
*** RIVER *** [Qs Js Jh 2s] [Kh]
Dorex2007: checks 
CEBEP_X7X: checks 
lolilolka: checks 
*** SHOW DOWN ***
Dorex2007: shows [As Qc] (two pair, Queens and Jacks)
CEBEP_X7X: mucks hand 
lolilolka: mucks hand 
Dorex2007 collected $0.36 from pot
*** SUMMARY ***
Total pot $0.37 | Rake $0.01 
Board [Qs Js Jh 2s Kh]
Seat 1: mayakden folded before Flop (didn't bet)
Seat 2: lolilolka mucked [2d Ad]
Seat 3: kuyan535 (button) folded before Flop (didn't bet)
Seat 4: Tiewire (small blind) folded before Flop
Seat 5: Dorex2007 (big blind) showed [As Qc] and won ($0.36) with two pair, Queens and Jacks
Seat 6: Samolyuk folded before Flop (didn't bet)
Seat 7: CEBEP_X7X mucked [8c Td]
Seat 8: 1tillit1 folded before Flop (didn't bet)
Seat 9: ezzeARG folded before Flop (didn't bet)



PokerStars Hand #227352093435:  Hold'em No Limit ($0.01/$0.02 USD) - 2021/06/05 12:29:19 PT [2021/06/05 15:29:19 ET]
Table 'Iocaste II' 9-max Seat #4 is the button
Seat 1: mayakden ($2.34 in chips) 
Seat 2: lolilolka ($5.97 in chips) 
Seat 3: kuyan535 ($1.12 in chips) 
Seat 4: Tiewire ($2.20 in chips) 
Seat 5: Dorex2007 ($2.19 in chips) 
Seat 6: Samolyuk ($4.85 in chips) 
Seat 7: CEBEP_X7X ($0.36 in chips) 
Seat 8: 1tillit1 ($2.27 in chips) 
Seat 9: ezzeARG ($2.04 in chips) 
Dorex2007: posts small blind $0.01
Samolyuk: posts big blind $0.02
*** HOLE CARDS ***
Dealt to Dorex2007 [6c Qc]
CEBEP_X7X: raises $0.02 to $0.04
1tillit1: folds 
ezzeARG: folds 
mayakden: raises $0.10 to $0.14
lolilolka: folds 
kuyan535: folds 
Tiewire: folds 
Dorex2007: folds 
Samolyuk: calls $0.12
CEBEP_X7X: raises $0.22 to $0.36 and is all-in
mayakden: calls $0.22
Samolyuk: calls $0.22
*** FLOP *** [Qd Tc 3c]
Samolyuk: checks 
mayakden: checks 
*** TURN *** [Qd Tc 3c] [7c]
Samolyuk: bets $0.34
mayakden: calls $0.34
*** RIVER *** [Qd Tc 3c 7c] [Th]
Samolyuk: bets $0.36
mayakden: folds 
Uncalled bet ($0.36) returned to Samolyuk
*** SHOW DOWN ***
Samolyuk: shows [Qs As] (two pair, Queens and Tens)
Samolyuk collected $0.66 from side pot
CEBEP_X7X: shows [6d 6s] (two pair, Tens and Sixes)
Samolyuk collected $1.05 from main pot
*** SUMMARY ***
Total pot $1.77 Main pot $1.05. Side pot $0.66. | Rake $0.06 
Board [Qd Tc 3c 7c Th]
Seat 1: mayakden folded on the River
Seat 2: lolilolka folded before Flop (didn't bet)
Seat 3: kuyan535 folded before Flop (didn't bet)
Seat 4: Tiewire (button) folded before Flop (didn't bet)
Seat 5: Dorex2007 (small blind) folded before Flop
Seat 6: Samolyuk (big blind) showed [Qs As] and won ($1.71) with two pair, Queens and Tens
Seat 7: CEBEP_X7X showed [6d 6s] and lost with two pair, Tens and Sixes
Seat 8: 1tillit1 folded before Flop (didn't bet)
Seat 9: ezzeARG folded before Flop (didn't bet)



PokerStars Hand #227352162833:  Hold'em No Limit ($0.01/$0.02 USD) - 2021/06/05 12:31:23 PT [2021/06/05 15:31:23 ET]
Table 'Iocaste II' 9-max Seat #5 is the button
Seat 1: mayakden ($1.64 in chips) 
Seat 2: lolilolka ($5.97 in chips) 
Seat 3: kuyan535 ($1.12 in chips) 
Seat 4: Tiewire ($2.20 in chips) 
Seat 5: Dorex2007 ($2.18 in chips) 
Seat 6: Samolyuk ($5.86 in chips) 
Seat 8: 1tillit1 ($2.27 in chips) 
Seat 9: ezzeARG ($2.04 in chips) 
Samolyuk: posts small blind $0.01
1tillit1: posts big blind $0.02
*** HOLE CARDS ***
Dealt to Dorex2007 [Qh Kh]
ezzeARG: folds 
mayakden: folds 
lolilolka: folds 
kuyan535: folds 
Tiewire: folds 
CEBEP_X7X leaves the table
Dorex2007: raises $0.02 to $0.04
Samolyuk: folds 
1tillit1: calls $0.02
*** FLOP *** [Kc 6d 6s]
tylerdurden21x joins the table at seat #7 
1tillit1: checks 
Dorex2007: bets $0.09
1tillit1: calls $0.09
*** TURN *** [Kc 6d 6s] [2h]
1tillit1: checks 
Dorex2007: bets $0.13
1tillit1: raises $0.27 to $0.40
Dorex2007: calls $0.27
*** RIVER *** [Kc 6d 6s 2h] [9s]
1tillit1: bets $0.58
Dorex2007: calls $0.58
*** SHOW DOWN ***
1tillit1: shows [6h 3h] (three of a kind, Sixes)
Dorex2007: mucks hand 
1tillit1 collected $2.15 from pot
*** SUMMARY ***
Total pot $2.23 | Rake $0.08 
Board [Kc 6d 6s 2h 9s]
Seat 1: mayakden folded before Flop (didn't bet)
Seat 2: lolilolka folded before Flop (didn't bet)
Seat 3: kuyan535 folded before Flop (didn't bet)
Seat 4: Tiewire folded before Flop (didn't bet)
Seat 5: Dorex2007 (button) mucked [Qh Kh]
Seat 6: Samolyuk (small blind) folded before Flop
Seat 8: 1tillit1 (big blind) showed [6h 3h] and won ($2.15) with three of a kind, Sixes
Seat 9: ezzeARG folded before Flop (didn't bet)



PokerStars Hand #227352207851:  Hold'em No Limit ($0.01/$0.02 USD) - 2021/06/05 12:32:47 PT [2021/06/05 15:32:47 ET]
Table 'Iocaste II' 9-max Seat #6 is the button
Seat 1: mayakden ($1.64 in chips) 
Seat 2: lolilolka ($5.97 in chips) 
Seat 3: kuyan535 ($1.12 in chips) 
Seat 4: Tiewire ($2.20 in chips) 
Seat 5: Dorex2007 ($1.07 in chips) 
Seat 6: Samolyuk ($5.85 in chips) 
Seat 8: 1tillit1 ($3.31 in chips) 
Seat 9: ezzeARG ($2.04 in chips) 
1tillit1: posts small blind $0.01
ezzeARG: posts big blind $0.02
*** HOLE CARDS ***
Dealt to Dorex2007 [Jc 6s]
mayakden: folds 
lolilolka: raises $0.04 to $0.06
kuyan535: folds 
Tiewire: folds 
Dorex2007 has timed out
Dorex2007: folds 
Samolyuk: calls $0.06
1tillit1: folds 
ezzeARG: folds 
*** FLOP *** [Tc Js 4d]
lolilolka: bets $0.07
Samolyuk: calls $0.07
*** TURN *** [Tc Js 4d] [Qs]
lolilolka: bets $0.14
Samolyuk: calls $0.14
*** RIVER *** [Tc Js 4d Qs] [3h]
lolilolka: checks 
Samolyuk: bets $0.20
lolilolka: folds 
Uncalled bet ($0.20) returned to Samolyuk
Samolyuk collected $0.55 from pot
*** SUMMARY ***
Total pot $0.57 | Rake $0.02 
Board [Tc Js 4d Qs 3h]
Seat 1: mayakden folded before Flop (didn't bet)
Seat 2: lolilolka folded on the River
Seat 3: kuyan535 folded before Flop (didn't bet)
Seat 4: Tiewire folded before Flop (didn't bet)
Seat 5: Dorex2007 folded before Flop (didn't bet)
Seat 6: Samolyuk (button) collected ($0.55)
Seat 8: 1tillit1 (small blind) folded before Flop
Seat 9: ezzeARG (big blind) folded before Flop



PokerStars Hand #227352258238:  Hold'em No Limit ($0.01/$0.02 USD) - 2021/06/05 12:34:21 PT [2021/06/05 15:34:21 ET]
Table 'Iocaste II' 9-max Seat #9 is the button
Seat 1: mayakden ($1.98 in chips) 
Seat 2: lolilolka ($5.70 in chips) 
Seat 3: kuyan535 ($1.12 in chips) 
Seat 4: Tiewire ($2.20 in chips) 
Seat 5: Dorex2007 ($1.07 in chips) 
Seat 6: Samolyuk ($6.13 in chips) 
Seat 7: tylerdurden21x ($3.16 in chips) 
Seat 8: 1tillit1 ($3.30 in chips) 
Seat 9: ezzeARG ($2.06 in chips) 
mayakden: posts small blind $0.01
lolilolka: posts big blind $0.02
*** HOLE CARDS ***
Dealt to Dorex2007 [Ac Jc]
kuyan535: folds 
Tiewire: folds 
Dorex2007: raises $0.04 to $0.06
Samolyuk: calls $0.06
tylerdurden21x: folds 
1tillit1: folds 
ezzeARG: folds 
mayakden: folds 
lolilolka: calls $0.04
*** FLOP *** [4d 3d Tc]
lolilolka: checks 
Dorex2007: checks 
Samolyuk: checks 
*** TURN *** [4d 3d Tc] [Kd]
lolilolka: checks 
Dorex2007: checks 
Samolyuk: checks 
*** RIVER *** [4d 3d Tc Kd] [5c]
lolilolka: bets $0.09
Dorex2007: folds 
Samolyuk: raises $0.19 to $0.28
lolilolka: calls $0.19
*** SHOW DOWN ***
Samolyuk: shows [Ah 2h] (a straight, Ace to Five)
lolilolka: mucks hand 
Samolyuk collected $0.72 from pot
*** SUMMARY ***
Total pot $0.75 | Rake $0.03 
Board [4d 3d Tc Kd 5c]
Seat 1: mayakden (small blind) folded before Flop
Seat 2: lolilolka (big blind) mucked [9s 9h]
Seat 3: kuyan535 folded before Flop (didn't bet)
Seat 4: Tiewire folded before Flop (didn't bet)
Seat 5: Dorex2007 folded on the River
Seat 6: Samolyuk showed [Ah 2h] and won ($0.72) with a straight, Ace to Five
Seat 7: tylerdurden21x folded before Flop (didn't bet)
Seat 8: 1tillit1 folded before Flop (didn't bet)
Seat 9: ezzeARG (button) folded before Flop (didn't bet)



PokerStars Hand #227352284073:  Hold'em No Limit ($0.01/$0.02 USD) - 2021/06/05 12:35:09 PT [2021/06/05 15:35:09 ET]
Table 'Iocaste II' 9-max Seat #1 is the button
Seat 1: mayakden ($1.97 in chips) 
Seat 2: lolilolka ($5.36 in chips) 
Seat 3: kuyan535 ($1.12 in chips) 
Seat 4: Tiewire ($2.20 in chips) 
Seat 5: Dorex2007 ($1.81 in chips) 
Seat 6: Samolyuk ($6.51 in chips) 
Seat 7: tylerdurden21x ($3.16 in chips) 
Seat 8: 1tillit1 ($3.30 in chips) 
Seat 9: ezzeARG ($2.06 in chips) 
lolilolka: posts small blind $0.01
kuyan535: posts big blind $0.02
*** HOLE CARDS ***
Dealt to Dorex2007 [8h 5c]
Tiewire: folds 
Dorex2007: folds 
Samolyuk: raises $0.04 to $0.06
tylerdurden21x: folds 
1tillit1: folds 
ezzeARG: folds 
mayakden: folds 
lolilolka: folds 
kuyan535: folds 
Uncalled bet ($0.04) returned to Samolyuk
Samolyuk collected $0.05 from pot
*** SUMMARY ***
Total pot $0.05 | Rake $0 
Seat 1: mayakden (button) folded before Flop (didn't bet)
Seat 2: lolilolka (small blind) folded before Flop
Seat 3: kuyan535 (big blind) folded before Flop
Seat 4: Tiewire folded before Flop (didn't bet)
Seat 5: Dorex2007 folded before Flop (didn't bet)
Seat 6: Samolyuk collected ($0.05)
Seat 7: tylerdurden21x folded before Flop (didn't bet)
Seat 8: 1tillit1 folded before Flop (didn't bet)
Seat 9: ezzeARG folded before Flop (didn't bet)



PokerStars Hand #227352294515:  Hold'em No Limit ($0.01/$0.02 USD) - 2021/06/05 12:35:28 PT [2021/06/05 15:35:28 ET]
Table 'Iocaste II' 9-max Seat #2 is the button
Seat 1: mayakden ($1.97 in chips) 
Seat 2: lolilolka ($5.35 in chips) 
Seat 3: kuyan535 ($1.10 in chips) 
Seat 4: Tiewire ($2.20 in chips) 
Seat 5: Dorex2007 ($1.81 in chips) 
Seat 6: Samolyuk ($6.54 in chips) 
Seat 7: tylerdurden21x ($3.16 in chips) 
Seat 8: 1tillit1 ($3.30 in chips) 
Seat 9: ezzeARG ($2.06 in chips) 
kuyan535: posts small blind $0.01
Tiewire: posts big blind $0.02
*** HOLE CARDS ***
Dealt to Dorex2007 [Td Qs]
Dorex2007: folds 
Samolyuk: folds 
tylerdurden21x: folds 
1tillit1: folds 
ezzeARG: folds 
mayakden: folds 
lolilolka: raises $0.04 to $0.06
kuyan535: folds 
Tiewire: folds 
Uncalled bet ($0.04) returned to lolilolka
lolilolka collected $0.05 from pot
lolilolka: doesn't show hand 
*** SUMMARY ***
Total pot $0.05 | Rake $0 
Seat 1: mayakden folded before Flop (didn't bet)
Seat 2: lolilolka (button) collected ($0.05)
Seat 3: kuyan535 (small blind) folded before Flop
Seat 4: Tiewire (big blind) folded before Flop
Seat 5: Dorex2007 folded before Flop (didn't bet)
Seat 6: Samolyuk folded before Flop (didn't bet)
Seat 7: tylerdurden21x folded before Flop (didn't bet)
Seat 8: 1tillit1 folded before Flop (didn't bet)
Seat 9: ezzeARG folded before Flop (didn't bet)



PokerStars Hand #227352305494:  Hold'em No Limit ($0.01/$0.02 USD) - 2021/06/05 12:35:49 PT [2021/06/05 15:35:49 ET]
Table 'Iocaste II' 9-max Seat #3 is the button
Seat 1: mayakden ($1.97 in chips) 
Seat 2: lolilolka ($5.38 in chips) 
Seat 3: kuyan535 ($1.09 in chips) 
Seat 4: Tiewire ($2.18 in chips) 
Seat 5: Dorex2007 ($1.81 in chips) 
Seat 6: Samolyuk ($6.54 in chips) 
Seat 7: tylerdurden21x ($3.16 in chips) 
Seat 8: 1tillit1 ($3.30 in chips) 
Seat 9: ezzeARG ($2.06 in chips) 
Tiewire: posts small blind $0.01
Dorex2007: posts big blind $0.02
*** HOLE CARDS ***
Dealt to Dorex2007 [9c Jd]
Samolyuk: calls $0.02
tylerdurden21x: folds 
1tillit1: folds 
ezzeARG: raises $0.02 to $0.04
mayakden: folds 
lolilolka: raises $0.08 to $0.12
kuyan535: calls $0.12
Tiewire: folds 
Dorex2007: folds 
Samolyuk: calls $0.10
ezzeARG: folds 
*** FLOP *** [2h 4s 5c]
Samolyuk: checks 
lolilolka: checks 
kuyan535: bets $0.21
Samolyuk: calls $0.21
lolilolka: folds 
*** TURN *** [2h 4s 5c] [3s]
Samolyuk: checks 
kuyan535: bets $0.41
Samolyuk: folds 
Uncalled bet ($0.41) returned to kuyan535
kuyan535 collected $0.82 from pot
kuyan535: doesn't show hand 
*** SUMMARY ***
Total pot $0.85 | Rake $0.03 
Board [2h 4s 5c 3s]
Seat 1: mayakden folded before Flop (didn't bet)
Seat 2: lolilolka folded on the Flop
Seat 3: kuyan535 (button) collected ($0.82)
Seat 4: Tiewire (small blind) folded before Flop
Seat 5: Dorex2007 (big blind) folded before Flop
Seat 6: Samolyuk folded on the Turn
Seat 7: tylerdurden21x folded before Flop (didn't bet)
Seat 8: 1tillit1 folded before Flop (didn't bet)
Seat 9: ezzeARG folded before Flop



PokerStars Hand #227352344627:  Hold'em No Limit ($0.01/$0.02 USD) - 2021/06/05 12:36:53 PT [2021/06/05 15:36:53 ET]
Table 'Iocaste II' 9-max Seat #4 is the button
Seat 1: mayakden ($1.97 in chips) 
Seat 2: lolilolka ($5.26 in chips) 
Seat 3: kuyan535 ($1.58 in chips) 
Seat 4: Tiewire ($2.17 in chips) 
Seat 5: Dorex2007 ($1.79 in chips) 
Seat 7: tylerdurden21x ($3.16 in chips) 
Seat 8: 1tillit1 ($3.30 in chips) 
Seat 9: ezzeARG ($2.02 in chips) 
Dorex2007: posts small blind $0.01
Samolyuk: is sitting out 
tylerdurden21x: posts big blind $0.02
*** HOLE CARDS ***
Dealt to Dorex2007 [Jc Jd]
1tillit1: folds 
Samolyuk leaves the table
ezzeARG: calls $0.02
mayakden: folds 
lolilolka: folds 
kuyan535: folds 
Tiewire: raises $0.06 to $0.08
Dorex2007: calls $0.07
tylerdurden21x: folds 
ezzeARG: calls $0.06
*** FLOP *** [9c Kd 8s]
Baxieboo joins the table at seat #6 
Dorex2007: checks 
ezzeARG: checks 
Tiewire: bets $0.12
Dorex2007: folds 
ezzeARG: folds 
Uncalled bet ($0.12) returned to Tiewire
Tiewire collected $0.25 from pot
Tiewire: doesn't show hand 
*** SUMMARY ***
Total pot $0.26 | Rake $0.01 
Board [9c Kd 8s]
Seat 1: mayakden folded before Flop (didn't bet)
Seat 2: lolilolka folded before Flop (didn't bet)
Seat 3: kuyan535 folded before Flop (didn't bet)
Seat 4: Tiewire (button) collected ($0.25)
Seat 5: Dorex2007 (small blind) folded on the Flop
Seat 7: tylerdurden21x (big blind) folded before Flop
Seat 8: 1tillit1 folded before Flop (didn't bet)
Seat 9: ezzeARG folded on the Flop



PokerStars Hand #227352365717:  Hold'em No Limit ($0.01/$0.02 USD) - 2021/06/05 12:37:33 PT [2021/06/05 15:37:33 ET]
Table 'Iocaste II' 9-max Seat #5 is the button
Seat 1: mayakden ($1.97 in chips) 
Seat 2: lolilolka ($5.26 in chips) 
Seat 3: kuyan535 ($1.58 in chips) 
Seat 4: Tiewire ($2.34 in chips) 
Seat 5: Dorex2007 ($1.71 in chips) 
Seat 7: tylerdurden21x ($3.14 in chips) 
Seat 8: 1tillit1 ($3.30 in chips) 
Seat 9: ezzeARG ($1.94 in chips) 
tylerdurden21x: posts small blind $0.01
1tillit1: posts big blind $0.02
*** HOLE CARDS ***
Dealt to Dorex2007 [5d Ac]
ezzeARG: calls $0.02
mayakden: folds 
lolilolka: raises $0.04 to $0.06
kuyan535: folds 
Tiewire: folds 
Dorex2007: folds 
tylerdurden21x: folds 
1tillit1: folds 
ezzeARG: folds 
Uncalled bet ($0.04) returned to lolilolka
lolilolka collected $0.07 from pot
lolilolka: doesn't show hand 
*** SUMMARY ***
Total pot $0.07 | Rake $0 
Seat 1: mayakden folded before Flop (didn't bet)
Seat 2: lolilolka collected ($0.07)
Seat 3: kuyan535 folded before Flop (didn't bet)
Seat 4: Tiewire folded before Flop (didn't bet)
Seat 5: Dorex2007 (button) folded before Flop (didn't bet)
Seat 7: tylerdurden21x (small blind) folded before Flop
Seat 8: 1tillit1 (big blind) folded before Flop
Seat 9: ezzeARG folded before Flop



PokerStars Hand #227352378986:  Hold'em No Limit ($0.01/$0.02 USD) - 2021/06/05 12:37:57 PT [2021/06/05 15:37:57 ET]
Table 'Iocaste II' 9-max Seat #7 is the button
Seat 1: mayakden ($1.97 in chips) 
Seat 2: lolilolka ($5.31 in chips) 
Seat 3: kuyan535 ($1.58 in chips) 
Seat 4: Tiewire ($2.34 in chips) 
Seat 5: Dorex2007 ($1.71 in chips) 
Seat 6: Baxieboo ($1.60 in chips) 
Seat 7: tylerdurden21x ($3.13 in chips) 
Seat 8: 1tillit1 ($3.28 in chips) 
Seat 9: ezzeARG ($1.92 in chips) 
1tillit1: posts small blind $0.01
ezzeARG: posts big blind $0.02
Baxieboo: posts big blind $0.02
*** HOLE CARDS ***
Dealt to Dorex2007 [5s Qc]
mayakden: folds 
lolilolka: folds 
kuyan535: raises $0.02 to $0.04
Tiewire: folds 
Dorex2007: folds 
Baxieboo: calls $0.02
tylerdurden21x: folds 
1tillit1: calls $0.03
ezzeARG: calls $0.02
*** FLOP *** [Js 7d Kh]
1tillit1: checks 
ezzeARG: checks 
kuyan535: checks 
Baxieboo: checks 
*** TURN *** [Js 7d Kh] [4c]
1tillit1: checks 
ezzeARG: checks 
kuyan535: bets $0.10
Baxieboo: folds 
1tillit1: folds 
ezzeARG: folds 
Uncalled bet ($0.10) returned to kuyan535
kuyan535 collected $0.15 from pot
kuyan535: doesn't show hand 
*** SUMMARY ***
Total pot $0.16 | Rake $0.01 
Board [Js 7d Kh 4c]
Seat 1: mayakden folded before Flop (didn't bet)
Seat 2: lolilolka folded before Flop (didn't bet)
Seat 3: kuyan535 collected ($0.15)
Seat 4: Tiewire folded before Flop (didn't bet)
Seat 5: Dorex2007 folded before Flop (didn't bet)
Seat 6: Baxieboo folded on the Turn
Seat 7: tylerdurden21x (button) folded before Flop (didn't bet)
Seat 8: 1tillit1 (small blind) folded on the Turn
Seat 9: ezzeARG (big blind) folded on the Turn



