PokerStars Hand #237715823431:  Hold'em No Limit ($0.02/$0.05 USD) - 2022/07/31 19:47:43 PT [2022/07/31 22:47:43 ET]
Table 'Leto II' 9-max Seat #6 is the button
Seat 1: enixblr ($5.12 in chips) 
Seat 2: kimikiwi87 ($10.54 in chips) 
Seat 3: AGVsmarT ($4.55 in chips) 
Seat 4: BlackCat0812 ($5 in chips) 
Seat 5: Dorex2007 ($5 in chips) 
Seat 6: Ramkha ($5.15 in chips) 
Seat 7: meelis9 ($10.61 in chips) 
Seat 9: gu santista ($4.60 in chips) 
meelis9: posts small blind $0.02
gu santista: posts big blind $0.05
Dorex2007: posts big blind $0.05
*** HOLE CARDS ***
Dealt to Dorex2007 [As 8h]
enixblr: folds 
kimikiwi87: folds 
AGVsmarT: folds 
BlackCat0812 has timed out
BlackCat0812: folds 
Dorex2007: checks 
Ramkha: raises $0.20 to $0.25
meelis9: folds 
pcfigueiredof leaves the table
gu santista: folds 
Dorex2007: folds 
Uncalled bet ($0.20) returned to Ramkha
Ramkha collected $0.17 from pot
Ramkha: doesn't show hand 
*** SUMMARY ***
Total pot $0.17 | Rake $0 
Seat 1: enixblr folded before Flop (didn't bet)
Seat 2: kimikiwi87 folded before Flop (didn't bet)
Seat 3: AGVsmarT folded before Flop (didn't bet)
Seat 4: BlackCat0812 folded before Flop (didn't bet)
Seat 5: Dorex2007 folded before Flop (didn't bet)
Seat 6: Ramkha (button) collected ($0.17)
Seat 7: meelis9 (small blind) folded before Flop
Seat 9: gu santista (big blind) folded before Flop



PokerStars Hand #237715829283:  Hold'em No Limit ($0.02/$0.05 USD) - 2022/07/31 19:48:20 PT [2022/07/31 22:48:20 ET]
Table 'Leto II' 9-max Seat #7 is the button
Seat 1: enixblr ($5.12 in chips) 
Seat 2: kimikiwi87 ($10.54 in chips) 
Seat 3: AGVsmarT ($4.55 in chips) 
Seat 5: Dorex2007 ($5 in chips) 
Seat 6: Ramkha ($5.27 in chips) 
Seat 7: meelis9 ($10.59 in chips) 
Seat 9: gu santista ($4.55 in chips) 
gu santista: posts small blind $0.02
enixblr: posts big blind $0.05
*** HOLE CARDS ***
Dealt to Dorex2007 [7d 8d]
kimikiwi87: folds 
floriano1946 joins the table at seat #8 
AGVsmarT: calls $0.05
Dorex2007: folds 
Ramkha: folds 
meelis9: folds 
gu santista: calls $0.03
enixblr: checks 
*** FLOP *** [4c Kh Tc]
gu santista: checks 
enixblr: checks 
AGVsmarT: bets $0.05
gu santista: folds 
enixblr: folds 
Uncalled bet ($0.05) returned to AGVsmarT
AGVsmarT collected $0.14 from pot
*** SUMMARY ***
Total pot $0.15 | Rake $0.01 
Board [4c Kh Tc]
Seat 1: enixblr (big blind) folded on the Flop
Seat 2: kimikiwi87 folded before Flop (didn't bet)
Seat 3: AGVsmarT collected ($0.14)
Seat 5: Dorex2007 folded before Flop (didn't bet)
Seat 6: Ramkha folded before Flop (didn't bet)
Seat 7: meelis9 (button) folded before Flop (didn't bet)
Seat 9: gu santista (small blind) folded on the Flop



PokerStars Hand #237715836133:  Hold'em No Limit ($0.02/$0.05 USD) - 2022/07/31 19:49:03 PT [2022/07/31 22:49:03 ET]
Table 'Leto II' 9-max Seat #9 is the button
Seat 1: enixblr ($5.07 in chips) 
Seat 2: kimikiwi87 ($10.54 in chips) 
Seat 3: AGVsmarT ($4.64 in chips) 
Seat 4: BlackCat0812 ($5 in chips) 
Seat 5: Dorex2007 ($5 in chips) 
Seat 6: Ramkha ($5.27 in chips) 
Seat 7: meelis9 ($10.59 in chips) 
Seat 8: floriano1946 ($5 in chips) 
Seat 9: gu santista ($4.50 in chips) 
enixblr: posts small blind $0.02
kimikiwi87: posts big blind $0.05
floriano1946: posts big blind $0.05
*** HOLE CARDS ***
Dealt to Dorex2007 [9s Th]
AGVsmarT: folds 
BlackCat0812 has timed out
BlackCat0812: folds 
Dorex2007: folds 
Ramkha: folds 
meelis9: folds 
floriano1946: raises $0.05 to $0.10
meelis9 leaves the table
gu santista: raises $0.25 to $0.35
enixblr: calls $0.33
kimikiwi87: folds 
floriano1946: calls $0.25
*** FLOP *** [6c Js Kd]
enixblr: checks 
floriano1946: bets $0.05
gu santista: calls $0.05
enixblr: folds 
*** TURN *** [6c Js Kd] [Td]
floriano1946: bets $0.05
gu santista: raises $0.25 to $0.30
floriano1946: calls $0.25
*** RIVER *** [6c Js Kd Td] [8s]
floriano1946: bets $0.05
gu santista: raises $0.75 to $0.80
Ramkha leaves the table
floriano1946: calls $0.75
*** SHOW DOWN ***
gu santista: shows [Kh Kc] (three of a kind, Kings)
floriano1946: mucks hand 
gu santista collected $3.26 from pot
*** SUMMARY ***
Total pot $3.40 | Rake $0.14 
Board [6c Js Kd Td 8s]
Seat 1: enixblr (small blind) folded on the Flop
Seat 2: kimikiwi87 (big blind) folded before Flop
Seat 3: AGVsmarT folded before Flop (didn't bet)
Seat 4: BlackCat0812 folded before Flop (didn't bet)
Seat 5: Dorex2007 folded before Flop (didn't bet)
Seat 6: Ramkha folded before Flop (didn't bet)
Seat 7: meelis9 folded before Flop (didn't bet)
Seat 8: floriano1946 mucked [Qc Jh]
Seat 9: gu santista (button) showed [Kh Kc] and won ($3.26) with three of a kind, Kings



PokerStars Hand #237715853412:  Hold'em No Limit ($0.02/$0.05 USD) - 2022/07/31 19:50:21 PT [2022/07/31 22:50:21 ET]
Table 'Leto II' 9-max Seat #1 is the button
Seat 1: enixblr ($5 in chips) 
Seat 2: kimikiwi87 ($10.49 in chips) 
Seat 3: AGVsmarT ($4.64 in chips) 
Seat 4: BlackCat0812 ($5 in chips) 
Seat 5: Dorex2007 ($5 in chips) 
Seat 8: floriano1946 ($3.50 in chips) 
Seat 9: gu santista ($6.26 in chips) 
kimikiwi87: posts small blind $0.02
AGVsmarT: posts big blind $0.05
*** HOLE CARDS ***
Dealt to Dorex2007 [Ad 9h]
BlackCat0812: folds 
Dorex2007: folds 
floriano1946: folds 
gu santista: folds 
enixblr: raises $0.07 to $0.12
kimikiwi87: folds 
AGVsmarT: folds 
Uncalled bet ($0.07) returned to enixblr
enixblr collected $0.12 from pot
enixblr: doesn't show hand 
*** SUMMARY ***
Total pot $0.12 | Rake $0 
Seat 1: enixblr (button) collected ($0.12)
Seat 2: kimikiwi87 (small blind) folded before Flop
Seat 3: AGVsmarT (big blind) folded before Flop
Seat 4: BlackCat0812 folded before Flop (didn't bet)
Seat 5: Dorex2007 folded before Flop (didn't bet)
Seat 8: floriano1946 folded before Flop (didn't bet)
Seat 9: gu santista folded before Flop (didn't bet)



PokerStars Hand #237715856920:  Hold'em No Limit ($0.02/$0.05 USD) - 2022/07/31 19:50:43 PT [2022/07/31 22:50:43 ET]
Table 'Leto II' 9-max Seat #2 is the button
Seat 1: enixblr ($5.07 in chips) 
Seat 2: kimikiwi87 ($10.47 in chips) 
Seat 3: AGVsmarT ($4.59 in chips) 
Seat 4: BlackCat0812 ($5 in chips) 
Seat 5: Dorex2007 ($5 in chips) 
Seat 8: floriano1946 ($3.50 in chips) 
Seat 9: gu santista ($6.26 in chips) 
AGVsmarT: posts small blind $0.02
BlackCat0812: posts big blind $0.05
*** HOLE CARDS ***
Dealt to Dorex2007 [6d 8h]
Dorex2007: folds 
floriano1946: folds 
gu santista: raises $0.10 to $0.15
enixblr: raises $0.30 to $0.45
kimikiwi87: folds 
AGVsmarT: folds 
BlackCat0812: folds 
gu santista: folds 
Uncalled bet ($0.30) returned to enixblr
enixblr collected $0.37 from pot
enixblr: doesn't show hand 
*** SUMMARY ***
Total pot $0.37 | Rake $0 
Seat 1: enixblr collected ($0.37)
Seat 2: kimikiwi87 (button) folded before Flop (didn't bet)
Seat 3: AGVsmarT (small blind) folded before Flop
Seat 4: BlackCat0812 (big blind) folded before Flop
Seat 5: Dorex2007 folded before Flop (didn't bet)
Seat 8: floriano1946 folded before Flop (didn't bet)
Seat 9: gu santista folded before Flop



PokerStars Hand #237715859951:  Hold'em No Limit ($0.02/$0.05 USD) - 2022/07/31 19:51:03 PT [2022/07/31 22:51:03 ET]
Table 'Leto II' 9-max Seat #3 is the button
Seat 1: enixblr ($5.29 in chips) 
Seat 2: kimikiwi87 ($10.47 in chips) 
Seat 3: AGVsmarT ($4.57 in chips) 
Seat 4: BlackCat0812 ($4.95 in chips) 
Seat 5: Dorex2007 ($5 in chips) 
Seat 8: floriano1946 ($3.50 in chips) 
Seat 9: gu santista ($6.11 in chips) 
BlackCat0812: posts small blind $0.02
Dorex2007: posts big blind $0.05
*** HOLE CARDS ***
Dealt to Dorex2007 [5s 6h]
floriano1946: calls $0.05
gu santista: folds 
enixblr: raises $0.05 to $0.10
Dgo Sytrik joins the table at seat #6 
kimikiwi87: calls $0.10
AGVsmarT: folds 
BlackCat0812: folds 
Dorex2007: folds 
floriano1946: calls $0.05
*** FLOP *** [Ts Js 8s]
floriano1946: bets $0.05
enixblr: raises $0.45 to $0.50
kimikiwi87: calls $0.50
floriano1946: folds 
*** TURN *** [Ts Js 8s] [6c]
enixblr: bets $1.02
kimikiwi87: calls $1.02
*** RIVER *** [Ts Js 8s 6c] [2d]
enixblr: bets $1.03
kimikiwi87: calls $1.03
*** SHOW DOWN ***
enixblr: shows [Ks 9s] (a flush, King high)
kimikiwi87: mucks hand 
enixblr collected $5.29 from pot
*** SUMMARY ***
Total pot $5.52 | Rake $0.23 
Board [Ts Js 8s 6c 2d]
Seat 1: enixblr showed [Ks 9s] and won ($5.29) with a flush, King high
Seat 2: kimikiwi87 mucked [Jh Jc]
Seat 3: AGVsmarT (button) folded before Flop (didn't bet)
Seat 4: BlackCat0812 (small blind) folded before Flop
Seat 5: Dorex2007 (big blind) folded before Flop
Seat 8: floriano1946 folded on the Flop
Seat 9: gu santista folded before Flop (didn't bet)



PokerStars Hand #237715872294:  Hold'em No Limit ($0.02/$0.05 USD) - 2022/07/31 19:52:22 PT [2022/07/31 22:52:22 ET]
Table 'Leto II' 9-max Seat #4 is the button
Seat 1: enixblr ($7.93 in chips) 
Seat 2: kimikiwi87 ($7.82 in chips) 
Seat 3: AGVsmarT ($4.57 in chips) 
Seat 4: BlackCat0812 ($4.93 in chips) 
Seat 5: Dorex2007 ($5 in chips) 
Seat 6: Dgo Sytrik ($4 in chips) 
Seat 8: floriano1946 ($3.35 in chips) 
Seat 9: gu santista ($6.11 in chips) 
Dorex2007: posts small blind $0.02
Dgo Sytrik: posts big blind $0.05
*** HOLE CARDS ***
Dealt to Dorex2007 [Qd 3d]
floriano1946: folds 
gu santista: folds 
floriano1946 leaves the table
enixblr: folds 
kimikiwi87: folds 
AGVsmarT: folds 
BlackCat0812: folds 
Dorex2007: calls $0.03
Dgo Sytrik: checks 
*** FLOP *** [Jc 5s Td]
Dorex2007: checks 
Dgo Sytrik: bets $0.10
Dorex2007: folds 
Uncalled bet ($0.10) returned to Dgo Sytrik
Dgo Sytrik collected $0.10 from pot
Dgo Sytrik: doesn't show hand 
*** SUMMARY ***
Total pot $0.10 | Rake $0 
Board [Jc 5s Td]
Seat 1: enixblr folded before Flop (didn't bet)
Seat 2: kimikiwi87 folded before Flop (didn't bet)
Seat 3: AGVsmarT folded before Flop (didn't bet)
Seat 4: BlackCat0812 (button) folded before Flop (didn't bet)
Seat 5: Dorex2007 (small blind) folded on the Flop
Seat 6: Dgo Sytrik (big blind) collected ($0.10)
Seat 8: floriano1946 folded before Flop (didn't bet)
Seat 9: gu santista folded before Flop (didn't bet)



PokerStars Hand #237715878205:  Hold'em No Limit ($0.02/$0.05 USD) - 2022/07/31 19:53:00 PT [2022/07/31 22:53:00 ET]
Table 'Leto II' 9-max Seat #5 is the button
Seat 1: enixblr ($7.93 in chips) 
Seat 2: kimikiwi87 ($7.82 in chips) 
Seat 3: AGVsmarT ($4.57 in chips) 
Seat 4: BlackCat0812 ($4.93 in chips) 
Seat 5: Dorex2007 ($5 in chips) 
Seat 6: Dgo Sytrik ($4.05 in chips) 
Seat 9: gu santista ($6.11 in chips) 
Dgo Sytrik: posts small blind $0.02
gu santista: posts big blind $0.05
*** HOLE CARDS ***
Dealt to Dorex2007 [3d 7h]
enixblr: folds 
kimikiwi87: folds 
AGVsmarT: calls $0.05
BlackCat0812: folds 
Dorex2007: folds 
Dgo Sytrik: calls $0.03
gu santista: checks 
*** FLOP *** [6d Jh Ts]
Dgo Sytrik: checks 
gu santista: checks 
AGVsmarT: checks 
*** TURN *** [6d Jh Ts] [7s]
Dgo Sytrik: checks 
gu santista: checks 
AGVsmarT: bets $0.05
Dgo Sytrik: calls $0.05
gu santista: calls $0.05
*** RIVER *** [6d Jh Ts 7s] [9s]
Dgo Sytrik: checks 
Gara002 joins the table at seat #7 
gu santista: checks 
AGVsmarT: checks 
*** SHOW DOWN ***
Dgo Sytrik: shows [9h Td] (two pair, Tens and Nines)
gu santista: shows [4h 8d] (a straight, Seven to Jack)
AGVsmarT: mucks hand 
gu santista collected $0.29 from pot
*** SUMMARY ***
Total pot $0.30 | Rake $0.01 
Board [6d Jh Ts 7s 9s]
Seat 1: enixblr folded before Flop (didn't bet)
Seat 2: kimikiwi87 folded before Flop (didn't bet)
Seat 3: AGVsmarT mucked [7c Qc]
Seat 4: BlackCat0812 folded before Flop (didn't bet)
Seat 5: Dorex2007 (button) folded before Flop (didn't bet)
Seat 6: Dgo Sytrik (small blind) showed [9h Td] and lost with two pair, Tens and Nines
Seat 9: gu santista (big blind) showed [4h 8d] and won ($0.29) with a straight, Seven to Jack



PokerStars Hand #237715887020:  Hold'em No Limit ($0.02/$0.05 USD) - 2022/07/31 19:53:57 PT [2022/07/31 22:53:57 ET]
Table 'Leto II' 9-max Seat #6 is the button
Seat 1: enixblr ($7.93 in chips) 
Seat 2: kimikiwi87 ($7.82 in chips) 
Seat 3: AGVsmarT ($4.47 in chips) 
Seat 4: BlackCat0812 ($4.93 in chips) 
Seat 5: Dorex2007 ($5 in chips) 
Seat 6: Dgo Sytrik ($3.95 in chips) 
Seat 9: gu santista ($6.30 in chips) 
gu santista: posts small blind $0.02
enixblr: posts big blind $0.05
*** HOLE CARDS ***
Dealt to Dorex2007 [2d Qd]
kimikiwi87: folds 
AGVsmarT: calls $0.05
BlackCat0812: folds 
Dorex2007: folds 
Dgo Sytrik: calls $0.05
gu santista: raises $0.25 to $0.30
enixblr: folds 
AGVsmarT: folds 
Dgo Sytrik: calls $0.25
*** FLOP *** [4s Ts Jd]
gu santista: bets $0.45
Dgo Sytrik: calls $0.45
*** TURN *** [4s Ts Jd] [Jc]
gu santista: bets $1.05
Dgo Sytrik: calls $1.05
*** RIVER *** [4s Ts Jd Jc] [6s]
gu santista: checks 
Dgo Sytrik: bets $2.15 and is all-in
gu santista: calls $2.15
*** SHOW DOWN ***
Dgo Sytrik: shows [8h 9h] (a pair of Jacks)
gu santista: shows [Kc Js] (three of a kind, Jacks)
gu santista collected $7.67 from pot
*** SUMMARY ***
Total pot $8 | Rake $0.33 
Board [4s Ts Jd Jc 6s]
Seat 1: enixblr (big blind) folded before Flop
Seat 2: kimikiwi87 folded before Flop (didn't bet)
Seat 3: AGVsmarT folded before Flop
Seat 4: BlackCat0812 folded before Flop (didn't bet)
Seat 5: Dorex2007 folded before Flop (didn't bet)
Seat 6: Dgo Sytrik (button) showed [8h 9h] and lost with a pair of Jacks
Seat 9: gu santista (small blind) showed [Kc Js] and won ($7.67) with three of a kind, Jacks



PokerStars Hand #237715893763:  Hold'em No Limit ($0.02/$0.05 USD) - 2022/07/31 19:54:40 PT [2022/07/31 22:54:40 ET]
Table 'Leto II' 9-max Seat #9 is the button
Seat 1: enixblr ($7.88 in chips) 
Seat 2: kimikiwi87 ($7.82 in chips) 
Seat 3: AGVsmarT ($4.42 in chips) 
Seat 4: BlackCat0812 ($4.93 in chips) 
Seat 5: Dorex2007 ($5 in chips) 
Seat 9: gu santista ($10.02 in chips) 
enixblr: posts small blind $0.02
kimikiwi87: posts big blind $0.05
Gara002: sits out 
*** HOLE CARDS ***
Dealt to Dorex2007 [4s 7h]
AGVsmarT: folds 
BlackCat0812: folds 
Dorex2007: folds 
gu santista: folds 
enixblr: raises $0.10 to $0.15
kimikiwi87: folds 
Uncalled bet ($0.10) returned to enixblr
enixblr collected $0.10 from pot
enixblr: doesn't show hand 
*** SUMMARY ***
Total pot $0.10 | Rake $0 
Seat 1: enixblr (small blind) collected ($0.10)
Seat 2: kimikiwi87 (big blind) folded before Flop
Seat 3: AGVsmarT folded before Flop (didn't bet)
Seat 4: BlackCat0812 folded before Flop (didn't bet)
Seat 5: Dorex2007 folded before Flop (didn't bet)
Seat 9: gu santista (button) folded before Flop (didn't bet)



PokerStars Hand #237715896624:  Hold'em No Limit ($0.02/$0.05 USD) - 2022/07/31 19:54:59 PT [2022/07/31 22:54:59 ET]
Table 'Leto II' 9-max Seat #1 is the button
Seat 1: enixblr ($7.93 in chips) 
Seat 2: kimikiwi87 ($7.77 in chips) 
Seat 3: AGVsmarT ($4.42 in chips) 
Seat 4: BlackCat0812 ($4.93 in chips) 
Seat 5: Dorex2007 ($5 in chips) 
Seat 6: Dgo Sytrik ($4 in chips) 
Seat 9: gu santista ($10.02 in chips) 
kimikiwi87: posts small blind $0.02
AGVsmarT: posts big blind $0.05
Gara002: sits out 
*** HOLE CARDS ***
Dealt to Dorex2007 [9s 4h]
BlackCat0812: folds 
Dorex2007: folds 
Dgo Sytrik: folds 
gu santista: folds 
enixblr: raises $0.07 to $0.12
kimikiwi87: folds 
AGVsmarT: folds 
Uncalled bet ($0.07) returned to enixblr
enixblr collected $0.12 from pot
enixblr: doesn't show hand 
*** SUMMARY ***
Total pot $0.12 | Rake $0 
Seat 1: enixblr (button) collected ($0.12)
Seat 2: kimikiwi87 (small blind) folded before Flop
Seat 3: AGVsmarT (big blind) folded before Flop
Seat 4: BlackCat0812 folded before Flop (didn't bet)
Seat 5: Dorex2007 folded before Flop (didn't bet)
Seat 6: Dgo Sytrik folded before Flop (didn't bet)
Seat 9: gu santista folded before Flop (didn't bet)



PokerStars Hand #237715901070:  Hold'em No Limit ($0.02/$0.05 USD) - 2022/07/31 19:55:31 PT [2022/07/31 22:55:31 ET]
Table 'Leto II' 9-max Seat #2 is the button
Seat 1: enixblr ($8 in chips) 
Seat 2: kimikiwi87 ($7.75 in chips) 
Seat 3: AGVsmarT ($4.37 in chips) 
Seat 4: BlackCat0812 ($4.93 in chips) 
Seat 5: Dorex2007 ($5 in chips) 
Seat 6: Dgo Sytrik ($4 in chips) 
Seat 9: gu santista ($10.02 in chips) 
AGVsmarT: posts small blind $0.02
BlackCat0812: posts big blind $0.05
Gara002: sits out 
*** HOLE CARDS ***
Dealt to Dorex2007 [Td Ad]
KingKushy1988 joins the table at seat #8 
Dorex2007: raises $0.10 to $0.15
Dgo Sytrik: folds 
gu santista: folds 
gu santista leaves the table
enixblr: calls $0.15
kimikiwi87: folds 
AGVsmarT: folds 
BlackCat0812: folds 
*** FLOP *** [Tc 5c Jd]
Dorex2007: bets $0.17
enixblr: folds 
Uncalled bet ($0.17) returned to Dorex2007
Dorex2007 collected $0.35 from pot
Dorex2007: doesn't show hand 
*** SUMMARY ***
Total pot $0.37 | Rake $0.02 
Board [Tc 5c Jd]
Seat 1: enixblr folded on the Flop
Seat 2: kimikiwi87 (button) folded before Flop (didn't bet)
Seat 3: AGVsmarT (small blind) folded before Flop
Seat 4: BlackCat0812 (big blind) folded before Flop
Seat 5: Dorex2007 collected ($0.35)
Seat 6: Dgo Sytrik folded before Flop (didn't bet)
Seat 9: gu santista folded before Flop (didn't bet)



PokerStars Hand #237715904976:  Hold'em No Limit ($0.02/$0.05 USD) - 2022/07/31 19:56:01 PT [2022/07/31 22:56:01 ET]
Table 'Leto II' 9-max Seat #3 is the button
Seat 1: enixblr ($7.85 in chips) 
Seat 2: kimikiwi87 ($7.75 in chips) 
Seat 3: AGVsmarT ($4.35 in chips) 
Seat 4: BlackCat0812 ($4.88 in chips) 
Seat 5: Dorex2007 ($5.20 in chips) 
Seat 6: Dgo Sytrik ($4 in chips) 
BlackCat0812: posts small blind $0.02
Dorex2007: posts big blind $0.05
Gara002: sits out 
KingKushy1988: sits out 
*** HOLE CARDS ***
Dealt to Dorex2007 [8h 4s]
Dgo Sytrik: raises $0.10 to $0.15
enixblr: folds 
kimikiwi87: folds 
AGVsmarT: folds 
BlackCat0812: folds 
Dorex2007: folds 
Uncalled bet ($0.10) returned to Dgo Sytrik
Dgo Sytrik collected $0.12 from pot
Dgo Sytrik: doesn't show hand 
*** SUMMARY ***
Total pot $0.12 | Rake $0 
Seat 1: enixblr folded before Flop (didn't bet)
Seat 2: kimikiwi87 folded before Flop (didn't bet)
Seat 3: AGVsmarT (button) folded before Flop (didn't bet)
Seat 4: BlackCat0812 (small blind) folded before Flop
Seat 5: Dorex2007 (big blind) folded before Flop
Seat 6: Dgo Sytrik collected ($0.12)



PokerStars Hand #237715907641:  Hold'em No Limit ($0.02/$0.05 USD) - 2022/07/31 19:56:22 PT [2022/07/31 22:56:22 ET]
Table 'Leto II' 9-max Seat #4 is the button
Seat 1: enixblr ($7.85 in chips) 
Seat 2: kimikiwi87 ($7.75 in chips) 
Seat 3: AGVsmarT ($4.35 in chips) 
Seat 4: BlackCat0812 ($4.86 in chips) 
Seat 5: Dorex2007 ($5.15 in chips) 
Seat 6: Dgo Sytrik ($4.07 in chips) 
Dorex2007: posts small blind $0.02
Dgo Sytrik: posts big blind $0.05
Gara002: sits out 
KingKushy1988: sits out 
*** HOLE CARDS ***
Dealt to Dorex2007 [2h 4c]
enixblr: raises $0.07 to $0.12
kimikiwi87: folds 
AGVsmarT: calls $0.12
BlackCat0812: calls $0.12
Dorex2007: folds 
Dgo Sytrik: calls $0.07
*** FLOP *** [2c 6d 5s]
Dgo Sytrik: checks 
enixblr: checks 
AGVsmarT: bets $0.10
BlackCat0812: folds 
Dgo Sytrik: folds 
enixblr: folds 
Uncalled bet ($0.10) returned to AGVsmarT
AGVsmarT collected $0.48 from pot
*** SUMMARY ***
Total pot $0.50 | Rake $0.02 
Board [2c 6d 5s]
Seat 1: enixblr folded on the Flop
Seat 2: kimikiwi87 folded before Flop (didn't bet)
Seat 3: AGVsmarT collected ($0.48)
Seat 4: BlackCat0812 (button) folded on the Flop
Seat 5: Dorex2007 (small blind) folded before Flop
Seat 6: Dgo Sytrik (big blind) folded on the Flop



PokerStars Hand #237715912599:  Hold'em No Limit ($0.02/$0.05 USD) - 2022/07/31 19:57:01 PT [2022/07/31 22:57:01 ET]
Table 'Leto II' 9-max Seat #5 is the button
Seat 1: enixblr ($7.73 in chips) 
Seat 2: kimikiwi87 ($7.75 in chips) 
Seat 3: AGVsmarT ($4.71 in chips) 
Seat 4: BlackCat0812 ($4.74 in chips) 
Seat 5: Dorex2007 ($5.13 in chips) 
Seat 6: Dgo Sytrik ($3.95 in chips) 
Seat 7: Gara002 ($5 in chips) 
Dgo Sytrik: posts small blind $0.02
Gara002: posts big blind $0.05
KingKushy1988: sits out 
*** HOLE CARDS ***
Dealt to Dorex2007 [3s Ad]
enixblr: folds 
kimikiwi87: folds 
AGVsmarT: calls $0.05
BlackCat0812: folds 
Dorex2007: folds 
floriano1946 joins the table at seat #9 
Dgo Sytrik: raises $0.10 to $0.15
Gara002: calls $0.10
AGVsmarT: calls $0.10
*** FLOP *** [2c Td Qd]
Dgo Sytrik: bets $0.28
Gara002: calls $0.28
AGVsmarT: folds 
*** TURN *** [2c Td Qd] [6h]
Dgo Sytrik: checks 
Gara002: checks 
*** RIVER *** [2c Td Qd 6h] [Jc]
Dgo Sytrik: checks 
Gara002: checks 
*** SHOW DOWN ***
Dgo Sytrik: shows [8c Ah] (high card Ace)
Gara002: shows [Kh Jh] (a pair of Jacks)
Gara002 collected $0.97 from pot
*** SUMMARY ***
Total pot $1.01 | Rake $0.04 
Board [2c Td Qd 6h Jc]
Seat 1: enixblr folded before Flop (didn't bet)
Seat 2: kimikiwi87 folded before Flop (didn't bet)
Seat 3: AGVsmarT folded on the Flop
Seat 4: BlackCat0812 folded before Flop (didn't bet)
Seat 5: Dorex2007 (button) folded before Flop (didn't bet)
Seat 6: Dgo Sytrik (small blind) showed [8c Ah] and lost with high card Ace
Seat 7: Gara002 (big blind) showed [Kh Jh] and won ($0.97) with a pair of Jacks



PokerStars Hand #237715920385:  Hold'em No Limit ($0.02/$0.05 USD) - 2022/07/31 19:58:01 PT [2022/07/31 22:58:01 ET]
Table 'Leto II' 9-max Seat #6 is the button
Seat 1: enixblr ($7.73 in chips) 
Seat 2: kimikiwi87 ($7.75 in chips) 
Seat 3: AGVsmarT ($4.56 in chips) 
Seat 4: BlackCat0812 ($4.74 in chips) 
Seat 5: Dorex2007 ($5.13 in chips) 
Seat 6: Dgo Sytrik ($3.52 in chips) 
Seat 7: Gara002 ($5.54 in chips) 
Seat 8: KingKushy1988 ($4.93 in chips) 
Gara002: posts small blind $0.02
KingKushy1988: posts big blind $0.05
floriano1946: sits out 
*** HOLE CARDS ***
Dealt to Dorex2007 [9h Qs]
enixblr: raises $0.07 to $0.12
kimikiwi87: folds 
AGVsmarT: folds 
BlackCat0812: folds 
Dorex2007: folds 
Dgo Sytrik: calls $0.12
Gara002: calls $0.10
KingKushy1988: folds 
*** FLOP *** [7s 4s 7c]
Gara002: checks 
enixblr: checks 
Dgo Sytrik: bets $0.28
Gara002: calls $0.28
enixblr: folds 
*** TURN *** [7s 4s 7c] [2c]
Gara002: checks 
Dgo Sytrik: bets $0.52
Gara002: calls $0.52
*** RIVER *** [7s 4s 7c 2c] [9d]
Gara002: checks 
Dgo Sytrik: checks 
*** SHOW DOWN ***
Gara002: shows [5s As] (a pair of Sevens)
Dgo Sytrik: shows [Ts Th] (two pair, Tens and Sevens)
Dgo Sytrik collected $1.93 from pot
*** SUMMARY ***
Total pot $2.01 | Rake $0.08 
Board [7s 4s 7c 2c 9d]
Seat 1: enixblr folded on the Flop
Seat 2: kimikiwi87 folded before Flop (didn't bet)
Seat 3: AGVsmarT folded before Flop (didn't bet)
Seat 4: BlackCat0812 folded before Flop (didn't bet)
Seat 5: Dorex2007 folded before Flop (didn't bet)
Seat 6: Dgo Sytrik (button) showed [Ts Th] and won ($1.93) with two pair, Tens and Sevens
Seat 7: Gara002 (small blind) showed [5s As] and lost with a pair of Sevens
Seat 8: KingKushy1988 (big blind) folded before Flop



PokerStars Hand #237715929106:  Hold'em No Limit ($0.02/$0.05 USD) - 2022/07/31 19:59:10 PT [2022/07/31 22:59:10 ET]
Table 'Leto II' 9-max Seat #7 is the button
Seat 1: enixblr ($7.61 in chips) 
Seat 2: kimikiwi87 ($7.75 in chips) 
Seat 3: AGVsmarT ($4.56 in chips) 
Seat 4: BlackCat0812 ($4.74 in chips) 
Seat 5: Dorex2007 ($5.13 in chips) 
Seat 6: Dgo Sytrik ($4.53 in chips) 
Seat 7: Gara002 ($5 in chips) 
Seat 8: KingKushy1988 ($4.88 in chips) 
Seat 9: floriano1946 ($5 in chips) 
KingKushy1988: posts small blind $0.02
floriano1946: posts big blind $0.05
*** HOLE CARDS ***
Dealt to Dorex2007 [Jh 4d]
enixblr: folds 
kimikiwi87: folds 
AGVsmarT: folds 
BlackCat0812: folds 
Dorex2007: folds 
Dgo Sytrik: folds 
Gara002: raises $0.10 to $0.15
KingKushy1988: folds 
floriano1946: folds 
Uncalled bet ($0.10) returned to Gara002
Gara002 collected $0.12 from pot
*** SUMMARY ***
Total pot $0.12 | Rake $0 
Seat 1: enixblr folded before Flop (didn't bet)
Seat 2: kimikiwi87 folded before Flop (didn't bet)
Seat 3: AGVsmarT folded before Flop (didn't bet)
Seat 4: BlackCat0812 folded before Flop (didn't bet)
Seat 5: Dorex2007 folded before Flop (didn't bet)
Seat 6: Dgo Sytrik folded before Flop (didn't bet)
Seat 7: Gara002 (button) collected ($0.12)
Seat 8: KingKushy1988 (small blind) folded before Flop
Seat 9: floriano1946 (big blind) folded before Flop



PokerStars Hand #237715931699:  Hold'em No Limit ($0.02/$0.05 USD) - 2022/07/31 19:59:31 PT [2022/07/31 22:59:31 ET]
Table 'Leto II' 9-max Seat #8 is the button
Seat 1: enixblr ($7.61 in chips) 
Seat 2: kimikiwi87 ($7.75 in chips) 
Seat 3: AGVsmarT ($4.56 in chips) 
Seat 4: BlackCat0812 ($4.74 in chips) 
Seat 5: Dorex2007 ($5.13 in chips) 
Seat 6: Dgo Sytrik ($4.53 in chips) 
Seat 7: Gara002 ($5.07 in chips) 
Seat 8: KingKushy1988 ($4.86 in chips) 
Seat 9: floriano1946 ($4.95 in chips) 
floriano1946: posts small blind $0.02
enixblr: posts big blind $0.05
*** HOLE CARDS ***
Dealt to Dorex2007 [Qh 8d]
kimikiwi87: folds 
AGVsmarT: calls $0.05
BlackCat0812 has timed out
BlackCat0812: folds 
Dorex2007: folds 
Dgo Sytrik: calls $0.05
Gara002: folds 
KingKushy1988: folds 
floriano1946: calls $0.03
enixblr: checks 
*** FLOP *** [5c Tc 5s]
floriano1946: checks 
enixblr: checks 
AGVsmarT: checks 
Dgo Sytrik: bets $0.16
floriano1946: folds 
enixblr: folds 
AGVsmarT: folds 
Uncalled bet ($0.16) returned to Dgo Sytrik
Dgo Sytrik collected $0.19 from pot
Dgo Sytrik: doesn't show hand 
*** SUMMARY ***
Total pot $0.20 | Rake $0.01 
Board [5c Tc 5s]
Seat 1: enixblr (big blind) folded on the Flop
Seat 2: kimikiwi87 folded before Flop (didn't bet)
Seat 3: AGVsmarT folded on the Flop
Seat 4: BlackCat0812 folded before Flop (didn't bet)
Seat 5: Dorex2007 folded before Flop (didn't bet)
Seat 6: Dgo Sytrik collected ($0.19)
Seat 7: Gara002 folded before Flop (didn't bet)
Seat 8: KingKushy1988 (button) folded before Flop (didn't bet)
Seat 9: floriano1946 (small blind) folded on the Flop



PokerStars Hand #237715939275:  Hold'em No Limit ($0.02/$0.05 USD) - 2022/07/31 20:00:30 PT [2022/07/31 23:00:30 ET]
Table 'Leto II' 9-max Seat #9 is the button
Seat 1: enixblr ($7.56 in chips) 
Seat 2: kimikiwi87 ($7.75 in chips) 
Seat 3: AGVsmarT ($4.51 in chips) 
Seat 4: BlackCat0812 ($4.74 in chips) 
Seat 5: Dorex2007 ($5.13 in chips) 
Seat 6: Dgo Sytrik ($4.67 in chips) 
Seat 7: Gara002 ($5.07 in chips) 
Seat 8: KingKushy1988 ($4.86 in chips) 
Seat 9: floriano1946 ($4.90 in chips) 
enixblr: posts small blind $0.02
kimikiwi87: posts big blind $0.05
*** HOLE CARDS ***
Dealt to Dorex2007 [2s 2d]
AGVsmarT: calls $0.05
BlackCat0812 has timed out
BlackCat0812: folds 
Dorex2007: calls $0.05
Dgo Sytrik: folds 
Gara002: calls $0.05
KingKushy1988: folds 
floriano1946: calls $0.05
enixblr: calls $0.03
kimikiwi87: checks 
*** FLOP *** [Qh Ac 6d]
enixblr: checks 
kimikiwi87: checks 
AGVsmarT: checks 
Dorex2007: checks 
Gara002: bets $0.10
floriano1946: calls $0.10
enixblr: folds 
kimikiwi87: folds 
AGVsmarT: calls $0.10
Dorex2007: folds 
*** TURN *** [Qh Ac 6d] [4c]
AGVsmarT: checks 
Gara002: checks 
floriano1946: bets $0.05
AGVsmarT: calls $0.05
Gara002: calls $0.05
*** RIVER *** [Qh Ac 6d 4c] [8d]
AGVsmarT: checks 
Gara002: checks 
floriano1946: bets $0.05
AGVsmarT: folds 
Gara002: raises $0.20 to $0.25
floriano1946: folds 
Uncalled bet ($0.20) returned to Gara002
Gara002 collected $0.81 from pot
*** SUMMARY ***
Total pot $0.85 | Rake $0.04 
Board [Qh Ac 6d 4c 8d]
Seat 1: enixblr (small blind) folded on the Flop
Seat 2: kimikiwi87 (big blind) folded on the Flop
Seat 3: AGVsmarT folded on the River
Seat 4: BlackCat0812 folded before Flop (didn't bet)
Seat 5: Dorex2007 folded on the Flop
Seat 6: Dgo Sytrik folded before Flop (didn't bet)
Seat 7: Gara002 collected ($0.81)
Seat 8: KingKushy1988 folded before Flop (didn't bet)
Seat 9: floriano1946 (button) folded on the River



PokerStars Hand #237715957784:  Hold'em No Limit ($0.02/$0.05 USD) - 2022/07/31 20:02:37 PT [2022/07/31 23:02:37 ET]
Table 'Leto II' 9-max Seat #1 is the button
Seat 1: enixblr ($7.51 in chips) 
Seat 2: kimikiwi87 ($7.70 in chips) 
Seat 3: AGVsmarT ($4.31 in chips) 
Seat 4: BlackCat0812 ($4.74 in chips) 
Seat 5: Dorex2007 ($5.08 in chips) 
Seat 6: Dgo Sytrik ($4.67 in chips) 
Seat 7: Gara002 ($5.63 in chips) 
Seat 8: KingKushy1988 ($4.86 in chips) 
Seat 9: floriano1946 ($4.65 in chips) 
kimikiwi87: posts small blind $0.02
AGVsmarT: posts big blind $0.05
*** HOLE CARDS ***
Dealt to Dorex2007 [As Jc]
BlackCat0812: folds 
Dorex2007: raises $0.05 to $0.10
Dgo Sytrik: folds 
Gara002: folds 
KingKushy1988: folds 
floriano1946: folds 
enixblr: folds 
kimikiwi87: folds 
AGVsmarT: folds 
Uncalled bet ($0.05) returned to Dorex2007
Dorex2007 collected $0.12 from pot
Dorex2007: doesn't show hand 
*** SUMMARY ***
Total pot $0.12 | Rake $0 
Seat 1: enixblr (button) folded before Flop (didn't bet)
Seat 2: kimikiwi87 (small blind) folded before Flop
Seat 3: AGVsmarT (big blind) folded before Flop
Seat 4: BlackCat0812 folded before Flop (didn't bet)
Seat 5: Dorex2007 collected ($0.12)
Seat 6: Dgo Sytrik folded before Flop (didn't bet)
Seat 7: Gara002 folded before Flop (didn't bet)
Seat 8: KingKushy1988 folded before Flop (didn't bet)
Seat 9: floriano1946 folded before Flop (didn't bet)



PokerStars Hand #237715960947:  Hold'em No Limit ($0.02/$0.05 USD) - 2022/07/31 20:02:58 PT [2022/07/31 23:02:58 ET]
Table 'Leto II' 9-max Seat #2 is the button
Seat 1: enixblr ($7.51 in chips) 
Seat 2: kimikiwi87 ($7.68 in chips) 
Seat 3: AGVsmarT ($4.26 in chips) 
Seat 4: BlackCat0812 ($4.74 in chips) 
Seat 5: Dorex2007 ($5.15 in chips) 
Seat 6: Dgo Sytrik ($4.67 in chips) 
Seat 7: Gara002 ($5.63 in chips) 
Seat 8: KingKushy1988 ($4.86 in chips) 
Seat 9: floriano1946 ($4.65 in chips) 
AGVsmarT: posts small blind $0.02
BlackCat0812: posts big blind $0.05
*** HOLE CARDS ***
Dealt to Dorex2007 [2h 8c]
Dorex2007: folds 
Dgo Sytrik: folds 
Gara002: folds 
KingKushy1988: folds 
floriano1946: calls $0.05
enixblr: folds 
kimikiwi87: calls $0.05
AGVsmarT: calls $0.03
BlackCat0812: checks 
*** FLOP *** [4s Jc Ts]
AGVsmarT: checks 
BlackCat0812: checks 
floriano1946: bets $0.19
kimikiwi87: calls $0.19
AGVsmarT: folds 
BlackCat0812: folds 
*** TURN *** [4s Jc Ts] [Js]
floriano1946: bets $0.56
kimikiwi87: calls $0.56
*** RIVER *** [4s Jc Ts Js] [2c]
floriano1946: bets $0.25
kimikiwi87: calls $0.25
*** SHOW DOWN ***
floriano1946: shows [Qs 5s] (a flush, Queen high)
kimikiwi87: shows [3s As] (a flush, Ace high)
kimikiwi87 collected $2.11 from pot
*** SUMMARY ***
Total pot $2.20 | Rake $0.09 
Board [4s Jc Ts Js 2c]
Seat 1: enixblr folded before Flop (didn't bet)
Seat 2: kimikiwi87 (button) showed [3s As] and won ($2.11) with a flush, Ace high
Seat 3: AGVsmarT (small blind) folded on the Flop
Seat 4: BlackCat0812 (big blind) folded on the Flop
Seat 5: Dorex2007 folded before Flop (didn't bet)
Seat 6: Dgo Sytrik folded before Flop (didn't bet)
Seat 7: Gara002 folded before Flop (didn't bet)
Seat 8: KingKushy1988 folded before Flop (didn't bet)
Seat 9: floriano1946 showed [Qs 5s] and lost with a flush, Queen high



PokerStars Hand #237715990560:  Hold'em No Limit ($0.02/$0.05 USD) - 2022/07/31 20:04:20 PT [2022/07/31 23:04:20 ET]
Table 'Leto II' 9-max Seat #3 is the button
Seat 1: enixblr ($7.51 in chips) 
Seat 2: kimikiwi87 ($8.74 in chips) 
Seat 3: AGVsmarT ($4.21 in chips) 
Seat 4: BlackCat0812 ($4.69 in chips) 
Seat 5: Dorex2007 ($5.15 in chips) 
Seat 6: Dgo Sytrik ($4.67 in chips) 
Seat 7: Gara002 ($5.63 in chips) 
Seat 8: KingKushy1988 ($4.86 in chips) 
Seat 9: floriano1946 ($3.60 in chips) 
BlackCat0812: posts small blind $0.02
Dorex2007: posts big blind $0.05
*** HOLE CARDS ***
Dealt to Dorex2007 [8h Ts]
Dgo Sytrik: raises $0.05 to $0.10
Gara002: folds 
KingKushy1988: folds 
floriano1946: calls $0.10
enixblr: calls $0.10
kimikiwi87: folds 
AGVsmarT: folds 
BlackCat0812: calls $0.08
Dorex2007: folds 
*** FLOP *** [4s 5d 3d]
BlackCat0812: checks 
Dgo Sytrik: checks 
floriano1946: bets $0.05
enixblr: raises $0.35 to $0.40
BlackCat0812: folds 
Dgo Sytrik: folds 
floriano1946: calls $0.35
*** TURN *** [4s 5d 3d] [Jh]
floriano1946: bets $0.05
enixblr: raises $0.40 to $0.45
floriano1946: calls $0.40
*** RIVER *** [4s 5d 3d Jh] [Kc]
floriano1946: checks 
enixblr: bets $1
floriano1946: folds 
Uncalled bet ($1) returned to enixblr
enixblr collected $2.06 from pot
enixblr: doesn't show hand 
*** SUMMARY ***
Total pot $2.15 | Rake $0.09 
Board [4s 5d 3d Jh Kc]
Seat 1: enixblr collected ($2.06)
Seat 2: kimikiwi87 folded before Flop (didn't bet)
Seat 3: AGVsmarT (button) folded before Flop (didn't bet)
Seat 4: BlackCat0812 (small blind) folded on the Flop
Seat 5: Dorex2007 (big blind) folded before Flop
Seat 6: Dgo Sytrik folded on the Flop
Seat 7: Gara002 folded before Flop (didn't bet)
Seat 8: KingKushy1988 folded before Flop (didn't bet)
Seat 9: floriano1946 folded on the River



PokerStars Hand #237716005922:  Hold'em No Limit ($0.02/$0.05 USD) - 2022/07/31 20:06:02 PT [2022/07/31 23:06:02 ET]
Table 'Leto II' 9-max Seat #4 is the button
Seat 1: enixblr ($8.62 in chips) 
Seat 2: kimikiwi87 ($8.74 in chips) 
Seat 3: AGVsmarT ($4.21 in chips) 
Seat 4: BlackCat0812 ($4.59 in chips) 
Seat 5: Dorex2007 ($5.10 in chips) 
Seat 6: Dgo Sytrik ($4.57 in chips) 
Seat 7: Gara002 ($5.63 in chips) 
Seat 8: KingKushy1988 ($4.86 in chips) 
Seat 9: floriano1946 ($2.65 in chips) 
Dorex2007: posts small blind $0.02
Dgo Sytrik: posts big blind $0.05
*** HOLE CARDS ***
Dealt to Dorex2007 [Qh 2c]
Gara002: folds 
KingKushy1988: folds 
floriano1946: folds 
floriano1946 leaves the table
enixblr: folds 
kimikiwi87: folds 
AGVsmarT: calls $0.05
BlackCat0812: calls $0.05
Dorex2007: folds 
Dgo Sytrik: checks 
*** FLOP *** [Td 5d 6c]
Dgo Sytrik: checks 
AGVsmarT: checks 
BlackCat0812: bets $0.15
Dgo Sytrik: folds 
AGVsmarT: folds 
Uncalled bet ($0.15) returned to BlackCat0812
BlackCat0812 collected $0.16 from pot
BlackCat0812: doesn't show hand 
*** SUMMARY ***
Total pot $0.17 | Rake $0.01 
Board [Td 5d 6c]
Seat 1: enixblr folded before Flop (didn't bet)
Seat 2: kimikiwi87 folded before Flop (didn't bet)
Seat 3: AGVsmarT folded on the Flop
Seat 4: BlackCat0812 (button) collected ($0.16)
Seat 5: Dorex2007 (small blind) folded before Flop
Seat 6: Dgo Sytrik (big blind) folded on the Flop
Seat 7: Gara002 folded before Flop (didn't bet)
Seat 8: KingKushy1988 folded before Flop (didn't bet)
Seat 9: floriano1946 folded before Flop (didn't bet)



PokerStars Hand #237716013947:  Hold'em No Limit ($0.02/$0.05 USD) - 2022/07/31 20:06:56 PT [2022/07/31 23:06:56 ET]
Table 'Leto II' 9-max Seat #5 is the button
Seat 1: enixblr ($8.62 in chips) 
Seat 2: kimikiwi87 ($8.74 in chips) 
Seat 3: AGVsmarT ($4.16 in chips) 
Seat 4: BlackCat0812 ($4.70 in chips) 
Seat 5: Dorex2007 ($5.08 in chips) 
Seat 6: Dgo Sytrik ($4.52 in chips) 
Seat 7: Gara002 ($5.63 in chips) 
Seat 8: KingKushy1988 ($4.86 in chips) 
Dgo Sytrik: posts small blind $0.02
Gara002: posts big blind $0.05
*** HOLE CARDS ***
Dealt to Dorex2007 [4d As]
KingKushy1988: folds 
enixblr: raises $0.07 to $0.12
kimikiwi87: folds 
AGVsmarT: folds 
BlackCat0812: calls $0.12
Dorex2007: folds 
Dgo Sytrik: folds 
Gara002: calls $0.07
*** FLOP *** [7s 3c Js]
Mr.McAvoy joins the table at seat #9 
Gara002: bets $0.20
enixblr: raises $0.57 to $0.77
BlackCat0812: folds 
Gara002: calls $0.57
*** TURN *** [7s 3c Js] [3d]
Gara002: checks 
enixblr: bets $1.38
Gara002: folds 
Uncalled bet ($1.38) returned to enixblr
enixblr collected $1.84 from pot
enixblr: doesn't show hand 
*** SUMMARY ***
Total pot $1.92 | Rake $0.08 
Board [7s 3c Js 3d]
Seat 1: enixblr collected ($1.84)
Seat 2: kimikiwi87 folded before Flop (didn't bet)
Seat 3: AGVsmarT folded before Flop (didn't bet)
Seat 4: BlackCat0812 folded on the Flop
Seat 5: Dorex2007 (button) folded before Flop (didn't bet)
Seat 6: Dgo Sytrik (small blind) folded before Flop
Seat 7: Gara002 (big blind) folded on the Turn
Seat 8: KingKushy1988 folded before Flop (didn't bet)



PokerStars Hand #237716022609:  Hold'em No Limit ($0.02/$0.05 USD) - 2022/07/31 20:07:54 PT [2022/07/31 23:07:54 ET]
Table 'Leto II' 9-max Seat #6 is the button
Seat 1: enixblr ($9.57 in chips) 
Seat 2: kimikiwi87 ($8.74 in chips) 
Seat 3: AGVsmarT ($4.16 in chips) 
Seat 4: BlackCat0812 ($4.58 in chips) 
Seat 5: Dorex2007 ($5.08 in chips) 
Seat 6: Dgo Sytrik ($4.50 in chips) 
Seat 7: Gara002 ($5 in chips) 
Seat 8: KingKushy1988 ($4.86 in chips) 
Seat 9: Mr.McAvoy ($2.04 in chips) 
Gara002: posts small blind $0.02
KingKushy1988: posts big blind $0.05
Mr.McAvoy: posts big blind $0.05
*** HOLE CARDS ***
Dealt to Dorex2007 [6s Ad]
Mr.McAvoy: checks 
enixblr: folds 
kimikiwi87: folds 
AGVsmarT: folds 
BlackCat0812: calls $0.05
Dorex2007 has timed out
Dorex2007: folds 
Dgo Sytrik: raises $0.10 to $0.15
Gara002: folds 
KingKushy1988: folds 
Mr.McAvoy: calls $0.10
BlackCat0812: folds 
*** FLOP *** [4d 8s 8d]
Mr.McAvoy: checks 
Dgo Sytrik: bets $0.24
Mr.McAvoy: folds 
Uncalled bet ($0.24) returned to Dgo Sytrik
Dgo Sytrik collected $0.40 from pot
Dgo Sytrik: doesn't show hand 
*** SUMMARY ***
Total pot $0.42 | Rake $0.02 
Board [4d 8s 8d]
Seat 1: enixblr folded before Flop (didn't bet)
Seat 2: kimikiwi87 folded before Flop (didn't bet)
Seat 3: AGVsmarT folded before Flop (didn't bet)
Seat 4: BlackCat0812 folded before Flop
Seat 5: Dorex2007 folded before Flop (didn't bet)
Seat 6: Dgo Sytrik (button) collected ($0.40)
Seat 7: Gara002 (small blind) folded before Flop
Seat 8: KingKushy1988 (big blind) folded before Flop
Seat 9: Mr.McAvoy folded on the Flop



PokerStars Hand #237716028943:  Hold'em No Limit ($0.02/$0.05 USD) - 2022/07/31 20:08:38 PT [2022/07/31 23:08:38 ET]
Table 'Leto II' 9-max Seat #7 is the button
Seat 1: enixblr ($9.57 in chips) 
Seat 2: kimikiwi87 ($8.74 in chips) 
Seat 3: AGVsmarT ($4.16 in chips) 
Seat 4: BlackCat0812 ($4.53 in chips) 
Seat 5: Dorex2007 ($5.08 in chips) 
Seat 6: Dgo Sytrik ($4.75 in chips) 
Seat 7: Gara002 ($5 in chips) 
Seat 8: KingKushy1988 ($4.81 in chips) 
Seat 9: Mr.McAvoy ($1.89 in chips) 
KingKushy1988: posts small blind $0.02
Mr.McAvoy: posts big blind $0.05
*** HOLE CARDS ***
Dealt to Dorex2007 [5d 7d]
enixblr: folds 
kimikiwi87: calls $0.05
AGVsmarT: calls $0.05
BlackCat0812 has timed out
BlackCat0812: folds 
Dorex2007: folds 
Dgo Sytrik: folds 
Gara002: folds 
KingKushy1988: folds 
Mr.McAvoy: checks 
*** FLOP *** [Js 9s 9h]
Mr.McAvoy: bets $0.05
kimikiwi87: calls $0.05
AGVsmarT: calls $0.05
*** TURN *** [Js 9s 9h] [5c]
Mr.McAvoy: checks 
kimikiwi87: checks 
AGVsmarT: checks 
*** RIVER *** [Js 9s 9h 5c] [As]
Mr.McAvoy: checks 
kimikiwi87: bets $4.25
AGVsmarT: folds 
Mr.McAvoy: folds 
Uncalled bet ($4.25) returned to kimikiwi87
kimikiwi87 collected $0.31 from pot
kimikiwi87: doesn't show hand 
*** SUMMARY ***
Total pot $0.32 | Rake $0.01 
Board [Js 9s 9h 5c As]
Seat 1: enixblr folded before Flop (didn't bet)
Seat 2: kimikiwi87 collected ($0.31)
Seat 3: AGVsmarT folded on the River
Seat 4: BlackCat0812 folded before Flop (didn't bet)
Seat 5: Dorex2007 folded before Flop (didn't bet)
Seat 6: Dgo Sytrik folded before Flop (didn't bet)
Seat 7: Gara002 (button) folded before Flop (didn't bet)
Seat 8: KingKushy1988 (small blind) folded before Flop
Seat 9: Mr.McAvoy (big blind) folded on the River



PokerStars Hand #237716038864:  Hold'em No Limit ($0.02/$0.05 USD) - 2022/07/31 20:09:45 PT [2022/07/31 23:09:45 ET]
Table 'Leto II' 9-max Seat #8 is the button
Seat 1: enixblr ($9.57 in chips) 
Seat 2: kimikiwi87 ($8.95 in chips) 
Seat 3: AGVsmarT ($4.06 in chips) 
Seat 4: BlackCat0812 ($4.53 in chips) 
Seat 5: Dorex2007 ($5.08 in chips) 
Seat 6: Dgo Sytrik ($4.75 in chips) 
Seat 7: Gara002 ($5 in chips) 
Seat 8: KingKushy1988 ($4.79 in chips) 
Seat 9: Mr.McAvoy ($1.79 in chips) 
Mr.McAvoy: posts small blind $0.02
enixblr: posts big blind $0.05
*** HOLE CARDS ***
Dealt to Dorex2007 [5c 3s]
kimikiwi87: folds 
AGVsmarT: folds 
BlackCat0812: folds 
Dorex2007: folds 
Dgo Sytrik: folds 
Gara002: folds 
KingKushy1988: folds 
Mr.McAvoy: calls $0.03
enixblr: checks 
*** FLOP *** [9d Qh Js]
Mr.McAvoy: bets $0.05
enixblr: folds 
Uncalled bet ($0.05) returned to Mr.McAvoy
Mr.McAvoy collected $0.10 from pot
Mr.McAvoy: doesn't show hand 
*** SUMMARY ***
Total pot $0.10 | Rake $0 
Board [9d Qh Js]
Seat 1: enixblr (big blind) folded on the Flop
Seat 2: kimikiwi87 folded before Flop (didn't bet)
Seat 3: AGVsmarT folded before Flop (didn't bet)
Seat 4: BlackCat0812 folded before Flop (didn't bet)
Seat 5: Dorex2007 folded before Flop (didn't bet)
Seat 6: Dgo Sytrik folded before Flop (didn't bet)
Seat 7: Gara002 folded before Flop (didn't bet)
Seat 8: KingKushy1988 (button) folded before Flop (didn't bet)
Seat 9: Mr.McAvoy (small blind) collected ($0.10)



PokerStars Hand #237716043627:  Hold'em No Limit ($0.02/$0.05 USD) - 2022/07/31 20:10:18 PT [2022/07/31 23:10:18 ET]
Table 'Leto II' 9-max Seat #9 is the button
Seat 1: enixblr ($9.52 in chips) 
Seat 2: kimikiwi87 ($8.95 in chips) 
Seat 3: AGVsmarT ($4.06 in chips) 
Seat 4: BlackCat0812 ($4.53 in chips) 
Seat 5: Dorex2007 ($5.08 in chips) 
Seat 6: Dgo Sytrik ($4.75 in chips) 
Seat 7: Gara002 ($5 in chips) 
Seat 8: KingKushy1988 ($4.79 in chips) 
Seat 9: Mr.McAvoy ($1.84 in chips) 
enixblr: posts small blind $0.02
kimikiwi87: posts big blind $0.05
*** HOLE CARDS ***
Dealt to Dorex2007 [Qs Tc]
AGVsmarT: folds 
BlackCat0812: folds 
Dorex2007: folds 
Dgo Sytrik: raises $0.10 to $0.15
Gara002: folds 
KingKushy1988: folds 
Mr.McAvoy: calls $0.15
enixblr: folds 
kimikiwi87: calls $0.10
*** FLOP *** [7c 2h Qc]
kimikiwi87: checks 
Dgo Sytrik: bets $0.26
Mr.McAvoy: raises $0.26 to $0.52
kimikiwi87: folds 
Dgo Sytrik: calls $0.26
*** TURN *** [7c 2h Qc] [Ah]
Dgo Sytrik: checks 
Mr.McAvoy: bets $0.30
Dgo Sytrik: folds 
Uncalled bet ($0.30) returned to Mr.McAvoy
Mr.McAvoy collected $1.45 from pot
Mr.McAvoy: doesn't show hand 
*** SUMMARY ***
Total pot $1.51 | Rake $0.06 
Board [7c 2h Qc Ah]
Seat 1: enixblr (small blind) folded before Flop
Seat 2: kimikiwi87 (big blind) folded on the Flop
Seat 3: AGVsmarT folded before Flop (didn't bet)
Seat 4: BlackCat0812 folded before Flop (didn't bet)
Seat 5: Dorex2007 folded before Flop (didn't bet)
Seat 6: Dgo Sytrik folded on the Turn
Seat 7: Gara002 folded before Flop (didn't bet)
Seat 8: KingKushy1988 folded before Flop (didn't bet)
Seat 9: Mr.McAvoy (button) collected ($1.45)



PokerStars Hand #237716053580:  Hold'em No Limit ($0.02/$0.05 USD) - 2022/07/31 20:11:26 PT [2022/07/31 23:11:26 ET]
Table 'Leto II' 9-max Seat #1 is the button
Seat 1: enixblr ($9.50 in chips) 
Seat 2: kimikiwi87 ($8.80 in chips) 
Seat 3: AGVsmarT ($4.06 in chips) 
Seat 4: BlackCat0812 ($4.53 in chips) 
Seat 5: Dorex2007 ($5.08 in chips) 
Seat 6: Dgo Sytrik ($4.08 in chips) 
Seat 7: Gara002 ($5 in chips) 
Seat 8: KingKushy1988 ($4.79 in chips) 
Seat 9: Mr.McAvoy ($2.62 in chips) 
kimikiwi87: posts small blind $0.02
AGVsmarT: posts big blind $0.05
*** HOLE CARDS ***
Dealt to Dorex2007 [2s 6c]
BlackCat0812: folds 
Dorex2007: folds 
Dgo Sytrik: folds 
Gara002: folds 
KingKushy1988: folds 
Mr.McAvoy: calls $0.05
enixblr: folds 
kimikiwi87: folds 
AGVsmarT: checks 
*** FLOP *** [5c 2d 8h]
AGVsmarT: checks 
Mr.McAvoy: checks 
*** TURN *** [5c 2d 8h] [Ah]
AGVsmarT: bets $0.05
Mr.McAvoy: raises $0.05 to $0.10
AGVsmarT: folds 
Uncalled bet ($0.05) returned to Mr.McAvoy
Mr.McAvoy collected $0.21 from pot
Mr.McAvoy: doesn't show hand 
*** SUMMARY ***
Total pot $0.22 | Rake $0.01 
Board [5c 2d 8h Ah]
Seat 1: enixblr (button) folded before Flop (didn't bet)
Seat 2: kimikiwi87 (small blind) folded before Flop
Seat 3: AGVsmarT (big blind) folded on the Turn
Seat 4: BlackCat0812 folded before Flop (didn't bet)
Seat 5: Dorex2007 folded before Flop (didn't bet)
Seat 6: Dgo Sytrik folded before Flop (didn't bet)
Seat 7: Gara002 folded before Flop (didn't bet)
Seat 8: KingKushy1988 folded before Flop (didn't bet)
Seat 9: Mr.McAvoy collected ($0.21)



PokerStars Hand #237716059060:  Hold'em No Limit ($0.02/$0.05 USD) - 2022/07/31 20:12:03 PT [2022/07/31 23:12:03 ET]
Table 'Leto II' 9-max Seat #2 is the button
Seat 1: enixblr ($9.50 in chips) 
Seat 2: kimikiwi87 ($8.78 in chips) 
Seat 3: AGVsmarT ($3.96 in chips) 
Seat 4: BlackCat0812 ($4.53 in chips) 
Seat 5: Dorex2007 ($5.08 in chips) 
Seat 6: Dgo Sytrik ($4.08 in chips) 
Seat 7: Gara002 ($5 in chips) 
Seat 8: KingKushy1988 ($4.79 in chips) 
Seat 9: Mr.McAvoy ($2.73 in chips) 
AGVsmarT: posts small blind $0.02
BlackCat0812: posts big blind $0.05
*** HOLE CARDS ***
Dealt to Dorex2007 [Kh Qh]
Dorex2007: raises $0.10 to $0.15
Dgo Sytrik: folds 
Gara002: folds 
KingKushy1988: calls $0.15
Mr.McAvoy: folds 
Mr.McAvoy leaves the table
enixblr: folds 
kimikiwi87: folds 
AGVsmarT: folds 
BlackCat0812: folds 
*** FLOP *** [5h 9h 2s]
Dorex2007: checks 
KingKushy1988: checks 
*** TURN *** [5h 9h 2s] [4h]
Dorex2007: checks 
KingKushy1988: bets $0.10
Dorex2007: calls $0.10
*** RIVER *** [5h 9h 2s 4h] [Jd]
Dorex2007: bets $0.37
KingKushy1988: calls $0.37
*** SHOW DOWN ***
Dorex2007: shows [Kh Qh] (a flush, King high)
KingKushy1988: mucks hand 
Dorex2007 collected $1.26 from pot
*** SUMMARY ***
Total pot $1.31 | Rake $0.05 
Board [5h 9h 2s 4h Jd]
Seat 1: enixblr folded before Flop (didn't bet)
Seat 2: kimikiwi87 (button) folded before Flop (didn't bet)
Seat 3: AGVsmarT (small blind) folded before Flop
Seat 4: BlackCat0812 (big blind) folded before Flop
Seat 5: Dorex2007 showed [Kh Qh] and won ($1.26) with a flush, King high
Seat 6: Dgo Sytrik folded before Flop (didn't bet)
Seat 7: Gara002 folded before Flop (didn't bet)
Seat 8: KingKushy1988 mucked [Ts Js]
Seat 9: Mr.McAvoy folded before Flop (didn't bet)



PokerStars Hand #237716068053:  Hold'em No Limit ($0.02/$0.05 USD) - 2022/07/31 20:13:04 PT [2022/07/31 23:13:04 ET]
Table 'Leto II' 9-max Seat #3 is the button
Seat 1: enixblr ($9.50 in chips) 
Seat 2: kimikiwi87 ($8.78 in chips) 
Seat 3: AGVsmarT ($3.94 in chips) 
Seat 4: BlackCat0812 ($4.48 in chips) 
Seat 5: Dorex2007 ($5.72 in chips) 
Seat 6: Dgo Sytrik ($4.08 in chips) 
Seat 7: Gara002 ($5 in chips) 
Seat 8: KingKushy1988 ($4.17 in chips) 
BlackCat0812: posts small blind $0.02
Dorex2007: posts big blind $0.05
*** HOLE CARDS ***
Dealt to Dorex2007 [4s 2s]
Dgo Sytrik: folds 
Gara002: folds 
KingKushy1988: calls $0.05
enixblr: folds 
kimikiwi87: calls $0.05
AGVsmarT: folds 
BlackCat0812: folds 
Dorex2007: checks 
*** FLOP *** [Jc 5d 5h]
Dorex2007: checks 
KingKushy1988: checks 
kimikiwi87: checks 
*** TURN *** [Jc 5d 5h] [2d]
Dorex2007: checks 
KingKushy1988: checks 
kimikiwi87: checks 
*** RIVER *** [Jc 5d 5h 2d] [7d]
Dorex2007: checks 
KingKushy1988: bets $0.25
kimikiwi87: folds 
Dorex2007: folds 
Uncalled bet ($0.25) returned to KingKushy1988
KingKushy1988 collected $0.16 from pot
*** SUMMARY ***
Total pot $0.17 | Rake $0.01 
Board [Jc 5d 5h 2d 7d]
Seat 1: enixblr folded before Flop (didn't bet)
Seat 2: kimikiwi87 folded on the River
Seat 3: AGVsmarT (button) folded before Flop (didn't bet)
Seat 4: BlackCat0812 (small blind) folded before Flop
Seat 5: Dorex2007 (big blind) folded on the River
Seat 6: Dgo Sytrik folded before Flop (didn't bet)
Seat 7: Gara002 folded before Flop (didn't bet)
Seat 8: KingKushy1988 collected ($0.16)



PokerStars Hand #237716076944:  Hold'em No Limit ($0.02/$0.05 USD) - 2022/07/31 20:14:04 PT [2022/07/31 23:14:04 ET]
Table 'Leto II' 9-max Seat #4 is the button
Seat 1: enixblr ($9.50 in chips) 
Seat 2: kimikiwi87 ($8.73 in chips) 
Seat 3: AGVsmarT ($3.94 in chips) 
Seat 4: BlackCat0812 ($4.46 in chips) 
Seat 5: Dorex2007 ($5.67 in chips) 
Seat 6: Dgo Sytrik ($4.08 in chips) 
Seat 7: Gara002 ($5 in chips) 
Seat 8: KingKushy1988 ($4.28 in chips) 
Dorex2007: posts small blind $0.02
Dgo Sytrik: posts big blind $0.05
*** HOLE CARDS ***
Dealt to Dorex2007 [3h 3c]
Gara002: folds 
KingKushy1988: folds 
enixblr: folds 
kimikiwi87: calls $0.05
AGVsmarT: calls $0.05
BlackCat0812: calls $0.05
Dorex2007: calls $0.03
Dgo Sytrik: checks 
*** FLOP *** [8h 2d Ks]
Dorex2007: checks 
Dgo Sytrik: checks 
kimikiwi87: checks 
AGVsmarT: checks 
BlackCat0812: checks 
*** TURN *** [8h 2d Ks] [2s]
Dorex2007: checks 
Dgo Sytrik: bets $0.16
kimikiwi87: folds 
AGVsmarT: folds 
BlackCat0812: folds 
Dorex2007: folds 
Uncalled bet ($0.16) returned to Dgo Sytrik
Dgo Sytrik collected $0.24 from pot
Dgo Sytrik: doesn't show hand 
*** SUMMARY ***
Total pot $0.25 | Rake $0.01 
Board [8h 2d Ks 2s]
Seat 1: enixblr folded before Flop (didn't bet)
Seat 2: kimikiwi87 folded on the Turn
Seat 3: AGVsmarT folded on the Turn
Seat 4: BlackCat0812 (button) folded on the Turn
Seat 5: Dorex2007 (small blind) folded on the Turn
Seat 6: Dgo Sytrik (big blind) collected ($0.24)
Seat 7: Gara002 folded before Flop (didn't bet)
Seat 8: KingKushy1988 folded before Flop (didn't bet)



PokerStars Hand #237716088760:  Hold'em No Limit ($0.02/$0.05 USD) - 2022/07/31 20:15:26 PT [2022/07/31 23:15:26 ET]
Table 'Leto II' 9-max Seat #5 is the button
Seat 1: enixblr ($9.50 in chips) 
Seat 2: kimikiwi87 ($8.68 in chips) 
Seat 3: AGVsmarT ($3.89 in chips) 
Seat 4: BlackCat0812 ($4.41 in chips) 
Seat 5: Dorex2007 ($5.62 in chips) 
Seat 6: Dgo Sytrik ($4.27 in chips) 
Seat 7: Gara002 ($5 in chips) 
Seat 8: KingKushy1988 ($4.28 in chips) 
Dgo Sytrik: posts small blind $0.02
Gara002: posts big blind $0.05
*** HOLE CARDS ***
Dealt to Dorex2007 [Jh Js]
KingKushy1988: folds 
enixblr: folds 
kimikiwi87: folds 
AGVsmarT: folds 
BlackCat0812: folds 
Dorex2007: raises $0.10 to $0.15
Dgo Sytrik: calls $0.13
Gara002: folds 
*** FLOP *** [Qs 2c Kh]
Dgo Sytrik: checks 
Dorex2007: checks 
*** TURN *** [Qs 2c Kh] [Kd]
Dgo Sytrik: checks 
Dorex2007: bets $0.17
Dgo Sytrik: calls $0.17
*** RIVER *** [Qs 2c Kh Kd] [9h]
Dgo Sytrik: checks 
Dorex2007: checks 
*** SHOW DOWN ***
Dgo Sytrik: shows [9c Jd] (two pair, Kings and Nines)
Dorex2007: shows [Jh Js] (two pair, Kings and Jacks)
Dorex2007 collected $0.66 from pot
*** SUMMARY ***
Total pot $0.69 | Rake $0.03 
Board [Qs 2c Kh Kd 9h]
Seat 1: enixblr folded before Flop (didn't bet)
Seat 2: kimikiwi87 folded before Flop (didn't bet)
Seat 3: AGVsmarT folded before Flop (didn't bet)
Seat 4: BlackCat0812 folded before Flop (didn't bet)
Seat 5: Dorex2007 (button) showed [Jh Js] and won ($0.66) with two pair, Kings and Jacks
Seat 6: Dgo Sytrik (small blind) showed [9c Jd] and lost with two pair, Kings and Nines
Seat 7: Gara002 (big blind) folded before Flop
Seat 8: KingKushy1988 folded before Flop (didn't bet)



PokerStars Hand #237716095298:  Hold'em No Limit ($0.02/$0.05 USD) - 2022/07/31 20:16:11 PT [2022/07/31 23:16:11 ET]
Table 'Leto II' 9-max Seat #6 is the button
Seat 1: enixblr ($9.50 in chips) 
Seat 2: kimikiwi87 ($8.68 in chips) 
Seat 3: AGVsmarT ($3.89 in chips) 
Seat 4: BlackCat0812 ($4.41 in chips) 
Seat 5: Dorex2007 ($5.96 in chips) 
Seat 6: Dgo Sytrik ($3.95 in chips) 
Seat 7: Gara002 ($5 in chips) 
Gara002: posts small blind $0.02
KingKushy1988: is sitting out 
enixblr: posts big blind $0.05
*** HOLE CARDS ***
Dealt to Dorex2007 [7c Kh]
kimikiwi87: folds 
AGVsmarT: folds 
KingKushy1988 leaves the table
BlackCat0812: calls $0.05
Dorex2007: folds 
Dgo Sytrik: folds 
Gara002: folds 
enixblr: checks 
*** FLOP *** [9h 6c Ts]
enixblr: checks 
BlackCat0812: checks 
*** TURN *** [9h 6c Ts] [Jh]
enixblr: checks 
BlackCat0812: checks 
*** RIVER *** [9h 6c Ts Jh] [6d]
enixblr: checks 
BlackCat0812: checks 
*** SHOW DOWN ***
enixblr: shows [3d Td] (two pair, Tens and Sixes)
BlackCat0812: mucks hand 
enixblr collected $0.12 from pot
*** SUMMARY ***
Total pot $0.12 | Rake $0 
Board [9h 6c Ts Jh 6d]
Seat 1: enixblr (big blind) showed [3d Td] and won ($0.12) with two pair, Tens and Sixes
Seat 2: kimikiwi87 folded before Flop (didn't bet)
Seat 3: AGVsmarT folded before Flop (didn't bet)
Seat 4: BlackCat0812 mucked [Ac Ks]
Seat 5: Dorex2007 folded before Flop (didn't bet)
Seat 6: Dgo Sytrik (button) folded before Flop (didn't bet)
Seat 7: Gara002 (small blind) folded before Flop



PokerStars Hand #237716102430:  Hold'em No Limit ($0.02/$0.05 USD) - 2022/07/31 20:17:01 PT [2022/07/31 23:17:01 ET]
Table 'Leto II' 9-max Seat #7 is the button
Seat 1: enixblr ($9.57 in chips) 
Seat 3: AGVsmarT ($3.89 in chips) 
Seat 4: BlackCat0812 ($4.36 in chips) 
Seat 5: Dorex2007 ($5.96 in chips) 
Seat 6: Dgo Sytrik ($3.95 in chips) 
Seat 7: Gara002 ($5 in chips) 
enixblr: posts small blind $0.02
kimikiwi87: is sitting out 
kimikiwi87 leaves the table
AGVsmarT: posts big blind $0.05
*** HOLE CARDS ***
Dealt to Dorex2007 [5h 3c]
BlackCat0812: calls $0.05
Dorex2007: folds 
Dgo Sytrik: folds 
Gara002: folds 
enixblr: folds 
AGVsmarT: checks 
*** FLOP *** [Ts 7s Qd]
AGVsmarT: bets $0.05
BlackCat0812: calls $0.05
*** TURN *** [Ts 7s Qd] [Ac]
AGVsmarT: checks 
BlackCat0812: bets $0.15
AGVsmarT: folds 
Uncalled bet ($0.15) returned to BlackCat0812
BlackCat0812 collected $0.21 from pot
BlackCat0812: doesn't show hand 
*** SUMMARY ***
Total pot $0.22 | Rake $0.01 
Board [Ts 7s Qd Ac]
Seat 1: enixblr (small blind) folded before Flop
Seat 3: AGVsmarT (big blind) folded on the Turn
Seat 4: BlackCat0812 collected ($0.21)
Seat 5: Dorex2007 folded before Flop (didn't bet)
Seat 6: Dgo Sytrik folded before Flop (didn't bet)
Seat 7: Gara002 (button) folded before Flop (didn't bet)



PokerStars Hand #237716109001:  Hold'em No Limit ($0.02/$0.05 USD) - 2022/07/31 20:17:47 PT [2022/07/31 23:17:47 ET]
Table 'Leto II' 9-max Seat #1 is the button
Seat 1: enixblr ($9.55 in chips) 
Seat 3: AGVsmarT ($3.79 in chips) 
Seat 5: Dorex2007 ($5.96 in chips) 
Seat 6: Dgo Sytrik ($3.95 in chips) 
Seat 7: Gara002 ($5 in chips) 
AGVsmarT: posts small blind $0.02
BlackCat0812: is sitting out 
Dorex2007: posts big blind $0.05
*** HOLE CARDS ***
Dealt to Dorex2007 [4c Ad]
BlackCat0812 leaves the table
Dgo Sytrik: folds 
Gara002: folds 
enixblr: folds 
AGVsmarT: calls $0.03
Dorex2007: checks 
*** FLOP *** [Kd 3h 8d]
AGVsmarT: bets $0.05
Dorex2007: folds 
Uncalled bet ($0.05) returned to AGVsmarT
AGVsmarT collected $0.10 from pot
*** SUMMARY ***
Total pot $0.10 | Rake $0 
Board [Kd 3h 8d]
Seat 1: enixblr (button) folded before Flop (didn't bet)
Seat 3: AGVsmarT (small blind) collected ($0.10)
Seat 5: Dorex2007 (big blind) folded on the Flop
Seat 6: Dgo Sytrik folded before Flop (didn't bet)
Seat 7: Gara002 folded before Flop (didn't bet)



