PokerStars Hand #237696218199: Tournament #3449299177, $0.92+$0.08 USD Hold'em No Limit - Level I (10/20) - 2022/07/31 2:14:41 PT [2022/07/31 5:14:41 ET]
Table '3449299177 1' 3-max Seat #1 is the button
Seat 1: gustavoiti (500 in chips) 
Seat 2: brizio4420 (500 in chips) 
Seat 3: Dorex2007 (500 in chips) 
brizio4420: posts small blind 10
Dorex2007: posts big blind 20
*** HOLE CARDS ***
Dealt to Dorex2007 [Th 5h]
gustavoiti: calls 20
brizio4420: calls 10
Dorex2007: checks 
*** FLOP *** [Ac 5d 2s]
brizio4420: bets 60
Dorex2007: calls 60
gustavoiti: calls 60
*** TURN *** [Ac 5d 2s] [9c]
brizio4420: bets 240
Dorex2007: folds 
gustavoiti: folds 
Uncalled bet (240) returned to brizio4420
brizio4420 collected 240 from pot
brizio4420: doesn't show hand 
*** SUMMARY ***
Total pot 240 | Rake 0 
Board [Ac 5d 2s 9c]
Seat 1: gustavoiti (button) folded on the Turn
Seat 2: brizio4420 (small blind) collected (240)
Seat 3: Dorex2007 (big blind) folded on the Turn



PokerStars Hand #237696222041: Tournament #3449299177, $0.92+$0.08 USD Hold'em No Limit - Level I (10/20) - 2022/07/31 2:15:04 PT [2022/07/31 5:15:04 ET]
Table '3449299177 1' 3-max Seat #2 is the button
Seat 1: gustavoiti (420 in chips) 
Seat 2: brizio4420 (660 in chips) 
Seat 3: Dorex2007 (420 in chips) 
Dorex2007: posts small blind 10
gustavoiti: posts big blind 20
*** HOLE CARDS ***
Dealt to Dorex2007 [Jd 8d]
brizio4420: folds 
Dorex2007: folds 
Uncalled bet (10) returned to gustavoiti
gustavoiti collected 20 from pot
gustavoiti: doesn't show hand 
*** SUMMARY ***
Total pot 20 | Rake 0 
Seat 1: gustavoiti (big blind) collected (20)
Seat 2: brizio4420 (button) folded before Flop (didn't bet)
Seat 3: Dorex2007 (small blind) folded before Flop



PokerStars Hand #237696223651: Tournament #3449299177, $0.92+$0.08 USD Hold'em No Limit - Level I (10/20) - 2022/07/31 2:15:14 PT [2022/07/31 5:15:14 ET]
Table '3449299177 1' 3-max Seat #3 is the button
Seat 1: gustavoiti (430 in chips) 
Seat 2: brizio4420 (660 in chips) 
Seat 3: Dorex2007 (410 in chips) 
gustavoiti: posts small blind 10
brizio4420: posts big blind 20
*** HOLE CARDS ***
Dealt to Dorex2007 [Tc Js]
Dorex2007: calls 20
gustavoiti: calls 10
brizio4420: checks 
*** FLOP *** [Ad 6c 5c]
gustavoiti: checks 
brizio4420: checks 
Dorex2007: checks 
*** TURN *** [Ad 6c 5c] [3h]
gustavoiti: bets 20
brizio4420: calls 20
Dorex2007: calls 20
*** RIVER *** [Ad 6c 5c 3h] [9c]
gustavoiti: bets 20
brizio4420: raises 60 to 80
Dorex2007: folds 
gustavoiti: folds 
Uncalled bet (60) returned to brizio4420
brizio4420 collected 160 from pot
brizio4420: doesn't show hand 
*** SUMMARY ***
Total pot 160 | Rake 0 
Board [Ad 6c 5c 3h 9c]
Seat 1: gustavoiti (small blind) folded on the River
Seat 2: brizio4420 (big blind) collected (160)
Seat 3: Dorex2007 (button) folded on the River



PokerStars Hand #237696231334: Tournament #3449299177, $0.92+$0.08 USD Hold'em No Limit - Level I (10/20) - 2022/07/31 2:16:01 PT [2022/07/31 5:16:01 ET]
Table '3449299177 1' 3-max Seat #1 is the button
Seat 1: gustavoiti (370 in chips) 
Seat 2: brizio4420 (760 in chips) 
Seat 3: Dorex2007 (370 in chips) 
brizio4420: posts small blind 10
Dorex2007: posts big blind 20
*** HOLE CARDS ***
Dealt to Dorex2007 [Js 9d]
gustavoiti: calls 20
brizio4420: folds 
Dorex2007: checks 
*** FLOP *** [3c Qs Th]
Dorex2007: checks 
gustavoiti: bets 20
Dorex2007: calls 20
*** TURN *** [3c Qs Th] [2d]
Dorex2007: checks 
gustavoiti: bets 40
Dorex2007: calls 40
*** RIVER *** [3c Qs Th 2d] [6h]
Dorex2007: bets 170
gustavoiti: calls 170
*** SHOW DOWN ***
Dorex2007: shows [Js 9d] (high card Queen)
gustavoiti: shows [7s 7h] (a pair of Sevens)
gustavoiti collected 510 from pot
*** SUMMARY ***
Total pot 510 | Rake 0 
Board [3c Qs Th 2d 6h]
Seat 1: gustavoiti (button) showed [7s 7h] and won (510) with a pair of Sevens
Seat 2: brizio4420 (small blind) folded before Flop
Seat 3: Dorex2007 (big blind) showed [Js 9d] and lost with high card Queen



PokerStars Hand #237696235803: Tournament #3449299177, $0.92+$0.08 USD Hold'em No Limit - Level I (10/20) - 2022/07/31 2:16:28 PT [2022/07/31 5:16:28 ET]
Table '3449299177 1' 3-max Seat #2 is the button
Seat 1: gustavoiti (630 in chips) 
Seat 2: brizio4420 (750 in chips) 
Seat 3: Dorex2007 (120 in chips) 
Dorex2007: posts small blind 10
gustavoiti: posts big blind 20
*** HOLE CARDS ***
Dealt to Dorex2007 [Jc Qd]
brizio4420: raises 20 to 40
Dorex2007: raises 80 to 120 and is all-in
gustavoiti: folds 
brizio4420: calls 80
*** FLOP *** [Qh 8s Jh]
*** TURN *** [Qh 8s Jh] [2d]
*** RIVER *** [Qh 8s Jh 2d] [9s]
*** SHOW DOWN ***
Dorex2007: shows [Jc Qd] (two pair, Queens and Jacks)
brizio4420: shows [7s Kc] (high card King)
Dorex2007 collected 260 from pot
*** SUMMARY ***
Total pot 260 | Rake 0 
Board [Qh 8s Jh 2d 9s]
Seat 1: gustavoiti (big blind) folded before Flop
Seat 2: brizio4420 (button) showed [7s Kc] and lost with high card King
Seat 3: Dorex2007 (small blind) showed [Jc Qd] and won (260) with two pair, Queens and Jacks



PokerStars Hand #237696238930: Tournament #3449299177, $0.92+$0.08 USD Hold'em No Limit - Level I (10/20) - 2022/07/31 2:16:47 PT [2022/07/31 5:16:47 ET]
Table '3449299177 1' 3-max Seat #3 is the button
Seat 1: gustavoiti (610 in chips) 
Seat 2: brizio4420 (630 in chips) 
Seat 3: Dorex2007 (260 in chips) 
gustavoiti: posts small blind 10
brizio4420: posts big blind 20
*** HOLE CARDS ***
Dealt to Dorex2007 [Kc Jd]
Dorex2007: raises 50 to 70
gustavoiti: folds 
brizio4420: calls 50
*** FLOP *** [8c Qs 9c]
brizio4420: checks 
Dorex2007: bets 190 and is all-in
brizio4420: calls 190
*** TURN *** [8c Qs 9c] [7h]
*** RIVER *** [8c Qs 9c 7h] [Ts]
*** SHOW DOWN ***
brizio4420: shows [Qd Kd] (a pair of Queens)
Dorex2007: shows [Kc Jd] (a straight, Nine to King)
Dorex2007 collected 530 from pot
*** SUMMARY ***
Total pot 530 | Rake 0 
Board [8c Qs 9c 7h Ts]
Seat 1: gustavoiti (small blind) folded before Flop
Seat 2: brizio4420 (big blind) showed [Qd Kd] and lost with a pair of Queens
Seat 3: Dorex2007 (button) showed [Kc Jd] and won (530) with a straight, Nine to King



PokerStars Hand #237696243223: Tournament #3449299177, $0.92+$0.08 USD Hold'em No Limit - Level I (10/20) - 2022/07/31 2:17:13 PT [2022/07/31 5:17:13 ET]
Table '3449299177 1' 3-max Seat #1 is the button
Seat 1: gustavoiti (600 in chips) 
Seat 2: brizio4420 (370 in chips) 
Seat 3: Dorex2007 (530 in chips) 
brizio4420: posts small blind 10
Dorex2007: posts big blind 20
*** HOLE CARDS ***
Dealt to Dorex2007 [7d Tc]
gustavoiti: calls 20
brizio4420: calls 10
Dorex2007: checks 
*** FLOP *** [5h As 9h]
brizio4420: checks 
Dorex2007: checks 
gustavoiti: checks 
*** TURN *** [5h As 9h] [3c]
brizio4420: checks 
Dorex2007: checks 
gustavoiti: checks 
*** RIVER *** [5h As 9h 3c] [3d]
brizio4420: checks 
Dorex2007: checks 
gustavoiti: bets 40
brizio4420: folds 
Dorex2007: folds 
Uncalled bet (40) returned to gustavoiti
gustavoiti collected 60 from pot
gustavoiti: doesn't show hand 
*** SUMMARY ***
Total pot 60 | Rake 0 
Board [5h As 9h 3c 3d]
Seat 1: gustavoiti (button) collected (60)
Seat 2: brizio4420 (small blind) folded on the River
Seat 3: Dorex2007 (big blind) folded on the River



PokerStars Hand #237696250299: Tournament #3449299177, $0.92+$0.08 USD Hold'em No Limit - Level II (15/30) - 2022/07/31 2:17:56 PT [2022/07/31 5:17:56 ET]
Table '3449299177 1' 3-max Seat #2 is the button
Seat 1: gustavoiti (640 in chips) 
Seat 2: brizio4420 (350 in chips) 
Seat 3: Dorex2007 (510 in chips) 
Dorex2007: posts small blind 15
gustavoiti: posts big blind 30
*** HOLE CARDS ***
Dealt to Dorex2007 [5s 3h]
brizio4420: folds 
Dorex2007: folds 
Uncalled bet (15) returned to gustavoiti
gustavoiti collected 30 from pot
gustavoiti: doesn't show hand 
*** SUMMARY ***
Total pot 30 | Rake 0 
Seat 1: gustavoiti (big blind) collected (30)
Seat 2: brizio4420 (button) folded before Flop (didn't bet)
Seat 3: Dorex2007 (small blind) folded before Flop



PokerStars Hand #237696251314: Tournament #3449299177, $0.92+$0.08 USD Hold'em No Limit - Level II (15/30) - 2022/07/31 2:18:02 PT [2022/07/31 5:18:02 ET]
Table '3449299177 1' 3-max Seat #3 is the button
Seat 1: gustavoiti (655 in chips) 
Seat 2: brizio4420 (350 in chips) 
Seat 3: Dorex2007 (495 in chips) 
gustavoiti: posts small blind 15
brizio4420: posts big blind 30
*** HOLE CARDS ***
Dealt to Dorex2007 [8h Ah]
Dorex2007: raises 75 to 105
gustavoiti: folds 
brizio4420: raises 245 to 350 and is all-in
Dorex2007: calls 245
*** FLOP *** [3h 9s 2s]
*** TURN *** [3h 9s 2s] [3s]
*** RIVER *** [3h 9s 2s 3s] [9d]
*** SHOW DOWN ***
brizio4420: shows [As 6s] (a flush, Ace high)
Dorex2007: shows [8h Ah] (two pair, Nines and Threes)
brizio4420 collected 715 from pot
*** SUMMARY ***
Total pot 715 | Rake 0 
Board [3h 9s 2s 3s 9d]
Seat 1: gustavoiti (small blind) folded before Flop
Seat 2: brizio4420 (big blind) showed [As 6s] and won (715) with a flush, Ace high
Seat 3: Dorex2007 (button) showed [8h Ah] and lost with two pair, Nines and Threes



PokerStars Hand #237696254245: Tournament #3449299177, $0.92+$0.08 USD Hold'em No Limit - Level II (15/30) - 2022/07/31 2:18:20 PT [2022/07/31 5:18:20 ET]
Table '3449299177 1' 3-max Seat #1 is the button
Seat 1: gustavoiti (640 in chips) 
Seat 2: brizio4420 (715 in chips) 
Seat 3: Dorex2007 (145 in chips) 
brizio4420: posts small blind 15
Dorex2007: posts big blind 30
*** HOLE CARDS ***
Dealt to Dorex2007 [Ac 9h]
gustavoiti: folds 
brizio4420: raises 685 to 715 and is all-in
Dorex2007: calls 115 and is all-in
Uncalled bet (570) returned to brizio4420
*** FLOP *** [7h 8h Ts]
*** TURN *** [7h 8h Ts] [9d]
*** RIVER *** [7h 8h Ts 9d] [Qs]
*** SHOW DOWN ***
brizio4420: shows [6d Jc] (a straight, Eight to Queen)
Dorex2007: shows [Ac 9h] (a pair of Nines)
brizio4420 collected 290 from pot
Dorex2007 finished the tournament in 3rd place
*** SUMMARY ***
Total pot 290 | Rake 0 
Board [7h 8h Ts 9d Qs]
Seat 1: gustavoiti (button) folded before Flop (didn't bet)
Seat 2: brizio4420 (small blind) showed [6d Jc] and won (290) with a straight, Eight to Queen
Seat 3: Dorex2007 (big blind) showed [Ac 9h] and lost with a pair of Nines



