PokerStars Hand #237386360179:  Hold'em No Limit ($0.01/$0.02 USD) - 2022/07/15 21:01:05 PT [2022/07/16 0:01:05 ET]
Table 'Schlutia IV' 9-max Seat #6 is the button
Seat 1: Pokon ($1.91 in chips) 
Seat 3: MaXiDe05 ($2.87 in chips) 
Seat 4: Dorex2007 ($2 in chips) 
Seat 5: HellNative ($2.52 in chips) 
Seat 6: FINITSXX ($1.52 in chips) 
Seat 7: Ethomikse ($2.35 in chips) 
Seat 8: buggspray ($2 in chips) 
Seat 9: TornadeoJim ($1.17 in chips) 
Ethomikse: posts small blind $0.01
buggspray: posts big blind $0.02
*** HOLE CARDS ***
Dealt to Dorex2007 [9c Th]
TornadeoJim: folds 
Pokon: folds 
MaXiDe05: raises $0.04 to $0.06
Dorex2007: folds 
HellNative: folds 
FINITSXX: folds 
Ethomikse: folds 
buggspray: folds 
Uncalled bet ($0.04) returned to MaXiDe05
MaXiDe05 collected $0.05 from pot
*** SUMMARY ***
Total pot $0.05 | Rake $0 
Seat 1: Pokon folded before Flop (didn't bet)
Seat 3: MaXiDe05 collected ($0.05)
Seat 4: Dorex2007 folded before Flop (didn't bet)
Seat 5: HellNative folded before Flop (didn't bet)
Seat 6: FINITSXX (button) folded before Flop (didn't bet)
Seat 7: Ethomikse (small blind) folded before Flop
Seat 8: buggspray (big blind) folded before Flop
Seat 9: TornadeoJim folded before Flop (didn't bet)



PokerStars Hand #237386364740:  Hold'em No Limit ($0.01/$0.02 USD) - 2022/07/15 21:01:36 PT [2022/07/16 0:01:36 ET]
Table 'Schlutia IV' 9-max Seat #7 is the button
Seat 1: Pokon ($1.91 in chips) 
Seat 3: MaXiDe05 ($2.90 in chips) 
Seat 4: Dorex2007 ($2 in chips) 
Seat 5: HellNative ($2.52 in chips) 
Seat 6: FINITSXX ($1.52 in chips) 
Seat 7: Ethomikse ($2.34 in chips) 
Seat 8: buggspray ($1.98 in chips) 
Seat 9: TornadeoJim ($1.17 in chips) 
buggspray: posts small blind $0.01
TornadeoJim: posts big blind $0.02
*** HOLE CARDS ***
Dealt to Dorex2007 [Js Th]
Pokon: folds 
MaXiDe05: folds 
Dorex2007: calls $0.02
HellNative: folds 
FINITSXX: folds 
Ethomikse: calls $0.02
buggspray: calls $0.01
TornadeoJim: checks 
*** FLOP *** [6h Qc 6d]
buggspray: checks 
TornadeoJim: checks 
Dorex2007: checks 
Ethomikse: checks 
*** TURN *** [6h Qc 6d] [8c]
buggspray: bets $0.04
TornadeoJim: folds 
Dorex2007: folds 
Ethomikse: folds 
Uncalled bet ($0.04) returned to buggspray
buggspray collected $0.08 from pot
*** SUMMARY ***
Total pot $0.08 | Rake $0 
Board [6h Qc 6d 8c]
Seat 1: Pokon folded before Flop (didn't bet)
Seat 3: MaXiDe05 folded before Flop (didn't bet)
Seat 4: Dorex2007 folded on the Turn
Seat 5: HellNative folded before Flop (didn't bet)
Seat 6: FINITSXX folded before Flop (didn't bet)
Seat 7: Ethomikse (button) folded on the Turn
Seat 8: buggspray (small blind) collected ($0.08)
Seat 9: TornadeoJim (big blind) folded on the Turn



PokerStars Hand #237386372638:  Hold'em No Limit ($0.01/$0.02 USD) - 2022/07/15 21:02:31 PT [2022/07/16 0:02:31 ET]
Table 'Schlutia IV' 9-max Seat #8 is the button
Seat 1: Pokon ($1.91 in chips) 
Seat 3: MaXiDe05 ($2.90 in chips) 
Seat 4: Dorex2007 ($2 in chips) 
Seat 5: HellNative ($2.52 in chips) 
Seat 6: FINITSXX ($1.52 in chips) 
Seat 7: Ethomikse ($2.32 in chips) 
Seat 8: buggspray ($2.04 in chips) 
Seat 9: TornadeoJim ($1.15 in chips) 
TornadeoJim: posts small blind $0.01
Pokon: posts big blind $0.02
*** HOLE CARDS ***
Dealt to Dorex2007 [9c 3d]
MaXiDe05: calls $0.02
Dorex2007: folds 
HellNative: folds 
FINITSXX: raises $0.03 to $0.05
Ethomikse: folds 
buggspray: folds 
TornadeoJim: folds 
Pokon: folds 
MaXiDe05: calls $0.03
*** FLOP *** [5c 6d 3c]
MaXiDe05: checks 
FINITSXX: bets $0.06
MaXiDe05: calls $0.06
*** TURN *** [5c 6d 3c] [4d]
MaXiDe05: checks 
Pokon leaves the table
FINITSXX: bets $0.12
MaXiDe05: calls $0.12
*** RIVER *** [5c 6d 3c 4d] [7c]
MaXiDe05: checks 
FINITSXX: checks 
*** SHOW DOWN ***
MaXiDe05: shows [Jd 6c] (a straight, Three to Seven)
FINITSXX: shows [9h 6h] (a straight, Three to Seven)
MaXiDe05 collected $0.24 from pot
FINITSXX collected $0.23 from pot
*** SUMMARY ***
Total pot $0.49 | Rake $0.02 
Board [5c 6d 3c 4d 7c]
Seat 1: Pokon (big blind) folded before Flop
Seat 3: MaXiDe05 showed [Jd 6c] and won ($0.24) with a straight, Three to Seven
Seat 4: Dorex2007 folded before Flop (didn't bet)
Seat 5: HellNative folded before Flop (didn't bet)
Seat 6: FINITSXX showed [9h 6h] and won ($0.23) with a straight, Three to Seven
Seat 7: Ethomikse folded before Flop (didn't bet)
Seat 8: buggspray (button) folded before Flop (didn't bet)
Seat 9: TornadeoJim (small blind) folded before Flop



PokerStars Hand #237386386839:  Hold'em No Limit ($0.01/$0.02 USD) - 2022/07/15 21:03:36 PT [2022/07/16 0:03:36 ET]
Table 'Schlutia IV' 9-max Seat #9 is the button
Seat 3: MaXiDe05 ($2.91 in chips) 
Seat 4: Dorex2007 ($2 in chips) 
Seat 5: HellNative ($2.52 in chips) 
Seat 6: FINITSXX ($1.52 in chips) 
Seat 7: Ethomikse ($2.32 in chips) 
Seat 8: buggspray ($2.04 in chips) 
Seat 9: TornadeoJim ($1.14 in chips) 
MaXiDe05: posts small blind $0.01
Dorex2007: posts big blind $0.02
*** HOLE CARDS ***
Dealt to Dorex2007 [Kc Qd]
HellNative: folds 
FINITSXX: folds 
Ethomikse: folds 
buggspray has timed out
buggspray: folds 
TornadeoJim: folds 
MaXiDe05: calls $0.01
Dorex2007: checks 
*** FLOP *** [Td Jd Qh]
Roody_Tha joins the table at seat #1 
MaXiDe05: checks 
Dorex2007: bets $0.04
MaXiDe05: folds 
Uncalled bet ($0.04) returned to Dorex2007
Dorex2007 collected $0.04 from pot
*** SUMMARY ***
Total pot $0.04 | Rake $0 
Board [Td Jd Qh]
Seat 3: MaXiDe05 (small blind) folded on the Flop
Seat 4: Dorex2007 (big blind) collected ($0.04)
Seat 5: HellNative folded before Flop (didn't bet)
Seat 6: FINITSXX folded before Flop (didn't bet)
Seat 7: Ethomikse folded before Flop (didn't bet)
Seat 8: buggspray folded before Flop (didn't bet)
Seat 9: TornadeoJim (button) folded before Flop (didn't bet)



PokerStars Hand #237386394539:  Hold'em No Limit ($0.01/$0.02 USD) - 2022/07/15 21:04:28 PT [2022/07/16 0:04:28 ET]
Table 'Schlutia IV' 9-max Seat #3 is the button
Seat 3: MaXiDe05 ($2.89 in chips) 
Seat 4: Dorex2007 ($2.02 in chips) 
Seat 5: HellNative ($2.52 in chips) 
Seat 6: FINITSXX ($1.52 in chips) 
Seat 7: Ethomikse ($2.32 in chips) 
Seat 8: buggspray ($2.04 in chips) 
Seat 9: TornadeoJim ($1.14 in chips) 
Dorex2007: posts small blind $0.01
HellNative: posts big blind $0.02
Roody_Tha: sits out 
*** HOLE CARDS ***
Dealt to Dorex2007 [Ts 5c]
FINITSXX: folds 
Ethomikse: calls $0.02
buggspray: folds 
TornadeoJim: folds 
MaXiDe05: calls $0.02
Dorex2007: folds 
HellNative: checks 
*** FLOP *** [9s 3c 5d]
HellNative: checks 
Ethomikse: checks 
MaXiDe05: checks 
*** TURN *** [9s 3c 5d] [6c]
HellNative: checks 
Ethomikse: checks 
MaXiDe05: checks 
*** RIVER *** [9s 3c 5d 6c] [7c]
HellNative: checks 
Ethomikse: checks 
MaXiDe05: checks 
*** SHOW DOWN ***
HellNative: shows [Jh 2c] (high card Jack)
Ethomikse: shows [2s 2d] (a pair of Deuces)
MaXiDe05: mucks hand 
Ethomikse collected $0.07 from pot
*** SUMMARY ***
Total pot $0.07 | Rake $0 
Board [9s 3c 5d 6c 7c]
Seat 3: MaXiDe05 (button) mucked [Tc Ah]
Seat 4: Dorex2007 (small blind) folded before Flop
Seat 5: HellNative (big blind) showed [Jh 2c] and lost with high card Jack
Seat 6: FINITSXX folded before Flop (didn't bet)
Seat 7: Ethomikse showed [2s 2d] and won ($0.07) with a pair of Deuces
Seat 8: buggspray folded before Flop (didn't bet)
Seat 9: TornadeoJim folded before Flop (didn't bet)



PokerStars Hand #237386401221:  Hold'em No Limit ($0.01/$0.02 USD) - 2022/07/15 21:05:15 PT [2022/07/16 0:05:15 ET]
Table 'Schlutia IV' 9-max Seat #4 is the button
Seat 3: MaXiDe05 ($2.87 in chips) 
Seat 4: Dorex2007 ($2.01 in chips) 
Seat 5: HellNative ($2.50 in chips) 
Seat 6: FINITSXX ($1.52 in chips) 
Seat 7: Ethomikse ($2.37 in chips) 
Seat 8: buggspray ($2.04 in chips) 
Seat 9: TornadeoJim ($1.14 in chips) 
HellNative: posts small blind $0.01
FINITSXX: posts big blind $0.02
Roody_Tha: sits out 
*** HOLE CARDS ***
Dealt to Dorex2007 [Qs Td]
Ethomikse: folds 
buggspray: folds 
TornadeoJim has timed out
TornadeoJim: folds 
MaXiDe05: folds 
Dorex2007: raises $0.02 to $0.04
HellNative: folds 
FINITSXX: calls $0.02
*** FLOP *** [4c 9d 7d]
FINITSXX: checks 
Dorex2007: checks 
*** TURN *** [4c 9d 7d] [Jh]
FINITSXX: checks 
Dorex2007: bets $0.06
FINITSXX: folds 
Uncalled bet ($0.06) returned to Dorex2007
Dorex2007 collected $0.09 from pot
*** SUMMARY ***
Total pot $0.09 | Rake $0 
Board [4c 9d 7d Jh]
Seat 3: MaXiDe05 folded before Flop (didn't bet)
Seat 4: Dorex2007 (button) collected ($0.09)
Seat 5: HellNative (small blind) folded before Flop
Seat 6: FINITSXX (big blind) folded on the Turn
Seat 7: Ethomikse folded before Flop (didn't bet)
Seat 8: buggspray folded before Flop (didn't bet)
Seat 9: TornadeoJim folded before Flop (didn't bet)



PokerStars Hand #237386409178:  Hold'em No Limit ($0.01/$0.02 USD) - 2022/07/15 21:06:10 PT [2022/07/16 0:06:10 ET]
Table 'Schlutia IV' 9-max Seat #5 is the button
Seat 3: MaXiDe05 ($2.87 in chips) 
Seat 4: Dorex2007 ($2.06 in chips) 
Seat 5: HellNative ($2.49 in chips) 
Seat 6: FINITSXX ($1.48 in chips) 
Seat 7: Ethomikse ($2.37 in chips) 
Seat 8: buggspray ($2.04 in chips) 
Seat 9: TornadeoJim ($1.14 in chips) 
FINITSXX: posts small blind $0.01
Ethomikse: posts big blind $0.02
Roody_Tha: sits out 
*** HOLE CARDS ***
Dealt to Dorex2007 [9c 2h]
buggspray: raises $0.02 to $0.04
TornadeoJim: folds 
MaXiDe05: folds 
Dorex2007: folds 
HellNative: folds 
FINITSXX: calls $0.03
Ethomikse: calls $0.02
*** FLOP *** [7d Jh 6s]
FINITSXX: checks 
Ethomikse: checks 
buggspray: bets $0.06
FINITSXX: calls $0.06
Ethomikse: folds 
*** TURN *** [7d Jh 6s] [6d]
FINITSXX: bets $0.11
buggspray: raises $0.11 to $0.22
FINITSXX: folds 
Uncalled bet ($0.11) returned to buggspray
buggspray collected $0.44 from pot
*** SUMMARY ***
Total pot $0.46 | Rake $0.02 
Board [7d Jh 6s 6d]
Seat 3: MaXiDe05 folded before Flop (didn't bet)
Seat 4: Dorex2007 folded before Flop (didn't bet)
Seat 5: HellNative (button) folded before Flop (didn't bet)
Seat 6: FINITSXX (small blind) folded on the Turn
Seat 7: Ethomikse (big blind) folded on the Flop
Seat 8: buggspray collected ($0.44)
Seat 9: TornadeoJim folded before Flop (didn't bet)



PokerStars Hand #237386415729:  Hold'em No Limit ($0.01/$0.02 USD) - 2022/07/15 21:06:55 PT [2022/07/16 0:06:55 ET]
Table 'Schlutia IV' 9-max Seat #6 is the button
Seat 3: MaXiDe05 ($2.87 in chips) 
Seat 4: Dorex2007 ($2.06 in chips) 
Seat 5: HellNative ($2.49 in chips) 
Seat 6: FINITSXX ($1.27 in chips) 
Seat 7: Ethomikse ($2.33 in chips) 
Seat 8: buggspray ($2.27 in chips) 
Seat 9: TornadeoJim ($1.14 in chips) 
Ethomikse: posts small blind $0.01
buggspray: posts big blind $0.02
Roody_Tha: sits out 
*** HOLE CARDS ***
Dealt to Dorex2007 [Jh Tc]
TornadeoJim: folds 
MaXiDe05: calls $0.02
Dorex2007: folds 
HellNative: folds 
FINITSXX: folds 
Ethomikse: folds 
buggspray: checks 
*** FLOP *** [Qc Kh 5c]
buggspray: checks 
MaXiDe05: bets $0.02
buggspray: folds 
Uncalled bet ($0.02) returned to MaXiDe05
MaXiDe05 collected $0.05 from pot
*** SUMMARY ***
Total pot $0.05 | Rake $0 
Board [Qc Kh 5c]
Seat 3: MaXiDe05 collected ($0.05)
Seat 4: Dorex2007 folded before Flop (didn't bet)
Seat 5: HellNative folded before Flop (didn't bet)
Seat 6: FINITSXX (button) folded before Flop (didn't bet)
Seat 7: Ethomikse (small blind) folded before Flop
Seat 8: buggspray (big blind) folded on the Flop
Seat 9: TornadeoJim folded before Flop (didn't bet)



PokerStars Hand #237386420604:  Hold'em No Limit ($0.01/$0.02 USD) - 2022/07/15 21:07:29 PT [2022/07/16 0:07:29 ET]
Table 'Schlutia IV' 9-max Seat #7 is the button
Seat 3: MaXiDe05 ($2.90 in chips) 
Seat 4: Dorex2007 ($2.06 in chips) 
Seat 5: HellNative ($2.49 in chips) 
Seat 6: FINITSXX ($1.27 in chips) 
Seat 7: Ethomikse ($2.32 in chips) 
Seat 8: buggspray ($2.25 in chips) 
Seat 9: TornadeoJim ($1.14 in chips) 
buggspray: posts small blind $0.01
TornadeoJim: posts big blind $0.02
Roody_Tha: sits out 
*** HOLE CARDS ***
Dealt to Dorex2007 [Qh 2s]
MaXiDe05: calls $0.02
Dorex2007: folds 
HellNative: raises $0.06 to $0.08
FINITSXX: raises $0.08 to $0.16
Ethomikse: folds 
buggspray: folds 
TornadeoJim: folds 
MaXiDe05: calls $0.14
HellNative: folds 
*** FLOP *** [7d 6c 7s]
MaXiDe05: checks 
FINITSXX: bets $0.41
MaXiDe05: calls $0.41
*** TURN *** [7d 6c 7s] [4d]
MaXiDe05: checks 
FINITSXX: bets $0.70 and is all-in
MaXiDe05: calls $0.70
*** RIVER *** [7d 6c 7s 4d] [Jd]
*** SHOW DOWN ***
MaXiDe05: shows [6d 6h] (a full house, Sixes full of Sevens)
FINITSXX: shows [Tc Th] (two pair, Tens and Sevens)
MaXiDe05 collected $2.56 from pot
*** SUMMARY ***
Total pot $2.65 | Rake $0.09 
Board [7d 6c 7s 4d Jd]
Seat 3: MaXiDe05 showed [6d 6h] and won ($2.56) with a full house, Sixes full of Sevens
Seat 4: Dorex2007 folded before Flop (didn't bet)
Seat 5: HellNative folded before Flop
Seat 6: FINITSXX showed [Tc Th] and lost with two pair, Tens and Sevens
Seat 7: Ethomikse (button) folded before Flop (didn't bet)
Seat 8: buggspray (small blind) folded before Flop
Seat 9: TornadeoJim (big blind) folded before Flop



PokerStars Hand #237386433260:  Hold'em No Limit ($0.01/$0.02 USD) - 2022/07/15 21:08:57 PT [2022/07/16 0:08:57 ET]
Table 'Schlutia IV' 9-max Seat #8 is the button
Seat 1: Roody_Tha ($2 in chips) 
Seat 3: MaXiDe05 ($4.19 in chips) 
Seat 4: Dorex2007 ($2.06 in chips) 
Seat 5: HellNative ($2.41 in chips) 
Seat 7: Ethomikse ($2.32 in chips) 
Seat 8: buggspray ($2.24 in chips) 
Seat 9: TornadeoJim ($1.12 in chips) 
TornadeoJim: posts small blind $0.01
Roody_Tha: posts big blind $0.02
*** HOLE CARDS ***
Dealt to Dorex2007 [9h 9s]
FINITSXX leaves the table
MaXiDe05: calls $0.02
Dorex2007: calls $0.02
HellNative: folds 
Ethomikse: raises $0.07 to $0.09
buggspray: folds 
FINITSXX joins the table at seat #6 
TornadeoJim: raises $1.03 to $1.12 and is all-in
Roody_Tha: folds 
MaXiDe05: folds 
Dorex2007: folds 
Ethomikse: folds 
Uncalled bet ($1.03) returned to TornadeoJim
TornadeoJim collected $0.24 from pot
*** SUMMARY ***
Total pot $0.24 | Rake $0 
Seat 1: Roody_Tha (big blind) folded before Flop
Seat 3: MaXiDe05 folded before Flop
Seat 4: Dorex2007 folded before Flop
Seat 5: HellNative folded before Flop (didn't bet)
Seat 7: Ethomikse folded before Flop
Seat 8: buggspray (button) folded before Flop (didn't bet)
Seat 9: TornadeoJim (small blind) collected ($0.24)



PokerStars Hand #237386439002:  Hold'em No Limit ($0.01/$0.02 USD) - 2022/07/15 21:09:38 PT [2022/07/16 0:09:38 ET]
Table 'Schlutia IV' 9-max Seat #9 is the button
Seat 1: Roody_Tha ($1.98 in chips) 
Seat 3: MaXiDe05 ($4.17 in chips) 
Seat 4: Dorex2007 ($2.04 in chips) 
Seat 5: HellNative ($2.41 in chips) 
Seat 6: FINITSXX ($1.90 in chips) 
Seat 7: Ethomikse ($2.23 in chips) 
Seat 8: buggspray ($2.24 in chips) 
Seat 9: TornadeoJim ($1.27 in chips) 
Roody_Tha: posts small blind $0.01
MaXiDe05: posts big blind $0.02
FINITSXX: posts big blind $0.02
*** HOLE CARDS ***
Dealt to Dorex2007 [3d 3s]
Dorex2007: calls $0.02
HellNative: raises $0.12 to $0.14
FINITSXX: folds 
Ethomikse: folds 
buggspray: folds 
TornadeoJim: folds 
Roody_Tha: folds 
MaXiDe05: folds 
Dorex2007: folds 
Uncalled bet ($0.12) returned to HellNative
HellNative collected $0.09 from pot
W.Redragons leaves the table
*** SUMMARY ***
Total pot $0.09 | Rake $0 
Seat 1: Roody_Tha (small blind) folded before Flop
Seat 3: MaXiDe05 (big blind) folded before Flop
Seat 4: Dorex2007 folded before Flop
Seat 5: HellNative collected ($0.09)
Seat 6: FINITSXX folded before Flop (didn't bet)
Seat 7: Ethomikse folded before Flop (didn't bet)
Seat 8: buggspray folded before Flop (didn't bet)
Seat 9: TornadeoJim (button) folded before Flop (didn't bet)



PokerStars Hand #237386442230:  Hold'em No Limit ($0.01/$0.02 USD) - 2022/07/15 21:10:01 PT [2022/07/16 0:10:01 ET]
Table 'Schlutia IV' 9-max Seat #1 is the button
Seat 1: Roody_Tha ($1.97 in chips) 
Seat 3: MaXiDe05 ($4.15 in chips) 
Seat 4: Dorex2007 ($2.02 in chips) 
Seat 5: HellNative ($2.48 in chips) 
Seat 6: FINITSXX ($1.88 in chips) 
Seat 7: Ethomikse ($2.23 in chips) 
Seat 8: buggspray ($2.24 in chips) 
Seat 9: TornadeoJim ($1.27 in chips) 
MaXiDe05: posts small blind $0.01
Dorex2007: posts big blind $0.02
*** HOLE CARDS ***
Dealt to Dorex2007 [7s 5d]
HellNative: folds 
FINITSXX: folds 
Ethomikse: raises $0.02 to $0.04
buggspray: folds 
TornadeoJim: folds 
Roody_Tha: folds 
TaxedToDeath joins the table at seat #2 
MaXiDe05: calls $0.03
Dorex2007: folds 
*** FLOP *** [9h 9c Js]
MaXiDe05: checks 
Ethomikse: bets $0.05
MaXiDe05: folds 
Uncalled bet ($0.05) returned to Ethomikse
Ethomikse collected $0.10 from pot
*** SUMMARY ***
Total pot $0.10 | Rake $0 
Board [9h 9c Js]
Seat 1: Roody_Tha (button) folded before Flop (didn't bet)
Seat 3: MaXiDe05 (small blind) folded on the Flop
Seat 4: Dorex2007 (big blind) folded before Flop
Seat 5: HellNative folded before Flop (didn't bet)
Seat 6: FINITSXX folded before Flop (didn't bet)
Seat 7: Ethomikse collected ($0.10)
Seat 8: buggspray folded before Flop (didn't bet)
Seat 9: TornadeoJim folded before Flop (didn't bet)



PokerStars Hand #237386452378:  Hold'em No Limit ($0.01/$0.02 USD) - 2022/07/15 21:10:32 PT [2022/07/16 0:10:32 ET]
Table 'Schlutia IV' 9-max Seat #3 is the button
Seat 1: Roody_Tha ($1.97 in chips) 
Seat 2: TaxedToDeath ($2 in chips) 
Seat 3: MaXiDe05 ($4.11 in chips) 
Seat 4: Dorex2007 ($2 in chips) 
Seat 5: HellNative ($2.48 in chips) 
Seat 6: FINITSXX ($1.88 in chips) 
Seat 7: Ethomikse ($2.29 in chips) 
Seat 8: buggspray ($2.24 in chips) 
Seat 9: TornadeoJim ($1.27 in chips) 
Dorex2007: posts small blind $0.01
HellNative: posts big blind $0.02
TaxedToDeath: posts big blind $0.02
*** HOLE CARDS ***
Dealt to Dorex2007 [Qd Ks]
FINITSXX: raises $0.03 to $0.05
Ethomikse: folds 
buggspray: folds 
TornadeoJim: folds 
Roody_Tha: folds 
TaxedToDeath: folds 
MaXiDe05: folds 
Dorex2007: calls $0.04
HellNative: folds 
*** FLOP *** [5c Kc 4c]
Dorex2007: bets $0.09
FINITSXX: calls $0.09
*** TURN *** [5c Kc 4c] [Jd]
Dorex2007: checks 
FINITSXX: checks 
*** RIVER *** [5c Kc 4c Jd] [2s]
Dorex2007: bets $0.15
FINITSXX: folds 
Uncalled bet ($0.15) returned to Dorex2007
Dorex2007 collected $0.31 from pot
*** SUMMARY ***
Total pot $0.32 | Rake $0.01 
Board [5c Kc 4c Jd 2s]
Seat 1: Roody_Tha folded before Flop (didn't bet)
Seat 2: TaxedToDeath folded before Flop (didn't bet)
Seat 3: MaXiDe05 (button) folded before Flop (didn't bet)
Seat 4: Dorex2007 (small blind) collected ($0.31)
Seat 5: HellNative (big blind) folded before Flop
Seat 6: FINITSXX folded on the River
Seat 7: Ethomikse folded before Flop (didn't bet)
Seat 8: buggspray folded before Flop (didn't bet)
Seat 9: TornadeoJim folded before Flop (didn't bet)



PokerStars Hand #237386458226:  Hold'em No Limit ($0.01/$0.02 USD) - 2022/07/15 21:11:13 PT [2022/07/16 0:11:13 ET]
Table 'Schlutia IV' 9-max Seat #4 is the button
Seat 1: Roody_Tha ($1.97 in chips) 
Seat 2: TaxedToDeath ($1.98 in chips) 
Seat 3: MaXiDe05 ($4.11 in chips) 
Seat 4: Dorex2007 ($2.17 in chips) 
Seat 5: HellNative ($2.46 in chips) 
Seat 6: FINITSXX ($1.74 in chips) 
Seat 7: Ethomikse ($2.29 in chips) 
Seat 8: buggspray ($2.24 in chips) 
Seat 9: TornadeoJim ($1.27 in chips) 
HellNative: posts small blind $0.01
FINITSXX: posts big blind $0.02
*** HOLE CARDS ***
Dealt to Dorex2007 [6h Ad]
Ethomikse: folds 
buggspray has timed out
buggspray: folds 
TornadeoJim: folds 
Roody_Tha: folds 
TaxedToDeath: calls $0.02
MaXiDe05: calls $0.02
Dorex2007: folds 
HellNative: folds 
FINITSXX: checks 
*** FLOP *** [5h Td 4h]
FINITSXX: checks 
TaxedToDeath: checks 
MaXiDe05: checks 
*** TURN *** [5h Td 4h] [8h]
FINITSXX: checks 
TaxedToDeath: checks 
MaXiDe05: checks 
*** RIVER *** [5h Td 4h 8h] [Ks]
FINITSXX: checks 
TaxedToDeath: checks 
MaXiDe05: checks 
*** SHOW DOWN ***
FINITSXX: shows [2d As] (high card Ace)
TaxedToDeath: shows [Qs Kd] (a pair of Kings)
MaXiDe05: mucks hand 
TaxedToDeath collected $0.07 from pot
*** SUMMARY ***
Total pot $0.07 | Rake $0 
Board [5h Td 4h 8h Ks]
Seat 1: Roody_Tha folded before Flop (didn't bet)
Seat 2: TaxedToDeath showed [Qs Kd] and won ($0.07) with a pair of Kings
Seat 3: MaXiDe05 mucked [2s Qd]
Seat 4: Dorex2007 (button) folded before Flop (didn't bet)
Seat 5: HellNative (small blind) folded before Flop
Seat 6: FINITSXX (big blind) showed [2d As] and lost with high card Ace
Seat 7: Ethomikse folded before Flop (didn't bet)
Seat 8: buggspray folded before Flop (didn't bet)
Seat 9: TornadeoJim folded before Flop (didn't bet)



PokerStars Hand #237386465953:  Hold'em No Limit ($0.01/$0.02 USD) - 2022/07/15 21:12:08 PT [2022/07/16 0:12:08 ET]
Table 'Schlutia IV' 9-max Seat #5 is the button
Seat 1: Roody_Tha ($1.97 in chips) 
Seat 2: TaxedToDeath ($2.03 in chips) 
Seat 3: MaXiDe05 ($4.09 in chips) 
Seat 4: Dorex2007 ($2.17 in chips) 
Seat 5: HellNative ($2.45 in chips) 
Seat 6: FINITSXX ($1.72 in chips) 
Seat 7: Ethomikse ($2.29 in chips) 
Seat 8: buggspray ($2.24 in chips) 
Seat 9: TornadeoJim ($1.27 in chips) 
FINITSXX: posts small blind $0.01
Ethomikse: posts big blind $0.02
*** HOLE CARDS ***
Dealt to Dorex2007 [2s Ac]
buggspray: folds 
TornadeoJim: folds 
Roody_Tha: folds 
TaxedToDeath: folds 
MaXiDe05: folds 
Dorex2007: folds 
HellNative: folds 
FINITSXX: folds 
Uncalled bet ($0.01) returned to Ethomikse
Ethomikse collected $0.02 from pot
*** SUMMARY ***
Total pot $0.02 | Rake $0 
Seat 1: Roody_Tha folded before Flop (didn't bet)
Seat 2: TaxedToDeath folded before Flop (didn't bet)
Seat 3: MaXiDe05 folded before Flop (didn't bet)
Seat 4: Dorex2007 folded before Flop (didn't bet)
Seat 5: HellNative (button) folded before Flop (didn't bet)
Seat 6: FINITSXX (small blind) folded before Flop
Seat 7: Ethomikse (big blind) collected ($0.02)
Seat 8: buggspray folded before Flop (didn't bet)
Seat 9: TornadeoJim folded before Flop (didn't bet)



PokerStars Hand #237386467608:  Hold'em No Limit ($0.01/$0.02 USD) - 2022/07/15 21:12:19 PT [2022/07/16 0:12:19 ET]
Table 'Schlutia IV' 9-max Seat #6 is the button
Seat 1: Roody_Tha ($1.97 in chips) 
Seat 2: TaxedToDeath ($2.03 in chips) 
Seat 3: MaXiDe05 ($4.09 in chips) 
Seat 4: Dorex2007 ($2.17 in chips) 
Seat 5: HellNative ($2.45 in chips) 
Seat 6: FINITSXX ($1.71 in chips) 
Seat 7: Ethomikse ($2.30 in chips) 
Seat 8: buggspray ($2.24 in chips) 
Seat 9: TornadeoJim ($1.27 in chips) 
Ethomikse: posts small blind $0.01
buggspray: posts big blind $0.02
*** HOLE CARDS ***
Dealt to Dorex2007 [9h 8h]
TornadeoJim: folds 
Roody_Tha: folds 
TaxedToDeath: folds 
MaXiDe05: folds 
Dorex2007: calls $0.02
HellNative: raises $0.06 to $0.08
FINITSXX: calls $0.08
Ethomikse: folds 
buggspray: calls $0.06
Dorex2007: calls $0.06
*** FLOP *** [9c 8d Kd]
buggspray: checks 
Dorex2007: bets $0.21
HellNative: calls $0.21
FINITSXX: folds 
buggspray: folds 
*** TURN *** [9c 8d Kd] [Jc]
Dorex2007: bets $0.48
HellNative: folds 
Uncalled bet ($0.48) returned to Dorex2007
Dorex2007 collected $0.72 from pot
*** SUMMARY ***
Total pot $0.75 | Rake $0.03 
Board [9c 8d Kd Jc]
Seat 1: Roody_Tha folded before Flop (didn't bet)
Seat 2: TaxedToDeath folded before Flop (didn't bet)
Seat 3: MaXiDe05 folded before Flop (didn't bet)
Seat 4: Dorex2007 collected ($0.72)
Seat 5: HellNative folded on the Turn
Seat 6: FINITSXX (button) folded on the Flop
Seat 7: Ethomikse (small blind) folded before Flop
Seat 8: buggspray (big blind) folded on the Flop
Seat 9: TornadeoJim folded before Flop (didn't bet)



PokerStars Hand #237386478064:  Hold'em No Limit ($0.01/$0.02 USD) - 2022/07/15 21:13:33 PT [2022/07/16 0:13:33 ET]
Table 'Schlutia IV' 9-max Seat #7 is the button
Seat 1: Roody_Tha ($1.97 in chips) 
Seat 2: TaxedToDeath ($2.03 in chips) 
Seat 3: MaXiDe05 ($4.09 in chips) 
Seat 4: Dorex2007 ($2.60 in chips) 
Seat 5: HellNative ($2.16 in chips) 
Seat 6: FINITSXX ($1.63 in chips) 
Seat 7: Ethomikse ($2.29 in chips) 
Seat 8: buggspray ($2.16 in chips) 
Seat 9: TornadeoJim ($1.27 in chips) 
buggspray: posts small blind $0.01
TornadeoJim: posts big blind $0.02
*** HOLE CARDS ***
Dealt to Dorex2007 [Th 4s]
Roody_Tha: folds 
TaxedToDeath: folds 
MaXiDe05: folds 
Dorex2007: folds 
HellNative: folds 
FINITSXX: folds 
Ethomikse: folds 
buggspray: folds 
Uncalled bet ($0.01) returned to TornadeoJim
TornadeoJim collected $0.02 from pot
*** SUMMARY ***
Total pot $0.02 | Rake $0 
Seat 1: Roody_Tha folded before Flop (didn't bet)
Seat 2: TaxedToDeath folded before Flop (didn't bet)
Seat 3: MaXiDe05 folded before Flop (didn't bet)
Seat 4: Dorex2007 folded before Flop (didn't bet)
Seat 5: HellNative folded before Flop (didn't bet)
Seat 6: FINITSXX folded before Flop (didn't bet)
Seat 7: Ethomikse (button) folded before Flop (didn't bet)
Seat 8: buggspray (small blind) folded before Flop
Seat 9: TornadeoJim (big blind) collected ($0.02)



PokerStars Hand #237386480260:  Hold'em No Limit ($0.01/$0.02 USD) - 2022/07/15 21:13:49 PT [2022/07/16 0:13:49 ET]
Table 'Schlutia IV' 9-max Seat #8 is the button
Seat 1: Roody_Tha ($1.97 in chips) 
Seat 2: TaxedToDeath ($2.03 in chips) 
Seat 3: MaXiDe05 ($4.09 in chips) 
Seat 4: Dorex2007 ($2.60 in chips) 
Seat 5: HellNative ($2.16 in chips) 
Seat 6: FINITSXX ($1.63 in chips) 
Seat 7: Ethomikse ($2.29 in chips) 
Seat 8: buggspray ($2.15 in chips) 
Seat 9: TornadeoJim ($1.28 in chips) 
TornadeoJim: posts small blind $0.01
Roody_Tha: posts big blind $0.02
*** HOLE CARDS ***
Dealt to Dorex2007 [4d 8d]
TaxedToDeath: calls $0.02
MaXiDe05: calls $0.02
Dorex2007: folds 
HellNative: raises $0.13 to $0.15
FINITSXX: folds 
Ethomikse: folds 
buggspray: folds 
TornadeoJim: folds 
Roody_Tha: folds 
TaxedToDeath: calls $0.13
MaXiDe05: folds 
*** FLOP *** [3s 5c Ad]
TaxedToDeath: checks 
HellNative: bets $0.19
TaxedToDeath: calls $0.19
*** TURN *** [3s 5c Ad] [5h]
TaxedToDeath: checks 
HellNative: checks 
*** RIVER *** [3s 5c Ad 5h] [7s]
TaxedToDeath: checks 
HellNative: bets $0.24
TaxedToDeath: folds 
Uncalled bet ($0.24) returned to HellNative
HellNative collected $0.70 from pot
*** SUMMARY ***
Total pot $0.73 | Rake $0.03 
Board [3s 5c Ad 5h 7s]
Seat 1: Roody_Tha (big blind) folded before Flop
Seat 2: TaxedToDeath folded on the River
Seat 3: MaXiDe05 folded before Flop
Seat 4: Dorex2007 folded before Flop (didn't bet)
Seat 5: HellNative collected ($0.70)
Seat 6: FINITSXX folded before Flop (didn't bet)
Seat 7: Ethomikse folded before Flop (didn't bet)
Seat 8: buggspray (button) folded before Flop (didn't bet)
Seat 9: TornadeoJim (small blind) folded before Flop



PokerStars Hand #237386490662:  Hold'em No Limit ($0.01/$0.02 USD) - 2022/07/15 21:15:02 PT [2022/07/16 0:15:02 ET]
Table 'Schlutia IV' 9-max Seat #9 is the button
Seat 1: Roody_Tha ($1.95 in chips) 
Seat 3: MaXiDe05 ($4.07 in chips) 
Seat 4: Dorex2007 ($2.60 in chips) 
Seat 5: HellNative ($2.52 in chips) 
Seat 6: FINITSXX ($1.63 in chips) 
Seat 7: Ethomikse ($2.29 in chips) 
Seat 8: buggspray ($2.15 in chips) 
Seat 9: TornadeoJim ($1.27 in chips) 
Roody_Tha: posts small blind $0.01
TaxedToDeath: is sitting out 
TaxedToDeath leaves the table
MaXiDe05: posts big blind $0.02
*** HOLE CARDS ***
Dealt to Dorex2007 [3s Qd]
Dorex2007: folds 
HellNative: folds 
Zauberpilz88 joins the table at seat #2 
FINITSXX: raises $0.02 to $0.04
Ethomikse: folds 
buggspray: calls $0.04
TornadeoJim: folds 
Roody_Tha: folds 
MaXiDe05: calls $0.02
*** FLOP *** [7c 8s 8d]
MaXiDe05: checks 
FINITSXX: checks 
buggspray: bets $0.06
MaXiDe05: calls $0.06
FINITSXX: folds 
*** TURN *** [7c 8s 8d] [Js]
MaXiDe05: checks 
buggspray: checks 
*** RIVER *** [7c 8s 8d Js] [Ac]
MaXiDe05: checks 
buggspray: bets $0.24
MaXiDe05: folds 
Uncalled bet ($0.24) returned to buggspray
buggspray collected $0.24 from pot
*** SUMMARY ***
Total pot $0.25 | Rake $0.01 
Board [7c 8s 8d Js Ac]
Seat 1: Roody_Tha (small blind) folded before Flop
Seat 3: MaXiDe05 (big blind) folded on the River
Seat 4: Dorex2007 folded before Flop (didn't bet)
Seat 5: HellNative folded before Flop (didn't bet)
Seat 6: FINITSXX folded on the Flop
Seat 7: Ethomikse folded before Flop (didn't bet)
Seat 8: buggspray collected ($0.24)
Seat 9: TornadeoJim (button) folded before Flop (didn't bet)



PokerStars Hand #237386499378:  Hold'em No Limit ($0.01/$0.02 USD) - 2022/07/15 21:16:02 PT [2022/07/16 0:16:02 ET]
Table 'Schlutia IV' 9-max Seat #1 is the button
Seat 1: Roody_Tha ($1.94 in chips) 
Seat 3: MaXiDe05 ($3.97 in chips) 
Seat 4: Dorex2007 ($2.60 in chips) 
Seat 5: HellNative ($2.52 in chips) 
Seat 6: FINITSXX ($1.59 in chips) 
Seat 7: Ethomikse ($2.29 in chips) 
Seat 8: buggspray ($2.29 in chips) 
Seat 9: TornadeoJim ($1.27 in chips) 
MaXiDe05: posts small blind $0.01
Dorex2007: posts big blind $0.02
*** HOLE CARDS ***
Dealt to Dorex2007 [Tc Kc]
HellNative: folds 
FINITSXX: folds 
Ethomikse: folds 
buggspray: raises $0.02 to $0.04
TornadeoJim: calls $0.04
Roody_Tha: calls $0.04
MaXiDe05: folds 
Dorex2007: calls $0.02
*** FLOP *** [Qd 2h 9h]
Dorex2007: checks 
buggspray: bets $0.06
TornadeoJim: folds 
Roody_Tha: folds 
Dorex2007: folds 
Uncalled bet ($0.06) returned to buggspray
buggspray collected $0.16 from pot
*** SUMMARY ***
Total pot $0.17 | Rake $0.01 
Board [Qd 2h 9h]
Seat 1: Roody_Tha (button) folded on the Flop
Seat 3: MaXiDe05 (small blind) folded before Flop
Seat 4: Dorex2007 (big blind) folded on the Flop
Seat 5: HellNative folded before Flop (didn't bet)
Seat 6: FINITSXX folded before Flop (didn't bet)
Seat 7: Ethomikse folded before Flop (didn't bet)
Seat 8: buggspray collected ($0.16)
Seat 9: TornadeoJim folded on the Flop



PokerStars Hand #237386508381:  Hold'em No Limit ($0.01/$0.02 USD) - 2022/07/15 21:17:04 PT [2022/07/16 0:17:04 ET]
Table 'Schlutia IV' 9-max Seat #3 is the button
Seat 1: Roody_Tha ($1.90 in chips) 
Seat 2: Zauberpilz88 ($0.89 in chips) 
Seat 3: MaXiDe05 ($3.96 in chips) 
Seat 4: Dorex2007 ($2.56 in chips) 
Seat 5: HellNative ($2.52 in chips) 
Seat 6: FINITSXX ($1.59 in chips) 
Seat 7: Ethomikse ($2.29 in chips) 
Seat 8: buggspray ($2.41 in chips) 
Seat 9: TornadeoJim ($1.23 in chips) 
Dorex2007: posts small blind $0.01
HellNative: posts big blind $0.02
Zauberpilz88: posts big blind $0.02
*** HOLE CARDS ***
Dealt to Dorex2007 [4c 8h]
FINITSXX: folds 
Ethomikse: folds 
buggspray: folds 
TornadeoJim: calls $0.02
Roody_Tha: folds 
Zauberpilz88: raises $0.38 to $0.40
MaXiDe05: folds 
Dorex2007: folds 
HellNative: folds 
TornadeoJim: raises $0.83 to $1.23 and is all-in
Zauberpilz88: calls $0.49 and is all-in
Uncalled bet ($0.34) returned to TornadeoJim
*** FLOP *** [6s Jc 8d]
*** TURN *** [6s Jc 8d] [Ts]
*** RIVER *** [6s Jc 8d Ts] [4s]
*** SHOW DOWN ***
TornadeoJim: shows [Ad Kc] (high card Ace)
Zauberpilz88: shows [9s Ac] (high card Ace - lower kicker)
TornadeoJim collected $1.75 from pot
*** SUMMARY ***
Total pot $1.81 | Rake $0.06 
Board [6s Jc 8d Ts 4s]
Seat 1: Roody_Tha folded before Flop (didn't bet)
Seat 2: Zauberpilz88 showed [9s Ac] and lost with high card Ace
Seat 3: MaXiDe05 (button) folded before Flop (didn't bet)
Seat 4: Dorex2007 (small blind) folded before Flop
Seat 5: HellNative (big blind) folded before Flop
Seat 6: FINITSXX folded before Flop (didn't bet)
Seat 7: Ethomikse folded before Flop (didn't bet)
Seat 8: buggspray folded before Flop (didn't bet)
Seat 9: TornadeoJim showed [Ad Kc] and won ($1.75) with high card Ace



PokerStars Hand #237386515958:  Hold'em No Limit ($0.01/$0.02 USD) - 2022/07/15 21:17:57 PT [2022/07/16 0:17:57 ET]
Table 'Schlutia IV' 9-max Seat #4 is the button
Seat 1: Roody_Tha ($1.90 in chips) 
Seat 3: MaXiDe05 ($3.96 in chips) 
Seat 4: Dorex2007 ($2.55 in chips) 
Seat 5: HellNative ($2.50 in chips) 
Seat 6: FINITSXX ($1.59 in chips) 
Seat 7: Ethomikse ($2.29 in chips) 
Seat 8: buggspray ($2.41 in chips) 
Seat 9: TornadeoJim ($2.09 in chips) 
HellNative: posts small blind $0.01
FINITSXX: posts big blind $0.02
*** HOLE CARDS ***
Dealt to Dorex2007 [3c Qs]
Ethomikse: folds 
buggspray: raises $0.02 to $0.04
TornadeoJim: folds 
Roody_Tha: folds 
MaXiDe05: calls $0.04
Dorex2007: folds 
HellNative: folds 
FINITSXX: folds 
*** FLOP *** [Tc Qc Kd]
buggspray: checks 
MaXiDe05: checks 
*** TURN *** [Tc Qc Kd] [2h]
buggspray: bets $0.05
MaXiDe05: raises $0.05 to $0.10
Zauberpilz88 leaves the table
buggspray: calls $0.05
*** RIVER *** [Tc Qc Kd 2h] [Qh]
buggspray: checks 
MaXiDe05: bets $0.30
buggspray: folds 
Uncalled bet ($0.30) returned to MaXiDe05
MaXiDe05 collected $0.30 from pot
*** SUMMARY ***
Total pot $0.31 | Rake $0.01 
Board [Tc Qc Kd 2h Qh]
Seat 1: Roody_Tha folded before Flop (didn't bet)
Seat 3: MaXiDe05 collected ($0.30)
Seat 4: Dorex2007 (button) folded before Flop (didn't bet)
Seat 5: HellNative (small blind) folded before Flop
Seat 6: FINITSXX (big blind) folded before Flop
Seat 7: Ethomikse folded before Flop (didn't bet)
Seat 8: buggspray folded on the River
Seat 9: TornadeoJim folded before Flop (didn't bet)



PokerStars Hand #237386528293:  Hold'em No Limit ($0.01/$0.02 USD) - 2022/07/15 21:19:24 PT [2022/07/16 0:19:24 ET]
Table 'Schlutia IV' 9-max Seat #5 is the button
Seat 1: Roody_Tha ($1.90 in chips) 
Seat 3: MaXiDe05 ($4.12 in chips) 
Seat 4: Dorex2007 ($2.55 in chips) 
Seat 5: HellNative ($2.49 in chips) 
Seat 6: FINITSXX ($1.57 in chips) 
Seat 7: Ethomikse ($2.29 in chips) 
Seat 8: buggspray ($2.27 in chips) 
Seat 9: TornadeoJim ($2.09 in chips) 
FINITSXX: posts small blind $0.01
Ethomikse: posts big blind $0.02
*** HOLE CARDS ***
Dealt to Dorex2007 [9s 9d]
buggspray: folds 
TornadeoJim: folds 
Roody_Tha: folds 
MaXiDe05: folds 
Dorex2007: raises $0.04 to $0.06
HellNative: raises $0.14 to $0.20
FINITSXX: folds 
Ethomikse: folds 
Dorex2007: folds 
Uncalled bet ($0.14) returned to HellNative
HellNative collected $0.15 from pot
*** SUMMARY ***
Total pot $0.15 | Rake $0 
Seat 1: Roody_Tha folded before Flop (didn't bet)
Seat 3: MaXiDe05 folded before Flop (didn't bet)
Seat 4: Dorex2007 folded before Flop
Seat 5: HellNative (button) collected ($0.15)
Seat 6: FINITSXX (small blind) folded before Flop
Seat 7: Ethomikse (big blind) folded before Flop
Seat 8: buggspray folded before Flop (didn't bet)
Seat 9: TornadeoJim folded before Flop (didn't bet)



PokerStars Hand #237386533250:  Hold'em No Limit ($0.01/$0.02 USD) - 2022/07/15 21:19:59 PT [2022/07/16 0:19:59 ET]
Table 'Schlutia IV' 9-max Seat #6 is the button
Seat 1: Roody_Tha ($1.90 in chips) 
Seat 3: MaXiDe05 ($4.12 in chips) 
Seat 4: Dorex2007 ($2.49 in chips) 
Seat 5: HellNative ($2.58 in chips) 
Seat 6: FINITSXX ($1.56 in chips) 
Seat 7: Ethomikse ($2.27 in chips) 
Seat 8: buggspray ($2.27 in chips) 
Seat 9: TornadeoJim ($2.09 in chips) 
Ethomikse: posts small blind $0.01
buggspray: posts big blind $0.02
*** HOLE CARDS ***
Dealt to Dorex2007 [Qd Kc]
TornadeoJim: folds 
Roody_Tha: folds 
MaXiDe05: calls $0.02
Dorex2007: calls $0.02
HellNative: folds 
FINITSXX: folds 
Ethomikse: folds 
buggspray: checks 
*** FLOP *** [6s Ks 5d]
buggspray: checks 
MaXiDe05: checks 
Dorex2007: bets $0.07
buggspray: folds 
MaXiDe05: folds 
Uncalled bet ($0.07) returned to Dorex2007
Dorex2007 collected $0.07 from pot
*** SUMMARY ***
Total pot $0.07 | Rake $0 
Board [6s Ks 5d]
Seat 1: Roody_Tha folded before Flop (didn't bet)
Seat 3: MaXiDe05 folded on the Flop
Seat 4: Dorex2007 collected ($0.07)
Seat 5: HellNative folded before Flop (didn't bet)
Seat 6: FINITSXX (button) folded before Flop (didn't bet)
Seat 7: Ethomikse (small blind) folded before Flop
Seat 8: buggspray (big blind) folded on the Flop
Seat 9: TornadeoJim folded before Flop (didn't bet)



PokerStars Hand #237386538929:  Hold'em No Limit ($0.01/$0.02 USD) - 2022/07/15 21:20:39 PT [2022/07/16 0:20:39 ET]
Table 'Schlutia IV' 9-max Seat #7 is the button
Seat 1: Roody_Tha ($1.90 in chips) 
Seat 3: MaXiDe05 ($4.10 in chips) 
Seat 4: Dorex2007 ($2.54 in chips) 
Seat 5: HellNative ($2.58 in chips) 
Seat 6: FINITSXX ($1.56 in chips) 
Seat 7: Ethomikse ($2.26 in chips) 
Seat 8: buggspray ($2.25 in chips) 
Seat 9: TornadeoJim ($2.09 in chips) 
buggspray: posts small blind $0.01
TornadeoJim: posts big blind $0.02
*** HOLE CARDS ***
Dealt to Dorex2007 [7h Ks]
Roody_Tha: folds 
MaXiDe05: calls $0.02
Dorex2007: folds 
cskz joins the table at seat #2 
HellNative: folds 
FINITSXX: folds 
Ethomikse: folds 
buggspray: calls $0.01
TornadeoJim: checks 
*** FLOP *** [4s 9d Jc]
buggspray: checks 
TornadeoJim: checks 
MaXiDe05: bets $0.03
buggspray: calls $0.03
TornadeoJim: folds 
*** TURN *** [4s 9d Jc] [Kh]
buggspray: bets $0.12
MaXiDe05: calls $0.12
*** RIVER *** [4s 9d Jc Kh] [3s]
buggspray: bets $0.35
MaXiDe05: folds 
Uncalled bet ($0.35) returned to buggspray
buggspray collected $0.35 from pot
*** SUMMARY ***
Total pot $0.36 | Rake $0.01 
Board [4s 9d Jc Kh 3s]
Seat 1: Roody_Tha folded before Flop (didn't bet)
Seat 3: MaXiDe05 folded on the River
Seat 4: Dorex2007 folded before Flop (didn't bet)
Seat 5: HellNative folded before Flop (didn't bet)
Seat 6: FINITSXX folded before Flop (didn't bet)
Seat 7: Ethomikse (button) folded before Flop (didn't bet)
Seat 8: buggspray (small blind) collected ($0.35)
Seat 9: TornadeoJim (big blind) folded on the Flop



PokerStars Hand #237386547759:  Hold'em No Limit ($0.01/$0.02 USD) - 2022/07/15 21:21:41 PT [2022/07/16 0:21:41 ET]
Table 'Schlutia IV' 9-max Seat #8 is the button
Seat 1: Roody_Tha ($1.90 in chips) 
Seat 2: cskz ($2 in chips) 
Seat 3: MaXiDe05 ($3.93 in chips) 
Seat 4: Dorex2007 ($2.54 in chips) 
Seat 5: HellNative ($2.58 in chips) 
Seat 6: FINITSXX ($1.56 in chips) 
Seat 7: Ethomikse ($2.26 in chips) 
Seat 8: buggspray ($2.43 in chips) 
Seat 9: TornadeoJim ($2.07 in chips) 
TornadeoJim: posts small blind $0.01
Roody_Tha: posts big blind $0.02
cskz: posts big blind $0.02
*** HOLE CARDS ***
Dealt to Dorex2007 [5c 6h]
cskz: checks 
MaXiDe05: folds 
Dorex2007: folds 
HellNative: folds 
FINITSXX: raises $0.03 to $0.05
Ethomikse: folds 
buggspray: calls $0.05
TornadeoJim: folds 
Roody_Tha: folds 
cskz: calls $0.03
*** FLOP *** [Ks Qs Qh]
cskz: checks 
FINITSXX: checks 
buggspray: checks 
*** TURN *** [Ks Qs Qh] [As]
cskz: checks 
FINITSXX: checks 
buggspray: bets $0.08
cskz: folds 
FINITSXX: folds 
Uncalled bet ($0.08) returned to buggspray
buggspray collected $0.17 from pot
*** SUMMARY ***
Total pot $0.18 | Rake $0.01 
Board [Ks Qs Qh As]
Seat 1: Roody_Tha (big blind) folded before Flop
Seat 2: cskz folded on the Turn
Seat 3: MaXiDe05 folded before Flop (didn't bet)
Seat 4: Dorex2007 folded before Flop (didn't bet)
Seat 5: HellNative folded before Flop (didn't bet)
Seat 6: FINITSXX folded on the Turn
Seat 7: Ethomikse folded before Flop (didn't bet)
Seat 8: buggspray (button) collected ($0.17)
Seat 9: TornadeoJim (small blind) folded before Flop



PokerStars Hand #237386557245:  Hold'em No Limit ($0.01/$0.02 USD) - 2022/07/15 21:22:48 PT [2022/07/16 0:22:48 ET]
Table 'Schlutia IV' 9-max Seat #9 is the button
Seat 1: Roody_Tha ($1.88 in chips) 
Seat 2: cskz ($1.95 in chips) 
Seat 3: MaXiDe05 ($3.93 in chips) 
Seat 4: Dorex2007 ($2.54 in chips) 
Seat 5: HellNative ($2.58 in chips) 
Seat 6: FINITSXX ($1.51 in chips) 
Seat 7: Ethomikse ($2.26 in chips) 
Seat 8: buggspray ($2.55 in chips) 
Seat 9: TornadeoJim ($2.06 in chips) 
Roody_Tha: posts small blind $0.01
cskz: posts big blind $0.02
*** HOLE CARDS ***
Dealt to Dorex2007 [2d 7s]
MaXiDe05: calls $0.02
Dorex2007: folds 
HellNative: folds 
FINITSXX: folds 
Ethomikse: folds 
buggspray: raises $0.07 to $0.09
TornadeoJim: folds 
Roody_Tha: folds 
cskz: folds 
MaXiDe05: calls $0.07
*** FLOP *** [Jd 6s 7h]
MaXiDe05: checks 
buggspray: bets $0.04
MaXiDe05: folds 
Uncalled bet ($0.04) returned to buggspray
buggspray collected $0.20 from pot
*** SUMMARY ***
Total pot $0.21 | Rake $0.01 
Board [Jd 6s 7h]
Seat 1: Roody_Tha (small blind) folded before Flop
Seat 2: cskz (big blind) folded before Flop
Seat 3: MaXiDe05 folded on the Flop
Seat 4: Dorex2007 folded before Flop (didn't bet)
Seat 5: HellNative folded before Flop (didn't bet)
Seat 6: FINITSXX folded before Flop (didn't bet)
Seat 7: Ethomikse folded before Flop (didn't bet)
Seat 8: buggspray collected ($0.20)
Seat 9: TornadeoJim (button) folded before Flop (didn't bet)



PokerStars Hand #237386564969:  Hold'em No Limit ($0.01/$0.02 USD) - 2022/07/15 21:23:43 PT [2022/07/16 0:23:43 ET]
Table 'Schlutia IV' 9-max Seat #1 is the button
Seat 1: Roody_Tha ($1.87 in chips) 
Seat 2: cskz ($1.93 in chips) 
Seat 3: MaXiDe05 ($3.84 in chips) 
Seat 4: Dorex2007 ($2.54 in chips) 
Seat 5: HellNative ($2.58 in chips) 
Seat 6: FINITSXX ($1.51 in chips) 
Seat 7: Ethomikse ($2.26 in chips) 
Seat 8: buggspray ($2.66 in chips) 
Seat 9: TornadeoJim ($2.06 in chips) 
cskz: posts small blind $0.01
MaXiDe05: posts big blind $0.02
*** HOLE CARDS ***
Dealt to Dorex2007 [5c 8h]
Dorex2007: folds 
HellNative: folds 
FINITSXX: folds 
Ethomikse: folds 
buggspray: folds 
TornadeoJim: folds 
Roody_Tha: calls $0.02
cskz: folds 
MaXiDe05: checks 
*** FLOP *** [5h Jc 7h]
MaXiDe05: checks 
Roody_Tha: checks 
*** TURN *** [5h Jc 7h] [4h]
MaXiDe05: checks 
Roody_Tha: bets $0.04
MaXiDe05: folds 
Uncalled bet ($0.04) returned to Roody_Tha
Roody_Tha collected $0.05 from pot
*** SUMMARY ***
Total pot $0.05 | Rake $0 
Board [5h Jc 7h 4h]
Seat 1: Roody_Tha (button) collected ($0.05)
Seat 2: cskz (small blind) folded before Flop
Seat 3: MaXiDe05 (big blind) folded on the Turn
Seat 4: Dorex2007 folded before Flop (didn't bet)
Seat 5: HellNative folded before Flop (didn't bet)
Seat 6: FINITSXX folded before Flop (didn't bet)
Seat 7: Ethomikse folded before Flop (didn't bet)
Seat 8: buggspray folded before Flop (didn't bet)
Seat 9: TornadeoJim folded before Flop (didn't bet)



PokerStars Hand #237386572022:  Hold'em No Limit ($0.01/$0.02 USD) - 2022/07/15 21:24:32 PT [2022/07/16 0:24:32 ET]
Table 'Schlutia IV' 9-max Seat #2 is the button
Seat 1: Roody_Tha ($1.90 in chips) 
Seat 2: cskz ($1.92 in chips) 
Seat 3: MaXiDe05 ($3.82 in chips) 
Seat 4: Dorex2007 ($2.54 in chips) 
Seat 5: HellNative ($2.58 in chips) 
Seat 6: FINITSXX ($1.51 in chips) 
Seat 7: Ethomikse ($2.26 in chips) 
Seat 8: buggspray ($2.66 in chips) 
Seat 9: TornadeoJim ($2.06 in chips) 
MaXiDe05: posts small blind $0.01
Dorex2007: posts big blind $0.02
*** HOLE CARDS ***
Dealt to Dorex2007 [Ts Ks]
HellNative: folds 
FINITSXX: folds 
Ethomikse: folds 
buggspray: raises $0.02 to $0.04
TornadeoJim: folds 
Roody_Tha: folds 
cskz: calls $0.04
MaXiDe05: calls $0.03
Dorex2007: calls $0.02
*** FLOP *** [Jd 7d Js]
MaXiDe05: checks 
Dorex2007: checks 
buggspray: checks 
cskz: bets $0.07
MaXiDe05: calls $0.07
Dorex2007: folds 
buggspray: folds 
*** TURN *** [Jd 7d Js] [8s]
MaXiDe05: checks 
cskz: bets $0.18
MaXiDe05: calls $0.18
*** RIVER *** [Jd 7d Js 8s] [3h]
MaXiDe05: checks 
cskz: bets $0.44
MaXiDe05: folds 
Uncalled bet ($0.44) returned to cskz
cskz collected $0.64 from pot
*** SUMMARY ***
Total pot $0.66 | Rake $0.02 
Board [Jd 7d Js 8s 3h]
Seat 1: Roody_Tha folded before Flop (didn't bet)
Seat 2: cskz (button) collected ($0.64)
Seat 3: MaXiDe05 (small blind) folded on the River
Seat 4: Dorex2007 (big blind) folded on the Flop
Seat 5: HellNative folded before Flop (didn't bet)
Seat 6: FINITSXX folded before Flop (didn't bet)
Seat 7: Ethomikse folded before Flop (didn't bet)
Seat 8: buggspray folded on the Flop
Seat 9: TornadeoJim folded before Flop (didn't bet)



PokerStars Hand #237386583633:  Hold'em No Limit ($0.01/$0.02 USD) - 2022/07/15 21:25:54 PT [2022/07/16 0:25:54 ET]
Table 'Schlutia IV' 9-max Seat #3 is the button
Seat 1: Roody_Tha ($1.90 in chips) 
Seat 2: cskz ($2.27 in chips) 
Seat 3: MaXiDe05 ($3.53 in chips) 
Seat 4: Dorex2007 ($2.50 in chips) 
Seat 5: HellNative ($2.58 in chips) 
Seat 6: FINITSXX ($1.51 in chips) 
Seat 7: Ethomikse ($2.26 in chips) 
Seat 8: buggspray ($2.62 in chips) 
Seat 9: TornadeoJim ($2.06 in chips) 
Dorex2007: posts small blind $0.01
HellNative: posts big blind $0.02
*** HOLE CARDS ***
Dealt to Dorex2007 [8c 9h]
FINITSXX: folds 
Ethomikse: folds 
buggspray: folds 
TornadeoJim: raises $0.18 to $0.20
Roody_Tha: folds 
cskz: folds 
MaXiDe05: calls $0.20
Dorex2007: folds 
HellNative: folds 
*** FLOP *** [5d Kc 3h]
TornadeoJim: checks 
MaXiDe05: checks 
*** TURN *** [5d Kc 3h] [Ts]
TornadeoJim: bets $0.60
MaXiDe05: folds 
Uncalled bet ($0.60) returned to TornadeoJim
TornadeoJim collected $0.41 from pot
*** SUMMARY ***
Total pot $0.43 | Rake $0.02 
Board [5d Kc 3h Ts]
Seat 1: Roody_Tha folded before Flop (didn't bet)
Seat 2: cskz folded before Flop (didn't bet)
Seat 3: MaXiDe05 (button) folded on the Turn
Seat 4: Dorex2007 (small blind) folded before Flop
Seat 5: HellNative (big blind) folded before Flop
Seat 6: FINITSXX folded before Flop (didn't bet)
Seat 7: Ethomikse folded before Flop (didn't bet)
Seat 8: buggspray folded before Flop (didn't bet)
Seat 9: TornadeoJim collected ($0.41)



PokerStars Hand #237386591236:  Hold'em No Limit ($0.01/$0.02 USD) - 2022/07/15 21:26:48 PT [2022/07/16 0:26:48 ET]
Table 'Schlutia IV' 9-max Seat #4 is the button
Seat 1: Roody_Tha ($1.90 in chips) 
Seat 2: cskz ($2.27 in chips) 
Seat 3: MaXiDe05 ($3.33 in chips) 
Seat 4: Dorex2007 ($2.49 in chips) 
Seat 5: HellNative ($2.56 in chips) 
Seat 6: FINITSXX ($1.51 in chips) 
Seat 7: Ethomikse ($2.26 in chips) 
Seat 8: buggspray ($2.62 in chips) 
Seat 9: TornadeoJim ($2.27 in chips) 
HellNative: posts small blind $0.01
FINITSXX: posts big blind $0.02
*** HOLE CARDS ***
Dealt to Dorex2007 [Jd Qc]
Ethomikse: folds 
buggspray: folds 
TornadeoJim: folds 
Roody_Tha: folds 
cskz: folds 
MaXiDe05: raises $0.02 to $0.04
Dorex2007: calls $0.04
HellNative: folds 
FINITSXX: folds 
*** FLOP *** [Jc 5s 5c]
MaXiDe05: bets $0.05
Dorex2007: raises $0.09 to $0.14
MaXiDe05: calls $0.09
*** TURN *** [Jc 5s 5c] [5h]
MaXiDe05: checks 
Dorex2007: bets $0.38
MaXiDe05: folds 
Uncalled bet ($0.38) returned to Dorex2007
Dorex2007 collected $0.38 from pot
*** SUMMARY ***
Total pot $0.39 | Rake $0.01 
Board [Jc 5s 5c 5h]
Seat 1: Roody_Tha folded before Flop (didn't bet)
Seat 2: cskz folded before Flop (didn't bet)
Seat 3: MaXiDe05 folded on the Turn
Seat 4: Dorex2007 (button) collected ($0.38)
Seat 5: HellNative (small blind) folded before Flop
Seat 6: FINITSXX (big blind) folded before Flop
Seat 7: Ethomikse folded before Flop (didn't bet)
Seat 8: buggspray folded before Flop (didn't bet)
Seat 9: TornadeoJim folded before Flop (didn't bet)



PokerStars Hand #237386600675:  Hold'em No Limit ($0.01/$0.02 USD) - 2022/07/15 21:27:44 PT [2022/07/16 0:27:44 ET]
Table 'Schlutia IV' 9-max Seat #5 is the button
Seat 1: Roody_Tha ($1.90 in chips) 
Seat 2: cskz ($2.27 in chips) 
Seat 3: MaXiDe05 ($3.15 in chips) 
Seat 4: Dorex2007 ($2.69 in chips) 
Seat 5: HellNative ($2.55 in chips) 
Seat 6: FINITSXX ($1.49 in chips) 
Seat 7: Ethomikse ($2.26 in chips) 
Seat 8: buggspray ($2.62 in chips) 
Seat 9: TornadeoJim ($2.27 in chips) 
FINITSXX: posts small blind $0.01
Ethomikse: posts big blind $0.02
*** HOLE CARDS ***
Dealt to Dorex2007 [5h Qc]
buggspray: raises $0.04 to $0.06
TornadeoJim: folds 
Roody_Tha: folds 
cskz: folds 
MaXiDe05: folds 
Dorex2007: folds 
HellNative: folds 
FINITSXX: calls $0.05
Ethomikse: folds 
*** FLOP *** [5s 2s Qd]
FINITSXX: checks 
buggspray: bets $0.07
FINITSXX: folds 
Uncalled bet ($0.07) returned to buggspray
buggspray collected $0.14 from pot
*** SUMMARY ***
Total pot $0.14 | Rake $0 
Board [5s 2s Qd]
Seat 1: Roody_Tha folded before Flop (didn't bet)
Seat 2: cskz folded before Flop (didn't bet)
Seat 3: MaXiDe05 folded before Flop (didn't bet)
Seat 4: Dorex2007 folded before Flop (didn't bet)
Seat 5: HellNative (button) folded before Flop (didn't bet)
Seat 6: FINITSXX (small blind) folded on the Flop
Seat 7: Ethomikse (big blind) folded before Flop
Seat 8: buggspray collected ($0.14)
Seat 9: TornadeoJim folded before Flop (didn't bet)



PokerStars Hand #237386604222:  Hold'em No Limit ($0.01/$0.02 USD) - 2022/07/15 21:28:09 PT [2022/07/16 0:28:09 ET]
Table 'Schlutia IV' 9-max Seat #6 is the button
Seat 1: Roody_Tha ($1.90 in chips) 
Seat 2: cskz ($2.27 in chips) 
Seat 3: MaXiDe05 ($3.15 in chips) 
Seat 4: Dorex2007 ($2.69 in chips) 
Seat 5: HellNative ($2.55 in chips) 
Seat 6: FINITSXX ($1.43 in chips) 
Seat 7: Ethomikse ($2.24 in chips) 
Seat 8: buggspray ($2.70 in chips) 
Seat 9: TornadeoJim ($2.27 in chips) 
Ethomikse: posts small blind $0.01
buggspray: posts big blind $0.02
*** HOLE CARDS ***
Dealt to Dorex2007 [7c 9s]
TornadeoJim: folds 
Roody_Tha: folds 
cskz: folds 
MaXiDe05: calls $0.02
Dorex2007: folds 
HellNative: folds 
FINITSXX: folds 
FINITSXX leaves the table
Ethomikse: folds 
buggspray: checks 
*** FLOP *** [2h 6s Js]
gastong88 joins the table at seat #6 
buggspray: checks 
MaXiDe05: bets $0.02
buggspray: calls $0.02
*** TURN *** [2h 6s Js] [4s]
buggspray: checks 
MaXiDe05: bets $0.02
buggspray: calls $0.02
*** RIVER *** [2h 6s Js 4s] [Qd]
buggspray: checks 
MaXiDe05: bets $0.06
buggspray: folds 
Uncalled bet ($0.06) returned to MaXiDe05
MaXiDe05 collected $0.13 from pot
*** SUMMARY ***
Total pot $0.13 | Rake $0 
Board [2h 6s Js 4s Qd]
Seat 1: Roody_Tha folded before Flop (didn't bet)
Seat 2: cskz folded before Flop (didn't bet)
Seat 3: MaXiDe05 collected ($0.13)
Seat 4: Dorex2007 folded before Flop (didn't bet)
Seat 5: HellNative folded before Flop (didn't bet)
Seat 6: FINITSXX (button) folded before Flop (didn't bet)
Seat 7: Ethomikse (small blind) folded before Flop
Seat 8: buggspray (big blind) folded on the River
Seat 9: TornadeoJim folded before Flop (didn't bet)



PokerStars Hand #237386616759:  Hold'em No Limit ($0.01/$0.02 USD) - 2022/07/15 21:28:59 PT [2022/07/16 0:28:59 ET]
Table 'Schlutia IV' 9-max Seat #7 is the button
Seat 1: Roody_Tha ($1.90 in chips) 
Seat 2: cskz ($2.27 in chips) 
Seat 3: MaXiDe05 ($3.22 in chips) 
Seat 4: Dorex2007 ($2.69 in chips) 
Seat 5: HellNative ($2.55 in chips) 
Seat 7: Ethomikse ($2.23 in chips) 
Seat 8: buggspray ($2.64 in chips) 
Seat 9: TornadeoJim ($2.27 in chips) 
buggspray: posts small blind $0.01
TornadeoJim: posts big blind $0.02
gastong88: sits out 
*** HOLE CARDS ***
Dealt to Dorex2007 [As 3d]
Roody_Tha: calls $0.02
cskz: folds 
MaXiDe05: calls $0.02
Dorex2007: folds 
HellNative: raises $0.11 to $0.13
Ethomikse: folds 
buggspray: folds 
TornadeoJim: folds 
Roody_Tha: folds 
MaXiDe05: calls $0.11
*** FLOP *** [9d 3c 7h]
MaXiDe05: checks 
HellNative: bets $0.18
MaXiDe05: folds 
Uncalled bet ($0.18) returned to HellNative
HellNative collected $0.30 from pot
*** SUMMARY ***
Total pot $0.31 | Rake $0.01 
Board [9d 3c 7h]
Seat 1: Roody_Tha folded before Flop
Seat 2: cskz folded before Flop (didn't bet)
Seat 3: MaXiDe05 folded on the Flop
Seat 4: Dorex2007 folded before Flop (didn't bet)
Seat 5: HellNative collected ($0.30)
Seat 7: Ethomikse (button) folded before Flop (didn't bet)
Seat 8: buggspray (small blind) folded before Flop
Seat 9: TornadeoJim (big blind) folded before Flop



PokerStars Hand #237386623335:  Hold'em No Limit ($0.01/$0.02 USD) - 2022/07/15 21:29:47 PT [2022/07/16 0:29:47 ET]
Table 'Schlutia IV' 9-max Seat #8 is the button
Seat 1: Roody_Tha ($1.88 in chips) 
Seat 2: cskz ($2.27 in chips) 
Seat 3: MaXiDe05 ($3.09 in chips) 
Seat 4: Dorex2007 ($2.69 in chips) 
Seat 5: HellNative ($2.72 in chips) 
Seat 7: Ethomikse ($2.23 in chips) 
Seat 8: buggspray ($2.63 in chips) 
Seat 9: TornadeoJim ($2.25 in chips) 
TornadeoJim: posts small blind $0.01
Roody_Tha: posts big blind $0.02
gastong88: sits out 
*** HOLE CARDS ***
Dealt to Dorex2007 [Ac 2d]
cskz: folds 
MaXiDe05: folds 
Dorex2007: folds 
HellNative: folds 
Ethomikse: folds 
buggspray: folds 
TornadeoJim: folds 
Uncalled bet ($0.01) returned to Roody_Tha
Roody_Tha collected $0.02 from pot
*** SUMMARY ***
Total pot $0.02 | Rake $0 
Seat 1: Roody_Tha (big blind) collected ($0.02)
Seat 2: cskz folded before Flop (didn't bet)
Seat 3: MaXiDe05 folded before Flop (didn't bet)
Seat 4: Dorex2007 folded before Flop (didn't bet)
Seat 5: HellNative folded before Flop (didn't bet)
Seat 7: Ethomikse folded before Flop (didn't bet)
Seat 8: buggspray (button) folded before Flop (didn't bet)
Seat 9: TornadeoJim (small blind) folded before Flop



PokerStars Hand #237386625515:  Hold'em No Limit ($0.01/$0.02 USD) - 2022/07/15 21:30:02 PT [2022/07/16 0:30:02 ET]
Table 'Schlutia IV' 9-max Seat #9 is the button
Seat 1: Roody_Tha ($1.89 in chips) 
Seat 2: cskz ($2.27 in chips) 
Seat 3: MaXiDe05 ($3.09 in chips) 
Seat 4: Dorex2007 ($2.69 in chips) 
Seat 5: HellNative ($2.72 in chips) 
Seat 7: Ethomikse ($2.23 in chips) 
Seat 8: buggspray ($2.63 in chips) 
Seat 9: TornadeoJim ($2.24 in chips) 
Roody_Tha: posts small blind $0.01
cskz: posts big blind $0.02
gastong88: sits out 
*** HOLE CARDS ***
Dealt to Dorex2007 [Jd 8d]
MaXiDe05: folds 
Dorex2007: folds 
HellNative: folds 
Ethomikse: folds 
buggspray: folds 
TornadeoJim: folds 
Roody_Tha: folds 
Uncalled bet ($0.01) returned to cskz
cskz collected $0.02 from pot
*** SUMMARY ***
Total pot $0.02 | Rake $0 
Seat 1: Roody_Tha (small blind) folded before Flop
Seat 2: cskz (big blind) collected ($0.02)
Seat 3: MaXiDe05 folded before Flop (didn't bet)
Seat 4: Dorex2007 folded before Flop (didn't bet)
Seat 5: HellNative folded before Flop (didn't bet)
Seat 7: Ethomikse folded before Flop (didn't bet)
Seat 8: buggspray folded before Flop (didn't bet)
Seat 9: TornadeoJim (button) folded before Flop (didn't bet)



PokerStars Hand #237386627879:  Hold'em No Limit ($0.01/$0.02 USD) - 2022/07/15 21:30:19 PT [2022/07/16 0:30:19 ET]
Table 'Schlutia IV' 9-max Seat #1 is the button
Seat 1: Roody_Tha ($1.88 in chips) 
Seat 2: cskz ($2.28 in chips) 
Seat 3: MaXiDe05 ($3.09 in chips) 
Seat 4: Dorex2007 ($2.69 in chips) 
Seat 5: HellNative ($2.72 in chips) 
Seat 8: buggspray ($2.63 in chips) 
Seat 9: TornadeoJim ($2.24 in chips) 
cskz: posts small blind $0.01
MaXiDe05: posts big blind $0.02
gastong88: sits out 
*** HOLE CARDS ***
Dealt to Dorex2007 [2s 6s]
Dorex2007: folds 
HellNative: folds 
buggspray: folds 
TornadeoJim: folds 
Roody_Tha: folds 
cskz: raises $0.04 to $0.06
MaXiDe05: folds 
Uncalled bet ($0.04) returned to cskz
cskz collected $0.04 from pot
*** SUMMARY ***
Total pot $0.04 | Rake $0 
Seat 1: Roody_Tha (button) folded before Flop (didn't bet)
Seat 2: cskz (small blind) collected ($0.04)
Seat 3: MaXiDe05 (big blind) folded before Flop
Seat 4: Dorex2007 folded before Flop (didn't bet)
Seat 5: HellNative folded before Flop (didn't bet)
Seat 8: buggspray folded before Flop (didn't bet)
Seat 9: TornadeoJim folded before Flop (didn't bet)



PokerStars Hand #237386633703:  Hold'em No Limit ($0.01/$0.02 USD) - 2022/07/15 21:31:01 PT [2022/07/16 0:31:01 ET]
Table 'Schlutia IV' 9-max Seat #2 is the button
Seat 1: Roody_Tha ($1.88 in chips) 
Seat 2: cskz ($2.30 in chips) 
Seat 3: MaXiDe05 ($3.07 in chips) 
Seat 4: Dorex2007 ($2.69 in chips) 
Seat 5: HellNative ($2.72 in chips) 
Seat 8: buggspray ($2.63 in chips) 
Seat 9: TornadeoJim ($2.24 in chips) 
MaXiDe05: posts small blind $0.01
Dorex2007: posts big blind $0.02
gastong88: sits out 
*** HOLE CARDS ***
Dealt to Dorex2007 [4d 9s]
HellNative: folds 
buggspray: folds 
TornadeoJim: folds 
Roody_Tha: calls $0.02
cskz: folds 
MaXiDe05: calls $0.01
Dorex2007: checks 
*** FLOP *** [2h 3c Qh]
MaXiDe05: checks 
Dorex2007: checks 
Roody_Tha: checks 
*** TURN *** [2h 3c Qh] [3d]
MaXiDe05: checks 
Dorex2007: checks 
Roody_Tha: checks 
*** RIVER *** [2h 3c Qh 3d] [Jc]
MaXiDe05: checks 
Dorex2007: checks 
Roody_Tha: checks 
*** SHOW DOWN ***
MaXiDe05: shows [7d Kh] (a pair of Threes)
Dorex2007: mucks hand 
Roody_Tha: shows [7c Ac] (a pair of Threes - Ace kicker)
Roody_Tha collected $0.06 from pot
*** SUMMARY ***
Total pot $0.06 | Rake $0 
Board [2h 3c Qh 3d Jc]
Seat 1: Roody_Tha showed [7c Ac] and won ($0.06) with a pair of Threes
Seat 2: cskz (button) folded before Flop (didn't bet)
Seat 3: MaXiDe05 (small blind) showed [7d Kh] and lost with a pair of Threes
Seat 4: Dorex2007 (big blind) mucked [4d 9s]
Seat 5: HellNative folded before Flop (didn't bet)
Seat 8: buggspray folded before Flop (didn't bet)
Seat 9: TornadeoJim folded before Flop (didn't bet)



PokerStars Hand #237386642650:  Hold'em No Limit ($0.01/$0.02 USD) - 2022/07/15 21:32:07 PT [2022/07/16 0:32:07 ET]
Table 'Schlutia IV' 9-max Seat #3 is the button
Seat 1: Roody_Tha ($1.92 in chips) 
Seat 2: cskz ($2.30 in chips) 
Seat 3: MaXiDe05 ($3.05 in chips) 
Seat 4: Dorex2007 ($2.67 in chips) 
Seat 5: HellNative ($2.72 in chips) 
Seat 8: buggspray ($2.63 in chips) 
Seat 9: TornadeoJim ($2.24 in chips) 
Dorex2007: posts small blind $0.01
HellNative: posts big blind $0.02
gastong88: sits out 
*** HOLE CARDS ***
Dealt to Dorex2007 [Ks 8s]
buggspray: folds 
TornadeoJim: folds 
Roody_Tha: calls $0.02
cskz: folds 
MaXiDe05: folds 
Dorex2007: calls $0.01
HellNative: checks 
*** FLOP *** [Kc 4d 6s]
Dorex2007: checks 
HellNative: checks 
Roody_Tha: checks 
*** TURN *** [Kc 4d 6s] [2d]
Dorex2007: bets $0.06
HellNative: raises $0.18 to $0.24
Roody_Tha: folds 
Dorex2007: folds 
Uncalled bet ($0.18) returned to HellNative
HellNative collected $0.17 from pot
*** SUMMARY ***
Total pot $0.18 | Rake $0.01 
Board [Kc 4d 6s 2d]
Seat 1: Roody_Tha folded on the Turn
Seat 2: cskz folded before Flop (didn't bet)
Seat 3: MaXiDe05 (button) folded before Flop (didn't bet)
Seat 4: Dorex2007 (small blind) folded on the Turn
Seat 5: HellNative (big blind) collected ($0.17)
Seat 8: buggspray folded before Flop (didn't bet)
Seat 9: TornadeoJim folded before Flop (didn't bet)



PokerStars Hand #237386651475:  Hold'em No Limit ($0.01/$0.02 USD) - 2022/07/15 21:33:12 PT [2022/07/16 0:33:12 ET]
Table 'Schlutia IV' 9-max Seat #4 is the button
Seat 1: Roody_Tha ($1.90 in chips) 
Seat 2: cskz ($2.30 in chips) 
Seat 3: MaXiDe05 ($3.05 in chips) 
Seat 4: Dorex2007 ($2.59 in chips) 
Seat 5: HellNative ($2.81 in chips) 
Seat 6: gastong88 ($0.80 in chips) 
Seat 8: buggspray ($2.63 in chips) 
HellNative: posts small blind $0.01
gastong88: posts big blind $0.02
*** HOLE CARDS ***
Dealt to Dorex2007 [Ks Tc]
buggspray: folds 
Roody_Tha: folds 
cskz: folds 
MaXiDe05: calls $0.02
Dorex2007: calls $0.02
HellNative: calls $0.01
gastong88: checks 
*** FLOP *** [9h 4c 7d]
HellNative: checks 
gastong88: checks 
MaXiDe05: bets $0.04
Dorex2007: folds 
HellNative: folds 
gastong88: folds 
Uncalled bet ($0.04) returned to MaXiDe05
MaXiDe05 collected $0.08 from pot
*** SUMMARY ***
Total pot $0.08 | Rake $0 
Board [9h 4c 7d]
Seat 1: Roody_Tha folded before Flop (didn't bet)
Seat 2: cskz folded before Flop (didn't bet)
Seat 3: MaXiDe05 collected ($0.08)
Seat 4: Dorex2007 (button) folded on the Flop
Seat 5: HellNative (small blind) folded on the Flop
Seat 6: gastong88 (big blind) folded on the Flop
Seat 8: buggspray folded before Flop (didn't bet)



PokerStars Hand #237386656204:  Hold'em No Limit ($0.01/$0.02 USD) - 2022/07/15 21:33:46 PT [2022/07/16 0:33:46 ET]
Table 'Schlutia IV' 9-max Seat #5 is the button
Seat 1: Roody_Tha ($1.90 in chips) 
Seat 2: cskz ($2.30 in chips) 
Seat 3: MaXiDe05 ($3.11 in chips) 
Seat 4: Dorex2007 ($2.57 in chips) 
Seat 5: HellNative ($2.79 in chips) 
Seat 6: gastong88 ($0.78 in chips) 
Seat 8: buggspray ($2.63 in chips) 
gastong88: posts small blind $0.01
buggspray: posts big blind $0.02
*** HOLE CARDS ***
Dealt to Dorex2007 [Ac Ah]
Roody_Tha: folds 
cskz: folds 
MaXiDe05: folds 
Dorex2007: raises $0.04 to $0.06
HellNative: folds 
gastong88: folds 
buggspray: folds 
Uncalled bet ($0.04) returned to Dorex2007
Dorex2007 collected $0.05 from pot
*** SUMMARY ***
Total pot $0.05 | Rake $0 
Seat 1: Roody_Tha folded before Flop (didn't bet)
Seat 2: cskz folded before Flop (didn't bet)
Seat 3: MaXiDe05 folded before Flop (didn't bet)
Seat 4: Dorex2007 collected ($0.05)
Seat 5: HellNative (button) folded before Flop (didn't bet)
Seat 6: gastong88 (small blind) folded before Flop
Seat 8: buggspray (big blind) folded before Flop



PokerStars Hand #237386659020:  Hold'em No Limit ($0.01/$0.02 USD) - 2022/07/15 21:34:07 PT [2022/07/16 0:34:07 ET]
Table 'Schlutia IV' 9-max Seat #6 is the button
Seat 2: cskz ($2.30 in chips) 
Seat 3: MaXiDe05 ($3.11 in chips) 
Seat 4: Dorex2007 ($2.60 in chips) 
Seat 5: HellNative ($2.79 in chips) 
Seat 6: gastong88 ($0.77 in chips) 
Seat 8: buggspray ($2.61 in chips) 
buggspray: posts small blind $0.01
Roody_Tha: is sitting out 
cskz: posts big blind $0.02
*** HOLE CARDS ***
Dealt to Dorex2007 [Th Ad]
MaXiDe05: folds 
Dorex2007: calls $0.02
HellNative: folds 
gastong88: folds 
buggspray: calls $0.01
cskz: raises $0.04 to $0.06
Dorex2007: calls $0.04
buggspray: calls $0.04
*** FLOP *** [3h Jd Ah]
buggspray: checks 
cskz: checks 
Dorex2007: bets $0.17
Roody_Tha leaves the table
buggspray: folds 
cskz: folds 
Uncalled bet ($0.17) returned to Dorex2007
Dorex2007 collected $0.17 from pot
*** SUMMARY ***
Total pot $0.18 | Rake $0.01 
Board [3h Jd Ah]
Seat 2: cskz (big blind) folded on the Flop
Seat 3: MaXiDe05 folded before Flop (didn't bet)
Seat 4: Dorex2007 collected ($0.17)
Seat 5: HellNative folded before Flop (didn't bet)
Seat 6: gastong88 (button) folded before Flop (didn't bet)
Seat 8: buggspray (small blind) folded on the Flop



PokerStars Hand #237386666885:  Hold'em No Limit ($0.01/$0.02 USD) - 2022/07/15 21:35:04 PT [2022/07/16 0:35:04 ET]
Table 'Schlutia IV' 9-max Seat #8 is the button
Seat 2: cskz ($2.24 in chips) 
Seat 3: MaXiDe05 ($3.11 in chips) 
Seat 4: Dorex2007 ($2.71 in chips) 
Seat 5: HellNative ($2.79 in chips) 
Seat 6: gastong88 ($0.77 in chips) 
Seat 8: buggspray ($2.55 in chips) 
cskz: posts small blind $0.01
MaXiDe05: posts big blind $0.02
*** HOLE CARDS ***
Dealt to Dorex2007 [Jd 7s]
Dorex2007: folds 
HellNative: folds 
gastong88: folds 
buggspray: raises $0.04 to $0.06
cskz: folds 
MaXiDe05: folds 
Uncalled bet ($0.04) returned to buggspray
buggspray collected $0.05 from pot
*** SUMMARY ***
Total pot $0.05 | Rake $0 
Seat 2: cskz (small blind) folded before Flop
Seat 3: MaXiDe05 (big blind) folded before Flop
Seat 4: Dorex2007 folded before Flop (didn't bet)
Seat 5: HellNative folded before Flop (didn't bet)
Seat 6: gastong88 folded before Flop (didn't bet)
Seat 8: buggspray (button) collected ($0.05)



PokerStars Hand #237386668806:  Hold'em No Limit ($0.01/$0.02 USD) - 2022/07/15 21:35:18 PT [2022/07/16 0:35:18 ET]
Table 'Schlutia IV' 9-max Seat #2 is the button
Seat 2: cskz ($2.23 in chips) 
Seat 3: MaXiDe05 ($3.09 in chips) 
Seat 4: Dorex2007 ($2.71 in chips) 
Seat 5: HellNative ($2.79 in chips) 
Seat 6: gastong88 ($0.77 in chips) 
Seat 8: buggspray ($2.58 in chips) 
MaXiDe05: posts small blind $0.01
Dorex2007: posts big blind $0.02
*** HOLE CARDS ***
Dealt to Dorex2007 [Qs Ts]
HellNative: folds 
gastong88: folds 
buggspray: folds 
cskz: folds 
MaXiDe05: calls $0.01
Dorex2007: checks 
*** FLOP *** [8c Qh Jh]
MaXiDe05: checks 
Dorex2007: bets $0.04
MaXiDe05: folds 
Uncalled bet ($0.04) returned to Dorex2007
Dorex2007 collected $0.04 from pot
*** SUMMARY ***
Total pot $0.04 | Rake $0 
Board [8c Qh Jh]
Seat 2: cskz (button) folded before Flop (didn't bet)
Seat 3: MaXiDe05 (small blind) folded on the Flop
Seat 4: Dorex2007 (big blind) collected ($0.04)
Seat 5: HellNative folded before Flop (didn't bet)
Seat 6: gastong88 folded before Flop (didn't bet)
Seat 8: buggspray folded before Flop (didn't bet)



PokerStars Hand #237386674127:  Hold'em No Limit ($0.01/$0.02 USD) - 2022/07/15 21:35:56 PT [2022/07/16 0:35:56 ET]
Table 'Schlutia IV' 9-max Seat #3 is the button
Seat 2: cskz ($2.23 in chips) 
Seat 3: MaXiDe05 ($3.07 in chips) 
Seat 4: Dorex2007 ($2.73 in chips) 
Seat 5: HellNative ($2.79 in chips) 
Seat 6: gastong88 ($0.77 in chips) 
Seat 8: buggspray ($2.58 in chips) 
Dorex2007: posts small blind $0.01
HellNative: posts big blind $0.02
*** HOLE CARDS ***
Dealt to Dorex2007 [Jh Ah]
gastong88: folds 
buggspray: folds 
aslanturc joins the table at seat #1 
cskz: folds 
MaXiDe05: calls $0.02
Dorex2007: calls $0.01
HellNative: checks 
*** FLOP *** [5c Kc Kd]
Dorex2007: checks 
HellNative: checks 
MaXiDe05: checks 
*** TURN *** [5c Kc Kd] [Tc]
Dorex2007: checks 
HellNative: checks 
MaXiDe05: checks 
*** RIVER *** [5c Kc Kd Tc] [2h]
Dorex2007: checks 
HellNative: bets $0.03
MaXiDe05: folds 
Dorex2007: folds 
Uncalled bet ($0.03) returned to HellNative
HellNative collected $0.06 from pot
*** SUMMARY ***
Total pot $0.06 | Rake $0 
Board [5c Kc Kd Tc 2h]
Seat 2: cskz folded before Flop (didn't bet)
Seat 3: MaXiDe05 (button) folded on the River
Seat 4: Dorex2007 (small blind) folded on the River
Seat 5: HellNative (big blind) collected ($0.06)
Seat 6: gastong88 folded before Flop (didn't bet)
Seat 8: buggspray folded before Flop (didn't bet)



PokerStars Hand #237386679335:  Hold'em No Limit ($0.01/$0.02 USD) - 2022/07/15 21:36:34 PT [2022/07/16 0:36:34 ET]
Table 'Schlutia IV' 9-max Seat #4 is the button
Seat 2: cskz ($2.23 in chips) 
Seat 3: MaXiDe05 ($3.05 in chips) 
Seat 4: Dorex2007 ($2.71 in chips) 
Seat 5: HellNative ($2.83 in chips) 
Seat 6: gastong88 ($0.77 in chips) 
Seat 8: buggspray ($2.58 in chips) 
HellNative: posts small blind $0.01
gastong88: posts big blind $0.02
aslanturc: sits out 
*** HOLE CARDS ***
Dealt to Dorex2007 [2h 6h]
buggspray: folds 
cskz: folds 
MaXiDe05: calls $0.02
Dorex2007: folds 
HellNative: folds 
gastong88: checks 
*** FLOP *** [4c Td Jh]
gastong88: checks 
MaXiDe05: bets $0.02
gastong88: folds 
Uncalled bet ($0.02) returned to MaXiDe05
MaXiDe05 collected $0.05 from pot
*** SUMMARY ***
Total pot $0.05 | Rake $0 
Board [4c Td Jh]
Seat 2: cskz folded before Flop (didn't bet)
Seat 3: MaXiDe05 collected ($0.05)
Seat 4: Dorex2007 (button) folded before Flop (didn't bet)
Seat 5: HellNative (small blind) folded before Flop
Seat 6: gastong88 (big blind) folded on the Flop
Seat 8: buggspray folded before Flop (didn't bet)



PokerStars Hand #237386682879:  Hold'em No Limit ($0.01/$0.02 USD) - 2022/07/15 21:37:01 PT [2022/07/16 0:37:01 ET]
Table 'Schlutia IV' 9-max Seat #5 is the button
Seat 1: aslanturc ($1.60 in chips) 
Seat 2: cskz ($2.23 in chips) 
Seat 3: MaXiDe05 ($3.08 in chips) 
Seat 4: Dorex2007 ($2.71 in chips) 
Seat 5: HellNative ($2.82 in chips) 
Seat 6: gastong88 ($0.75 in chips) 
gastong88: posts small blind $0.01
buggspray: is sitting out 
aslanturc: posts big blind $0.02
*** HOLE CARDS ***
Dealt to Dorex2007 [9d Kh]
cskz: folds 
MaXiDe05: folds 
Dorex2007: folds 
HellNative: folds 
gastong88: folds 
Uncalled bet ($0.01) returned to aslanturc
aslanturc collected $0.02 from pot
*** SUMMARY ***
Total pot $0.02 | Rake $0 
Seat 1: aslanturc (big blind) collected ($0.02)
Seat 2: cskz folded before Flop (didn't bet)
Seat 3: MaXiDe05 folded before Flop (didn't bet)
Seat 4: Dorex2007 folded before Flop (didn't bet)
Seat 5: HellNative (button) folded before Flop (didn't bet)
Seat 6: gastong88 (small blind) folded before Flop



PokerStars Hand #237386684299:  Hold'em No Limit ($0.01/$0.02 USD) - 2022/07/15 21:37:11 PT [2022/07/16 0:37:11 ET]
Table 'Schlutia IV' 9-max Seat #6 is the button
Seat 1: aslanturc ($1.61 in chips) 
Seat 2: cskz ($2.23 in chips) 
Seat 3: MaXiDe05 ($3.08 in chips) 
Seat 4: Dorex2007 ($2.71 in chips) 
Seat 5: HellNative ($2.82 in chips) 
Seat 6: gastong88 ($0.74 in chips) 
aslanturc: posts small blind $0.01
cskz: posts big blind $0.02
*** HOLE CARDS ***
Dealt to Dorex2007 [Qc 4s]
buggspray leaves the table
MaXiDe05: folds 
Dorex2007: folds 
HellNative: raises $0.04 to $0.06
gastong88: folds 
aslanturc: folds 
cskz: folds 
Uncalled bet ($0.04) returned to HellNative
HellNative collected $0.05 from pot
*** SUMMARY ***
Total pot $0.05 | Rake $0 
Seat 1: aslanturc (small blind) folded before Flop
Seat 2: cskz (big blind) folded before Flop
Seat 3: MaXiDe05 folded before Flop (didn't bet)
Seat 4: Dorex2007 folded before Flop (didn't bet)
Seat 5: HellNative collected ($0.05)
Seat 6: gastong88 (button) folded before Flop (didn't bet)



PokerStars Hand #237386690500:  Hold'em No Limit ($0.01/$0.02 USD) - 2022/07/15 21:37:21 PT [2022/07/16 0:37:21 ET]
Table 'Schlutia IV' 9-max Seat #1 is the button
Seat 1: aslanturc ($1.60 in chips) 
Seat 2: cskz ($2.21 in chips) 
Seat 3: MaXiDe05 ($3.08 in chips) 
Seat 4: Dorex2007 ($2.71 in chips) 
Seat 5: HellNative ($2.85 in chips) 
Seat 6: gastong88 ($0.74 in chips) 
cskz: posts small blind $0.01
MaXiDe05: posts big blind $0.02
*** HOLE CARDS ***
Dealt to Dorex2007 [Th Js]
Dorex2007: folds 
HellNative: folds 
gastong88: folds 
Pokon joins the table at seat #8 
aslanturc: folds 
cskz: folds 
Uncalled bet ($0.01) returned to MaXiDe05
MaXiDe05 collected $0.02 from pot
*** SUMMARY ***
Total pot $0.02 | Rake $0 
Seat 1: aslanturc (button) folded before Flop (didn't bet)
Seat 2: cskz (small blind) folded before Flop
Seat 3: MaXiDe05 (big blind) collected ($0.02)
Seat 4: Dorex2007 folded before Flop (didn't bet)
Seat 5: HellNative folded before Flop (didn't bet)
Seat 6: gastong88 folded before Flop (didn't bet)



PokerStars Hand #237386692547:  Hold'em No Limit ($0.01/$0.02 USD) - 2022/07/15 21:37:36 PT [2022/07/16 0:37:36 ET]
Table 'Schlutia IV' 9-max Seat #2 is the button
Seat 1: aslanturc ($1.60 in chips) 
Seat 2: cskz ($2.20 in chips) 
Seat 3: MaXiDe05 ($3.09 in chips) 
Seat 4: Dorex2007 ($2.71 in chips) 
Seat 5: HellNative ($2.85 in chips) 
Seat 6: gastong88 ($0.74 in chips) 
MaXiDe05: posts small blind $0.01
Dorex2007: posts big blind $0.02
Pokon: sits out 
*** HOLE CARDS ***
Dealt to Dorex2007 [Ah 6d]
HellNative: folds 
gastong88: folds 
aslanturc: folds 
cskz: folds 
MaXiDe05: calls $0.01
Dorex2007: checks 
*** FLOP *** [6s Ac 2s]
MaXiDe05: checks 
Dorex2007: bets $0.04
MaXiDe05: calls $0.04
*** TURN *** [6s Ac 2s] [5c]
MaXiDe05: checks 
Dorex2007: bets $0.12
MaXiDe05: folds 
Uncalled bet ($0.12) returned to Dorex2007
Dorex2007 collected $0.12 from pot
*** SUMMARY ***
Total pot $0.12 | Rake $0 
Board [6s Ac 2s 5c]
Seat 1: aslanturc folded before Flop (didn't bet)
Seat 2: cskz (button) folded before Flop (didn't bet)
Seat 3: MaXiDe05 (small blind) folded on the Turn
Seat 4: Dorex2007 (big blind) collected ($0.12)
Seat 5: HellNative folded before Flop (didn't bet)
Seat 6: gastong88 folded before Flop (didn't bet)



PokerStars Hand #237386698324:  Hold'em No Limit ($0.01/$0.02 USD) - 2022/07/15 21:38:20 PT [2022/07/16 0:38:20 ET]
Table 'Schlutia IV' 9-max Seat #3 is the button
Seat 1: aslanturc ($1.60 in chips) 
Seat 2: cskz ($2.20 in chips) 
Seat 3: MaXiDe05 ($3.03 in chips) 
Seat 4: Dorex2007 ($2.77 in chips) 
Seat 5: HellNative ($2.85 in chips) 
Seat 6: gastong88 ($0.74 in chips) 
Seat 8: Pokon ($2 in chips) 
Dorex2007: posts small blind $0.01
HellNative: posts big blind $0.02
Pokon: posts big blind $0.02
*** HOLE CARDS ***
Dealt to Dorex2007 [5c Tc]
gastong88: folds 
Pokon: checks 
aslanturc: calls $0.02
cskz: folds 
MaXiDe05: calls $0.02
Dorex2007: folds 
HellNative: raises $0.12 to $0.14
Pokon: folds 
aslanturc: folds 
MaXiDe05: calls $0.12
*** FLOP *** [7d Kh 5d]
HellNative: bets $0.23
MaXiDe05: folds 
Uncalled bet ($0.23) returned to HellNative
HellNative collected $0.32 from pot
*** SUMMARY ***
Total pot $0.33 | Rake $0.01 
Board [7d Kh 5d]
Seat 1: aslanturc folded before Flop
Seat 2: cskz folded before Flop (didn't bet)
Seat 3: MaXiDe05 (button) folded on the Flop
Seat 4: Dorex2007 (small blind) folded before Flop
Seat 5: HellNative (big blind) collected ($0.32)
Seat 6: gastong88 folded before Flop (didn't bet)
Seat 8: Pokon folded before Flop (didn't bet)



PokerStars Hand #237386705641:  Hold'em No Limit ($0.01/$0.02 USD) - 2022/07/15 21:39:15 PT [2022/07/16 0:39:15 ET]
Table 'Schlutia IV' 9-max Seat #4 is the button
Seat 1: aslanturc ($1.58 in chips) 
Seat 2: cskz ($2.20 in chips) 
Seat 3: MaXiDe05 ($2.89 in chips) 
Seat 4: Dorex2007 ($2.76 in chips) 
Seat 5: HellNative ($3.03 in chips) 
Seat 6: gastong88 ($0.74 in chips) 
Seat 8: Pokon ($1.98 in chips) 
HellNative: posts small blind $0.01
gastong88: posts big blind $0.02
Ethomikse: sits out 
*** HOLE CARDS ***
Dealt to Dorex2007 [2h 8h]
Pokon: folds 
aslanturc: folds 
cskz: folds 
MaXiDe05: calls $0.02
Dorex2007: folds 
HellNative: folds 
gastong88: checks 
*** FLOP *** [As Kc Js]
gastong88: checks 
TornadeoJim leaves the table
MaXiDe05: checks 
*** TURN *** [As Kc Js] [Ac]
gastong88: checks 
MaXiDe05: checks 
*** RIVER *** [As Kc Js Ac] [4d]
gastong88: checks 
MaXiDe05: bets $0.05
gastong88: folds 
Uncalled bet ($0.05) returned to MaXiDe05
MaXiDe05 collected $0.05 from pot
*** SUMMARY ***
Total pot $0.05 | Rake $0 
Board [As Kc Js Ac 4d]
Seat 1: aslanturc folded before Flop (didn't bet)
Seat 2: cskz folded before Flop (didn't bet)
Seat 3: MaXiDe05 collected ($0.05)
Seat 4: Dorex2007 (button) folded before Flop (didn't bet)
Seat 5: HellNative (small blind) folded before Flop
Seat 6: gastong88 (big blind) folded on the River
Seat 8: Pokon folded before Flop (didn't bet)



PokerStars Hand #237386711114:  Hold'em No Limit ($0.01/$0.02 USD) - 2022/07/15 21:39:56 PT [2022/07/16 0:39:56 ET]
Table 'Schlutia IV' 9-max Seat #5 is the button
Seat 1: aslanturc ($1.58 in chips) 
Seat 2: cskz ($2.20 in chips) 
Seat 3: MaXiDe05 ($2.92 in chips) 
Seat 4: Dorex2007 ($2.76 in chips) 
Seat 5: HellNative ($3.02 in chips) 
Seat 6: gastong88 ($0.72 in chips) 
Seat 7: Ethomikse ($2.23 in chips) 
Seat 8: Pokon ($1.98 in chips) 
gastong88: posts small blind $0.01
Ethomikse: posts big blind $0.02
*** HOLE CARDS ***
Dealt to Dorex2007 [Th Jd]
Pokon: folds 
aslanturc: raises $0.02 to $0.04
cskz: folds 
ramon_cramos joins the table at seat #9 
MaXiDe05: folds 
Dorex2007: folds 
HellNative: folds 
gastong88: folds 
Ethomikse: folds 
Uncalled bet ($0.02) returned to aslanturc
aslanturc collected $0.05 from pot
*** SUMMARY ***
Total pot $0.05 | Rake $0 
Seat 1: aslanturc collected ($0.05)
Seat 2: cskz folded before Flop (didn't bet)
Seat 3: MaXiDe05 folded before Flop (didn't bet)
Seat 4: Dorex2007 folded before Flop (didn't bet)
Seat 5: HellNative (button) folded before Flop (didn't bet)
Seat 6: gastong88 (small blind) folded before Flop
Seat 7: Ethomikse (big blind) folded before Flop
Seat 8: Pokon folded before Flop (didn't bet)



PokerStars Hand #237386713645:  Hold'em No Limit ($0.01/$0.02 USD) - 2022/07/15 21:40:15 PT [2022/07/16 0:40:15 ET]
Table 'Schlutia IV' 9-max Seat #6 is the button
Seat 1: aslanturc ($1.61 in chips) 
Seat 2: cskz ($2.20 in chips) 
Seat 3: MaXiDe05 ($2.92 in chips) 
Seat 4: Dorex2007 ($2.76 in chips) 
Seat 5: HellNative ($3.02 in chips) 
Seat 6: gastong88 ($0.71 in chips) 
Seat 7: Ethomikse ($2.21 in chips) 
Seat 8: Pokon ($1.98 in chips) 
Ethomikse: posts small blind $0.01
Pokon: posts big blind $0.02
ramon_cramos: sits out 
*** HOLE CARDS ***
Dealt to Dorex2007 [9h 7s]
aslanturc: folds 
cskz: folds 
MaXiDe05: folds 
Dorex2007: folds 
HellNative: folds 
gastong88: folds 
Ethomikse: raises $0.02 to $0.04
Pokon: calls $0.02
*** FLOP *** [Jd 2s 4h]
Ethomikse: bets $0.04
Pokon: calls $0.04
*** TURN *** [Jd 2s 4h] [Qc]
Ethomikse: checks 
Pokon: checks 
*** RIVER *** [Jd 2s 4h Qc] [4s]
Ethomikse: checks 
Pokon: bets $0.07
Ethomikse: calls $0.07
*** SHOW DOWN ***
Pokon: shows [7d 8d] (a pair of Fours)
Ethomikse: shows [Ts Th] (two pair, Tens and Fours)
Ethomikse collected $0.29 from pot
*** SUMMARY ***
Total pot $0.30 | Rake $0.01 
Board [Jd 2s 4h Qc 4s]
Seat 1: aslanturc folded before Flop (didn't bet)
Seat 2: cskz folded before Flop (didn't bet)
Seat 3: MaXiDe05 folded before Flop (didn't bet)
Seat 4: Dorex2007 folded before Flop (didn't bet)
Seat 5: HellNative folded before Flop (didn't bet)
Seat 6: gastong88 (button) folded before Flop (didn't bet)
Seat 7: Ethomikse (small blind) showed [Ts Th] and won ($0.29) with two pair, Tens and Fours
Seat 8: Pokon (big blind) showed [7d 8d] and lost with a pair of Fours



PokerStars Hand #237386719407:  Hold'em No Limit ($0.01/$0.02 USD) - 2022/07/15 21:40:58 PT [2022/07/16 0:40:58 ET]
Table 'Schlutia IV' 9-max Seat #7 is the button
Seat 1: aslanturc ($1.61 in chips) 
Seat 2: cskz ($2.20 in chips) 
Seat 3: MaXiDe05 ($2.92 in chips) 
Seat 4: Dorex2007 ($2.76 in chips) 
Seat 5: HellNative ($3.02 in chips) 
Seat 6: gastong88 ($0.71 in chips) 
Seat 7: Ethomikse ($2.35 in chips) 
Seat 8: Pokon ($1.83 in chips) 
Seat 9: ramon_cramos ($1.60 in chips) 
Pokon: posts small blind $0.01
ramon_cramos: posts big blind $0.02
*** HOLE CARDS ***
Dealt to Dorex2007 [6h Qc]
aslanturc: folds 
cskz: folds 
MaXiDe05: folds 
Dorex2007: folds 
HellNative: raises $0.04 to $0.06
gastong88: folds 
Ethomikse: raises $0.04 to $0.10
Pokon: folds 
ramon_cramos: folds 
HellNative: calls $0.04
*** FLOP *** [6d Kc Jh]
HellNative: checks 
Ethomikse: bets $0.11
HellNative: calls $0.11
*** TURN *** [6d Kc Jh] [7s]
HellNative: checks 
Ethomikse: bets $0.21
HellNative: folds 
Uncalled bet ($0.21) returned to Ethomikse
Ethomikse collected $0.43 from pot
*** SUMMARY ***
Total pot $0.45 | Rake $0.02 
Board [6d Kc Jh 7s]
Seat 1: aslanturc folded before Flop (didn't bet)
Seat 2: cskz folded before Flop (didn't bet)
Seat 3: MaXiDe05 folded before Flop (didn't bet)
Seat 4: Dorex2007 folded before Flop (didn't bet)
Seat 5: HellNative folded on the Turn
Seat 6: gastong88 folded before Flop (didn't bet)
Seat 7: Ethomikse (button) collected ($0.43)
Seat 8: Pokon (small blind) folded before Flop
Seat 9: ramon_cramos (big blind) folded before Flop



PokerStars Hand #237386726892:  Hold'em No Limit ($0.01/$0.02 USD) - 2022/07/15 21:41:53 PT [2022/07/16 0:41:53 ET]
Table 'Schlutia IV' 9-max Seat #8 is the button
Seat 1: aslanturc ($1.61 in chips) 
Seat 2: cskz ($2.20 in chips) 
Seat 3: MaXiDe05 ($2.92 in chips) 
Seat 4: Dorex2007 ($2.76 in chips) 
Seat 5: HellNative ($2.81 in chips) 
Seat 6: gastong88 ($0.71 in chips) 
Seat 7: Ethomikse ($2.57 in chips) 
Seat 8: Pokon ($1.82 in chips) 
Seat 9: ramon_cramos ($1.58 in chips) 
ramon_cramos: posts small blind $0.01
aslanturc: posts big blind $0.02
*** HOLE CARDS ***
Dealt to Dorex2007 [Ah 9d]
cskz: raises $0.04 to $0.06
MaXiDe05: calls $0.06
Dorex2007: folds 
HellNative: folds 
gastong88: folds 
Ethomikse: folds 
Pokon: folds 
ramon_cramos: folds 
aslanturc: calls $0.04
*** FLOP *** [Tc Td 6s]
aslanturc: checks 
cskz: checks 
MaXiDe05: checks 
*** TURN *** [Tc Td 6s] [9h]
aslanturc: bets $0.09
cskz: folds 
MaXiDe05: calls $0.09
*** RIVER *** [Tc Td 6s 9h] [Th]
aslanturc: bets $0.18
MaXiDe05: folds 
Uncalled bet ($0.18) returned to aslanturc
aslanturc collected $0.36 from pot
*** SUMMARY ***
Total pot $0.37 | Rake $0.01 
Board [Tc Td 6s 9h Th]
Seat 1: aslanturc (big blind) collected ($0.36)
Seat 2: cskz folded on the Turn
Seat 3: MaXiDe05 folded on the River
Seat 4: Dorex2007 folded before Flop (didn't bet)
Seat 5: HellNative folded before Flop (didn't bet)
Seat 6: gastong88 folded before Flop (didn't bet)
Seat 7: Ethomikse folded before Flop (didn't bet)
Seat 8: Pokon (button) folded before Flop (didn't bet)
Seat 9: ramon_cramos (small blind) folded before Flop



PokerStars Hand #237386734396:  Hold'em No Limit ($0.01/$0.02 USD) - 2022/07/15 21:42:49 PT [2022/07/16 0:42:49 ET]
Table 'Schlutia IV' 9-max Seat #9 is the button
Seat 1: aslanturc ($1.82 in chips) 
Seat 3: MaXiDe05 ($2.77 in chips) 
Seat 4: Dorex2007 ($2.76 in chips) 
Seat 5: HellNative ($2.81 in chips) 
Seat 6: gastong88 ($0.71 in chips) 
Seat 7: Ethomikse ($2.57 in chips) 
Seat 8: Pokon ($1.82 in chips) 
Seat 9: ramon_cramos ($1.57 in chips) 
aslanturc: posts small blind $0.01
MaXiDe05: posts big blind $0.02
*** HOLE CARDS ***
Dealt to Dorex2007 [4h 7h]
Dorex2007: folds 
HellNative: folds 
gastong88: folds 
Ethomikse: raises $0.02 to $0.04
Pokon: folds 
ramon_cramos: folds 
aslanturc: folds 
MaXiDe05: calls $0.02
*** FLOP *** [3c 9c Kh]
MaXiDe05: checks 
Ethomikse: bets $0.04
MaXiDe05: folds 
Uncalled bet ($0.04) returned to Ethomikse
Ethomikse collected $0.09 from pot
*** SUMMARY ***
Total pot $0.09 | Rake $0 
Board [3c 9c Kh]
Seat 1: aslanturc (small blind) folded before Flop
Seat 3: MaXiDe05 (big blind) folded on the Flop
Seat 4: Dorex2007 folded before Flop (didn't bet)
Seat 5: HellNative folded before Flop (didn't bet)
Seat 6: gastong88 folded before Flop (didn't bet)
Seat 7: Ethomikse collected ($0.09)
Seat 8: Pokon folded before Flop (didn't bet)
Seat 9: ramon_cramos (button) folded before Flop (didn't bet)



PokerStars Hand #237386739106:  Hold'em No Limit ($0.01/$0.02 USD) - 2022/07/15 21:43:23 PT [2022/07/16 0:43:23 ET]
Table 'Schlutia IV' 9-max Seat #1 is the button
Seat 1: aslanturc ($1.81 in chips) 
Seat 3: MaXiDe05 ($2.73 in chips) 
Seat 4: Dorex2007 ($2.76 in chips) 
Seat 5: HellNative ($2.81 in chips) 
Seat 6: gastong88 ($0.71 in chips) 
Seat 7: Ethomikse ($2.62 in chips) 
Seat 8: Pokon ($1.82 in chips) 
Seat 9: ramon_cramos ($1.57 in chips) 
MaXiDe05: posts small blind $0.01
Dorex2007: posts big blind $0.02
*** HOLE CARDS ***
Dealt to Dorex2007 [Jh As]
HellNative: folds 
gastong88: folds 
Ethomikse: folds 
Pokon: folds 
ramon_cramos: folds 
aslanturc: raises $0.04 to $0.06
MaXiDe05: folds 
Dorex2007: calls $0.04
*** FLOP *** [5h 6c 6h]
Dorex2007: bets $0.06
aslanturc: calls $0.06
*** TURN *** [5h 6c 6h] [Qs]
Dorex2007: checks 
aslanturc: checks 
*** RIVER *** [5h 6c 6h Qs] [4h]
Dorex2007: bets $0.12
aslanturc: folds 
Uncalled bet ($0.12) returned to Dorex2007
Dorex2007 collected $0.24 from pot
*** SUMMARY ***
Total pot $0.25 | Rake $0.01 
Board [5h 6c 6h Qs 4h]
Seat 1: aslanturc (button) folded on the River
Seat 3: MaXiDe05 (small blind) folded before Flop
Seat 4: Dorex2007 (big blind) collected ($0.24)
Seat 5: HellNative folded before Flop (didn't bet)
Seat 6: gastong88 folded before Flop (didn't bet)
Seat 7: Ethomikse folded before Flop (didn't bet)
Seat 8: Pokon folded before Flop (didn't bet)
Seat 9: ramon_cramos folded before Flop (didn't bet)



PokerStars Hand #237386747651:  Hold'em No Limit ($0.01/$0.02 USD) - 2022/07/15 21:44:27 PT [2022/07/16 0:44:27 ET]
Table 'Schlutia IV' 9-max Seat #3 is the button
Seat 1: aslanturc ($1.69 in chips) 
Seat 3: MaXiDe05 ($2.72 in chips) 
Seat 4: Dorex2007 ($2.88 in chips) 
Seat 5: HellNative ($2.81 in chips) 
Seat 6: gastong88 ($0.71 in chips) 
Seat 7: Ethomikse ($2.62 in chips) 
Seat 8: Pokon ($1.82 in chips) 
Seat 9: ramon_cramos ($1.57 in chips) 
Dorex2007: posts small blind $0.01
HellNative: posts big blind $0.02
*** HOLE CARDS ***
Dealt to Dorex2007 [Jd 8s]
gastong88: folds 
Ethomikse: folds 
Pokon: folds 
ramon_cramos: raises $0.04 to $0.06
aslanturc: folds 
MaXiDe05: raises $0.04 to $0.10
Dorex2007: folds 
HellNative: folds 
ramon_cramos: calls $0.04
*** FLOP *** [Kh Ks Td]
ramon_cramos: checks 
MaXiDe05: bets $0.11
ramon_cramos: folds 
Uncalled bet ($0.11) returned to MaXiDe05
MaXiDe05 collected $0.22 from pot
*** SUMMARY ***
Total pot $0.23 | Rake $0.01 
Board [Kh Ks Td]
Seat 1: aslanturc folded before Flop (didn't bet)
Seat 3: MaXiDe05 (button) collected ($0.22)
Seat 4: Dorex2007 (small blind) folded before Flop
Seat 5: HellNative (big blind) folded before Flop
Seat 6: gastong88 folded before Flop (didn't bet)
Seat 7: Ethomikse folded before Flop (didn't bet)
Seat 8: Pokon folded before Flop (didn't bet)
Seat 9: ramon_cramos folded on the Flop



PokerStars Hand #237386754762:  Hold'em No Limit ($0.01/$0.02 USD) - 2022/07/15 21:45:09 PT [2022/07/16 0:45:09 ET]
Table 'Schlutia IV' 9-max Seat #4 is the button
Seat 1: aslanturc ($1.69 in chips) 
Seat 3: MaXiDe05 ($2.84 in chips) 
Seat 4: Dorex2007 ($2.87 in chips) 
Seat 5: HellNative ($2.79 in chips) 
Seat 6: gastong88 ($0.71 in chips) 
Seat 7: Ethomikse ($2.62 in chips) 
Seat 8: Pokon ($1.82 in chips) 
Seat 9: ramon_cramos ($1.47 in chips) 
HellNative: posts small blind $0.01
gastong88: posts big blind $0.02
*** HOLE CARDS ***
Dealt to Dorex2007 [5h 9h]
Ethomikse: folds 
Pokon: calls $0.02
ramon_cramos: raises $0.08 to $0.10
aslanturc: calls $0.10
MaXiDe05: folds 
Dorex2007: folds 
HellNative: folds 
gastong88: folds 
Pokon: folds 
*** FLOP *** [6s 7d 2s]
ramon_cramos: bets $0.14
aslanturc: calls $0.14
*** TURN *** [6s 7d 2s] [Jh]
ramon_cramos: bets $1.23 and is all-in
aslanturc: folds 
Uncalled bet ($1.23) returned to ramon_cramos
ramon_cramos collected $0.51 from pot
*** SUMMARY ***
Total pot $0.53 | Rake $0.02 
Board [6s 7d 2s Jh]
Seat 1: aslanturc folded on the Turn
Seat 3: MaXiDe05 folded before Flop (didn't bet)
Seat 4: Dorex2007 (button) folded before Flop (didn't bet)
Seat 5: HellNative (small blind) folded before Flop
Seat 6: gastong88 (big blind) folded before Flop
Seat 7: Ethomikse folded before Flop (didn't bet)
Seat 8: Pokon folded before Flop
Seat 9: ramon_cramos collected ($0.51)



PokerStars Hand #237386763232:  Hold'em No Limit ($0.01/$0.02 USD) - 2022/07/15 21:46:11 PT [2022/07/16 0:46:11 ET]
Table 'Schlutia IV' 9-max Seat #5 is the button
Seat 1: aslanturc ($1.45 in chips) 
Seat 3: MaXiDe05 ($2.84 in chips) 
Seat 4: Dorex2007 ($2.87 in chips) 
Seat 5: HellNative ($2.78 in chips) 
Seat 6: gastong88 ($0.69 in chips) 
Seat 7: Ethomikse ($2.62 in chips) 
Seat 8: Pokon ($1.80 in chips) 
Seat 9: ramon_cramos ($1.74 in chips) 
gastong88: posts small blind $0.01
Ethomikse: posts big blind $0.02
*** HOLE CARDS ***
Dealt to Dorex2007 [2h Ah]
Pokon: folds 
ramon_cramos: folds 
aslanturc: folds 
MaXiDe05: calls $0.02
Dorex2007: calls $0.02
HellNative: calls $0.02
gastong88: folds 
Ethomikse: checks 
*** FLOP *** [3c 2s 7s]
Ethomikse: checks 
MaXiDe05: checks 
Dorex2007: checks 
HellNative: bets $0.07
Ethomikse: folds 
MaXiDe05: folds 
Dorex2007: folds 
Uncalled bet ($0.07) returned to HellNative
HellNative collected $0.09 from pot
*** SUMMARY ***
Total pot $0.09 | Rake $0 
Board [3c 2s 7s]
Seat 1: aslanturc folded before Flop (didn't bet)
Seat 3: MaXiDe05 folded on the Flop
Seat 4: Dorex2007 folded on the Flop
Seat 5: HellNative (button) collected ($0.09)
Seat 6: gastong88 (small blind) folded before Flop
Seat 7: Ethomikse (big blind) folded on the Flop
Seat 8: Pokon folded before Flop (didn't bet)
Seat 9: ramon_cramos folded before Flop (didn't bet)



PokerStars Hand #237386781336:  Hold'em No Limit ($0.01/$0.02 USD) - 2022/07/15 21:47:19 PT [2022/07/16 0:47:19 ET]
Table 'Schlutia IV' 9-max Seat #6 is the button
Seat 1: aslanturc ($1.45 in chips) 
Seat 3: MaXiDe05 ($2.82 in chips) 
Seat 4: Dorex2007 ($2.85 in chips) 
Seat 5: HellNative ($2.85 in chips) 
Seat 6: gastong88 ($0.68 in chips) 
Seat 7: Ethomikse ($2.60 in chips) 
Seat 8: Pokon ($1.80 in chips) 
Seat 9: ramon_cramos ($1.74 in chips) 
Ethomikse: posts small blind $0.01
Pokon: posts big blind $0.02
*** HOLE CARDS ***
Dealt to Dorex2007 [6d 3h]
ramon_cramos: folds 
aslanturc: folds 
MaXiDe05: calls $0.02
Dorex2007: folds 
HellNative: folds 
gastong88: folds 
Ethomikse: folds 
Pokon: checks 
*** FLOP *** [Js 2h Ad]
Pokon: checks 
MaXiDe05: bets $0.05
Pokon: folds 
Uncalled bet ($0.05) returned to MaXiDe05
MaXiDe05 collected $0.05 from pot
*** SUMMARY ***
Total pot $0.05 | Rake $0 
Board [Js 2h Ad]
Seat 1: aslanturc folded before Flop (didn't bet)
Seat 3: MaXiDe05 collected ($0.05)
Seat 4: Dorex2007 folded before Flop (didn't bet)
Seat 5: HellNative folded before Flop (didn't bet)
Seat 6: gastong88 (button) folded before Flop (didn't bet)
Seat 7: Ethomikse (small blind) folded before Flop
Seat 8: Pokon (big blind) folded on the Flop
Seat 9: ramon_cramos folded before Flop (didn't bet)



PokerStars Hand #237386786776:  Hold'em No Limit ($0.01/$0.02 USD) - 2022/07/15 21:47:58 PT [2022/07/16 0:47:58 ET]
Table 'Schlutia IV' 9-max Seat #7 is the button
Seat 1: aslanturc ($1.45 in chips) 
Seat 3: MaXiDe05 ($2.85 in chips) 
Seat 4: Dorex2007 ($2.85 in chips) 
Seat 5: HellNative ($2.85 in chips) 
Seat 6: gastong88 ($0.68 in chips) 
Seat 7: Ethomikse ($2.59 in chips) 
Seat 8: Pokon ($1.78 in chips) 
Seat 9: ramon_cramos ($1.74 in chips) 
Pokon: posts small blind $0.01
ramon_cramos: posts big blind $0.02
*** HOLE CARDS ***
Dealt to Dorex2007 [3s 3c]
aslanturc: folds 
MaXiDe05: calls $0.02
Dorex2007: calls $0.02
HellNative: raises $0.10 to $0.12
gastong88: folds 
Ethomikse: folds 
Pokon: folds 
ramon_cramos: folds 
MaXiDe05: folds 
Dorex2007: folds 
Uncalled bet ($0.10) returned to HellNative
HellNative collected $0.09 from pot
*** SUMMARY ***
Total pot $0.09 | Rake $0 
Seat 1: aslanturc folded before Flop (didn't bet)
Seat 3: MaXiDe05 folded before Flop
Seat 4: Dorex2007 folded before Flop
Seat 5: HellNative collected ($0.09)
Seat 6: gastong88 folded before Flop (didn't bet)
Seat 7: Ethomikse (button) folded before Flop (didn't bet)
Seat 8: Pokon (small blind) folded before Flop
Seat 9: ramon_cramos (big blind) folded before Flop



PokerStars Hand #237386790613:  Hold'em No Limit ($0.01/$0.02 USD) - 2022/07/15 21:48:28 PT [2022/07/16 0:48:28 ET]
Table 'Schlutia IV' 9-max Seat #8 is the button
Seat 1: aslanturc ($1.45 in chips) 
Seat 3: MaXiDe05 ($2.83 in chips) 
Seat 4: Dorex2007 ($2.83 in chips) 
Seat 5: HellNative ($2.92 in chips) 
Seat 6: gastong88 ($0.68 in chips) 
Seat 7: Ethomikse ($2.59 in chips) 
Seat 8: Pokon ($1.77 in chips) 
Seat 9: ramon_cramos ($1.72 in chips) 
ramon_cramos: posts small blind $0.01
aslanturc: posts big blind $0.02
*** HOLE CARDS ***
Dealt to Dorex2007 [5c 2h]
MaXiDe05: folds 
Dorex2007: folds 
HellNative: folds 
gastong88: folds 
Ethomikse: raises $0.02 to $0.04
Pokon: calls $0.04
ramon_cramos: folds 
aslanturc: folds 
*** FLOP *** [6c 8h 4c]
Ethomikse: bets $0.05
Pokon: folds 
Uncalled bet ($0.05) returned to Ethomikse
Ethomikse collected $0.11 from pot
*** SUMMARY ***
Total pot $0.11 | Rake $0 
Board [6c 8h 4c]
Seat 1: aslanturc (big blind) folded before Flop
Seat 3: MaXiDe05 folded before Flop (didn't bet)
Seat 4: Dorex2007 folded before Flop (didn't bet)
Seat 5: HellNative folded before Flop (didn't bet)
Seat 6: gastong88 folded before Flop (didn't bet)
Seat 7: Ethomikse collected ($0.11)
Seat 8: Pokon (button) folded on the Flop
Seat 9: ramon_cramos (small blind) folded before Flop



PokerStars Hand #237386794413:  Hold'em No Limit ($0.01/$0.02 USD) - 2022/07/15 21:48:56 PT [2022/07/16 0:48:56 ET]
Table 'Schlutia IV' 9-max Seat #9 is the button
Seat 1: aslanturc ($1.43 in chips) 
Seat 3: MaXiDe05 ($2.83 in chips) 
Seat 4: Dorex2007 ($2.83 in chips) 
Seat 5: HellNative ($2.92 in chips) 
Seat 6: gastong88 ($0.68 in chips) 
Seat 7: Ethomikse ($2.66 in chips) 
Seat 8: Pokon ($1.73 in chips) 
Seat 9: ramon_cramos ($1.71 in chips) 
aslanturc: posts small blind $0.01
MaXiDe05: posts big blind $0.02
*** HOLE CARDS ***
Dealt to Dorex2007 [7h Td]
Dorex2007: folds 
HellNative: folds 
gastong88: folds 
Ethomikse: folds 
Pokon: folds 
ramon_cramos: raises $0.06 to $0.08
aslanturc: folds 
MaXiDe05: calls $0.06
*** FLOP *** [2c Kh 3h]
MaXiDe05: checks 
ramon_cramos: bets $0.10
MaXiDe05: calls $0.10
*** TURN *** [2c Kh 3h] [6h]
MaXiDe05: checks 
ramon_cramos: bets $0.14
MaXiDe05: calls $0.14
*** RIVER *** [2c Kh 3h 6h] [3s]
MaXiDe05: bets $0.31
ramon_cramos: folds 
Uncalled bet ($0.31) returned to MaXiDe05
MaXiDe05 collected $0.63 from pot
*** SUMMARY ***
Total pot $0.65 | Rake $0.02 
Board [2c Kh 3h 6h 3s]
Seat 1: aslanturc (small blind) folded before Flop
Seat 3: MaXiDe05 (big blind) collected ($0.63)
Seat 4: Dorex2007 folded before Flop (didn't bet)
Seat 5: HellNative folded before Flop (didn't bet)
Seat 6: gastong88 folded before Flop (didn't bet)
Seat 7: Ethomikse folded before Flop (didn't bet)
Seat 8: Pokon folded before Flop (didn't bet)
Seat 9: ramon_cramos (button) folded on the River



PokerStars Hand #237386801472:  Hold'em No Limit ($0.01/$0.02 USD) - 2022/07/15 21:49:49 PT [2022/07/16 0:49:49 ET]
Table 'Schlutia IV' 9-max Seat #1 is the button
Seat 1: aslanturc ($1.42 in chips) 
Seat 3: MaXiDe05 ($3.14 in chips) 
Seat 4: Dorex2007 ($2.83 in chips) 
Seat 5: HellNative ($2.92 in chips) 
Seat 6: gastong88 ($0.68 in chips) 
Seat 7: Ethomikse ($2.66 in chips) 
Seat 8: Pokon ($1.73 in chips) 
Seat 9: ramon_cramos ($1.39 in chips) 
MaXiDe05: posts small blind $0.01
Dorex2007: posts big blind $0.02
*** HOLE CARDS ***
Dealt to Dorex2007 [8h 6h]
HellNative: folds 
gastong88: folds 
Ethomikse: folds 
Pokon: folds 
ramon_cramos: folds 
aslanturc: raises $0.04 to $0.06
MaXiDe05: folds 
Dorex2007: folds 
Uncalled bet ($0.04) returned to aslanturc
aslanturc collected $0.05 from pot
*** SUMMARY ***
Total pot $0.05 | Rake $0 
Seat 1: aslanturc (button) collected ($0.05)
Seat 3: MaXiDe05 (small blind) folded before Flop
Seat 4: Dorex2007 (big blind) folded before Flop
Seat 5: HellNative folded before Flop (didn't bet)
Seat 6: gastong88 folded before Flop (didn't bet)
Seat 7: Ethomikse folded before Flop (didn't bet)
Seat 8: Pokon folded before Flop (didn't bet)
Seat 9: ramon_cramos folded before Flop (didn't bet)



PokerStars Hand #237386805604:  Hold'em No Limit ($0.01/$0.02 USD) - 2022/07/15 21:50:20 PT [2022/07/16 0:50:20 ET]
Table 'Schlutia IV' 9-max Seat #3 is the button
Seat 1: aslanturc ($1.45 in chips) 
Seat 3: MaXiDe05 ($3.13 in chips) 
Seat 4: Dorex2007 ($2.81 in chips) 
Seat 5: HellNative ($2.92 in chips) 
Seat 6: gastong88 ($0.68 in chips) 
Seat 7: Ethomikse ($2.66 in chips) 
Seat 8: Pokon ($1.73 in chips) 
Seat 9: ramon_cramos ($1.39 in chips) 
Dorex2007: posts small blind $0.01
HellNative: posts big blind $0.02
*** HOLE CARDS ***
Dealt to Dorex2007 [Jc Qd]
gastong88: folds 
Ethomikse: folds 
Pokon: raises $0.04 to $0.06
ramon_cramos: folds 
aslanturc: folds 
MaXiDe05: folds 
Dorex2007: calls $0.05
HellNative: folds 
*** FLOP *** [7h 5c Ah]
Dorex2007: checks 
Pokon: bets $0.04
Dorex2007: folds 
Uncalled bet ($0.04) returned to Pokon
Pokon collected $0.14 from pot
*** SUMMARY ***
Total pot $0.14 | Rake $0 
Board [7h 5c Ah]
Seat 1: aslanturc folded before Flop (didn't bet)
Seat 3: MaXiDe05 (button) folded before Flop (didn't bet)
Seat 4: Dorex2007 (small blind) folded on the Flop
Seat 5: HellNative (big blind) folded before Flop
Seat 6: gastong88 folded before Flop (didn't bet)
Seat 7: Ethomikse folded before Flop (didn't bet)
Seat 8: Pokon collected ($0.14)
Seat 9: ramon_cramos folded before Flop (didn't bet)



PokerStars Hand #237386809168:  Hold'em No Limit ($0.01/$0.02 USD) - 2022/07/15 21:50:46 PT [2022/07/16 0:50:46 ET]
Table 'Schlutia IV' 9-max Seat #4 is the button
Seat 1: aslanturc ($1.45 in chips) 
Seat 3: MaXiDe05 ($3.13 in chips) 
Seat 4: Dorex2007 ($2.75 in chips) 
Seat 5: HellNative ($2.90 in chips) 
Seat 6: gastong88 ($0.68 in chips) 
Seat 7: Ethomikse ($2.66 in chips) 
Seat 8: Pokon ($1.81 in chips) 
Seat 9: ramon_cramos ($1.39 in chips) 
HellNative: posts small blind $0.01
gastong88: posts big blind $0.02
*** HOLE CARDS ***
Dealt to Dorex2007 [Jc Ks]
Ethomikse: folds 
Pokon: folds 
ramon_cramos: folds 
aslanturc: folds 
MaXiDe05: calls $0.02
Dorex2007: calls $0.02
HellNative: calls $0.01
gastong88: checks 
*** FLOP *** [As 7d Kh]
HellNative: checks 
gastong88: checks 
MaXiDe05: checks 
Dorex2007: checks 
*** TURN *** [As 7d Kh] [4s]
HellNative: bets $0.05
gastong88: folds 
MaXiDe05: folds 
Dorex2007: calls $0.05
*** RIVER *** [As 7d Kh 4s] [8c]
HellNative: checks 
Dorex2007: checks 
*** SHOW DOWN ***
HellNative: shows [Ah 6h] (a pair of Aces)
Dorex2007: mucks hand 
HellNative collected $0.17 from pot
*** SUMMARY ***
Total pot $0.18 | Rake $0.01 
Board [As 7d Kh 4s 8c]
Seat 1: aslanturc folded before Flop (didn't bet)
Seat 3: MaXiDe05 folded on the Turn
Seat 4: Dorex2007 (button) mucked [Jc Ks]
Seat 5: HellNative (small blind) showed [Ah 6h] and won ($0.17) with a pair of Aces
Seat 6: gastong88 (big blind) folded on the Turn
Seat 7: Ethomikse folded before Flop (didn't bet)
Seat 8: Pokon folded before Flop (didn't bet)
Seat 9: ramon_cramos folded before Flop (didn't bet)



PokerStars Hand #237386816707:  Hold'em No Limit ($0.01/$0.02 USD) - 2022/07/15 21:51:43 PT [2022/07/16 0:51:43 ET]
Table 'Schlutia IV' 9-max Seat #5 is the button
Seat 1: aslanturc ($1.45 in chips) 
Seat 3: MaXiDe05 ($3.11 in chips) 
Seat 4: Dorex2007 ($2.68 in chips) 
Seat 5: HellNative ($3 in chips) 
Seat 6: gastong88 ($0.66 in chips) 
Seat 7: Ethomikse ($2.66 in chips) 
Seat 8: Pokon ($1.81 in chips) 
Seat 9: ramon_cramos ($1.39 in chips) 
gastong88: posts small blind $0.01
Ethomikse: posts big blind $0.02
cskz: sits out 
*** HOLE CARDS ***
Dealt to Dorex2007 [3d Jc]
Pokon: raises $0.04 to $0.06
ramon_cramos: calls $0.06
aslanturc: folds 
MaXiDe05: folds 
Dorex2007: folds 
HellNative: folds 
gastong88: folds 
Ethomikse: folds 
*** FLOP *** [9h 5h Th]
Pokon: bets $0.04
ramon_cramos: raises $0.08 to $0.12
Pokon: raises $0.10 to $0.22
ramon_cramos: raises $1.11 to $1.33 and is all-in
Pokon: calls $1.11
*** TURN *** [9h 5h Th] [2c]
*** RIVER *** [9h 5h Th 2c] [4h]
*** SHOW DOWN ***
Pokon: shows [Ah Jh] (a flush, Ace high)
ramon_cramos: shows [9s Ts] (two pair, Tens and Nines)
Pokon cashed out the hand for $2.22 | Cash Out Fee $0.02
*** SUMMARY ***
Total pot $2.81 | Rake $0.10 
Board [9h 5h Th 2c 4h]
Seat 1: aslanturc folded before Flop (didn't bet)
Seat 3: MaXiDe05 folded before Flop (didn't bet)
Seat 4: Dorex2007 folded before Flop (didn't bet)
Seat 5: HellNative (button) folded before Flop (didn't bet)
Seat 6: gastong88 (small blind) folded before Flop
Seat 7: Ethomikse (big blind) folded before Flop
Seat 8: Pokon showed [Ah Jh] and won ($2.71) with a flush, Ace high (pot not awarded as player cashed out)
Seat 9: ramon_cramos showed [9s Ts] and lost with two pair, Tens and Nines



PokerStars Hand #237386823655:  Hold'em No Limit ($0.01/$0.02 USD) - 2022/07/15 21:52:35 PT [2022/07/16 0:52:35 ET]
Table 'Schlutia IV' 9-max Seat #6 is the button
Seat 1: aslanturc ($1.45 in chips) 
Seat 3: MaXiDe05 ($3.11 in chips) 
Seat 4: Dorex2007 ($2.68 in chips) 
Seat 5: HellNative ($3 in chips) 
Seat 6: gastong88 ($0.65 in chips) 
Seat 7: Ethomikse ($2.64 in chips) 
Seat 8: Pokon ($2.64 in chips) 
Ethomikse: posts small blind $0.01
Pokon: posts big blind $0.02
cskz: sits out 
*** HOLE CARDS ***
Dealt to Dorex2007 [3s 8d]
aslanturc: folds 
MaXiDe05: folds 
Dorex2007: folds 
HellNative: folds 
gastong88: folds 
Ethomikse: raises $0.07 to $0.09
ramon_cramos is disconnected 
Pokon: calls $0.07
*** FLOP *** [Th Td 7d]
Ethomikse: bets $0.08
Pokon: folds 
Uncalled bet ($0.08) returned to Ethomikse
Ethomikse collected $0.17 from pot
*** SUMMARY ***
Total pot $0.18 | Rake $0.01 
Board [Th Td 7d]
Seat 1: aslanturc folded before Flop (didn't bet)
Seat 3: MaXiDe05 folded before Flop (didn't bet)
Seat 4: Dorex2007 folded before Flop (didn't bet)
Seat 5: HellNative folded before Flop (didn't bet)
Seat 6: gastong88 (button) folded before Flop (didn't bet)
Seat 7: Ethomikse (small blind) collected ($0.17)
Seat 8: Pokon (big blind) folded on the Flop



PokerStars Hand #237386828215:  Hold'em No Limit ($0.01/$0.02 USD) - 2022/07/15 21:53:09 PT [2022/07/16 0:53:09 ET]
Table 'Schlutia IV' 9-max Seat #7 is the button
Seat 1: aslanturc ($1.45 in chips) 
Seat 3: MaXiDe05 ($3.11 in chips) 
Seat 4: Dorex2007 ($2.68 in chips) 
Seat 5: HellNative ($3 in chips) 
Seat 6: gastong88 ($0.65 in chips) 
Seat 7: Ethomikse ($2.72 in chips) 
Seat 8: Pokon ($2.55 in chips) 
Pokon: posts small blind $0.01
aslanturc: posts big blind $0.02
cskz: sits out 
*** HOLE CARDS ***
Dealt to Dorex2007 [Qd 4c]
MaXiDe05: calls $0.02
Dorex2007: folds 
HellNative: folds 
gastong88: folds 
Ethomikse: folds 
Pokon: calls $0.01
aslanturc: checks 
*** FLOP *** [Ks 2h Ac]
Pokon: checks 
aslanturc: checks 
MaXiDe05: checks 
*** TURN *** [Ks 2h Ac] [Js]
Pokon: checks 
aslanturc: checks 
MaXiDe05: checks 
*** RIVER *** [Ks 2h Ac Js] [5d]
Pokon: checks 
aslanturc: checks 
MaXiDe05: checks 
*** SHOW DOWN ***
Pokon: shows [4d 8c] (high card Ace)
aslanturc: shows [5s 7d] (a pair of Fives)
MaXiDe05: mucks hand 
aslanturc collected $0.06 from pot
*** SUMMARY ***
Total pot $0.06 | Rake $0 
Board [Ks 2h Ac Js 5d]
Seat 1: aslanturc (big blind) showed [5s 7d] and won ($0.06) with a pair of Fives
Seat 3: MaXiDe05 mucked [9h Tc]
Seat 4: Dorex2007 folded before Flop (didn't bet)
Seat 5: HellNative folded before Flop (didn't bet)
Seat 6: gastong88 folded before Flop (didn't bet)
Seat 7: Ethomikse (button) folded before Flop (didn't bet)
Seat 8: Pokon (small blind) showed [4d 8c] and lost with high card Ace



PokerStars Hand #237386836523:  Hold'em No Limit ($0.01/$0.02 USD) - 2022/07/15 21:54:12 PT [2022/07/16 0:54:12 ET]
Table 'Schlutia IV' 9-max Seat #8 is the button
Seat 1: aslanturc ($1.49 in chips) 
Seat 2: cskz ($2.14 in chips) 
Seat 3: MaXiDe05 ($3.09 in chips) 
Seat 4: Dorex2007 ($2.68 in chips) 
Seat 5: HellNative ($3 in chips) 
Seat 6: gastong88 ($0.65 in chips) 
Seat 7: Ethomikse ($2.72 in chips) 
Seat 8: Pokon ($2.53 in chips) 
aslanturc: posts small blind $0.01
cskz: posts big blind $0.02
*** HOLE CARDS ***
Dealt to Dorex2007 [Ts Tc]
MaXiDe05: calls $0.02
Dorex2007: calls $0.02
HellNative: folds 
gastong88 has timed out
gastong88: folds 
Ethomikse: folds 
Pokon: folds 
aslanturc: calls $0.01
cskz: checks 
*** FLOP *** [Kd Th 5d]
aslanturc: checks 
cskz: checks 
MaXiDe05: checks 
Dorex2007: bets $0.08
aslanturc: calls $0.08
Ethomikse leaves the table
cskz: folds 
MaXiDe05: folds 
*** TURN *** [Kd Th 5d] [8d]
aslanturc: checks 
Dorex2007: bets $0.11
aslanturc: calls $0.11
*** RIVER *** [Kd Th 5d 8d] [3d]
aslanturc: checks 
Dorex2007: checks 
*** SHOW DOWN ***
aslanturc: shows [Js Qh] (high card King)
Dorex2007: shows [Ts Tc] (three of a kind, Tens)
Dorex2007 collected $0.44 from pot
*** SUMMARY ***
Total pot $0.46 | Rake $0.02 
Board [Kd Th 5d 8d 3d]
Seat 1: aslanturc (small blind) showed [Js Qh] and lost with high card King
Seat 2: cskz (big blind) folded on the Flop
Seat 3: MaXiDe05 folded on the Flop
Seat 4: Dorex2007 showed [Ts Tc] and won ($0.44) with three of a kind, Tens
Seat 5: HellNative folded before Flop (didn't bet)
Seat 6: gastong88 folded before Flop (didn't bet)
Seat 7: Ethomikse folded before Flop (didn't bet)
Seat 8: Pokon (button) folded before Flop (didn't bet)



PokerStars Hand #237386848163:  Hold'em No Limit ($0.01/$0.02 USD) - 2022/07/15 21:55:42 PT [2022/07/16 0:55:42 ET]
Table 'Schlutia IV' 9-max Seat #1 is the button
Seat 1: aslanturc ($1.28 in chips) 
Seat 2: cskz ($2.12 in chips) 
Seat 3: MaXiDe05 ($3.07 in chips) 
Seat 4: Dorex2007 ($2.91 in chips) 
Seat 5: HellNative ($3 in chips) 
Seat 6: gastong88 ($0.65 in chips) 
Seat 8: Pokon ($2.53 in chips) 
cskz: posts small blind $0.01
MaXiDe05: posts big blind $0.02
*** HOLE CARDS ***
Dealt to Dorex2007 [9s 6s]
Dorex2007: folds 
HellNative: raises $0.04 to $0.06
gastong88: folds 
Pokon: folds 
aslanturc: calls $0.06
cskz: folds 
MaXiDe05: calls $0.04
*** FLOP *** [6c Kc 7s]
MaXiDe05: checks 
HellNative: checks 
aslanturc: checks 
*** TURN *** [6c Kc 7s] [Js]
MaXiDe05: checks 
HellNative: bets $0.16
aslanturc: folds 
MaXiDe05: folds 
Uncalled bet ($0.16) returned to HellNative
HellNative collected $0.18 from pot
*** SUMMARY ***
Total pot $0.19 | Rake $0.01 
Board [6c Kc 7s Js]
Seat 1: aslanturc (button) folded on the Turn
Seat 2: cskz (small blind) folded before Flop
Seat 3: MaXiDe05 (big blind) folded on the Turn
Seat 4: Dorex2007 folded before Flop (didn't bet)
Seat 5: HellNative collected ($0.18)
Seat 6: gastong88 folded before Flop (didn't bet)
Seat 8: Pokon folded before Flop (didn't bet)



PokerStars Hand #237386858025:  Hold'em No Limit ($0.01/$0.02 USD) - 2022/07/15 21:57:09 PT [2022/07/16 0:57:09 ET]
Table 'Schlutia IV' 9-max Seat #2 is the button
Seat 1: aslanturc ($1.22 in chips) 
Seat 2: cskz ($2.11 in chips) 
Seat 3: MaXiDe05 ($3.01 in chips) 
Seat 4: Dorex2007 ($2.91 in chips) 
Seat 5: HellNative ($3.12 in chips) 
Seat 6: gastong88 ($0.65 in chips) 
Seat 8: Pokon ($2.53 in chips) 
*VM*727 joins the table at seat #7 
MaXiDe05: posts small blind $0.01
Dorex2007: posts big blind $0.02
*** HOLE CARDS ***
Dealt to Dorex2007 [5h Qd]
HellNative: folds 
gastong88: folds 
Pokon: folds 
aslanturc: raises $0.04 to $0.06
cskz: folds 
MaXiDe05: folds 
Dorex2007: folds 
Uncalled bet ($0.04) returned to aslanturc
aslanturc collected $0.05 from pot
*** SUMMARY ***
Total pot $0.05 | Rake $0 
Seat 1: aslanturc collected ($0.05)
Seat 2: cskz (button) folded before Flop (didn't bet)
Seat 3: MaXiDe05 (small blind) folded before Flop
Seat 4: Dorex2007 (big blind) folded before Flop
Seat 5: HellNative folded before Flop (didn't bet)
Seat 6: gastong88 folded before Flop (didn't bet)
Seat 8: Pokon folded before Flop (didn't bet)



PokerStars Hand #237386860490:  Hold'em No Limit ($0.01/$0.02 USD) - 2022/07/15 21:57:30 PT [2022/07/16 0:57:30 ET]
Table 'Schlutia IV' 9-max Seat #3 is the button
Seat 1: aslanturc ($1.25 in chips) 
Seat 2: cskz ($2.11 in chips) 
Seat 3: MaXiDe05 ($3 in chips) 
Seat 4: Dorex2007 ($2.89 in chips) 
Seat 5: HellNative ($3.12 in chips) 
Seat 6: gastong88 ($0.65 in chips) 
Seat 8: Pokon ($2.53 in chips) 
Dorex2007: posts small blind $0.01
HellNative: posts big blind $0.02
*VM*727: sits out 
*** HOLE CARDS ***
Dealt to Dorex2007 [7s 2c]
gastong88: folds 
gastong88 leaves the table
Pokon: raises $0.02 to $0.04
aslanturc: calls $0.04
cskz: raises $0.02 to $0.06
MaXiDe05: folds 
Dorex2007: folds 
HellNative: folds 
Pokon: calls $0.02
aslanturc: calls $0.02
*** FLOP *** [Jh 8h Kh]
Pokon: checks 
aslanturc: checks 
cskz: bets $0.10
Pokon: folds 
aslanturc: folds 
Uncalled bet ($0.10) returned to cskz
cskz collected $0.20 from pot
*** SUMMARY ***
Total pot $0.21 | Rake $0.01 
Board [Jh 8h Kh]
Seat 1: aslanturc folded on the Flop
Seat 2: cskz collected ($0.20)
Seat 3: MaXiDe05 (button) folded before Flop (didn't bet)
Seat 4: Dorex2007 (small blind) folded before Flop
Seat 5: HellNative (big blind) folded before Flop
Seat 6: gastong88 folded before Flop (didn't bet)
Seat 8: Pokon folded on the Flop



PokerStars Hand #237386865094:  Hold'em No Limit ($0.01/$0.02 USD) - 2022/07/15 21:58:10 PT [2022/07/16 0:58:10 ET]
Table 'Schlutia IV' 9-max Seat #4 is the button
Seat 1: aslanturc ($1.19 in chips) 
Seat 2: cskz ($2.25 in chips) 
Seat 3: MaXiDe05 ($3 in chips) 
Seat 4: Dorex2007 ($2.88 in chips) 
Seat 5: HellNative ($3.10 in chips) 
Seat 7: *VM*727 ($2 in chips) 
Seat 8: Pokon ($2.47 in chips) 
pinbotani joins the table at seat #6 
HellNative: posts small blind $0.01
*VM*727: posts big blind $0.02
*** HOLE CARDS ***
Dealt to Dorex2007 [4d As]
Pokon: folds 
aslanturc: raises $0.04 to $0.06
cskz: calls $0.06
MaXiDe05: calls $0.06
Dorex2007: folds 
HellNative: folds 
*VM*727: folds 
*** FLOP *** [9h Ks 7d]
aslanturc: checks 
cskz: checks 
MaXiDe05: bets $0.10
aslanturc: calls $0.10
cskz: folds 
*** TURN *** [9h Ks 7d] [6h]
aslanturc: checks 
MaXiDe05: bets $0.20
aslanturc: folds 
Uncalled bet ($0.20) returned to MaXiDe05
MaXiDe05 collected $0.40 from pot
*** SUMMARY ***
Total pot $0.41 | Rake $0.01 
Board [9h Ks 7d 6h]
Seat 1: aslanturc folded on the Turn
Seat 2: cskz folded on the Flop
Seat 3: MaXiDe05 collected ($0.40)
Seat 4: Dorex2007 (button) folded before Flop (didn't bet)
Seat 5: HellNative (small blind) folded before Flop
Seat 7: *VM*727 (big blind) folded before Flop
Seat 8: Pokon folded before Flop (didn't bet)



PokerStars Hand #237386874297:  Hold'em No Limit ($0.01/$0.02 USD) - 2022/07/15 21:59:30 PT [2022/07/16 0:59:30 ET]
Table 'Schlutia IV' 9-max Seat #5 is the button
Seat 1: aslanturc ($1.03 in chips) 
Seat 2: cskz ($2.19 in chips) 
Seat 3: MaXiDe05 ($3.24 in chips) 
Seat 4: Dorex2007 ($2.88 in chips) 
Seat 5: HellNative ($3.09 in chips) 
Seat 7: *VM*727 ($1.98 in chips) 
Seat 8: Pokon ($2.47 in chips) 
*VM*727: posts small blind $0.01
Pokon: posts big blind $0.02
*** HOLE CARDS ***
Dealt to Dorex2007 [Qc Kh]
aslanturc: folds 
cskz: raises $0.04 to $0.06
MaXiDe05: folds 
Dorex2007: calls $0.06
HellNative: folds 
*VM*727: calls $0.05
Pokon: folds 
*** FLOP *** [Qs 6c Kc]
*VM*727: checks 
cskz: checks 
Dorex2007: bets $2.82 and is all-in
*VM*727: folds 
cskz: folds 
Uncalled bet ($2.82) returned to Dorex2007
Dorex2007 collected $0.19 from pot
*** SUMMARY ***
Total pot $0.20 | Rake $0.01 
Board [Qs 6c Kc]
Seat 1: aslanturc folded before Flop (didn't bet)
Seat 2: cskz folded on the Flop
Seat 3: MaXiDe05 folded before Flop (didn't bet)
Seat 4: Dorex2007 collected ($0.19)
Seat 5: HellNative (button) folded before Flop (didn't bet)
Seat 7: *VM*727 (small blind) folded on the Flop
Seat 8: Pokon (big blind) folded before Flop



PokerStars Hand #237386878656:  Hold'em No Limit ($0.01/$0.02 USD) - 2022/07/15 22:00:08 PT [2022/07/16 1:00:08 ET]
Table 'Schlutia IV' 9-max Seat #7 is the button
Seat 1: aslanturc ($1.03 in chips) 
Seat 2: cskz ($2.13 in chips) 
Seat 3: MaXiDe05 ($3.24 in chips) 
Seat 4: Dorex2007 ($3.01 in chips) 
Seat 5: HellNative ($3.09 in chips) 
Seat 7: *VM*727 ($1.92 in chips) 
Seat 8: Pokon ($2.45 in chips) 
Pokon: posts small blind $0.01
aslanturc: posts big blind $0.02
pinbotani: sits out 
*** HOLE CARDS ***
Dealt to Dorex2007 [Ad Jc]
cskz: folds 
MaXiDe05: calls $0.02
Dorex2007: folds 
HellNative: raises $0.06 to $0.08
*VM*727: folds 
Pokon: folds 
aslanturc: calls $0.06
MaXiDe05: calls $0.06
*** FLOP *** [5h Ts 4s]
aslanturc: checks 
MaXiDe05: checks 
HellNative: checks 
*** TURN *** [5h Ts 4s] [Qh]
aslanturc: checks 
MaXiDe05: checks 
HellNative: bets $0.17
aslanturc: folds 
MaXiDe05: folds 
Uncalled bet ($0.17) returned to HellNative
HellNative collected $0.24 from pot
*** SUMMARY ***
Total pot $0.25 | Rake $0.01 
Board [5h Ts 4s Qh]
Seat 1: aslanturc (big blind) folded on the Turn
Seat 2: cskz folded before Flop (didn't bet)
Seat 3: MaXiDe05 folded on the Turn
Seat 4: Dorex2007 folded before Flop (didn't bet)
Seat 5: HellNative collected ($0.24)
Seat 7: *VM*727 (button) folded before Flop (didn't bet)
Seat 8: Pokon (small blind) folded before Flop



PokerStars Hand #237386888826:  Hold'em No Limit ($0.01/$0.02 USD) - 2022/07/15 22:01:30 PT [2022/07/16 1:01:30 ET]
Table 'Schlutia IV' 9-max Seat #8 is the button
Seat 1: aslanturc ($0.95 in chips) 
Seat 2: cskz ($2.13 in chips) 
Seat 3: MaXiDe05 ($3.16 in chips) 
Seat 4: Dorex2007 ($3.01 in chips) 
Seat 5: HellNative ($3.25 in chips) 
Seat 7: *VM*727 ($1.92 in chips) 
Seat 8: Pokon ($2.44 in chips) 
aslanturc: posts small blind $0.01
cskz: posts big blind $0.02
pinbotani: sits out 
*** HOLE CARDS ***
Dealt to Dorex2007 [Kc Js]
MaXiDe05: folds 
Dorex2007: raises $0.02 to $0.04
HellNative: folds 
*VM*727: folds 
Pokon: folds 
aslanturc: folds 
cskz: folds 
Uncalled bet ($0.02) returned to Dorex2007
Dorex2007 collected $0.05 from pot
*** SUMMARY ***
Total pot $0.05 | Rake $0 
Seat 1: aslanturc (small blind) folded before Flop
Seat 2: cskz (big blind) folded before Flop
Seat 3: MaXiDe05 folded before Flop (didn't bet)
Seat 4: Dorex2007 collected ($0.05)
Seat 5: HellNative folded before Flop (didn't bet)
Seat 7: *VM*727 folded before Flop (didn't bet)
Seat 8: Pokon (button) folded before Flop (didn't bet)



PokerStars Hand #237386890796:  Hold'em No Limit ($0.01/$0.02 USD) - 2022/07/15 22:01:45 PT [2022/07/16 1:01:45 ET]
Table 'Schlutia IV' 9-max Seat #1 is the button
Seat 1: aslanturc ($0.94 in chips) 
Seat 2: cskz ($2.11 in chips) 
Seat 3: MaXiDe05 ($3.16 in chips) 
Seat 4: Dorex2007 ($3.04 in chips) 
Seat 5: HellNative ($3.25 in chips) 
Seat 7: *VM*727 ($1.92 in chips) 
Seat 8: Pokon ($2.44 in chips) 
cskz: posts small blind $0.01
MaXiDe05: posts big blind $0.02
pinbotani: sits out 
*** HOLE CARDS ***
Dealt to Dorex2007 [Ac 3d]
Dorex2007: folds 
HellNative: folds 
*VM*727: folds 
Pokon: folds 
aslanturc: folds 
cskz: folds 
Uncalled bet ($0.01) returned to MaXiDe05
MaXiDe05 collected $0.02 from pot
*** SUMMARY ***
Total pot $0.02 | Rake $0 
Seat 1: aslanturc (button) folded before Flop (didn't bet)
Seat 2: cskz (small blind) folded before Flop
Seat 3: MaXiDe05 (big blind) collected ($0.02)
Seat 4: Dorex2007 folded before Flop (didn't bet)
Seat 5: HellNative folded before Flop (didn't bet)
Seat 7: *VM*727 folded before Flop (didn't bet)
Seat 8: Pokon folded before Flop (didn't bet)



PokerStars Hand #237386892328:  Hold'em No Limit ($0.01/$0.02 USD) - 2022/07/15 22:01:57 PT [2022/07/16 1:01:57 ET]
Table 'Schlutia IV' 9-max Seat #2 is the button
Seat 1: aslanturc ($0.94 in chips) 
Seat 2: cskz ($2.10 in chips) 
Seat 3: MaXiDe05 ($3.17 in chips) 
Seat 4: Dorex2007 ($3.04 in chips) 
Seat 5: HellNative ($3.25 in chips) 
Seat 7: *VM*727 ($1.92 in chips) 
Seat 8: Pokon ($2.44 in chips) 
MaXiDe05: posts small blind $0.01
Dorex2007: posts big blind $0.02
pinbotani: sits out 
*** HOLE CARDS ***
Dealt to Dorex2007 [As 3d]
HellNative: folds 
*VM*727: folds 
Pokon: folds 
aslanturc: folds 
cskz: raises $0.04 to $0.06
MaXiDe05: calls $0.05
Dorex2007: folds 
*** FLOP *** [7c 6s 3s]
MaXiDe05: checks 
cskz: bets $0.07
MaXiDe05: folds 
Uncalled bet ($0.07) returned to cskz
cskz collected $0.14 from pot
*** SUMMARY ***
Total pot $0.14 | Rake $0 
Board [7c 6s 3s]
Seat 1: aslanturc folded before Flop (didn't bet)
Seat 2: cskz (button) collected ($0.14)
Seat 3: MaXiDe05 (small blind) folded on the Flop
Seat 4: Dorex2007 (big blind) folded before Flop
Seat 5: HellNative folded before Flop (didn't bet)
Seat 7: *VM*727 folded before Flop (didn't bet)
Seat 8: Pokon folded before Flop (didn't bet)



PokerStars Hand #237386896959:  Hold'em No Limit ($0.01/$0.02 USD) - 2022/07/15 22:02:32 PT [2022/07/16 1:02:32 ET]
Table 'Schlutia IV' 9-max Seat #3 is the button
Seat 1: aslanturc ($0.94 in chips) 
Seat 2: cskz ($2.18 in chips) 
Seat 3: MaXiDe05 ($3.11 in chips) 
Seat 4: Dorex2007 ($3.02 in chips) 
Seat 5: HellNative ($3.25 in chips) 
Seat 7: *VM*727 ($1.92 in chips) 
Seat 8: Pokon ($2.44 in chips) 
Dorex2007: posts small blind $0.01
HellNative: posts big blind $0.02
pinbotani: sits out 
*** HOLE CARDS ***
Dealt to Dorex2007 [2s 4d]
*VM*727: folds 
Pokon: folds 
aslanturc: folds 
cskz: folds 
MaXiDe05: folds 
Dorex2007: folds 
Uncalled bet ($0.01) returned to HellNative
HellNative collected $0.02 from pot
*** SUMMARY ***
Total pot $0.02 | Rake $0 
Seat 1: aslanturc folded before Flop (didn't bet)
Seat 2: cskz folded before Flop (didn't bet)
Seat 3: MaXiDe05 (button) folded before Flop (didn't bet)
Seat 4: Dorex2007 (small blind) folded before Flop
Seat 5: HellNative (big blind) collected ($0.02)
Seat 7: *VM*727 folded before Flop (didn't bet)
Seat 8: Pokon folded before Flop (didn't bet)



PokerStars Hand #237386898680:  Hold'em No Limit ($0.01/$0.02 USD) - 2022/07/15 22:02:45 PT [2022/07/16 1:02:45 ET]
Table 'Schlutia IV' 9-max Seat #4 is the button
Seat 1: aslanturc ($0.94 in chips) 
Seat 2: cskz ($2.18 in chips) 
Seat 3: MaXiDe05 ($3.11 in chips) 
Seat 4: Dorex2007 ($3.01 in chips) 
Seat 5: HellNative ($3.26 in chips) 
Seat 6: pinbotani ($2 in chips) 
Seat 7: *VM*727 ($1.92 in chips) 
Seat 8: Pokon ($2.44 in chips) 
HellNative: posts small blind $0.01
pinbotani: posts big blind $0.02
*** HOLE CARDS ***
Dealt to Dorex2007 [4c Jd]
*VM*727: calls $0.02
Pokon: calls $0.02
ramon_cramos leaves the table
aslanturc: folds 
cskz: folds 
andrey_kasav joins the table at seat #9 
MaXiDe05: calls $0.02
Dorex2007: folds 
HellNative: folds 
pinbotani: checks 
*** FLOP *** [Kc 8s Tc]
pinbotani: checks 
*VM*727: checks 
Pokon: bets $0.06
MaXiDe05: calls $0.06
pinbotani: folds 
*VM*727: calls $0.06
*** TURN *** [Kc 8s Tc] [6c]
*VM*727: checks 
Pokon: bets $0.10
MaXiDe05: folds 
*VM*727: calls $0.10
*** RIVER *** [Kc 8s Tc 6c] [5c]
*VM*727: bets $0.02
Pokon: calls $0.02
*** SHOW DOWN ***
*VM*727: shows [As Ah] (a pair of Aces)
Pokon: shows [3c 8c] (a flush, King high)
Pokon collected $0.49 from pot
*** SUMMARY ***
Total pot $0.51 | Rake $0.02 
Board [Kc 8s Tc 6c 5c]
Seat 1: aslanturc folded before Flop (didn't bet)
Seat 2: cskz folded before Flop (didn't bet)
Seat 3: MaXiDe05 folded on the Turn
Seat 4: Dorex2007 (button) folded before Flop (didn't bet)
Seat 5: HellNative (small blind) folded before Flop
Seat 6: pinbotani (big blind) folded on the Flop
Seat 7: *VM*727 showed [As Ah] and lost with a pair of Aces
Seat 8: Pokon showed [3c 8c] and won ($0.49) with a flush, King high



PokerStars Hand #237386908628:  Hold'em No Limit ($0.01/$0.02 USD) - 2022/07/15 22:04:01 PT [2022/07/16 1:04:01 ET]
Table 'Schlutia IV' 9-max Seat #5 is the button
Seat 1: aslanturc ($0.94 in chips) 
Seat 2: cskz ($2.18 in chips) 
Seat 4: Dorex2007 ($3.01 in chips) 
Seat 5: HellNative ($3.25 in chips) 
Seat 6: pinbotani ($2 in chips) 
Seat 7: *VM*727 ($1.72 in chips) 
Seat 8: Pokon ($2.73 in chips) 
pinbotani: posts small blind $0.01
*VM*727: posts big blind $0.02
andrey_kasav: sits out 
*** HOLE CARDS ***
Dealt to Dorex2007 [Jh Js]
Pokon: calls $0.02
aslanturc: folds 
cskz: folds 
Dorex2007: raises $0.06 to $0.08
HellNative: folds 
pinbotani: folds 
*VM*727: calls $0.06
Pokon: calls $0.06
*** FLOP *** [9h Qd Qc]
*VM*727: checks 
Pokon: checks 
Dorex2007: bets $0.12
*VM*727: folds 
Pokon: folds 
Uncalled bet ($0.12) returned to Dorex2007
Dorex2007 collected $0.24 from pot
*** SUMMARY ***
Total pot $0.25 | Rake $0.01 
Board [9h Qd Qc]
Seat 1: aslanturc folded before Flop (didn't bet)
Seat 2: cskz folded before Flop (didn't bet)
Seat 4: Dorex2007 collected ($0.24)
Seat 5: HellNative (button) folded before Flop (didn't bet)
Seat 6: pinbotani (small blind) folded before Flop
Seat 7: *VM*727 (big blind) folded on the Flop
Seat 8: Pokon folded on the Flop



PokerStars Hand #237386922717:  Hold'em No Limit ($0.01/$0.02 USD) - 2022/07/15 22:04:39 PT [2022/07/16 1:04:39 ET]
Table 'Schlutia IV' 9-max Seat #6 is the button
Seat 1: aslanturc ($0.94 in chips) 
Seat 2: cskz ($2.18 in chips) 
Seat 4: Dorex2007 ($3.17 in chips) 
Seat 5: HellNative ($3.25 in chips) 
Seat 6: pinbotani ($2 in chips) 
Seat 7: *VM*727 ($1.64 in chips) 
Seat 8: Pokon ($2.65 in chips) 
*VM*727: posts small blind $0.01
Pokon: posts big blind $0.02
andrey_kasav: sits out 
*** HOLE CARDS ***
Dealt to Dorex2007 [Ah 5d]
aslanturc: raises $0.04 to $0.06
cskz: folds 
Dorex2007: folds 
HellNative: folds 
pinbotani: folds 
*VM*727: folds 
Pokon: folds 
Uncalled bet ($0.04) returned to aslanturc
aslanturc collected $0.05 from pot
*** SUMMARY ***
Total pot $0.05 | Rake $0 
Seat 1: aslanturc collected ($0.05)
Seat 2: cskz folded before Flop (didn't bet)
Seat 4: Dorex2007 folded before Flop (didn't bet)
Seat 5: HellNative folded before Flop (didn't bet)
Seat 6: pinbotani (button) folded before Flop (didn't bet)
Seat 7: *VM*727 (small blind) folded before Flop
Seat 8: Pokon (big blind) folded before Flop



PokerStars Hand #237386925207:  Hold'em No Limit ($0.01/$0.02 USD) - 2022/07/15 22:04:58 PT [2022/07/16 1:04:58 ET]
Table 'Schlutia IV' 9-max Seat #7 is the button
Seat 1: aslanturc ($0.97 in chips) 
Seat 2: cskz ($2.18 in chips) 
Seat 4: Dorex2007 ($3.17 in chips) 
Seat 5: HellNative ($3.25 in chips) 
Seat 6: pinbotani ($2 in chips) 
Seat 7: *VM*727 ($1.63 in chips) 
Seat 8: Pokon ($2.63 in chips) 
Seat 9: andrey_kasav ($1.60 in chips) 
Pokon: posts small blind $0.01
andrey_kasav: posts big blind $0.02
*** HOLE CARDS ***
Dealt to Dorex2007 [6c 8h]
aslanturc: folds 
cskz: folds 
Dorex2007: folds 
HellNative: folds 
pinbotani: folds 
*VM*727: calls $0.02
Pokon: calls $0.01
andrey_kasav: checks 
*** FLOP *** [5d 2h 4d]
Pokon: checks 
andrey_kasav: checks 
*VM*727: checks 
*** TURN *** [5d 2h 4d] [8c]
Pokon: bets $0.04
andrey_kasav: folds 
*VM*727: calls $0.04
*** RIVER *** [5d 2h 4d 8c] [9h]
Pokon: checks 
*VM*727: bets $0.07
Pokon: folds 
Uncalled bet ($0.07) returned to *VM*727
*VM*727 collected $0.14 from pot
*** SUMMARY ***
Total pot $0.14 | Rake $0 
Board [5d 2h 4d 8c 9h]
Seat 1: aslanturc folded before Flop (didn't bet)
Seat 2: cskz folded before Flop (didn't bet)
Seat 4: Dorex2007 folded before Flop (didn't bet)
Seat 5: HellNative folded before Flop (didn't bet)
Seat 6: pinbotani folded before Flop (didn't bet)
Seat 7: *VM*727 (button) collected ($0.14)
Seat 8: Pokon (small blind) folded on the River
Seat 9: andrey_kasav (big blind) folded on the Turn



PokerStars Hand #237386932960:  Hold'em No Limit ($0.01/$0.02 USD) - 2022/07/15 22:05:58 PT [2022/07/16 1:05:58 ET]
Table 'Schlutia IV' 9-max Seat #8 is the button
Seat 1: aslanturc ($0.97 in chips) 
Seat 2: cskz ($2.18 in chips) 
Seat 3: MaXiDe05 ($3.03 in chips) 
Seat 4: Dorex2007 ($3.17 in chips) 
Seat 5: HellNative ($3.25 in chips) 
Seat 6: pinbotani ($2 in chips) 
Seat 7: *VM*727 ($1.71 in chips) 
Seat 8: Pokon ($2.57 in chips) 
Seat 9: andrey_kasav ($1.58 in chips) 
andrey_kasav: posts small blind $0.01
aslanturc: posts big blind $0.02
*** HOLE CARDS ***
Dealt to Dorex2007 [Ad Jc]
cskz: folds 
MaXiDe05: folds 
Dorex2007: calls $0.02
HellNative: folds 
pinbotani: raises $0.06 to $0.08
*VM*727: folds 
Pokon: folds 
andrey_kasav: folds 
aslanturc: folds 
Dorex2007: calls $0.06
*** FLOP *** [6s Jh 4d]
Dorex2007: bets $0.18
pinbotani: calls $0.18
*** TURN *** [6s Jh 4d] [Ah]
Dorex2007: bets $0.53
pinbotani: folds 
Uncalled bet ($0.53) returned to Dorex2007
Dorex2007 collected $0.53 from pot
*** SUMMARY ***
Total pot $0.55 | Rake $0.02 
Board [6s Jh 4d Ah]
Seat 1: aslanturc (big blind) folded before Flop
Seat 2: cskz folded before Flop (didn't bet)
Seat 3: MaXiDe05 folded before Flop (didn't bet)
Seat 4: Dorex2007 collected ($0.53)
Seat 5: HellNative folded before Flop (didn't bet)
Seat 6: pinbotani folded on the Turn
Seat 7: *VM*727 folded before Flop (didn't bet)
Seat 8: Pokon (button) folded before Flop (didn't bet)
Seat 9: andrey_kasav (small blind) folded before Flop



PokerStars Hand #237386941719:  Hold'em No Limit ($0.01/$0.02 USD) - 2022/07/15 22:07:05 PT [2022/07/16 1:07:05 ET]
Table 'Schlutia IV' 9-max Seat #9 is the button
Seat 1: aslanturc ($0.95 in chips) 
Seat 2: cskz ($2.18 in chips) 
Seat 3: MaXiDe05 ($3.03 in chips) 
Seat 4: Dorex2007 ($3.44 in chips) 
Seat 5: HellNative ($3.25 in chips) 
Seat 6: pinbotani ($2 in chips) 
Seat 7: *VM*727 ($1.71 in chips) 
Seat 8: Pokon ($2.57 in chips) 
Seat 9: andrey_kasav ($1.57 in chips) 
aslanturc: posts small blind $0.01
cskz: posts big blind $0.02
*** HOLE CARDS ***
Dealt to Dorex2007 [Kd 5d]
MaXiDe05: calls $0.02
Dorex2007: folds 
HellNative: raises $0.09 to $0.11
pinbotani: folds 
*VM*727: folds 
Pokon: calls $0.11
andrey_kasav: folds 
aslanturc: folds 
cskz: folds 
MaXiDe05: folds 
*** FLOP *** [9s 9h Tc]
HellNative: bets $0.13
Pokon: calls $0.13
*** TURN *** [9s 9h Tc] [7d]
HellNative: bets $0.26
Pokon: folds 
Uncalled bet ($0.26) returned to HellNative
HellNative collected $0.51 from pot
*** SUMMARY ***
Total pot $0.53 | Rake $0.02 
Board [9s 9h Tc 7d]
Seat 1: aslanturc (small blind) folded before Flop
Seat 2: cskz (big blind) folded before Flop
Seat 3: MaXiDe05 folded before Flop
Seat 4: Dorex2007 folded before Flop (didn't bet)
Seat 5: HellNative collected ($0.51)
Seat 6: pinbotani folded before Flop (didn't bet)
Seat 7: *VM*727 folded before Flop (didn't bet)
Seat 8: Pokon folded on the Turn
Seat 9: andrey_kasav (button) folded before Flop (didn't bet)



PokerStars Hand #237386949075:  Hold'em No Limit ($0.01/$0.02 USD) - 2022/07/15 22:08:02 PT [2022/07/16 1:08:02 ET]
Table 'Schlutia IV' 9-max Seat #1 is the button
Seat 1: aslanturc ($0.94 in chips) 
Seat 2: cskz ($2.16 in chips) 
Seat 3: MaXiDe05 ($3.01 in chips) 
Seat 4: Dorex2007 ($3.44 in chips) 
Seat 5: HellNative ($3.52 in chips) 
Seat 6: pinbotani ($2 in chips) 
Seat 7: *VM*727 ($1.71 in chips) 
Seat 8: Pokon ($2.33 in chips) 
Seat 9: andrey_kasav ($1.57 in chips) 
cskz: posts small blind $0.01
MaXiDe05: posts big blind $0.02
*** HOLE CARDS ***
Dealt to Dorex2007 [4h 7h]
Dorex2007: folds 
HellNative: folds 
pinbotani: folds 
*VM*727: calls $0.02
Pokon has timed out
Pokon: folds 
andrey_kasav: folds 
aslanturc: raises $0.08 to $0.10
cskz: folds 
MaXiDe05: folds 
*VM*727: folds 
Uncalled bet ($0.08) returned to aslanturc
aslanturc collected $0.07 from pot
*** SUMMARY ***
Total pot $0.07 | Rake $0 
Seat 1: aslanturc (button) collected ($0.07)
Seat 2: cskz (small blind) folded before Flop
Seat 3: MaXiDe05 (big blind) folded before Flop
Seat 4: Dorex2007 folded before Flop (didn't bet)
Seat 5: HellNative folded before Flop (didn't bet)
Seat 6: pinbotani folded before Flop (didn't bet)
Seat 7: *VM*727 folded before Flop
Seat 8: Pokon folded before Flop (didn't bet)
Seat 9: andrey_kasav folded before Flop (didn't bet)



PokerStars Hand #237386955463:  Hold'em No Limit ($0.01/$0.02 USD) - 2022/07/15 22:08:47 PT [2022/07/16 1:08:47 ET]
Table 'Schlutia IV' 9-max Seat #2 is the button
Seat 1: aslanturc ($0.99 in chips) 
Seat 2: cskz ($2.15 in chips) 
Seat 3: MaXiDe05 ($2.99 in chips) 
Seat 4: Dorex2007 ($3.44 in chips) 
Seat 5: HellNative ($3.52 in chips) 
Seat 6: pinbotani ($2 in chips) 
Seat 7: *VM*727 ($1.69 in chips) 
Seat 9: andrey_kasav ($1.57 in chips) 
MaXiDe05: posts small blind $0.01
Dorex2007: posts big blind $0.02
*** HOLE CARDS ***
Dealt to Dorex2007 [8c Th]
HellNative: folds 
pinbotani: folds 
*VM*727: calls $0.02
andrey_kasav: folds 
aslanturc: folds 
cskz: folds 
MaXiDe05: calls $0.01
Dorex2007: checks 
*** FLOP *** [3d Td 2d]
MaXiDe05: checks 
Dorex2007: bets $0.06
*VM*727: folds 
MaXiDe05: calls $0.06
*** TURN *** [3d Td 2d] [7s]
MaXiDe05: checks 
Dorex2007: checks 
*** RIVER *** [3d Td 2d 7s] [Ts]
MaXiDe05: bets $0.17
Dorex2007: calls $0.17
*** SHOW DOWN ***
MaXiDe05: shows [7c Ad] (two pair, Tens and Sevens)
Dorex2007: shows [8c Th] (three of a kind, Tens)
Dorex2007 collected $0.50 from pot
*** SUMMARY ***
Total pot $0.52 | Rake $0.02 
Board [3d Td 2d 7s Ts]
Seat 1: aslanturc folded before Flop (didn't bet)
Seat 2: cskz (button) folded before Flop (didn't bet)
Seat 3: MaXiDe05 (small blind) showed [7c Ad] and lost with two pair, Tens and Sevens
Seat 4: Dorex2007 (big blind) showed [8c Th] and won ($0.50) with three of a kind, Tens
Seat 5: HellNative folded before Flop (didn't bet)
Seat 6: pinbotani folded before Flop (didn't bet)
Seat 7: *VM*727 folded on the Flop
Seat 9: andrey_kasav folded before Flop (didn't bet)



PokerStars Hand #237386964650:  Hold'em No Limit ($0.01/$0.02 USD) - 2022/07/15 22:09:59 PT [2022/07/16 1:09:59 ET]
Table 'Schlutia IV' 9-max Seat #3 is the button
Seat 1: aslanturc ($0.99 in chips) 
Seat 2: cskz ($2.15 in chips) 
Seat 3: MaXiDe05 ($2.74 in chips) 
Seat 4: Dorex2007 ($3.69 in chips) 
Seat 5: HellNative ($3.52 in chips) 
Seat 6: pinbotani ($2 in chips) 
Seat 7: *VM*727 ($1.67 in chips) 
Seat 8: Pokon ($2.33 in chips) 
Seat 9: andrey_kasav ($1.57 in chips) 
Dorex2007: posts small blind $0.01
HellNative: posts big blind $0.02
*** HOLE CARDS ***
Dealt to Dorex2007 [6s 8d]
pinbotani: folds 
*VM*727: folds 
Pokon: folds 
andrey_kasav: folds 
aslanturc: folds 
cskz: raises $0.04 to $0.06
MaXiDe05: folds 
Dorex2007: folds 
HellNative: folds 
Uncalled bet ($0.04) returned to cskz
cskz collected $0.05 from pot
*** SUMMARY ***
Total pot $0.05 | Rake $0 
Seat 1: aslanturc folded before Flop (didn't bet)
Seat 2: cskz collected ($0.05)
Seat 3: MaXiDe05 (button) folded before Flop (didn't bet)
Seat 4: Dorex2007 (small blind) folded before Flop
Seat 5: HellNative (big blind) folded before Flop
Seat 6: pinbotani folded before Flop (didn't bet)
Seat 7: *VM*727 folded before Flop (didn't bet)
Seat 8: Pokon folded before Flop (didn't bet)
Seat 9: andrey_kasav folded before Flop (didn't bet)



PokerStars Hand #237386967367:  Hold'em No Limit ($0.01/$0.02 USD) - 2022/07/15 22:10:20 PT [2022/07/16 1:10:20 ET]
Table 'Schlutia IV' 9-max Seat #4 is the button
Seat 1: aslanturc ($0.99 in chips) 
Seat 2: cskz ($2.18 in chips) 
Seat 3: MaXiDe05 ($2.74 in chips) 
Seat 4: Dorex2007 ($3.68 in chips) 
Seat 5: HellNative ($3.50 in chips) 
Seat 6: pinbotani ($2 in chips) 
Seat 7: *VM*727 ($1.67 in chips) 
Seat 8: Pokon ($2.33 in chips) 
Seat 9: andrey_kasav ($1.57 in chips) 
HellNative: posts small blind $0.01
pinbotani: posts big blind $0.02
*** HOLE CARDS ***
Dealt to Dorex2007 [5s Qs]
*VM*727: calls $0.02
Pokon: folds 
andrey_kasav: calls $0.02
aslanturc: folds 
cskz: folds 
MaXiDe05: calls $0.02
Dorex2007: folds 
HellNative: folds 
pinbotani: checks 
*** FLOP *** [5h 7s 6d]
pinbotani: checks 
*VM*727: checks 
andrey_kasav: checks 
MaXiDe05: checks 
*** TURN *** [5h 7s 6d] [5d]
pinbotani: checks 
*VM*727: checks 
andrey_kasav: checks 
MaXiDe05: checks 
*** RIVER *** [5h 7s 6d 5d] [3d]
pinbotani: checks 
*VM*727: checks 
andrey_kasav: bets $0.04
MaXiDe05: folds 
cskz leaves the table
pinbotani: folds 
*VM*727: folds 
Uncalled bet ($0.04) returned to andrey_kasav
andrey_kasav collected $0.09 from pot
*** SUMMARY ***
Total pot $0.09 | Rake $0 
Board [5h 7s 6d 5d 3d]
Seat 1: aslanturc folded before Flop (didn't bet)
Seat 2: cskz folded before Flop (didn't bet)
Seat 3: MaXiDe05 folded on the River
Seat 4: Dorex2007 (button) folded before Flop (didn't bet)
Seat 5: HellNative (small blind) folded before Flop
Seat 6: pinbotani (big blind) folded on the River
Seat 7: *VM*727 folded on the River
Seat 8: Pokon folded before Flop (didn't bet)
Seat 9: andrey_kasav collected ($0.09)



PokerStars Hand #237386978488:  Hold'em No Limit ($0.01/$0.02 USD) - 2022/07/15 22:11:48 PT [2022/07/16 1:11:48 ET]
Table 'Schlutia IV' 9-max Seat #5 is the button
Seat 1: aslanturc ($0.99 in chips) 
Seat 3: MaXiDe05 ($2.72 in chips) 
Seat 4: Dorex2007 ($3.68 in chips) 
Seat 5: HellNative ($3.49 in chips) 
Seat 6: pinbotani ($2 in chips) 
Seat 7: *VM*727 ($1.65 in chips) 
Seat 8: Pokon ($2.33 in chips) 
Seat 9: andrey_kasav ($1.64 in chips) 
pinbotani: posts small blind $0.01
*VM*727: posts big blind $0.02
*** HOLE CARDS ***
Dealt to Dorex2007 [7c 7s]
Pokon: folds 
andrey_kasav: folds 
aslanturc: folds 
MaXiDe05: folds 
Dorex2007: calls $0.02
HellNative: folds 
pinbotani: raises $0.06 to $0.08
*VM*727: folds 
Dorex2007: calls $0.06
*** FLOP *** [Ts 9s Ac]
pinbotani: bets $0.10
Dorex2007: folds 
Uncalled bet ($0.10) returned to pinbotani
pinbotani collected $0.17 from pot
*** SUMMARY ***
Total pot $0.18 | Rake $0.01 
Board [Ts 9s Ac]
Seat 1: aslanturc folded before Flop (didn't bet)
Seat 3: MaXiDe05 folded before Flop (didn't bet)
Seat 4: Dorex2007 folded on the Flop
Seat 5: HellNative (button) folded before Flop (didn't bet)
Seat 6: pinbotani (small blind) collected ($0.17)
Seat 7: *VM*727 (big blind) folded before Flop
Seat 8: Pokon folded before Flop (didn't bet)
Seat 9: andrey_kasav folded before Flop (didn't bet)



PokerStars Hand #237386983600:  Hold'em No Limit ($0.01/$0.02 USD) - 2022/07/15 22:12:28 PT [2022/07/16 1:12:28 ET]
Table 'Schlutia IV' 9-max Seat #6 is the button
Seat 1: aslanturc ($0.99 in chips) 
Seat 3: MaXiDe05 ($2.72 in chips) 
Seat 4: Dorex2007 ($3.60 in chips) 
Seat 5: HellNative ($3.49 in chips) 
Seat 6: pinbotani ($2.09 in chips) 
Seat 7: *VM*727 ($1.63 in chips) 
Seat 8: Pokon ($2.33 in chips) 
Seat 9: andrey_kasav ($1.64 in chips) 
*VM*727: posts small blind $0.01
Pokon: posts big blind $0.02
*** HOLE CARDS ***
Dealt to Dorex2007 [2s Ts]
andrey_kasav: raises $0.02 to $0.04
aslanturc: folds 
MaXiDe05: calls $0.04
Dorex2007: folds 
HellNative: folds 
pinbotani: folds 
*VM*727: calls $0.03
Pokon: calls $0.02
*** FLOP *** [2h 7d 2d]
*VM*727: checks 
Pokon: bets $0.06
andrey_kasav: folds 
MaXiDe05: folds 
*VM*727: folds 
Uncalled bet ($0.06) returned to Pokon
Pokon collected $0.15 from pot
*** SUMMARY ***
Total pot $0.16 | Rake $0.01 
Board [2h 7d 2d]
Seat 1: aslanturc folded before Flop (didn't bet)
Seat 3: MaXiDe05 folded on the Flop
Seat 4: Dorex2007 folded before Flop (didn't bet)
Seat 5: HellNative folded before Flop (didn't bet)
Seat 6: pinbotani (button) folded before Flop (didn't bet)
Seat 7: *VM*727 (small blind) folded on the Flop
Seat 8: Pokon (big blind) collected ($0.15)
Seat 9: andrey_kasav folded on the Flop



PokerStars Hand #237386995339:  Hold'em No Limit ($0.01/$0.02 USD) - 2022/07/15 22:13:12 PT [2022/07/16 1:13:12 ET]
Table 'Schlutia IV' 9-max Seat #7 is the button
Seat 1: aslanturc ($0.99 in chips) 
Seat 3: MaXiDe05 ($2.68 in chips) 
Seat 4: Dorex2007 ($3.60 in chips) 
Seat 5: HellNative ($3.49 in chips) 
Seat 6: pinbotani ($2.09 in chips) 
Seat 7: *VM*727 ($1.59 in chips) 
Seat 8: Pokon ($2.44 in chips) 
Seat 9: andrey_kasav ($1.60 in chips) 
Pokon: posts small blind $0.01
andrey_kasav: posts big blind $0.02
*** HOLE CARDS ***
Dealt to Dorex2007 [Kc 4h]
aslanturc: folds 
igor alnito joins the table at seat #2 
MaXiDe05: calls $0.02
Dorex2007: folds 
HellNative: folds 
pinbotani: folds 
*VM*727: calls $0.02
Pokon: calls $0.01
andrey_kasav: raises $0.16 to $0.18
MaXiDe05: calls $0.16
*VM*727: folds 
Pokon: folds 
*** FLOP *** [6s 8h 4d]
andrey_kasav: bets $0.19
MaXiDe05: folds 
Uncalled bet ($0.19) returned to andrey_kasav
andrey_kasav collected $0.39 from pot
*** SUMMARY ***
Total pot $0.40 | Rake $0.01 
Board [6s 8h 4d]
Seat 1: aslanturc folded before Flop (didn't bet)
Seat 3: MaXiDe05 folded on the Flop
Seat 4: Dorex2007 folded before Flop (didn't bet)
Seat 5: HellNative folded before Flop (didn't bet)
Seat 6: pinbotani folded before Flop (didn't bet)
Seat 7: *VM*727 (button) folded before Flop
Seat 8: Pokon (small blind) folded before Flop
Seat 9: andrey_kasav (big blind) collected ($0.39)



PokerStars Hand #237387000707:  Hold'em No Limit ($0.01/$0.02 USD) - 2022/07/15 22:13:54 PT [2022/07/16 1:13:54 ET]
Table 'Schlutia IV' 9-max Seat #8 is the button
Seat 1: aslanturc ($0.99 in chips) 
Seat 3: MaXiDe05 ($2.50 in chips) 
Seat 4: Dorex2007 ($3.60 in chips) 
Seat 5: HellNative ($3.49 in chips) 
Seat 6: pinbotani ($2.09 in chips) 
Seat 7: *VM*727 ($1.57 in chips) 
Seat 8: Pokon ($2.42 in chips) 
Seat 9: andrey_kasav ($1.81 in chips) 
andrey_kasav: posts small blind $0.01
aslanturc: posts big blind $0.02
igor alnito: sits out 
*** HOLE CARDS ***
Dealt to Dorex2007 [3d 4s]
MaXiDe05: calls $0.02
Dorex2007: folds 
HellNative: folds 
pinbotani: folds 
*VM*727: calls $0.02
Pokon has timed out
Pokon: folds 
andrey_kasav: folds 
aslanturc: checks 
*** FLOP *** [Qs 3s 4h]
aslanturc: checks 
MaXiDe05: checks 
*VM*727: checks 
*** TURN *** [Qs 3s 4h] [Ts]
aslanturc: checks 
MaXiDe05: checks 
*VM*727: checks 
*** RIVER *** [Qs 3s 4h Ts] [Ad]
aslanturc: checks 
MaXiDe05: checks 
*VM*727: checks 
*** SHOW DOWN ***
aslanturc: shows [8s 2c] (high card Ace)
MaXiDe05: shows [Ks 9h] (high card Ace - King kicker)
*VM*727: mucks hand 
MaXiDe05 collected $0.07 from pot
*** SUMMARY ***
Total pot $0.07 | Rake $0 
Board [Qs 3s 4h Ts Ad]
Seat 1: aslanturc (big blind) showed [8s 2c] and lost with high card Ace
Seat 3: MaXiDe05 showed [Ks 9h] and won ($0.07) with high card Ace
Seat 4: Dorex2007 folded before Flop (didn't bet)
Seat 5: HellNative folded before Flop (didn't bet)
Seat 6: pinbotani folded before Flop (didn't bet)
Seat 7: *VM*727 mucked [Kc 6s]
Seat 8: Pokon (button) folded before Flop (didn't bet)
Seat 9: andrey_kasav (small blind) folded before Flop



PokerStars Hand #237387010306:  Hold'em No Limit ($0.01/$0.02 USD) - 2022/07/15 22:15:09 PT [2022/07/16 1:15:09 ET]
Table 'Schlutia IV' 9-max Seat #9 is the button
Seat 1: aslanturc ($0.97 in chips) 
Seat 2: igor alnito ($2 in chips) 
Seat 3: MaXiDe05 ($2.55 in chips) 
Seat 4: Dorex2007 ($3.60 in chips) 
Seat 5: HellNative ($3.49 in chips) 
Seat 6: pinbotani ($2.09 in chips) 
Seat 7: *VM*727 ($1.55 in chips) 
Seat 8: Pokon ($2.42 in chips) 
Seat 9: andrey_kasav ($1.80 in chips) 
aslanturc: posts small blind $0.01
igor alnito: posts big blind $0.02
*** HOLE CARDS ***
Dealt to Dorex2007 [4s Ks]
MaXiDe05: folds 
Dorex2007: folds 
HellNative: folds 
pinbotani: folds 
*VM*727: folds 
Pokon: folds 
andrey_kasav: raises $0.02 to $0.04
aslanturc: folds 
igor alnito: folds 
Uncalled bet ($0.02) returned to andrey_kasav
andrey_kasav collected $0.05 from pot
*** SUMMARY ***
Total pot $0.05 | Rake $0 
Seat 1: aslanturc (small blind) folded before Flop
Seat 2: igor alnito (big blind) folded before Flop
Seat 3: MaXiDe05 folded before Flop (didn't bet)
Seat 4: Dorex2007 folded before Flop (didn't bet)
Seat 5: HellNative folded before Flop (didn't bet)
Seat 6: pinbotani folded before Flop (didn't bet)
Seat 7: *VM*727 folded before Flop (didn't bet)
Seat 8: Pokon folded before Flop (didn't bet)
Seat 9: andrey_kasav (button) collected ($0.05)



PokerStars Hand #237387014191:  Hold'em No Limit ($0.01/$0.02 USD) - 2022/07/15 22:15:40 PT [2022/07/16 1:15:40 ET]
Table 'Schlutia IV' 9-max Seat #1 is the button
Seat 1: aslanturc ($0.96 in chips) 
Seat 2: igor alnito ($1.98 in chips) 
Seat 3: MaXiDe05 ($2.55 in chips) 
Seat 4: Dorex2007 ($3.60 in chips) 
Seat 5: HellNative ($3.49 in chips) 
Seat 6: pinbotani ($2.09 in chips) 
Seat 7: *VM*727 ($1.55 in chips) 
Seat 8: Pokon ($2.42 in chips) 
Seat 9: andrey_kasav ($1.83 in chips) 
igor alnito: posts small blind $0.01
MaXiDe05: posts big blind $0.02
*** HOLE CARDS ***
Dealt to Dorex2007 [3s 4d]
Dorex2007: folds 
HellNative: folds 
pinbotani: folds 
*VM*727: calls $0.02
Pokon: calls $0.02
andrey_kasav: folds 
aslanturc: raises $0.10 to $0.12
igor alnito: raises $0.84 to $0.96
MaXiDe05: folds 
*VM*727: folds 
Pokon: folds 
aslanturc: calls $0.84 and is all-in
*** FLOP *** [9h Ah 4h]
*** TURN *** [9h Ah 4h] [9s]
*** RIVER *** [9h Ah 4h 9s] [2c]
*** SHOW DOWN ***
igor alnito: shows [7c 7s] (two pair, Nines and Sevens)
aslanturc: shows [Tc Td] (two pair, Tens and Nines)
aslanturc collected $1.91 from pot
*** SUMMARY ***
Total pot $1.98 | Rake $0.07 
Board [9h Ah 4h 9s 2c]
Seat 1: aslanturc (button) showed [Tc Td] and won ($1.91) with two pair, Tens and Nines
Seat 2: igor alnito (small blind) showed [7c 7s] and lost with two pair, Nines and Sevens
Seat 3: MaXiDe05 (big blind) folded before Flop
Seat 4: Dorex2007 folded before Flop (didn't bet)
Seat 5: HellNative folded before Flop (didn't bet)
Seat 6: pinbotani folded before Flop (didn't bet)
Seat 7: *VM*727 folded before Flop
Seat 8: Pokon folded before Flop
Seat 9: andrey_kasav folded before Flop (didn't bet)



PokerStars Hand #237387023368:  Hold'em No Limit ($0.01/$0.02 USD) - 2022/07/15 22:16:52 PT [2022/07/16 1:16:52 ET]
Table 'Schlutia IV' 9-max Seat #2 is the button
Seat 1: aslanturc ($1.91 in chips) 
Seat 2: igor alnito ($1.02 in chips) 
Seat 3: MaXiDe05 ($2.53 in chips) 
Seat 4: Dorex2007 ($3.60 in chips) 
Seat 5: HellNative ($3.49 in chips) 
Seat 6: pinbotani ($2.09 in chips) 
Seat 7: *VM*727 ($1.53 in chips) 
Seat 8: Pokon ($2.40 in chips) 
Seat 9: andrey_kasav ($1.83 in chips) 
MaXiDe05: posts small blind $0.01
Dorex2007: posts big blind $0.02
*** HOLE CARDS ***
Dealt to Dorex2007 [9h Qc]
HellNative: folds 
pinbotani: raises $0.04 to $0.06
*VM*727: folds 
Pokon: folds 
andrey_kasav: calls $0.06
aslanturc: folds 
igor alnito: folds 
MaXiDe05: folds 
Dorex2007: folds 
*** FLOP *** [7d Th 2h]
igor alnito leaves the table
pinbotani: checks 
andrey_kasav: bets $0.07
pinbotani: calls $0.07
*** TURN *** [7d Th 2h] [8c]
pinbotani: checks 
andrey_kasav: bets $0.14
pinbotani: folds 
Uncalled bet ($0.14) returned to andrey_kasav
andrey_kasav collected $0.28 from pot
*** SUMMARY ***
Total pot $0.29 | Rake $0.01 
Board [7d Th 2h 8c]
Seat 1: aslanturc folded before Flop (didn't bet)
Seat 2: igor alnito (button) folded before Flop (didn't bet)
Seat 3: MaXiDe05 (small blind) folded before Flop
Seat 4: Dorex2007 (big blind) folded before Flop
Seat 5: HellNative folded before Flop (didn't bet)
Seat 6: pinbotani folded on the Turn
Seat 7: *VM*727 folded before Flop (didn't bet)
Seat 8: Pokon folded before Flop (didn't bet)
Seat 9: andrey_kasav collected ($0.28)



PokerStars Hand #237387030376:  Hold'em No Limit ($0.01/$0.02 USD) - 2022/07/15 22:17:48 PT [2022/07/16 1:17:48 ET]
Table 'Schlutia IV' 9-max Seat #3 is the button
Seat 1: aslanturc ($1.91 in chips) 
Seat 3: MaXiDe05 ($2.52 in chips) 
Seat 4: Dorex2007 ($3.58 in chips) 
Seat 5: HellNative ($3.49 in chips) 
Seat 6: pinbotani ($2 in chips) 
Seat 7: *VM*727 ($1.53 in chips) 
Seat 8: Pokon ($2.40 in chips) 
Seat 9: andrey_kasav ($1.98 in chips) 
Dorex2007: posts small blind $0.01
HellNative: posts big blind $0.02
*** HOLE CARDS ***
Dealt to Dorex2007 [Js Kh]
pinbotani: folds 
*VM*727: folds 
Pokon: calls $0.02
andrey_kasav: folds 
aslanturc: calls $0.02
MaXiDe05: folds 
Dorex2007: calls $0.01
HellNative: checks 
*** FLOP *** [7c 7h 7s]
Dorex2007: checks 
HellNative: checks 
Pokon: checks 
aslanturc: checks 
*** TURN *** [7c 7h 7s] [9h]
Dorex2007: checks 
alexcbobr joins the table at seat #2 
HellNative: checks 
Pokon: checks 
aslanturc: checks 
*** RIVER *** [7c 7h 7s 9h] [Kc]
Dorex2007: bets $0.08
HellNative: folds 
Pokon: folds 
aslanturc: folds 
Uncalled bet ($0.08) returned to Dorex2007
Dorex2007 collected $0.08 from pot
*** SUMMARY ***
Total pot $0.08 | Rake $0 
Board [7c 7h 7s 9h Kc]
Seat 1: aslanturc folded on the River
Seat 3: MaXiDe05 (button) folded before Flop (didn't bet)
Seat 4: Dorex2007 (small blind) collected ($0.08)
Seat 5: HellNative (big blind) folded on the River
Seat 6: pinbotani folded before Flop (didn't bet)
Seat 7: *VM*727 folded before Flop (didn't bet)
Seat 8: Pokon folded on the River
Seat 9: andrey_kasav folded before Flop (didn't bet)



PokerStars Hand #237387042554:  Hold'em No Limit ($0.01/$0.02 USD) - 2022/07/15 22:19:24 PT [2022/07/16 1:19:24 ET]
Table 'Schlutia IV' 9-max Seat #4 is the button
Seat 1: aslanturc ($1.89 in chips) 
Seat 3: MaXiDe05 ($2.52 in chips) 
Seat 4: Dorex2007 ($3.64 in chips) 
Seat 5: HellNative ($3.47 in chips) 
Seat 6: pinbotani ($2 in chips) 
Seat 7: *VM*727 ($1.53 in chips) 
Seat 8: Pokon ($2.38 in chips) 
Seat 9: andrey_kasav ($1.98 in chips) 
HellNative: posts small blind $0.01
pinbotani: posts big blind $0.02
alexcbobr: sits out 
*** HOLE CARDS ***
Dealt to Dorex2007 [6c 9s]
*VM*727: folds 
Pokon: raises $0.02 to $0.04
andrey_kasav: folds 
aslanturc: folds 
MaXiDe05: calls $0.04
Dorex2007: folds 
HellNative: folds 
pinbotani: folds 
*** FLOP *** [9d Qc Kd]
Pokon: bets $0.04
MaXiDe05: calls $0.04
*** TURN *** [9d Qc Kd] [7s]
Pokon: checks 
MaXiDe05: checks 
*** RIVER *** [9d Qc Kd 7s] [3d]
Pokon: checks 
MaXiDe05: checks 
*** SHOW DOWN ***
Pokon: shows [Td As] (high card Ace)
MaXiDe05: shows [Ad 7c] (a pair of Sevens)
MaXiDe05 collected $0.18 from pot
*** SUMMARY ***
Total pot $0.19 | Rake $0.01 
Board [9d Qc Kd 7s 3d]
Seat 1: aslanturc folded before Flop (didn't bet)
Seat 3: MaXiDe05 showed [Ad 7c] and won ($0.18) with a pair of Sevens
Seat 4: Dorex2007 (button) folded before Flop (didn't bet)
Seat 5: HellNative (small blind) folded before Flop
Seat 6: pinbotani (big blind) folded before Flop
Seat 7: *VM*727 folded before Flop (didn't bet)
Seat 8: Pokon showed [Td As] and lost with high card Ace
Seat 9: andrey_kasav folded before Flop (didn't bet)



PokerStars Hand #237387049843:  Hold'em No Limit ($0.01/$0.02 USD) - 2022/07/15 22:20:22 PT [2022/07/16 1:20:22 ET]
Table 'Schlutia IV' 9-max Seat #5 is the button
Seat 1: aslanturc ($1.89 in chips) 
Seat 3: MaXiDe05 ($2.62 in chips) 
Seat 4: Dorex2007 ($3.64 in chips) 
Seat 5: HellNative ($3.46 in chips) 
Seat 6: pinbotani ($2 in chips) 
Seat 7: *VM*727 ($1.53 in chips) 
Seat 8: Pokon ($2.30 in chips) 
Seat 9: andrey_kasav ($1.98 in chips) 
pinbotani: posts small blind $0.01
*VM*727: posts big blind $0.02
alexcbobr: sits out 
*** HOLE CARDS ***
Dealt to Dorex2007 [Ad Qh]
Pokon: calls $0.02
andrey_kasav: folds 
aslanturc: folds 
MaXiDe05: calls $0.02
Dorex2007: calls $0.02
HellNative: folds 
pinbotani: raises $0.10 to $0.12
*VM*727: calls $0.10
Pokon: folds 
MaXiDe05: folds 
Dorex2007: folds 
*** FLOP *** [Kh 2c 8c]
pinbotani: checks 
*VM*727: checks 
*** TURN *** [Kh 2c 8c] [Td]
pinbotani: checks 
*VM*727: bets $0.02
pinbotani: calls $0.02
*** RIVER *** [Kh 2c 8c Td] [Jh]
pinbotani: checks 
*VM*727: checks 
*** SHOW DOWN ***
pinbotani: shows [9h 9d] (a pair of Nines)
*VM*727: mucks hand 
pinbotani collected $0.33 from pot
*** SUMMARY ***
Total pot $0.34 | Rake $0.01 
Board [Kh 2c 8c Td Jh]
Seat 1: aslanturc folded before Flop (didn't bet)
Seat 3: MaXiDe05 folded before Flop
Seat 4: Dorex2007 folded before Flop
Seat 5: HellNative (button) folded before Flop (didn't bet)
Seat 6: pinbotani (small blind) showed [9h 9d] and won ($0.33) with a pair of Nines
Seat 7: *VM*727 (big blind) mucked [7c Ac]
Seat 8: Pokon folded before Flop
Seat 9: andrey_kasav folded before Flop (didn't bet)



PokerStars Hand #237387060111:  Hold'em No Limit ($0.01/$0.02 USD) - 2022/07/15 22:21:43 PT [2022/07/16 1:21:43 ET]
Table 'Schlutia IV' 9-max Seat #6 is the button
Seat 1: aslanturc ($1.89 in chips) 
Seat 2: alexcbobr ($2 in chips) 
Seat 3: MaXiDe05 ($2.60 in chips) 
Seat 4: Dorex2007 ($3.62 in chips) 
Seat 5: HellNative ($3.46 in chips) 
Seat 6: pinbotani ($2.19 in chips) 
Seat 7: *VM*727 ($1.39 in chips) 
Seat 8: Pokon ($2.28 in chips) 
Seat 9: andrey_kasav ($1.98 in chips) 
*VM*727: posts small blind $0.01
Pokon: posts big blind $0.02
alexcbobr: posts big blind $0.02
*** HOLE CARDS ***
Dealt to Dorex2007 [9s Ts]
andrey_kasav: folds 
aslanturc: folds 
alexcbobr: checks 
MaXiDe05: folds 
Dorex2007: calls $0.02
HellNative: raises $0.12 to $0.14
pinbotani: folds 
*VM*727: folds 
Pokon: folds 
alexcbobr: folds 
Dorex2007: folds 
Uncalled bet ($0.12) returned to HellNative
HellNative collected $0.09 from pot
*** SUMMARY ***
Total pot $0.09 | Rake $0 
Seat 1: aslanturc folded before Flop (didn't bet)
Seat 2: alexcbobr folded before Flop (didn't bet)
Seat 3: MaXiDe05 folded before Flop (didn't bet)
Seat 4: Dorex2007 folded before Flop
Seat 5: HellNative collected ($0.09)
Seat 6: pinbotani (button) folded before Flop (didn't bet)
Seat 7: *VM*727 (small blind) folded before Flop
Seat 8: Pokon (big blind) folded before Flop
Seat 9: andrey_kasav folded before Flop (didn't bet)



PokerStars Hand #237387063329:  Hold'em No Limit ($0.01/$0.02 USD) - 2022/07/15 22:22:09 PT [2022/07/16 1:22:09 ET]
Table 'Schlutia IV' 9-max Seat #7 is the button
Seat 1: aslanturc ($1.89 in chips) 
Seat 2: alexcbobr ($1.98 in chips) 
Seat 3: MaXiDe05 ($2.60 in chips) 
Seat 4: Dorex2007 ($3.60 in chips) 
Seat 5: HellNative ($3.53 in chips) 
Seat 6: pinbotani ($2.19 in chips) 
Seat 7: *VM*727 ($1.38 in chips) 
Seat 9: andrey_kasav ($1.98 in chips) 
andrey_kasav: posts small blind $0.01
aslanturc: posts big blind $0.02
*** HOLE CARDS ***
Dealt to Dorex2007 [5h Ts]
Pokon leaves the table
alexcbobr: folds 
MaXiDe05: folds 
Dorex2007: folds 
HellNative: raises $0.04 to $0.06
pinbotani: folds 
*VM*727: folds 
andrey_kasav: folds 
aslanturc: folds 
Uncalled bet ($0.04) returned to HellNative
HellNative collected $0.05 from pot
*** SUMMARY ***
Total pot $0.05 | Rake $0 
Seat 1: aslanturc (big blind) folded before Flop
Seat 2: alexcbobr folded before Flop (didn't bet)
Seat 3: MaXiDe05 folded before Flop (didn't bet)
Seat 4: Dorex2007 folded before Flop (didn't bet)
Seat 5: HellNative collected ($0.05)
Seat 6: pinbotani folded before Flop (didn't bet)
Seat 7: *VM*727 (button) folded before Flop (didn't bet)
Seat 9: andrey_kasav (small blind) folded before Flop



PokerStars Hand #237387067463:  Hold'em No Limit ($0.01/$0.02 USD) - 2022/07/15 22:22:41 PT [2022/07/16 1:22:41 ET]
Table 'Schlutia IV' 9-max Seat #9 is the button
Seat 1: aslanturc ($1.87 in chips) 
Seat 2: alexcbobr ($1.98 in chips) 
Seat 3: MaXiDe05 ($2.60 in chips) 
Seat 4: Dorex2007 ($3.60 in chips) 
Seat 5: HellNative ($3.56 in chips) 
Seat 6: pinbotani ($2.19 in chips) 
Seat 7: *VM*727 ($1.38 in chips) 
Seat 9: andrey_kasav ($1.97 in chips) 
aslanturc: posts small blind $0.01
alexcbobr: posts big blind $0.02
*** HOLE CARDS ***
Dealt to Dorex2007 [2d Jh]
MaXiDe05: calls $0.02
Dorex2007: folds 
HellNative: raises $0.07 to $0.09
pinbotani: folds 
*VM*727: folds 
andrey_kasav: folds 
aslanturc: folds 
alexcbobr: folds 
AcesMcCoy joins the table at seat #8 
MaXiDe05: folds 
Uncalled bet ($0.07) returned to HellNative
HellNative collected $0.07 from pot
*** SUMMARY ***
Total pot $0.07 | Rake $0 
Seat 1: aslanturc (small blind) folded before Flop
Seat 2: alexcbobr (big blind) folded before Flop
Seat 3: MaXiDe05 folded before Flop
Seat 4: Dorex2007 folded before Flop (didn't bet)
Seat 5: HellNative collected ($0.07)
Seat 6: pinbotani folded before Flop (didn't bet)
Seat 7: *VM*727 folded before Flop (didn't bet)
Seat 9: andrey_kasav (button) folded before Flop (didn't bet)



PokerStars Hand #237387071118:  Hold'em No Limit ($0.01/$0.02 USD) - 2022/07/15 22:23:10 PT [2022/07/16 1:23:10 ET]
Table 'Schlutia IV' 9-max Seat #1 is the button
Seat 1: aslanturc ($1.86 in chips) 
Seat 2: alexcbobr ($1.96 in chips) 
Seat 3: MaXiDe05 ($2.58 in chips) 
Seat 4: Dorex2007 ($3.60 in chips) 
Seat 5: HellNative ($3.61 in chips) 
Seat 6: pinbotani ($2.19 in chips) 
Seat 7: *VM*727 ($1.38 in chips) 
Seat 9: andrey_kasav ($1.97 in chips) 
alexcbobr: posts small blind $0.01
MaXiDe05: posts big blind $0.02
AcesMcCoy: sits out 
*** HOLE CARDS ***
Dealt to Dorex2007 [8s Kh]
Dorex2007: folds 
HellNative: folds 
pinbotani: folds 
*VM*727: raises $0.04 to $0.06
andrey_kasav: folds 
aslanturc: calls $0.06
alexcbobr: folds 
MaXiDe05: folds 
*** FLOP *** [2d 7c 7h]
*VM*727: bets $0.07
aslanturc: calls $0.07
*** TURN *** [2d 7c 7h] [4s]
*VM*727: bets $0.14
aslanturc: folds 
Uncalled bet ($0.14) returned to *VM*727
*VM*727 collected $0.28 from pot
*** SUMMARY ***
Total pot $0.29 | Rake $0.01 
Board [2d 7c 7h 4s]
Seat 1: aslanturc (button) folded on the Turn
Seat 2: alexcbobr (small blind) folded before Flop
Seat 3: MaXiDe05 (big blind) folded before Flop
Seat 4: Dorex2007 folded before Flop (didn't bet)
Seat 5: HellNative folded before Flop (didn't bet)
Seat 6: pinbotani folded before Flop (didn't bet)
Seat 7: *VM*727 collected ($0.28)
Seat 9: andrey_kasav folded before Flop (didn't bet)



PokerStars Hand #237387080970:  Hold'em No Limit ($0.01/$0.02 USD) - 2022/07/15 22:24:26 PT [2022/07/16 1:24:26 ET]
Table 'Schlutia IV' 9-max Seat #2 is the button
Seat 1: aslanturc ($1.73 in chips) 
Seat 2: alexcbobr ($1.95 in chips) 
Seat 3: MaXiDe05 ($2.56 in chips) 
Seat 4: Dorex2007 ($3.60 in chips) 
Seat 5: HellNative ($3.61 in chips) 
Seat 6: pinbotani ($2.19 in chips) 
Seat 7: *VM*727 ($1.53 in chips) 
Seat 9: andrey_kasav ($1.97 in chips) 
MaXiDe05: posts small blind $0.01
Dorex2007: posts big blind $0.02
AcesMcCoy: sits out 
*** HOLE CARDS ***
Dealt to Dorex2007 [3h Kh]
HellNative: folds 
pinbotani: folds 
*VM*727: folds 
andrey_kasav: folds 
aslanturc: calls $0.02
alexcbobr: calls $0.02
MaXiDe05: calls $0.01
Dorex2007: checks 
*** FLOP *** [6h Kd 4c]
MaXiDe05: checks 
Dorex2007: checks 
aslanturc: bets $0.02
alexcbobr: folds 
MaXiDe05: calls $0.02
Dorex2007: calls $0.02
*** TURN *** [6h Kd 4c] [7s]
MaXiDe05: checks 
Dorex2007: checks 
aslanturc: bets $0.07
MaXiDe05: calls $0.07
Dorex2007: folds 
*** RIVER *** [6h Kd 4c 7s] [Qs]
MaXiDe05: checks 
aslanturc: checks 
*** SHOW DOWN ***
MaXiDe05: shows [8h 7c] (a pair of Sevens)
aslanturc: shows [9c Kc] (a pair of Kings)
aslanturc collected $0.27 from pot
*** SUMMARY ***
Total pot $0.28 | Rake $0.01 
Board [6h Kd 4c 7s Qs]
Seat 1: aslanturc showed [9c Kc] and won ($0.27) with a pair of Kings
Seat 2: alexcbobr (button) folded on the Flop
Seat 3: MaXiDe05 (small blind) showed [8h 7c] and lost with a pair of Sevens
Seat 4: Dorex2007 (big blind) folded on the Turn
Seat 5: HellNative folded before Flop (didn't bet)
Seat 6: pinbotani folded before Flop (didn't bet)
Seat 7: *VM*727 folded before Flop (didn't bet)
Seat 9: andrey_kasav folded before Flop (didn't bet)



PokerStars Hand #237387092991:  Hold'em No Limit ($0.01/$0.02 USD) - 2022/07/15 22:25:56 PT [2022/07/16 1:25:56 ET]
Table 'Schlutia IV' 9-max Seat #3 is the button
Seat 1: aslanturc ($1.89 in chips) 
Seat 2: alexcbobr ($1.93 in chips) 
Seat 3: MaXiDe05 ($2.45 in chips) 
Seat 4: Dorex2007 ($3.56 in chips) 
Seat 5: HellNative ($3.61 in chips) 
Seat 6: pinbotani ($2.19 in chips) 
Seat 7: *VM*727 ($1.53 in chips) 
Seat 9: andrey_kasav ($1.97 in chips) 
Dorex2007: posts small blind $0.01
HellNative: posts big blind $0.02
AcesMcCoy: sits out 
*** HOLE CARDS ***
Dealt to Dorex2007 [8s 5s]
pinbotani: folds 
*VM*727: calls $0.02
andrey_kasav: folds 
aslanturc: folds 
alexcbobr: folds 
MaXiDe05: raises $0.07 to $0.09
Dorex2007: folds 
HellNative: folds 
*VM*727: folds 
Uncalled bet ($0.07) returned to MaXiDe05
MaXiDe05 collected $0.07 from pot
*** SUMMARY ***
Total pot $0.07 | Rake $0 
Seat 1: aslanturc folded before Flop (didn't bet)
Seat 2: alexcbobr folded before Flop (didn't bet)
Seat 3: MaXiDe05 (button) collected ($0.07)
Seat 4: Dorex2007 (small blind) folded before Flop
Seat 5: HellNative (big blind) folded before Flop
Seat 6: pinbotani folded before Flop (didn't bet)
Seat 7: *VM*727 folded before Flop
Seat 9: andrey_kasav folded before Flop (didn't bet)



PokerStars Hand #237387095849:  Hold'em No Limit ($0.01/$0.02 USD) - 2022/07/15 22:26:18 PT [2022/07/16 1:26:18 ET]
Table 'Schlutia IV' 9-max Seat #4 is the button
Seat 1: aslanturc ($1.89 in chips) 
Seat 2: alexcbobr ($1.93 in chips) 
Seat 3: MaXiDe05 ($2.50 in chips) 
Seat 4: Dorex2007 ($3.55 in chips) 
Seat 5: HellNative ($3.59 in chips) 
Seat 6: pinbotani ($2.19 in chips) 
Seat 7: *VM*727 ($1.51 in chips) 
Seat 9: andrey_kasav ($1.97 in chips) 
HellNative: posts small blind $0.01
pinbotani: posts big blind $0.02
AcesMcCoy: sits out 
*** HOLE CARDS ***
Dealt to Dorex2007 [8d Qh]
*VM*727: folds 
andrey_kasav: folds 
aslanturc: folds 
alexcbobr: folds 
MaXiDe05: calls $0.02
Dorex2007: folds 
HellNative: calls $0.01
pinbotani: checks 
*** FLOP *** [Kd Jd Jh]
HellNative: checks 
pinbotani: checks 
MaXiDe05: checks 
*** TURN *** [Kd Jd Jh] [8s]
HellNative: checks 
pinbotani: checks 
MaXiDe05: checks 
*** RIVER *** [Kd Jd Jh 8s] [4h]
HellNative has timed out
HellNative: checks 
pinbotani: checks 
MaXiDe05: checks 
*** SHOW DOWN ***
HellNative: shows [6d 9d] (a pair of Jacks)
pinbotani: mucks hand 
MaXiDe05: shows [3h Ah] (a pair of Jacks - Ace kicker)
MaXiDe05 collected $0.06 from pot
*** SUMMARY ***
Total pot $0.06 | Rake $0 
Board [Kd Jd Jh 8s 4h]
Seat 1: aslanturc folded before Flop (didn't bet)
Seat 2: alexcbobr folded before Flop (didn't bet)
Seat 3: MaXiDe05 showed [3h Ah] and won ($0.06) with a pair of Jacks
Seat 4: Dorex2007 (button) folded before Flop (didn't bet)
Seat 5: HellNative (small blind) showed [6d 9d] and lost with a pair of Jacks
Seat 6: pinbotani (big blind) mucked [3s 7h]
Seat 7: *VM*727 folded before Flop (didn't bet)
Seat 9: andrey_kasav folded before Flop (didn't bet)



PokerStars Hand #237387113810:  Hold'em No Limit ($0.01/$0.02 USD) - 2022/07/15 22:28:32 PT [2022/07/16 1:28:32 ET]
Table 'Schlutia IV' 9-max Seat #5 is the button
Seat 1: aslanturc ($1.89 in chips) 
Seat 2: alexcbobr ($1.93 in chips) 
Seat 3: MaXiDe05 ($2.54 in chips) 
Seat 4: Dorex2007 ($3.55 in chips) 
Seat 5: HellNative ($3.57 in chips) 
Seat 6: pinbotani ($2.17 in chips) 
Seat 7: *VM*727 ($1.51 in chips) 
Seat 9: andrey_kasav ($1.97 in chips) 
pinbotani: posts small blind $0.01
*VM*727: posts big blind $0.02
AcesMcCoy: sits out 
*** HOLE CARDS ***
Dealt to Dorex2007 [6s 4d]
andrey_kasav: raises $0.05 to $0.07
aslanturc: folds 
alexcbobr: folds 
MaXiDe05: folds 
Dorex2007: folds 
HellNative: folds 
pinbotani: folds 
*VM*727: folds 
Uncalled bet ($0.05) returned to andrey_kasav
andrey_kasav collected $0.05 from pot
*** SUMMARY ***
Total pot $0.05 | Rake $0 
Seat 1: aslanturc folded before Flop (didn't bet)
Seat 2: alexcbobr folded before Flop (didn't bet)
Seat 3: MaXiDe05 folded before Flop (didn't bet)
Seat 4: Dorex2007 folded before Flop (didn't bet)
Seat 5: HellNative (button) folded before Flop (didn't bet)
Seat 6: pinbotani (small blind) folded before Flop
Seat 7: *VM*727 (big blind) folded before Flop
Seat 9: andrey_kasav collected ($0.05)



PokerStars Hand #237387115945:  Hold'em No Limit ($0.01/$0.02 USD) - 2022/07/15 22:28:48 PT [2022/07/16 1:28:48 ET]
Table 'Schlutia IV' 9-max Seat #6 is the button
Seat 1: aslanturc ($1.89 in chips) 
Seat 2: alexcbobr ($1.93 in chips) 
Seat 3: MaXiDe05 ($2.54 in chips) 
Seat 4: Dorex2007 ($3.55 in chips) 
Seat 5: HellNative ($3.57 in chips) 
Seat 6: pinbotani ($2.16 in chips) 
Seat 7: *VM*727 ($1.49 in chips) 
Seat 8: AcesMcCoy ($2 in chips) 
Seat 9: andrey_kasav ($2 in chips) 
*VM*727: posts small blind $0.01
AcesMcCoy: posts big blind $0.02
*** HOLE CARDS ***
Dealt to Dorex2007 [Tc 6c]
andrey_kasav: calls $0.02
aslanturc: folds 
alexcbobr: raises $0.04 to $0.06
MaXiDe05: folds 
Dorex2007: folds 
HellNative: folds 
pinbotani: folds 
*VM*727 has timed out
*VM*727: folds 
AcesMcCoy: calls $0.04
andrey_kasav: calls $0.04
*** FLOP *** [Ts 2d 4h]
AcesMcCoy: checks 
andrey_kasav: checks 
alexcbobr: checks 
*** TURN *** [Ts 2d 4h] [2s]
AcesMcCoy: checks 
andrey_kasav: checks 
alexcbobr: checks 
*** RIVER *** [Ts 2d 4h 2s] [Qd]
AcesMcCoy: checks 
andrey_kasav: checks 
alexcbobr: bets $0.14
AcesMcCoy: folds 
andrey_kasav: folds 
Uncalled bet ($0.14) returned to alexcbobr
alexcbobr collected $0.18 from pot
*** SUMMARY ***
Total pot $0.19 | Rake $0.01 
Board [Ts 2d 4h 2s Qd]
Seat 1: aslanturc folded before Flop (didn't bet)
Seat 2: alexcbobr collected ($0.18)
Seat 3: MaXiDe05 folded before Flop (didn't bet)
Seat 4: Dorex2007 folded before Flop (didn't bet)
Seat 5: HellNative folded before Flop (didn't bet)
Seat 6: pinbotani (button) folded before Flop (didn't bet)
Seat 7: *VM*727 (small blind) folded before Flop
Seat 8: AcesMcCoy (big blind) folded on the River
Seat 9: andrey_kasav folded on the River



PokerStars Hand #237387131294:  Hold'em No Limit ($0.01/$0.02 USD) - 2022/07/15 22:30:48 PT [2022/07/16 1:30:48 ET]
Table 'Schlutia IV' 9-max Seat #8 is the button
Seat 1: aslanturc ($1.89 in chips) 
Seat 2: alexcbobr ($2.05 in chips) 
Seat 3: MaXiDe05 ($2.54 in chips) 
Seat 4: Dorex2007 ($3.55 in chips) 
Seat 5: HellNative ($3.57 in chips) 
Seat 6: pinbotani ($2.16 in chips) 
Seat 8: AcesMcCoy ($2 in chips) 
Seat 9: andrey_kasav ($1.94 in chips) 
andrey_kasav: posts small blind $0.01
aslanturc: posts big blind $0.02
*** HOLE CARDS ***
Dealt to Dorex2007 [Ts 5s]
alexcbobr: folds 
MaXiDe05: calls $0.02
Dorex2007: folds 
HellNative: folds 
pinbotani: raises $0.06 to $0.08
AcesMcCoy: folds 
andrey_kasav: folds 
aslanturc: folds 
MaXiDe05: calls $0.06
*** FLOP *** [Jh 8c 3h]
MaXiDe05: checks 
pinbotani: checks 
*** TURN *** [Jh 8c 3h] [5c]
MaXiDe05: checks 
pinbotani: checks 
*** RIVER *** [Jh 8c 3h 5c] [Qh]
MaXiDe05: checks 
pinbotani: checks 
*** SHOW DOWN ***
MaXiDe05: shows [Tc As] (high card Ace)
pinbotani: shows [Ad Qc] (a pair of Queens)
pinbotani collected $0.18 from pot
*** SUMMARY ***
Total pot $0.19 | Rake $0.01 
Board [Jh 8c 3h 5c Qh]
Seat 1: aslanturc (big blind) folded before Flop
Seat 2: alexcbobr folded before Flop (didn't bet)
Seat 3: MaXiDe05 showed [Tc As] and lost with high card Ace
Seat 4: Dorex2007 folded before Flop (didn't bet)
Seat 5: HellNative folded before Flop (didn't bet)
Seat 6: pinbotani showed [Ad Qc] and won ($0.18) with a pair of Queens
Seat 8: AcesMcCoy (button) folded before Flop (didn't bet)
Seat 9: andrey_kasav (small blind) folded before Flop



PokerStars Hand #237387139903:  Hold'em No Limit ($0.01/$0.02 USD) - 2022/07/15 22:31:56 PT [2022/07/16 1:31:56 ET]
Table 'Schlutia IV' 9-max Seat #9 is the button
Seat 1: aslanturc ($1.87 in chips) 
Seat 2: alexcbobr ($2.05 in chips) 
Seat 3: MaXiDe05 ($2.46 in chips) 
Seat 4: Dorex2007 ($3.55 in chips) 
Seat 5: HellNative ($3.57 in chips) 
Seat 6: pinbotani ($2.26 in chips) 
Seat 8: AcesMcCoy ($2 in chips) 
Seat 9: andrey_kasav ($1.93 in chips) 
aslanturc: posts small blind $0.01
alexcbobr: posts big blind $0.02
*** HOLE CARDS ***
Dealt to Dorex2007 [Ah Kd]
MaXiDe05 has timed out
MaXiDe05: folds 
Dorex2007: raises $0.04 to $0.06
HellNative: folds 
pinbotani: folds 
AcesMcCoy: calls $0.06
andrey_kasav: raises $0.29 to $0.35
aslanturc: folds 
alexcbobr: folds 
Dorex2007: folds 
AcesMcCoy: folds 
Uncalled bet ($0.29) returned to andrey_kasav
andrey_kasav collected $0.21 from pot
*** SUMMARY ***
Total pot $0.21 | Rake $0 
Seat 1: aslanturc (small blind) folded before Flop
Seat 2: alexcbobr (big blind) folded before Flop
Seat 3: MaXiDe05 folded before Flop (didn't bet)
Seat 4: Dorex2007 folded before Flop
Seat 5: HellNative folded before Flop (didn't bet)
Seat 6: pinbotani folded before Flop (didn't bet)
Seat 8: AcesMcCoy folded before Flop
Seat 9: andrey_kasav (button) collected ($0.21)



PokerStars Hand #237387144927:  Hold'em No Limit ($0.01/$0.02 USD) - 2022/07/15 22:32:36 PT [2022/07/16 1:32:36 ET]
Table 'Schlutia IV' 9-max Seat #1 is the button
Seat 1: aslanturc ($1.86 in chips) 
Seat 2: alexcbobr ($2.03 in chips) 
Seat 3: MaXiDe05 ($2.46 in chips) 
Seat 4: Dorex2007 ($3.49 in chips) 
Seat 5: HellNative ($3.57 in chips) 
Seat 6: pinbotani ($2.26 in chips) 
Seat 8: AcesMcCoy ($2 in chips) 
Seat 9: andrey_kasav ($2.08 in chips) 
alexcbobr: posts small blind $0.01
MaXiDe05: posts big blind $0.02
*** HOLE CARDS ***
Dealt to Dorex2007 [6h Qc]
Dorex2007: folds 
HellNative: folds 
pinbotani: folds 
AcesMcCoy: raises $0.04 to $0.06
andrey_kasav: folds 
aslanturc: folds 
alexcbobr: folds 
MaXiDe05: folds 
Uncalled bet ($0.04) returned to AcesMcCoy
AcesMcCoy collected $0.05 from pot
*** SUMMARY ***
Total pot $0.05 | Rake $0 
Seat 1: aslanturc (button) folded before Flop (didn't bet)
Seat 2: alexcbobr (small blind) folded before Flop
Seat 3: MaXiDe05 (big blind) folded before Flop
Seat 4: Dorex2007 folded before Flop (didn't bet)
Seat 5: HellNative folded before Flop (didn't bet)
Seat 6: pinbotani folded before Flop (didn't bet)
Seat 8: AcesMcCoy collected ($0.05)
Seat 9: andrey_kasav folded before Flop (didn't bet)



PokerStars Hand #237387153460:  Hold'em No Limit ($0.01/$0.02 USD) - 2022/07/15 22:33:05 PT [2022/07/16 1:33:05 ET]
Table 'Schlutia IV' 9-max Seat #2 is the button
Seat 2: alexcbobr ($2.02 in chips) 
Seat 3: MaXiDe05 ($2.44 in chips) 
Seat 4: Dorex2007 ($3.49 in chips) 
Seat 5: HellNative ($3.57 in chips) 
Seat 6: pinbotani ($2.26 in chips) 
Seat 8: AcesMcCoy ($2.03 in chips) 
Seat 9: andrey_kasav ($2.08 in chips) 
MaXiDe05: posts small blind $0.01
Dorex2007: posts big blind $0.02
*** HOLE CARDS ***
Dealt to Dorex2007 [4s Ks]
aslanturc leaves the table
HellNative: folds 
pinbotani: folds 
AcesMcCoy: folds 
andrey_kasav: folds 
alexcbobr: folds 
MaXiDe05: calls $0.01
Dorex2007: checks 
*** FLOP *** [8d 8s 2c]
MaXiDe05: checks 
Dorex2007: checks 
*** TURN *** [8d 8s 2c] [5d]
MaXiDe05: checks 
Dorex2007: checks 
*** RIVER *** [8d 8s 2c 5d] [6d]
MaXiDe05: checks 
Dorex2007: bets $0.03
MaXiDe05: folds 
Uncalled bet ($0.03) returned to Dorex2007
Dorex2007 collected $0.04 from pot
*** SUMMARY ***
Total pot $0.04 | Rake $0 
Board [8d 8s 2c 5d 6d]
Seat 2: alexcbobr (button) folded before Flop (didn't bet)
Seat 3: MaXiDe05 (small blind) folded on the River
Seat 4: Dorex2007 (big blind) collected ($0.04)
Seat 5: HellNative folded before Flop (didn't bet)
Seat 6: pinbotani folded before Flop (didn't bet)
Seat 8: AcesMcCoy folded before Flop (didn't bet)
Seat 9: andrey_kasav folded before Flop (didn't bet)



PokerStars Hand #237387162266:  Hold'em No Limit ($0.01/$0.02 USD) - 2022/07/15 22:34:16 PT [2022/07/16 1:34:16 ET]
Table 'Schlutia IV' 9-max Seat #3 is the button
Seat 2: alexcbobr ($2.02 in chips) 
Seat 3: MaXiDe05 ($2.42 in chips) 
Seat 4: Dorex2007 ($3.51 in chips) 
Seat 5: HellNative ($3.57 in chips) 
Seat 6: pinbotani ($2.26 in chips) 
Seat 7: *VM*727 ($1.48 in chips) 
Seat 8: AcesMcCoy ($2.03 in chips) 
Seat 9: andrey_kasav ($2.08 in chips) 
Dorex2007: posts small blind $0.01
HellNative: posts big blind $0.02
*** HOLE CARDS ***
Dealt to Dorex2007 [4c 4d]
pinbotani: folds 
*VM*727: calls $0.02
AcesMcCoy: folds 
andrey_kasav: folds 
alexcbobr: folds 
MaXiDe05: calls $0.02
Dorex2007: calls $0.01
HellNative: raises $0.11 to $0.13
*VM*727: folds 
MaXiDe05: folds 
Dorex2007: folds 
Uncalled bet ($0.11) returned to HellNative
HellNative collected $0.08 from pot
*** SUMMARY ***
Total pot $0.08 | Rake $0 
Seat 2: alexcbobr folded before Flop (didn't bet)
Seat 3: MaXiDe05 (button) folded before Flop
Seat 4: Dorex2007 (small blind) folded before Flop
Seat 5: HellNative (big blind) collected ($0.08)
Seat 6: pinbotani folded before Flop (didn't bet)
Seat 7: *VM*727 folded before Flop
Seat 8: AcesMcCoy folded before Flop (didn't bet)
Seat 9: andrey_kasav folded before Flop (didn't bet)



PokerStars Hand #237387166067:  Hold'em No Limit ($0.01/$0.02 USD) - 2022/07/15 22:34:46 PT [2022/07/16 1:34:46 ET]
Table 'Schlutia IV' 9-max Seat #4 is the button
Seat 2: alexcbobr ($2.02 in chips) 
Seat 3: MaXiDe05 ($2.40 in chips) 
Seat 4: Dorex2007 ($3.49 in chips) 
Seat 5: HellNative ($3.63 in chips) 
Seat 6: pinbotani ($2.26 in chips) 
Seat 7: *VM*727 ($1.46 in chips) 
Seat 8: AcesMcCoy ($2.03 in chips) 
Seat 9: andrey_kasav ($2.08 in chips) 
HellNative: posts small blind $0.01
pinbotani: posts big blind $0.02
*** HOLE CARDS ***
Dealt to Dorex2007 [4c 3s]
*VM*727: folds 
AcesMcCoy: raises $0.04 to $0.06
andrey_kasav: folds 
alexcbobr: folds 
MaXiDe05 has timed out
MaXiDe05: folds 
Dorex2007: folds 
HellNative: folds 
pinbotani: raises $0.13 to $0.19
AcesMcCoy: folds 
Uncalled bet ($0.13) returned to pinbotani
pinbotani collected $0.13 from pot
*** SUMMARY ***
Total pot $0.13 | Rake $0 
Seat 2: alexcbobr folded before Flop (didn't bet)
Seat 3: MaXiDe05 folded before Flop (didn't bet)
Seat 4: Dorex2007 (button) folded before Flop (didn't bet)
Seat 5: HellNative (small blind) folded before Flop
Seat 6: pinbotani (big blind) collected ($0.13)
Seat 7: *VM*727 folded before Flop (didn't bet)
Seat 8: AcesMcCoy folded before Flop
Seat 9: andrey_kasav folded before Flop (didn't bet)



PokerStars Hand #237387172297:  Hold'em No Limit ($0.01/$0.02 USD) - 2022/07/15 22:35:35 PT [2022/07/16 1:35:35 ET]
Table 'Schlutia IV' 9-max Seat #5 is the button
Seat 2: alexcbobr ($2.02 in chips) 
Seat 3: MaXiDe05 ($2.40 in chips) 
Seat 4: Dorex2007 ($3.49 in chips) 
Seat 5: HellNative ($3.62 in chips) 
Seat 6: pinbotani ($2.33 in chips) 
Seat 7: *VM*727 ($1.46 in chips) 
Seat 8: AcesMcCoy ($2 in chips) 
Seat 9: andrey_kasav ($2.08 in chips) 
pinbotani: posts small blind $0.01
*VM*727: posts big blind $0.02
*** HOLE CARDS ***
Dealt to Dorex2007 [As 4s]
AcesMcCoy: raises $0.04 to $0.06
andrey_kasav: folds 
alexcbobr: folds 
MaXiDe05 has timed out
MaXiDe05: folds 
Dorex2007: folds 
HellNative: folds 
pinbotani: folds 
*VM*727: folds 
Uncalled bet ($0.04) returned to AcesMcCoy
AcesMcCoy collected $0.05 from pot
*** SUMMARY ***
Total pot $0.05 | Rake $0 
Seat 2: alexcbobr folded before Flop (didn't bet)
Seat 3: MaXiDe05 folded before Flop (didn't bet)
Seat 4: Dorex2007 folded before Flop (didn't bet)
Seat 5: HellNative (button) folded before Flop (didn't bet)
Seat 6: pinbotani (small blind) folded before Flop
Seat 7: *VM*727 (big blind) folded before Flop
Seat 8: AcesMcCoy collected ($0.05)
Seat 9: andrey_kasav folded before Flop (didn't bet)



PokerStars Hand #237387175912:  Hold'em No Limit ($0.01/$0.02 USD) - 2022/07/15 22:36:04 PT [2022/07/16 1:36:04 ET]
Table 'Schlutia IV' 9-max Seat #6 is the button
Seat 2: alexcbobr ($2.02 in chips) 
Seat 3: MaXiDe05 ($2.40 in chips) 
Seat 4: Dorex2007 ($3.49 in chips) 
Seat 5: HellNative ($3.62 in chips) 
Seat 6: pinbotani ($2.32 in chips) 
Seat 7: *VM*727 ($1.44 in chips) 
Seat 8: AcesMcCoy ($2.03 in chips) 
Seat 9: andrey_kasav ($2.08 in chips) 
*VM*727: posts small blind $0.01
AcesMcCoy: posts big blind $0.02
*** HOLE CARDS ***
Dealt to Dorex2007 [Qs 9s]
andrey_kasav: folds 
alexcbobr: folds 
MaXiDe05: calls $0.02
Dorex2007: folds 
HellNative: folds 
pinbotani: folds 
*VM*727: calls $0.01
AcesMcCoy: checks 
*** FLOP *** [Js Th As]
*VM*727: checks 
AcesMcCoy: checks 
MaXiDe05: checks 
*** TURN *** [Js Th As] [4s]
*VM*727: checks 
AcesMcCoy: checks 
MaXiDe05: checks 
*** RIVER *** [Js Th As 4s] [6d]
*VM*727: bets $0.02
AcesMcCoy: folds 
MaXiDe05: calls $0.02
*** SHOW DOWN ***
*VM*727: shows [Jc 5s] (a pair of Jacks)
MaXiDe05: mucks hand 
*VM*727 collected $0.10 from pot
*** SUMMARY ***
Total pot $0.10 | Rake $0 
Board [Js Th As 4s 6d]
Seat 2: alexcbobr folded before Flop (didn't bet)
Seat 3: MaXiDe05 mucked [6s 7c]
Seat 4: Dorex2007 folded before Flop (didn't bet)
Seat 5: HellNative folded before Flop (didn't bet)
Seat 6: pinbotani (button) folded before Flop (didn't bet)
Seat 7: *VM*727 (small blind) showed [Jc 5s] and won ($0.10) with a pair of Jacks
Seat 8: AcesMcCoy (big blind) folded on the River
Seat 9: andrey_kasav folded before Flop (didn't bet)



PokerStars Hand #237387182875:  Hold'em No Limit ($0.01/$0.02 USD) - 2022/07/15 22:36:59 PT [2022/07/16 1:36:59 ET]
Table 'Schlutia IV' 9-max Seat #7 is the button
Seat 2: alexcbobr ($2.02 in chips) 
Seat 3: MaXiDe05 ($2.36 in chips) 
Seat 4: Dorex2007 ($3.49 in chips) 
Seat 5: HellNative ($3.62 in chips) 
Seat 6: pinbotani ($2.32 in chips) 
Seat 7: *VM*727 ($1.50 in chips) 
Seat 8: AcesMcCoy ($2.01 in chips) 
Seat 9: andrey_kasav ($2.08 in chips) 
AcesMcCoy: posts small blind $0.01
andrey_kasav: posts big blind $0.02
*** HOLE CARDS ***
Dealt to Dorex2007 [Jh 3h]
alexcbobr: folds 
abuayman1 joins the table at seat #1 
MaXiDe05: raises $0.02 to $0.04
Dorex2007: folds 
HellNative: folds 
pinbotani: folds 
*VM*727: folds 
AcesMcCoy: folds 
andrey_kasav: calls $0.02
*** FLOP *** [Kd 9s Js]
andrey_kasav: checks 
MaXiDe05: bets $0.04
andrey_kasav: raises $0.10 to $0.14
MaXiDe05: folds 
Uncalled bet ($0.10) returned to andrey_kasav
andrey_kasav collected $0.16 from pot
*** SUMMARY ***
Total pot $0.17 | Rake $0.01 
Board [Kd 9s Js]
Seat 2: alexcbobr folded before Flop (didn't bet)
Seat 3: MaXiDe05 folded on the Flop
Seat 4: Dorex2007 folded before Flop (didn't bet)
Seat 5: HellNative folded before Flop (didn't bet)
Seat 6: pinbotani folded before Flop (didn't bet)
Seat 7: *VM*727 (button) folded before Flop (didn't bet)
Seat 8: AcesMcCoy (small blind) folded before Flop
Seat 9: andrey_kasav (big blind) collected ($0.16)



