PokerStars Hand #238031286549:  Hold'em No Limit ($0.01/$0.02 USD) - 2022/08/16 13:16:34 PT [2022/08/16 16:16:34 ET]
Table 'McMath II' 9-max Seat #9 is the button
Seat 1: Sr ÁviIa ($1.07 in chips) 
Seat 2: ltdluck ($3.99 in chips) 
Seat 3: alicetolapis ($1.12 in chips) 
Seat 4: mathplayer ($0.87 in chips) 
Seat 5: systox ($2.18 in chips) 
Seat 6: MandoopB ($2.32 in chips) 
Seat 7: donramon9 ($1.44 in chips) 
Seat 8: Dorex2007 ($2 in chips) 
Seat 9: olioli264 ($2.10 in chips) 
Sr ÁviIa: posts small blind $0.01
ltdluck: posts big blind $0.02
Dorex2007: posts big blind $0.02
*** HOLE CARDS ***
Dealt to Dorex2007 [6d Td]
alicetolapis: folds 
mathplayer: folds 
systox: folds 
MandoopB: folds 
donramon9: folds 
Dorex2007: checks 
olioli264: folds 
Sr ÁviIa: folds 
ltdluck: checks 
*** FLOP *** [Ks 4d Jh]
ltdluck: bets $0.10
Dorex2007: folds 
Uncalled bet ($0.10) returned to ltdluck
ltdluck collected $0.05 from pot
*** SUMMARY ***
Total pot $0.05 | Rake $0 
Board [Ks 4d Jh]
Seat 1: Sr ÁviIa (small blind) folded before Flop
Seat 2: ltdluck (big blind) collected ($0.05)
Seat 3: alicetolapis folded before Flop (didn't bet)
Seat 4: mathplayer folded before Flop (didn't bet)
Seat 5: systox folded before Flop (didn't bet)
Seat 6: MandoopB folded before Flop (didn't bet)
Seat 7: donramon9 folded before Flop (didn't bet)
Seat 8: Dorex2007 folded on the Flop (didn't bet)
Seat 9: olioli264 (button) folded before Flop (didn't bet)



PokerStars Hand #238031297357:  Hold'em No Limit ($0.01/$0.02 USD) - 2022/08/16 13:17:02 PT [2022/08/16 16:17:02 ET]
Table 'McMath II' 9-max Seat #1 is the button
Seat 1: Sr ÁviIa ($1.06 in chips) 
Seat 2: ltdluck ($4.02 in chips) 
Seat 3: alicetolapis ($1.12 in chips) 
Seat 4: mathplayer ($0.87 in chips) 
Seat 5: systox ($2.18 in chips) 
Seat 6: MandoopB ($2.32 in chips) 
Seat 7: donramon9 ($1.44 in chips) 
Seat 8: Dorex2007 ($2 in chips) 
Seat 9: olioli264 ($2.10 in chips) 
ltdluck: posts small blind $0.01
alicetolapis: posts big blind $0.02
*** HOLE CARDS ***
Dealt to Dorex2007 [7c 6d]
mathplayer: folds 
systox: folds 
MandoopB: folds 
donramon9: folds 
Dorex2007: folds 
olioli264: folds 
Sr ÁviIa: folds 
ltdluck: folds 
Uncalled bet ($0.01) returned to alicetolapis
alicetolapis collected $0.02 from pot
alicetolapis: doesn't show hand 
*** SUMMARY ***
Total pot $0.02 | Rake $0 
Seat 1: Sr ÁviIa (button) folded before Flop (didn't bet)
Seat 2: ltdluck (small blind) folded before Flop
Seat 3: alicetolapis (big blind) collected ($0.02)
Seat 4: mathplayer folded before Flop (didn't bet)
Seat 5: systox folded before Flop (didn't bet)
Seat 6: MandoopB folded before Flop (didn't bet)
Seat 7: donramon9 folded before Flop (didn't bet)
Seat 8: Dorex2007 folded before Flop (didn't bet)
Seat 9: olioli264 folded before Flop (didn't bet)



PokerStars Hand #238031303954:  Hold'em No Limit ($0.01/$0.02 USD) - 2022/08/16 13:17:19 PT [2022/08/16 16:17:19 ET]
Table 'McMath II' 9-max Seat #2 is the button
Seat 1: Sr ÁviIa ($1.06 in chips) 
Seat 2: ltdluck ($4.01 in chips) 
Seat 3: alicetolapis ($1.13 in chips) 
Seat 4: mathplayer ($0.87 in chips) 
Seat 5: systox ($2.18 in chips) 
Seat 6: MandoopB ($2.32 in chips) 
Seat 7: donramon9 ($1.44 in chips) 
Seat 8: Dorex2007 ($2 in chips) 
Seat 9: olioli264 ($2.10 in chips) 
alicetolapis: posts small blind $0.01
mathplayer: posts big blind $0.02
*** HOLE CARDS ***
Dealt to Dorex2007 [2c 5h]
systox: raises $0.04 to $0.06
MandoopB: folds 
donramon9: folds 
Dorex2007: folds 
olioli264: calls $0.06
Sr ÁviIa: folds 
ltdluck: folds 
alicetolapis: raises $0.06 to $0.12
mathplayer: folds 
systox: calls $0.06
olioli264: calls $0.06
*** FLOP *** [7c 8d Jd]
alicetolapis: bets $0.18
systox: folds 
olioli264: folds 
Uncalled bet ($0.18) returned to alicetolapis
alicetolapis collected $0.37 from pot
alicetolapis: doesn't show hand 
*** SUMMARY ***
Total pot $0.38 | Rake $0.01 
Board [7c 8d Jd]
Seat 1: Sr ÁviIa folded before Flop (didn't bet)
Seat 2: ltdluck (button) folded before Flop (didn't bet)
Seat 3: alicetolapis (small blind) collected ($0.37)
Seat 4: mathplayer (big blind) folded before Flop
Seat 5: systox folded on the Flop
Seat 6: MandoopB folded before Flop (didn't bet)
Seat 7: donramon9 folded before Flop (didn't bet)
Seat 8: Dorex2007 folded before Flop (didn't bet)
Seat 9: olioli264 folded on the Flop



PokerStars Hand #238031320430:  Hold'em No Limit ($0.01/$0.02 USD) - 2022/08/16 13:18:01 PT [2022/08/16 16:18:01 ET]
Table 'McMath II' 9-max Seat #3 is the button
Seat 1: Sr ÁviIa ($1.06 in chips) 
Seat 2: ltdluck ($4.01 in chips) 
Seat 3: alicetolapis ($1.38 in chips) 
Seat 4: mathplayer ($0.85 in chips) 
Seat 6: MandoopB ($2.32 in chips) 
Seat 7: donramon9 ($1.44 in chips) 
Seat 8: Dorex2007 ($2 in chips) 
Seat 9: olioli264 ($1.98 in chips) 
mathplayer: posts small blind $0.01
systox: is sitting out 
MandoopB: posts big blind $0.02
*** HOLE CARDS ***
Dealt to Dorex2007 [3d Ks]
donramon9: raises $1.42 to $1.44 and is all-in
Dorex2007: folds 
olioli264: folds 
Sr ÁviIa: folds 
ltdluck: folds 
alicetolapis: folds 
mathplayer: folds 
MandoopB: folds 
Uncalled bet ($1.42) returned to donramon9
donramon9 collected $0.05 from pot
*** SUMMARY ***
Total pot $0.05 | Rake $0 
Seat 1: Sr ÁviIa folded before Flop (didn't bet)
Seat 2: ltdluck folded before Flop (didn't bet)
Seat 3: alicetolapis (button) folded before Flop (didn't bet)
Seat 4: mathplayer (small blind) folded before Flop
Seat 6: MandoopB (big blind) folded before Flop
Seat 7: donramon9 collected ($0.05)
Seat 8: Dorex2007 folded before Flop (didn't bet)
Seat 9: olioli264 folded before Flop (didn't bet)



PokerStars Hand #238031328802:  Hold'em No Limit ($0.01/$0.02 USD) - 2022/08/16 13:18:23 PT [2022/08/16 16:18:23 ET]
Table 'McMath II' 9-max Seat #4 is the button
Seat 1: Sr ÁviIa ($1.06 in chips) 
Seat 2: ltdluck ($4.01 in chips) 
Seat 3: alicetolapis ($1.38 in chips) 
Seat 4: mathplayer ($0.84 in chips) 
Seat 6: MandoopB ($2.30 in chips) 
Seat 7: donramon9 ($1.47 in chips) 
Seat 8: Dorex2007 ($2 in chips) 
Seat 9: olioli264 ($1.98 in chips) 
MandoopB: posts small blind $0.01
donramon9: posts big blind $0.02
*** HOLE CARDS ***
Dealt to Dorex2007 [Kd 8d]
Dorex2007: folds 
olioli264: calls $0.02
Sr ÁviIa: raises $0.10 to $0.12
ltdluck: folds 
alicetolapis: folds 
mathplayer: folds 
MandoopB: folds 
donramon9: folds 
olioli264: folds 
Uncalled bet ($0.10) returned to Sr ÁviIa
Sr ÁviIa collected $0.07 from pot
Sr ÁviIa: doesn't show hand 
*** SUMMARY ***
Total pot $0.07 | Rake $0 
Seat 1: Sr ÁviIa collected ($0.07)
Seat 2: ltdluck folded before Flop (didn't bet)
Seat 3: alicetolapis folded before Flop (didn't bet)
Seat 4: mathplayer (button) folded before Flop (didn't bet)
Seat 6: MandoopB (small blind) folded before Flop
Seat 7: donramon9 (big blind) folded before Flop
Seat 8: Dorex2007 folded before Flop (didn't bet)
Seat 9: olioli264 folded before Flop



PokerStars Hand #238031337243:  Hold'em No Limit ($0.01/$0.02 USD) - 2022/08/16 13:18:44 PT [2022/08/16 16:18:44 ET]
Table 'McMath II' 9-max Seat #6 is the button
Seat 1: Sr ÁviIa ($1.11 in chips) 
Seat 2: ltdluck ($4.01 in chips) 
Seat 3: alicetolapis ($1.38 in chips) 
Seat 4: mathplayer ($0.84 in chips) 
Seat 6: MandoopB ($2.29 in chips) 
Seat 7: donramon9 ($1.45 in chips) 
Seat 8: Dorex2007 ($2 in chips) 
Seat 9: olioli264 ($1.96 in chips) 
donramon9: posts small blind $0.01
Dorex2007: posts big blind $0.02
*** HOLE CARDS ***
Dealt to Dorex2007 [3h Kc]
olioli264: folds 
Sr ÁviIa: folds 
ltdluck: folds 
alicetolapis: folds 
mathplayer: folds 
MandoopB: folds 
donramon9: folds 
Uncalled bet ($0.01) returned to Dorex2007
Dorex2007 collected $0.02 from pot
Dorex2007: doesn't show hand 
*** SUMMARY ***
Total pot $0.02 | Rake $0 
Seat 1: Sr ÁviIa folded before Flop (didn't bet)
Seat 2: ltdluck folded before Flop (didn't bet)
Seat 3: alicetolapis folded before Flop (didn't bet)
Seat 4: mathplayer folded before Flop (didn't bet)
Seat 6: MandoopB (button) folded before Flop (didn't bet)
Seat 7: donramon9 (small blind) folded before Flop
Seat 8: Dorex2007 (big blind) collected ($0.02)
Seat 9: olioli264 folded before Flop (didn't bet)



PokerStars Hand #238031346541:  Hold'em No Limit ($0.01/$0.02 USD) - 2022/08/16 13:19:08 PT [2022/08/16 16:19:08 ET]
Table 'McMath II' 9-max Seat #7 is the button
Seat 1: Sr ÁviIa ($1.11 in chips) 
Seat 2: ltdluck ($4.01 in chips) 
Seat 3: alicetolapis ($1.38 in chips) 
Seat 4: mathplayer ($0.84 in chips) 
Seat 6: MandoopB ($2.29 in chips) 
Seat 7: donramon9 ($1.44 in chips) 
Seat 8: Dorex2007 ($2.01 in chips) 
Seat 9: olioli264 ($1.96 in chips) 
Dorex2007: posts small blind $0.01
olioli264: posts big blind $0.02
*** HOLE CARDS ***
Dealt to Dorex2007 [Qd Ks]
Sr ÁviIa: raises $0.04 to $0.06
ltdluck: folds 
alicetolapis: folds 
mathplayer: folds 
MandoopB: folds 
donramon9: folds 
Dorex2007: calls $0.05
olioli264: calls $0.04
*** FLOP *** [2h 3s 8h]
Dorex2007: checks 
olioli264: checks 
Sr ÁviIa: checks 
*** TURN *** [2h 3s 8h] [5c]
Dorex2007: checks 
systox leaves the table
olioli264: checks 
Sr ÁviIa: checks 
*** RIVER *** [2h 3s 8h 5c] [Ah]
kAiba109 joins the table at seat #5 
Dorex2007: bets $0.08
olioli264: calls $0.08
Sr ÁviIa: folds 
*** SHOW DOWN ***
Dorex2007: shows [Qd Ks] (high card Ace)
olioli264: shows [As Kd] (a pair of Aces)
olioli264 collected $0.33 from pot
*** SUMMARY ***
Total pot $0.34 | Rake $0.01 
Board [2h 3s 8h 5c Ah]
Seat 1: Sr ÁviIa folded on the River
Seat 2: ltdluck folded before Flop (didn't bet)
Seat 3: alicetolapis folded before Flop (didn't bet)
Seat 4: mathplayer folded before Flop (didn't bet)
Seat 6: MandoopB folded before Flop (didn't bet)
Seat 7: donramon9 (button) folded before Flop (didn't bet)
Seat 8: Dorex2007 (small blind) showed [Qd Ks] and lost with high card Ace
Seat 9: olioli264 (big blind) showed [As Kd] and won ($0.33) with a pair of Aces



PokerStars Hand #238031367874:  Hold'em No Limit ($0.01/$0.02 USD) - 2022/08/16 13:20:03 PT [2022/08/16 16:20:03 ET]
Table 'McMath II' 9-max Seat #8 is the button
Seat 1: Sr ÁviIa ($1.05 in chips) 
Seat 2: ltdluck ($4.01 in chips) 
Seat 3: alicetolapis ($1.38 in chips) 
Seat 4: mathplayer ($0.84 in chips) 
Seat 5: kAiba109 ($0.80 in chips) 
Seat 6: MandoopB ($2.29 in chips) 
Seat 7: donramon9 ($1.44 in chips) 
Seat 8: Dorex2007 ($2 in chips) 
Seat 9: olioli264 ($2.15 in chips) 
olioli264: posts small blind $0.01
Sr ÁviIa: posts big blind $0.02
kAiba109: posts big blind $0.02
*** HOLE CARDS ***
Dealt to Dorex2007 [Tc Jd]
ltdluck: folds 
alicetolapis: folds 
mathplayer: folds 
kAiba109: raises $0.04 to $0.06
MandoopB: folds 
donramon9: folds 
Dorex2007: folds 
olioli264: folds 
Sr ÁviIa: folds 
Uncalled bet ($0.04) returned to kAiba109
kAiba109 collected $0.05 from pot
*** SUMMARY ***
Total pot $0.05 | Rake $0 
Seat 1: Sr ÁviIa (big blind) folded before Flop
Seat 2: ltdluck folded before Flop (didn't bet)
Seat 3: alicetolapis folded before Flop (didn't bet)
Seat 4: mathplayer folded before Flop (didn't bet)
Seat 5: kAiba109 collected ($0.05)
Seat 6: MandoopB folded before Flop (didn't bet)
Seat 7: donramon9 folded before Flop (didn't bet)
Seat 8: Dorex2007 (button) folded before Flop (didn't bet)
Seat 9: olioli264 (small blind) folded before Flop



PokerStars Hand #238031375542:  Hold'em No Limit ($0.01/$0.02 USD) - 2022/08/16 13:20:23 PT [2022/08/16 16:20:23 ET]
Table 'McMath II' 9-max Seat #9 is the button
Seat 1: Sr ÁviIa ($1.03 in chips) 
Seat 2: ltdluck ($4.01 in chips) 
Seat 3: alicetolapis ($1.38 in chips) 
Seat 4: mathplayer ($0.84 in chips) 
Seat 5: kAiba109 ($0.83 in chips) 
Seat 6: MandoopB ($2.29 in chips) 
Seat 7: donramon9 ($1.44 in chips) 
Seat 8: Dorex2007 ($2 in chips) 
Seat 9: olioli264 ($2.14 in chips) 
Sr ÁviIa: posts small blind $0.01
ltdluck: posts big blind $0.02
*** HOLE CARDS ***
Dealt to Dorex2007 [8c 5h]
alicetolapis: folds 
mathplayer: folds 
kAiba109: folds 
MandoopB: folds 
donramon9: folds 
Dorex2007: folds 
olioli264: folds 
Sr ÁviIa: folds 
Uncalled bet ($0.01) returned to ltdluck
ltdluck collected $0.02 from pot
*** SUMMARY ***
Total pot $0.02 | Rake $0 
Seat 1: Sr ÁviIa (small blind) folded before Flop
Seat 2: ltdluck (big blind) collected ($0.02)
Seat 3: alicetolapis folded before Flop (didn't bet)
Seat 4: mathplayer folded before Flop (didn't bet)
Seat 5: kAiba109 folded before Flop (didn't bet)
Seat 6: MandoopB folded before Flop (didn't bet)
Seat 7: donramon9 folded before Flop (didn't bet)
Seat 8: Dorex2007 folded before Flop (didn't bet)
Seat 9: olioli264 (button) folded before Flop (didn't bet)



PokerStars Hand #238031379777:  Hold'em No Limit ($0.01/$0.02 USD) - 2022/08/16 13:20:33 PT [2022/08/16 16:20:33 ET]
Table 'McMath II' 9-max Seat #1 is the button
Seat 1: Sr ÁviIa ($1.02 in chips) 
Seat 2: ltdluck ($4.02 in chips) 
Seat 3: alicetolapis ($1.38 in chips) 
Seat 4: mathplayer ($0.84 in chips) 
Seat 5: kAiba109 ($0.83 in chips) 
Seat 6: MandoopB ($2.29 in chips) 
Seat 7: donramon9 ($1.44 in chips) 
Seat 8: Dorex2007 ($2 in chips) 
Seat 9: olioli264 ($2.14 in chips) 
ltdluck: posts small blind $0.01
alicetolapis: posts big blind $0.02
*** HOLE CARDS ***
Dealt to Dorex2007 [9h Td]
mathplayer: folds 
kAiba109: folds 
MandoopB: folds 
donramon9: folds 
Dorex2007: folds 
olioli264: folds 
Sr ÁviIa: folds 
ltdluck: folds 
Uncalled bet ($0.01) returned to alicetolapis
alicetolapis collected $0.02 from pot
alicetolapis: doesn't show hand 
*** SUMMARY ***
Total pot $0.02 | Rake $0 
Seat 1: Sr ÁviIa (button) folded before Flop (didn't bet)
Seat 2: ltdluck (small blind) folded before Flop
Seat 3: alicetolapis (big blind) collected ($0.02)
Seat 4: mathplayer folded before Flop (didn't bet)
Seat 5: kAiba109 folded before Flop (didn't bet)
Seat 6: MandoopB folded before Flop (didn't bet)
Seat 7: donramon9 folded before Flop (didn't bet)
Seat 8: Dorex2007 folded before Flop (didn't bet)
Seat 9: olioli264 folded before Flop (didn't bet)



PokerStars Hand #238031384929:  Hold'em No Limit ($0.01/$0.02 USD) - 2022/08/16 13:20:47 PT [2022/08/16 16:20:47 ET]
Table 'McMath II' 9-max Seat #2 is the button
Seat 1: Sr ÁviIa ($1.02 in chips) 
Seat 2: ltdluck ($4.01 in chips) 
Seat 3: alicetolapis ($1.39 in chips) 
Seat 4: mathplayer ($0.84 in chips) 
Seat 5: kAiba109 ($0.83 in chips) 
Seat 6: MandoopB ($2.29 in chips) 
Seat 7: donramon9 ($1.44 in chips) 
Seat 8: Dorex2007 ($2 in chips) 
Seat 9: olioli264 ($2.14 in chips) 
alicetolapis: posts small blind $0.01
mathplayer: posts big blind $0.02
*** HOLE CARDS ***
Dealt to Dorex2007 [9h 6c]
kAiba109: folds 
MandoopB: folds 
donramon9: folds 
Dorex2007: folds 
olioli264: calls $0.02
Sr ÁviIa: folds 
ltdluck: raises $0.06 to $0.08
alicetolapis: folds 
mathplayer: folds 
olioli264: calls $0.06
*** FLOP *** [Jc As 3s]
olioli264: checks 
ltdluck: bets $0.12
olioli264: folds 
Uncalled bet ($0.12) returned to ltdluck
ltdluck collected $0.18 from pot
*** SUMMARY ***
Total pot $0.19 | Rake $0.01 
Board [Jc As 3s]
Seat 1: Sr ÁviIa folded before Flop (didn't bet)
Seat 2: ltdluck (button) collected ($0.18)
Seat 3: alicetolapis (small blind) folded before Flop
Seat 4: mathplayer (big blind) folded before Flop
Seat 5: kAiba109 folded before Flop (didn't bet)
Seat 6: MandoopB folded before Flop (didn't bet)
Seat 7: donramon9 folded before Flop (didn't bet)
Seat 8: Dorex2007 folded before Flop (didn't bet)
Seat 9: olioli264 folded on the Flop



PokerStars Hand #238031398409:  Hold'em No Limit ($0.01/$0.02 USD) - 2022/08/16 13:21:22 PT [2022/08/16 16:21:22 ET]
Table 'McMath II' 9-max Seat #3 is the button
Seat 1: Sr ÁviIa ($1.02 in chips) 
Seat 2: ltdluck ($4.11 in chips) 
Seat 3: alicetolapis ($1.38 in chips) 
Seat 4: mathplayer ($0.82 in chips) 
Seat 5: kAiba109 ($0.83 in chips) 
Seat 6: MandoopB ($2.29 in chips) 
Seat 7: donramon9 ($1.44 in chips) 
Seat 8: Dorex2007 ($2 in chips) 
Seat 9: olioli264 ($2.06 in chips) 
mathplayer: posts small blind $0.01
kAiba109: posts big blind $0.02
*** HOLE CARDS ***
Dealt to Dorex2007 [7h 2h]
MandoopB: folds 
donramon9: folds 
Dorex2007: folds 
olioli264: folds 
Sr ÁviIa: folds 
ltdluck: raises $0.02 to $0.04
alicetolapis: folds 
mathplayer: folds 
kAiba109: folds 
Uncalled bet ($0.02) returned to ltdluck
ltdluck collected $0.05 from pot
*** SUMMARY ***
Total pot $0.05 | Rake $0 
Seat 1: Sr ÁviIa folded before Flop (didn't bet)
Seat 2: ltdluck collected ($0.05)
Seat 3: alicetolapis (button) folded before Flop (didn't bet)
Seat 4: mathplayer (small blind) folded before Flop
Seat 5: kAiba109 (big blind) folded before Flop
Seat 6: MandoopB folded before Flop (didn't bet)
Seat 7: donramon9 folded before Flop (didn't bet)
Seat 8: Dorex2007 folded before Flop (didn't bet)
Seat 9: olioli264 folded before Flop (didn't bet)



PokerStars Hand #238031405438:  Hold'em No Limit ($0.01/$0.02 USD) - 2022/08/16 13:21:40 PT [2022/08/16 16:21:40 ET]
Table 'McMath II' 9-max Seat #4 is the button
Seat 1: Sr ÁviIa ($1.02 in chips) 
Seat 2: ltdluck ($4.14 in chips) 
Seat 3: alicetolapis ($1.38 in chips) 
Seat 4: mathplayer ($0.81 in chips) 
Seat 5: kAiba109 ($0.81 in chips) 
Seat 6: MandoopB ($2.29 in chips) 
Seat 7: donramon9 ($1.44 in chips) 
Seat 8: Dorex2007 ($2 in chips) 
Seat 9: olioli264 ($2.06 in chips) 
kAiba109: posts small blind $0.01
MandoopB: posts big blind $0.02
*** HOLE CARDS ***
Dealt to Dorex2007 [Jd 8h]
donramon9: folds 
Dorex2007: folds 
olioli264: folds 
Sr ÁviIa: folds 
ltdluck: folds 
alicetolapis: raises $0.02 to $0.04
mathplayer: folds 
kAiba109: folds 
MandoopB: folds 
Uncalled bet ($0.02) returned to alicetolapis
alicetolapis collected $0.05 from pot
alicetolapis: doesn't show hand 
*** SUMMARY ***
Total pot $0.05 | Rake $0 
Seat 1: Sr ÁviIa folded before Flop (didn't bet)
Seat 2: ltdluck folded before Flop (didn't bet)
Seat 3: alicetolapis collected ($0.05)
Seat 4: mathplayer (button) folded before Flop (didn't bet)
Seat 5: kAiba109 (small blind) folded before Flop
Seat 6: MandoopB (big blind) folded before Flop
Seat 7: donramon9 folded before Flop (didn't bet)
Seat 8: Dorex2007 folded before Flop (didn't bet)
Seat 9: olioli264 folded before Flop (didn't bet)



PokerStars Hand #238031413497:  Hold'em No Limit ($0.01/$0.02 USD) - 2022/08/16 13:22:01 PT [2022/08/16 16:22:01 ET]
Table 'McMath II' 9-max Seat #5 is the button
Seat 1: Sr ÁviIa ($1.02 in chips) 
Seat 2: ltdluck ($4.14 in chips) 
Seat 3: alicetolapis ($1.41 in chips) 
Seat 4: mathplayer ($0.81 in chips) 
Seat 5: kAiba109 ($0.80 in chips) 
Seat 6: MandoopB ($2.27 in chips) 
Seat 7: donramon9 ($1.44 in chips) 
Seat 8: Dorex2007 ($2 in chips) 
Seat 9: olioli264 ($2.06 in chips) 
MandoopB: posts small blind $0.01
donramon9: posts big blind $0.02
*** HOLE CARDS ***
Dealt to Dorex2007 [Kd Kc]
Dorex2007: raises $0.06 to $0.08
olioli264: folds 
Sr ÁviIa: calls $0.08
ltdluck: folds 
alicetolapis: folds 
mathplayer: folds 
kAiba109: folds 
MandoopB: folds 
donramon9: folds 
*** FLOP *** [Th Qs 9c]
Dorex2007: bets $0.22
Sr ÁviIa: folds 
Uncalled bet ($0.22) returned to Dorex2007
Dorex2007 collected $0.18 from pot
Dorex2007: doesn't show hand 
*** SUMMARY ***
Total pot $0.19 | Rake $0.01 
Board [Th Qs 9c]
Seat 1: Sr ÁviIa folded on the Flop
Seat 2: ltdluck folded before Flop (didn't bet)
Seat 3: alicetolapis folded before Flop (didn't bet)
Seat 4: mathplayer folded before Flop (didn't bet)
Seat 5: kAiba109 (button) folded before Flop (didn't bet)
Seat 6: MandoopB (small blind) folded before Flop
Seat 7: donramon9 (big blind) folded before Flop
Seat 8: Dorex2007 collected ($0.18)
Seat 9: olioli264 folded before Flop (didn't bet)



PokerStars Hand #238031432768:  Hold'em No Limit ($0.01/$0.02 USD) - 2022/08/16 13:22:50 PT [2022/08/16 16:22:50 ET]
Table 'McMath II' 9-max Seat #6 is the button
Seat 1: Sr ÁviIa ($0.94 in chips) 
Seat 2: ltdluck ($4.14 in chips) 
Seat 3: alicetolapis ($1.41 in chips) 
Seat 4: mathplayer ($0.81 in chips) 
Seat 5: kAiba109 ($0.80 in chips) 
Seat 6: MandoopB ($2.26 in chips) 
Seat 7: donramon9 ($1.42 in chips) 
Seat 8: Dorex2007 ($2.10 in chips) 
Seat 9: olioli264 ($2.06 in chips) 
donramon9: posts small blind $0.01
Dorex2007: posts big blind $0.02
*** HOLE CARDS ***
Dealt to Dorex2007 [Ac 8s]
olioli264: calls $0.02
Sr ÁviIa: folds 
ltdluck: raises $0.04 to $0.06
alicetolapis: folds 
mathplayer: folds 
kAiba109: folds 
MandoopB: folds 
donramon9: folds 
Dorex2007: folds 
olioli264: calls $0.04
*** FLOP *** [7c Ah 8c]
olioli264: checks 
ltdluck: bets $0.12
olioli264: folds 
Uncalled bet ($0.12) returned to ltdluck
ltdluck collected $0.14 from pot
*** SUMMARY ***
Total pot $0.15 | Rake $0.01 
Board [7c Ah 8c]
Seat 1: Sr ÁviIa folded before Flop (didn't bet)
Seat 2: ltdluck collected ($0.14)
Seat 3: alicetolapis folded before Flop (didn't bet)
Seat 4: mathplayer folded before Flop (didn't bet)
Seat 5: kAiba109 folded before Flop (didn't bet)
Seat 6: MandoopB (button) folded before Flop (didn't bet)
Seat 7: donramon9 (small blind) folded before Flop
Seat 8: Dorex2007 (big blind) folded before Flop
Seat 9: olioli264 folded on the Flop



PokerStars Hand #238031449687:  Hold'em No Limit ($0.01/$0.02 USD) - 2022/08/16 13:23:32 PT [2022/08/16 16:23:32 ET]
Table 'McMath II' 9-max Seat #7 is the button
Seat 1: Sr ÁviIa ($0.94 in chips) 
Seat 2: ltdluck ($4.22 in chips) 
Seat 3: alicetolapis ($1.41 in chips) 
Seat 4: mathplayer ($0.81 in chips) 
Seat 5: kAiba109 ($0.80 in chips) 
Seat 6: MandoopB ($2.26 in chips) 
Seat 7: donramon9 ($1.41 in chips) 
Seat 8: Dorex2007 ($2.08 in chips) 
Seat 9: olioli264 ($2 in chips) 
Dorex2007: posts small blind $0.01
olioli264: posts big blind $0.02
*** HOLE CARDS ***
Dealt to Dorex2007 [Kd Tc]
Sr ÁviIa: folds 
ltdluck: folds 
alicetolapis: folds 
mathplayer: folds 
kAiba109: folds 
MandoopB: folds 
donramon9: raises $0.04 to $0.06
Dorex2007: calls $0.05
olioli264: folds 
*** FLOP *** [Td 7c Js]
Dorex2007: bets $0.14
donramon9: folds 
Uncalled bet ($0.14) returned to Dorex2007
Dorex2007 collected $0.14 from pot
Dorex2007: doesn't show hand 
*** SUMMARY ***
Total pot $0.14 | Rake $0 
Board [Td 7c Js]
Seat 1: Sr ÁviIa folded before Flop (didn't bet)
Seat 2: ltdluck folded before Flop (didn't bet)
Seat 3: alicetolapis folded before Flop (didn't bet)
Seat 4: mathplayer folded before Flop (didn't bet)
Seat 5: kAiba109 folded before Flop (didn't bet)
Seat 6: MandoopB folded before Flop (didn't bet)
Seat 7: donramon9 (button) folded on the Flop
Seat 8: Dorex2007 (small blind) collected ($0.14)
Seat 9: olioli264 (big blind) folded before Flop



PokerStars Hand #238031460781:  Hold'em No Limit ($0.01/$0.02 USD) - 2022/08/16 13:24:00 PT [2022/08/16 16:24:00 ET]
Table 'McMath II' 9-max Seat #8 is the button
Seat 1: Sr ÁviIa ($0.94 in chips) 
Seat 2: ltdluck ($4.22 in chips) 
Seat 3: alicetolapis ($1.41 in chips) 
Seat 4: mathplayer ($0.81 in chips) 
Seat 5: kAiba109 ($0.80 in chips) 
Seat 6: MandoopB ($2.26 in chips) 
Seat 7: donramon9 ($1.35 in chips) 
Seat 8: Dorex2007 ($2.16 in chips) 
Seat 9: olioli264 ($1.98 in chips) 
olioli264: posts small blind $0.01
Sr ÁviIa: posts big blind $0.02
*** HOLE CARDS ***
Dealt to Dorex2007 [2d Kc]
ltdluck: raises $0.02 to $0.04
alicetolapis: folds 
mathplayer: folds 
kAiba109: folds 
MandoopB: folds 
donramon9: folds 
Dorex2007: folds 
olioli264: calls $0.03
Sr ÁviIa: folds 
*** FLOP *** [Jh Th 4d]
olioli264: checks 
ltdluck: bets $0.10
olioli264: folds 
Uncalled bet ($0.10) returned to ltdluck
ltdluck collected $0.10 from pot
*** SUMMARY ***
Total pot $0.10 | Rake $0 
Board [Jh Th 4d]
Seat 1: Sr ÁviIa (big blind) folded before Flop
Seat 2: ltdluck collected ($0.10)
Seat 3: alicetolapis folded before Flop (didn't bet)
Seat 4: mathplayer folded before Flop (didn't bet)
Seat 5: kAiba109 folded before Flop (didn't bet)
Seat 6: MandoopB folded before Flop (didn't bet)
Seat 7: donramon9 folded before Flop (didn't bet)
Seat 8: Dorex2007 (button) folded before Flop (didn't bet)
Seat 9: olioli264 (small blind) folded on the Flop



PokerStars Hand #238031479369:  Hold'em No Limit ($0.01/$0.02 USD) - 2022/08/16 13:24:34 PT [2022/08/16 16:24:34 ET]
Table 'McMath II' 9-max Seat #9 is the button
Seat 1: Sr ÁviIa ($0.92 in chips) 
Seat 2: ltdluck ($4.28 in chips) 
Seat 3: alicetolapis ($1.41 in chips) 
Seat 4: mathplayer ($0.81 in chips) 
Seat 5: kAiba109 ($0.80 in chips) 
Seat 6: MandoopB ($2.26 in chips) 
Seat 7: donramon9 ($1.35 in chips) 
Seat 8: Dorex2007 ($2.16 in chips) 
Seat 9: olioli264 ($1.94 in chips) 
Sr ÁviIa: posts small blind $0.01
ltdluck: posts big blind $0.02
*** HOLE CARDS ***
Dealt to Dorex2007 [2d 9c]
alicetolapis: folds 
mathplayer: folds 
kAiba109: folds 
MandoopB: folds 
donramon9: folds 
Dorex2007: folds 
olioli264: folds 
Sr ÁviIa: calls $0.01
ltdluck: checks 
*** FLOP *** [Ac 2h 9d]
Sr ÁviIa: bets $0.04
ltdluck: calls $0.04
*** TURN *** [Ac 2h 9d] [5d]
Sr ÁviIa: bets $0.12
ltdluck: calls $0.12
*** RIVER *** [Ac 2h 9d 5d] [3h]
Sr ÁviIa: checks 
ltdluck: checks 
*** SHOW DOWN ***
Sr ÁviIa: shows [Qd Qs] (a pair of Queens)
ltdluck: shows [8s Ad] (a pair of Aces)
ltdluck collected $0.35 from pot
*** SUMMARY ***
Total pot $0.36 | Rake $0.01 
Board [Ac 2h 9d 5d 3h]
Seat 1: Sr ÁviIa (small blind) showed [Qd Qs] and lost with a pair of Queens
Seat 2: ltdluck (big blind) showed [8s Ad] and won ($0.35) with a pair of Aces
Seat 3: alicetolapis folded before Flop (didn't bet)
Seat 4: mathplayer folded before Flop (didn't bet)
Seat 5: kAiba109 folded before Flop (didn't bet)
Seat 6: MandoopB folded before Flop (didn't bet)
Seat 7: donramon9 folded before Flop (didn't bet)
Seat 8: Dorex2007 folded before Flop (didn't bet)
Seat 9: olioli264 (button) folded before Flop (didn't bet)



PokerStars Hand #238031494726:  Hold'em No Limit ($0.01/$0.02 USD) - 2022/08/16 13:25:13 PT [2022/08/16 16:25:13 ET]
Table 'McMath II' 9-max Seat #1 is the button
Seat 1: Sr ÁviIa ($0.74 in chips) 
Seat 2: ltdluck ($4.45 in chips) 
Seat 3: alicetolapis ($1.41 in chips) 
Seat 4: mathplayer ($0.81 in chips) 
Seat 5: kAiba109 ($0.80 in chips) 
Seat 6: MandoopB ($2.26 in chips) 
Seat 7: donramon9 ($1.35 in chips) 
Seat 8: Dorex2007 ($2.16 in chips) 
Seat 9: olioli264 ($1.94 in chips) 
ltdluck: posts small blind $0.01
alicetolapis: posts big blind $0.02
*** HOLE CARDS ***
Dealt to Dorex2007 [5c Qh]
mathplayer: folds 
kAiba109: folds 
MandoopB: folds 
donramon9: folds 
Dorex2007: folds 
olioli264: folds 
Sr ÁviIa: raises $0.04 to $0.06
ltdluck: folds 
alicetolapis: folds 
Uncalled bet ($0.04) returned to Sr ÁviIa
Sr ÁviIa collected $0.05 from pot
Sr ÁviIa: doesn't show hand 
*** SUMMARY ***
Total pot $0.05 | Rake $0 
Seat 1: Sr ÁviIa (button) collected ($0.05)
Seat 2: ltdluck (small blind) folded before Flop
Seat 3: alicetolapis (big blind) folded before Flop
Seat 4: mathplayer folded before Flop (didn't bet)
Seat 5: kAiba109 folded before Flop (didn't bet)
Seat 6: MandoopB folded before Flop (didn't bet)
Seat 7: donramon9 folded before Flop (didn't bet)
Seat 8: Dorex2007 folded before Flop (didn't bet)
Seat 9: olioli264 folded before Flop (didn't bet)



PokerStars Hand #238031503260:  Hold'em No Limit ($0.01/$0.02 USD) - 2022/08/16 13:25:35 PT [2022/08/16 16:25:35 ET]
Table 'McMath II' 9-max Seat #2 is the button
Seat 1: Sr ÁviIa ($0.77 in chips) 
Seat 2: ltdluck ($4.44 in chips) 
Seat 3: alicetolapis ($1.39 in chips) 
Seat 4: mathplayer ($0.81 in chips) 
Seat 5: kAiba109 ($0.80 in chips) 
Seat 6: MandoopB ($2.26 in chips) 
Seat 7: donramon9 ($1.35 in chips) 
Seat 8: Dorex2007 ($2.16 in chips) 
Seat 9: olioli264 ($1.94 in chips) 
alicetolapis: posts small blind $0.01
mathplayer: posts big blind $0.02
*** HOLE CARDS ***
Dealt to Dorex2007 [5c 9c]
kAiba109: folds 
MandoopB: folds 
donramon9: calls $0.02
Dorex2007: folds 
olioli264: folds 
Sr ÁviIa: folds 
ltdluck: folds 
alicetolapis: raises $0.02 to $0.04
mathplayer: folds 
donramon9: calls $0.02
*** FLOP *** [7s 6s 4c]
alicetolapis: bets $0.04
donramon9: folds 
Uncalled bet ($0.04) returned to alicetolapis
alicetolapis collected $0.10 from pot
alicetolapis: doesn't show hand 
*** SUMMARY ***
Total pot $0.10 | Rake $0 
Board [7s 6s 4c]
Seat 1: Sr ÁviIa folded before Flop (didn't bet)
Seat 2: ltdluck (button) folded before Flop (didn't bet)
Seat 3: alicetolapis (small blind) collected ($0.10)
Seat 4: mathplayer (big blind) folded before Flop
Seat 5: kAiba109 folded before Flop (didn't bet)
Seat 6: MandoopB folded before Flop (didn't bet)
Seat 7: donramon9 folded on the Flop
Seat 8: Dorex2007 folded before Flop (didn't bet)
Seat 9: olioli264 folded before Flop (didn't bet)



PokerStars Hand #238031516409:  Hold'em No Limit ($0.01/$0.02 USD) - 2022/08/16 13:26:10 PT [2022/08/16 16:26:10 ET]
Table 'McMath II' 9-max Seat #3 is the button
Seat 1: Sr ÁviIa ($0.77 in chips) 
Seat 2: ltdluck ($4.44 in chips) 
Seat 3: alicetolapis ($1.45 in chips) 
Seat 4: mathplayer ($0.79 in chips) 
Seat 5: kAiba109 ($0.80 in chips) 
Seat 6: MandoopB ($2.26 in chips) 
Seat 7: donramon9 ($1.31 in chips) 
Seat 8: Dorex2007 ($2.16 in chips) 
Seat 9: olioli264 ($1.94 in chips) 
mathplayer: posts small blind $0.01
kAiba109: posts big blind $0.02
*** HOLE CARDS ***
Dealt to Dorex2007 [Th 5d]
MandoopB: folds 
donramon9: calls $0.02
Dorex2007: folds 
olioli264: folds 
Sr ÁviIa: folds 
ltdluck: folds 
alicetolapis: raises $0.04 to $0.06
mathplayer: folds 
kAiba109: folds 
donramon9: calls $0.04
*** FLOP *** [9d 5c Td]
donramon9: checks 
alicetolapis: bets $0.04
donramon9: calls $0.04
*** TURN *** [9d 5c Td] [5h]
donramon9: checks 
alicetolapis: bets $0.07
donramon9: calls $0.07
*** RIVER *** [9d 5c Td 5h] [Ts]
donramon9: checks 
alicetolapis: bets $0.20
donramon9: calls $0.20
*** SHOW DOWN ***
alicetolapis: shows [Kh Tc] (a full house, Tens full of Fives)
donramon9: mucks hand 
alicetolapis collected $0.74 from pot
*** SUMMARY ***
Total pot $0.77 | Rake $0.03 
Board [9d 5c Td 5h Ts]
Seat 1: Sr ÁviIa folded before Flop (didn't bet)
Seat 2: ltdluck folded before Flop (didn't bet)
Seat 3: alicetolapis (button) showed [Kh Tc] and won ($0.74) with a full house, Tens full of Fives
Seat 4: mathplayer (small blind) folded before Flop
Seat 5: kAiba109 (big blind) folded before Flop
Seat 6: MandoopB folded before Flop (didn't bet)
Seat 7: donramon9 mucked [7d Ad]
Seat 8: Dorex2007 folded before Flop (didn't bet)
Seat 9: olioli264 folded before Flop (didn't bet)



PokerStars Hand #238031552441:  Hold'em No Limit ($0.01/$0.02 USD) - 2022/08/16 13:27:30 PT [2022/08/16 16:27:30 ET]
Table 'McMath II' 9-max Seat #4 is the button
Seat 1: Sr ÁviIa ($0.77 in chips) 
Seat 2: ltdluck ($4.44 in chips) 
Seat 3: alicetolapis ($1.82 in chips) 
Seat 4: mathplayer ($0.78 in chips) 
Seat 5: kAiba109 ($0.78 in chips) 
Seat 6: MandoopB ($2.26 in chips) 
Seat 7: donramon9 ($0.94 in chips) 
Seat 8: Dorex2007 ($2.16 in chips) 
Seat 9: olioli264 ($1.94 in chips) 
kAiba109: posts small blind $0.01
MandoopB: posts big blind $0.02
*** HOLE CARDS ***
Dealt to Dorex2007 [Qh 5d]
donramon9: folds 
Dorex2007: folds 
olioli264: folds 
Sr ÁviIa: folds 
ltdluck: folds 
alicetolapis: raises $0.04 to $0.06
mathplayer: folds 
kAiba109: folds 
MandoopB: folds 
Uncalled bet ($0.04) returned to alicetolapis
alicetolapis collected $0.05 from pot
alicetolapis: doesn't show hand 
*** SUMMARY ***
Total pot $0.05 | Rake $0 
Seat 1: Sr ÁviIa folded before Flop (didn't bet)
Seat 2: ltdluck folded before Flop (didn't bet)
Seat 3: alicetolapis collected ($0.05)
Seat 4: mathplayer (button) folded before Flop (didn't bet)
Seat 5: kAiba109 (small blind) folded before Flop
Seat 6: MandoopB (big blind) folded before Flop
Seat 7: donramon9 folded before Flop (didn't bet)
Seat 8: Dorex2007 folded before Flop (didn't bet)
Seat 9: olioli264 folded before Flop (didn't bet)



PokerStars Hand #238031562397:  Hold'em No Limit ($0.01/$0.02 USD) - 2022/08/16 13:27:56 PT [2022/08/16 16:27:56 ET]
Table 'McMath II' 9-max Seat #5 is the button
Seat 1: Sr ÁviIa ($0.77 in chips) 
Seat 2: ltdluck ($4.44 in chips) 
Seat 3: alicetolapis ($1.85 in chips) 
Seat 4: mathplayer ($0.78 in chips) 
Seat 5: kAiba109 ($0.77 in chips) 
Seat 6: MandoopB ($2.24 in chips) 
Seat 7: donramon9 ($1.16 in chips) 
Seat 8: Dorex2007 ($2.16 in chips) 
Seat 9: olioli264 ($1.94 in chips) 
MandoopB: posts small blind $0.01
donramon9: posts big blind $0.02
*** HOLE CARDS ***
Dealt to Dorex2007 [8h Jh]
Dorex2007: folds 
olioli264: calls $0.02
Sr ÁviIa: folds 
ltdluck: raises $0.04 to $0.06
alicetolapis: raises $0.04 to $0.10
mathplayer: folds 
kAiba109: folds 
MandoopB: folds 
donramon9: folds 
olioli264: folds 
ltdluck: raises $0.30 to $0.40
alicetolapis: calls $0.30
*** FLOP *** [8d 6d 2d]
ltdluck: bets $0.47
alicetolapis: calls $0.47
*** TURN *** [8d 6d 2d] [3s]
ltdluck: bets $0.98
alicetolapis: calls $0.98 and is all-in
*** RIVER *** [8d 6d 2d 3s] [5h]
*** SHOW DOWN ***
ltdluck: shows [Kd Kc] (a pair of Kings)
alicetolapis: shows [Jd Js] (a pair of Jacks)
ltdluck collected $3.62 from pot
*** SUMMARY ***
Total pot $3.75 | Rake $0.13 
Board [8d 6d 2d 3s 5h]
Seat 1: Sr ÁviIa folded before Flop (didn't bet)
Seat 2: ltdluck showed [Kd Kc] and won ($3.62) with a pair of Kings
Seat 3: alicetolapis showed [Jd Js] and lost with a pair of Jacks
Seat 4: mathplayer folded before Flop (didn't bet)
Seat 5: kAiba109 (button) folded before Flop (didn't bet)
Seat 6: MandoopB (small blind) folded before Flop
Seat 7: donramon9 (big blind) folded before Flop
Seat 8: Dorex2007 folded before Flop (didn't bet)
Seat 9: olioli264 folded before Flop



PokerStars Hand #238031593274:  Hold'em No Limit ($0.01/$0.02 USD) - 2022/08/16 13:29:17 PT [2022/08/16 16:29:17 ET]
Table 'McMath II' 9-max Seat #6 is the button
Seat 1: Sr ÁviIa ($0.77 in chips) 
Seat 2: ltdluck ($6.21 in chips) 
Seat 4: mathplayer ($0.78 in chips) 
Seat 5: kAiba109 ($0.77 in chips) 
Seat 6: MandoopB ($2.23 in chips) 
Seat 7: donramon9 ($1.14 in chips) 
Seat 8: Dorex2007 ($2.16 in chips) 
Seat 9: olioli264 ($1.92 in chips) 
donramon9: posts small blind $0.01
Dorex2007: posts big blind $0.02
*** HOLE CARDS ***
Dealt to Dorex2007 [3h Js]
olioli264: calls $0.02
Sr ÁviIa: folds 
ltdluck: folds 
mathplayer: calls $0.02
kAiba109: calls $0.02
MandoopB: folds 
donramon9: folds 
Dorex2007: checks 
*** FLOP *** [Jh Qh 9h]
alicetolapis leaves the table
Dorex2007: checks 
olioli264: checks 
Valduzas joins the table at seat #3 
mathplayer: checks 
kAiba109: bets $0.04
ltdluck leaves the table
Dorex2007: folds 
olioli264: folds 
mathplayer: folds 
Uncalled bet ($0.04) returned to kAiba109
kAiba109 collected $0.09 from pot
*** SUMMARY ***
Total pot $0.09 | Rake $0 
Board [Jh Qh 9h]
Seat 1: Sr ÁviIa folded before Flop (didn't bet)
Seat 2: ltdluck folded before Flop (didn't bet)
Seat 4: mathplayer folded on the Flop
Seat 5: kAiba109 collected ($0.09)
Seat 6: MandoopB (button) folded before Flop (didn't bet)
Seat 7: donramon9 (small blind) folded before Flop
Seat 8: Dorex2007 (big blind) folded on the Flop
Seat 9: olioli264 folded on the Flop



PokerStars Hand #238031612006:  Hold'em No Limit ($0.01/$0.02 USD) - 2022/08/16 13:30:05 PT [2022/08/16 16:30:05 ET]
Table 'McMath II' 9-max Seat #7 is the button
Seat 1: Sr ÁviIa ($0.77 in chips) 
Seat 4: mathplayer ($0.76 in chips) 
Seat 5: kAiba109 ($0.84 in chips) 
Seat 6: MandoopB ($2.23 in chips) 
Seat 7: donramon9 ($1.13 in chips) 
Seat 8: Dorex2007 ($2.14 in chips) 
Seat 9: olioli264 ($1.90 in chips) 
Dorex2007: posts small blind $0.01
olioli264: posts big blind $0.02
Valduzas: sits out 
*** HOLE CARDS ***
Dealt to Dorex2007 [9s Ts]
Sr ÁviIa: folds 
mathplayer: folds 
kAiba109: folds 
MandoopB: folds 
donramon9: folds 
Dorex2007: calls $0.01
olioli264: checks 
*** FLOP *** [4h Qc Td]
Dorex2007: checks 
olioli264: bets $0.04
Dorex2007: folds 
Uncalled bet ($0.04) returned to olioli264
olioli264 collected $0.04 from pot
olioli264: doesn't show hand 
*** SUMMARY ***
Total pot $0.04 | Rake $0 
Board [4h Qc Td]
Seat 1: Sr ÁviIa folded before Flop (didn't bet)
Seat 4: mathplayer folded before Flop (didn't bet)
Seat 5: kAiba109 folded before Flop (didn't bet)
Seat 6: MandoopB folded before Flop (didn't bet)
Seat 7: donramon9 (button) folded before Flop (didn't bet)
Seat 8: Dorex2007 (small blind) folded on the Flop
Seat 9: olioli264 (big blind) collected ($0.04)



PokerStars Hand #238031622608:  Hold'em No Limit ($0.01/$0.02 USD) - 2022/08/16 13:30:32 PT [2022/08/16 16:30:32 ET]
Table 'McMath II' 9-max Seat #8 is the button
Seat 1: Sr ÁviIa ($0.77 in chips) 
Seat 4: mathplayer ($0.76 in chips) 
Seat 5: kAiba109 ($0.84 in chips) 
Seat 6: MandoopB ($2.23 in chips) 
Seat 7: donramon9 ($1.13 in chips) 
Seat 8: Dorex2007 ($2.12 in chips) 
Seat 9: olioli264 ($1.92 in chips) 
olioli264: posts small blind $0.01
Sr ÁviIa: posts big blind $0.02
Valduzas: sits out 
*** HOLE CARDS ***
Dealt to Dorex2007 [3c 9c]
mathplayer: folds 
kAiba109: folds 
MandoopB: folds 
donramon9: folds 
Dorex2007: folds 
olioli264: raises $0.02 to $0.04
Sr ÁviIa: calls $0.02
*** FLOP *** [4s 7h 3h]
olioli264: checks 
Sr ÁviIa: bets $0.04
olioli264: folds 
Uncalled bet ($0.04) returned to Sr ÁviIa
Sr ÁviIa collected $0.08 from pot
Sr ÁviIa: doesn't show hand 
*** SUMMARY ***
Total pot $0.08 | Rake $0 
Board [4s 7h 3h]
Seat 1: Sr ÁviIa (big blind) collected ($0.08)
Seat 4: mathplayer folded before Flop (didn't bet)
Seat 5: kAiba109 folded before Flop (didn't bet)
Seat 6: MandoopB folded before Flop (didn't bet)
Seat 7: donramon9 folded before Flop (didn't bet)
Seat 8: Dorex2007 (button) folded before Flop (didn't bet)
Seat 9: olioli264 (small blind) folded on the Flop



PokerStars Hand #238031634851:  Hold'em No Limit ($0.01/$0.02 USD) - 2022/08/16 13:31:04 PT [2022/08/16 16:31:04 ET]
Table 'McMath II' 9-max Seat #9 is the button
Seat 1: Sr ÁviIa ($0.81 in chips) 
Seat 3: Valduzas ($2 in chips) 
Seat 4: mathplayer ($0.76 in chips) 
Seat 5: kAiba109 ($0.84 in chips) 
Seat 6: MandoopB ($2.23 in chips) 
Seat 8: Dorex2007 ($2.12 in chips) 
Seat 9: olioli264 ($1.88 in chips) 
Sr ÁviIa: posts small blind $0.01
Valduzas: posts big blind $0.02
*** HOLE CARDS ***
Dealt to Dorex2007 [9h 8c]
mathplayer: folds 
kAiba109: raises $0.02 to $0.04
MandoopB: folds 
Dorex2007: folds 
olioli264: folds 
Sr ÁviIa: folds 
Valduzas: folds 
Uncalled bet ($0.02) returned to kAiba109
kAiba109 collected $0.05 from pot
*** SUMMARY ***
Total pot $0.05 | Rake $0 
Seat 1: Sr ÁviIa (small blind) folded before Flop
Seat 3: Valduzas (big blind) folded before Flop
Seat 4: mathplayer folded before Flop (didn't bet)
Seat 5: kAiba109 collected ($0.05)
Seat 6: MandoopB folded before Flop (didn't bet)
Seat 8: Dorex2007 folded before Flop (didn't bet)
Seat 9: olioli264 (button) folded before Flop (didn't bet)



PokerStars Hand #238031641967:  Hold'em No Limit ($0.01/$0.02 USD) - 2022/08/16 13:31:22 PT [2022/08/16 16:31:22 ET]
Table 'McMath II' 9-max Seat #1 is the button
Seat 1: Sr ÁviIa ($0.80 in chips) 
Seat 3: Valduzas ($1.98 in chips) 
Seat 4: mathplayer ($0.76 in chips) 
Seat 5: kAiba109 ($0.87 in chips) 
Seat 6: MandoopB ($2.23 in chips) 
Seat 8: Dorex2007 ($2.12 in chips) 
Seat 9: olioli264 ($1.88 in chips) 
Valduzas: posts small blind $0.01
mathplayer: posts big blind $0.02
*** HOLE CARDS ***
Dealt to Dorex2007 [7c 5d]
kAiba109: folds 
MandoopB: folds 
yurayahip joins the table at seat #2 
Dorex2007: folds 
olioli264: folds 
Sr ÁviIa: folds 
Valduzas: raises $0.06 to $0.08
mathplayer: folds 
Uncalled bet ($0.06) returned to Valduzas
Valduzas collected $0.04 from pot
Valduzas: doesn't show hand 
*** SUMMARY ***
Total pot $0.04 | Rake $0 
Seat 1: Sr ÁviIa (button) folded before Flop (didn't bet)
Seat 3: Valduzas (small blind) collected ($0.04)
Seat 4: mathplayer (big blind) folded before Flop
Seat 5: kAiba109 folded before Flop (didn't bet)
Seat 6: MandoopB folded before Flop (didn't bet)
Seat 8: Dorex2007 folded before Flop (didn't bet)
Seat 9: olioli264 folded before Flop (didn't bet)



PokerStars Hand #238031650159:  Hold'em No Limit ($0.01/$0.02 USD) - 2022/08/16 13:31:43 PT [2022/08/16 16:31:43 ET]
Table 'McMath II' 9-max Seat #3 is the button
Seat 1: Sr ÁviIa ($0.80 in chips) 
Seat 3: Valduzas ($2 in chips) 
Seat 4: mathplayer ($0.74 in chips) 
Seat 5: kAiba109 ($0.87 in chips) 
Seat 6: MandoopB ($2.23 in chips) 
Seat 8: Dorex2007 ($2.12 in chips) 
Seat 9: olioli264 ($1.88 in chips) 
mathplayer: posts small blind $0.01
kAiba109: posts big blind $0.02
yurayahip: sits out 
*** HOLE CARDS ***
Dealt to Dorex2007 [4d 9h]
MandoopB: folds 
Dorex2007: folds 
olioli264: calls $0.02
Sr ÁviIa: calls $0.02
Valduzas: folds 
mathplayer: calls $0.01
kAiba109: raises $0.04 to $0.06
olioli264: calls $0.04
Sr ÁviIa: calls $0.04
mathplayer: calls $0.04
*** FLOP *** [9d Th Td]
mathplayer: checks 
kAiba109: bets $0.11
olioli264: folds 
Sr ÁviIa: calls $0.11
mathplayer: folds 
*** TURN *** [9d Th Td] [Qd]
kAiba109: bets $0.06
Sr ÁviIa: calls $0.06
*** RIVER *** [9d Th Td Qd] [7c]
kAiba109: bets $0.20
Sr ÁviIa: calls $0.20
*** SHOW DOWN ***
kAiba109: shows [Kc Ac] (a pair of Tens)
Sr ÁviIa: shows [8c Jc] (a straight, Eight to Queen)
Sr ÁviIa collected $0.95 from pot
*** SUMMARY ***
Total pot $0.98 | Rake $0.03 
Board [9d Th Td Qd 7c]
Seat 1: Sr ÁviIa showed [8c Jc] and won ($0.95) with a straight, Eight to Queen
Seat 3: Valduzas (button) folded before Flop (didn't bet)
Seat 4: mathplayer (small blind) folded on the Flop
Seat 5: kAiba109 (big blind) showed [Kc Ac] and lost with a pair of Tens
Seat 6: MandoopB folded before Flop (didn't bet)
Seat 8: Dorex2007 folded before Flop (didn't bet)
Seat 9: olioli264 folded on the Flop



PokerStars Hand #238031673603:  Hold'em No Limit ($0.01/$0.02 USD) - 2022/08/16 13:32:43 PT [2022/08/16 16:32:43 ET]
Table 'McMath II' 9-max Seat #4 is the button
Seat 1: Sr ÁviIa ($1.32 in chips) 
Seat 3: Valduzas ($2 in chips) 
Seat 4: mathplayer ($0.68 in chips) 
Seat 5: kAiba109 ($0.44 in chips) 
Seat 7: donramon9 ($1.13 in chips) 
Seat 8: Dorex2007 ($2.12 in chips) 
Seat 9: olioli264 ($1.82 in chips) 
kAiba109: posts small blind $0.01
donramon9: posts big blind $0.02
yurayahip: sits out 
*** HOLE CARDS ***
Dealt to Dorex2007 [5h Td]
Dorex2007: folds 
olioli264: calls $0.02
Sr ÁviIa: calls $0.02
Valduzas: folds 
mathplayer: raises $0.66 to $0.68 and is all-in
kAiba109: folds 
donramon9: raises $0.45 to $1.13 and is all-in
olioli264: folds 
Sr ÁviIa: folds 
Uncalled bet ($0.45) returned to donramon9
*** FLOP *** [5d 4h Qc]
*** TURN *** [5d 4h Qc] [5s]
*** RIVER *** [5d 4h Qc 5s] [Kd]
*** SHOW DOWN ***
donramon9: shows [Th Ts] (two pair, Tens and Fives)
mathplayer: shows [Kc Ad] (two pair, Kings and Fives)
mathplayer cashed out the hand for $0.57 | Cash Out Fee $0.01
*** SUMMARY ***
Total pot $1.41 | Rake $0.05 
Board [5d 4h Qc 5s Kd]
Seat 1: Sr ÁviIa folded before Flop
Seat 3: Valduzas folded before Flop (didn't bet)
Seat 4: mathplayer (button) showed [Kc Ad] and won ($1.36) with two pair, Kings and Fives (pot not awarded as player cashed out)
Seat 5: kAiba109 (small blind) folded before Flop
Seat 7: donramon9 (big blind) showed [Th Ts] and lost with two pair, Tens and Fives
Seat 8: Dorex2007 folded before Flop (didn't bet)
Seat 9: olioli264 folded before Flop



PokerStars Hand #238031686613:  Hold'em No Limit ($0.01/$0.02 USD) - 2022/08/16 13:33:17 PT [2022/08/16 16:33:17 ET]
Table 'McMath II' 9-max Seat #5 is the button
Seat 1: Sr ÁviIa ($1.30 in chips) 
Seat 3: Valduzas ($2 in chips) 
Seat 4: mathplayer ($0.57 in chips) 
Seat 5: kAiba109 ($0.43 in chips) 
Seat 7: donramon9 ($1.25 in chips) 
Seat 8: Dorex2007 ($2.12 in chips) 
Seat 9: olioli264 ($1.80 in chips) 
donramon9: posts small blind $0.01
Dorex2007: posts big blind $0.02
yurayahip: sits out 
*** HOLE CARDS ***
Dealt to Dorex2007 [Js Ts]
olioli264: calls $0.02
Sr ÁviIa: folds 
Valduzas: raises $0.03 to $0.05
mathplayer: folds 
kAiba109: folds 
donramon9: calls $0.04
Dorex2007: calls $0.03
olioli264: calls $0.03
*** FLOP *** [2h Qs 6s]
donramon9: checks 
Dorex2007: bets $0.19
olioli264: calls $0.19
Valduzas: folds 
donramon9: folds 
*** TURN *** [2h Qs 6s] [Ks]
Dorex2007: checks 
olioli264: bets $0.28
Dorex2007: raises $1.12 to $1.40
olioli264: raises $0.16 to $1.56 and is all-in
Dorex2007: calls $0.16
*** RIVER *** [2h Qs 6s Ks] [3s]
*** SHOW DOWN ***
Dorex2007: shows [Js Ts] (a flush, King high)
olioli264: shows [As 2s] (a flush, Ace high)
olioli264 collected $3.57 from pot
*** SUMMARY ***
Total pot $3.70 | Rake $0.13 
Board [2h Qs 6s Ks 3s]
Seat 1: Sr ÁviIa folded before Flop (didn't bet)
Seat 3: Valduzas folded on the Flop
Seat 4: mathplayer folded before Flop (didn't bet)
Seat 5: kAiba109 (button) folded before Flop (didn't bet)
Seat 7: donramon9 (small blind) folded on the Flop
Seat 8: Dorex2007 (big blind) showed [Js Ts] and lost with a flush, King high
Seat 9: olioli264 showed [As 2s] and won ($3.57) with a flush, Ace high



PokerStars Hand #238031713795:  Hold'em No Limit ($0.01/$0.02 USD) - 2022/08/16 13:34:28 PT [2022/08/16 16:34:28 ET]
Table 'McMath II' 9-max Seat #7 is the button
Seat 1: Sr ÁviIa ($1.30 in chips) 
Seat 3: Valduzas ($1.95 in chips) 
Seat 4: mathplayer ($0.57 in chips) 
Seat 5: kAiba109 ($0.43 in chips) 
Seat 7: donramon9 ($1.20 in chips) 
Seat 8: Dorex2007 ($2 in chips) 
Seat 9: olioli264 ($3.57 in chips) 
Dorex2007: posts small blind $0.01
olioli264: posts big blind $0.02
yurayahip: sits out 
MandoopB: sits out 
*** HOLE CARDS ***
Dealt to Dorex2007 [3h Qs]
Sr ÁviIa: folds 
Valduzas: folds 
mathplayer: folds 
kAiba109: folds 
donramon9: calls $0.02
Dorex2007: folds 
olioli264: checks 
*** FLOP *** [2c Th Ah]
olioli264: checks 
donramon9: bets $0.04
mathplayer leaves the table
olioli264: calls $0.04
*** TURN *** [2c Th Ah] [As]
olioli264: checks 
donramon9: checks 
*** RIVER *** [2c Th Ah As] [4h]
BrenoVns joins the table at seat #4 
olioli264: checks 
donramon9: bets $0.06
olioli264: calls $0.06
*** SHOW DOWN ***
donramon9: shows [8h 9h] (a flush, Ace high)
olioli264: mucks hand 
donramon9 collected $0.24 from pot
*** SUMMARY ***
Total pot $0.25 | Rake $0.01 
Board [2c Th Ah As 4h]
Seat 1: Sr ÁviIa folded before Flop (didn't bet)
Seat 3: Valduzas folded before Flop (didn't bet)
Seat 4: mathplayer folded before Flop (didn't bet)
Seat 5: kAiba109 folded before Flop (didn't bet)
Seat 7: donramon9 (button) showed [8h 9h] and won ($0.24) with a flush, Ace high
Seat 8: Dorex2007 (small blind) folded before Flop
Seat 9: olioli264 (big blind) mucked [5h 2h]



PokerStars Hand #238031733493:  Hold'em No Limit ($0.01/$0.02 USD) - 2022/08/16 13:35:19 PT [2022/08/16 16:35:19 ET]
Table 'McMath II' 9-max Seat #8 is the button
Seat 1: Sr ÁviIa ($1.30 in chips) 
Seat 3: Valduzas ($1.95 in chips) 
Seat 5: kAiba109 ($0.43 in chips) 
Seat 7: donramon9 ($1.32 in chips) 
Seat 8: Dorex2007 ($2 in chips) 
Seat 9: olioli264 ($3.45 in chips) 
olioli264: posts small blind $0.01
Sr ÁviIa: posts big blind $0.02
yurayahip: sits out 
BrenoVns: sits out 
MandoopB: sits out 
*** HOLE CARDS ***
Dealt to Dorex2007 [As 6c]
Valduzas: folds 
kAiba109: folds 
donramon9: folds 
Dorex2007: folds 
olioli264: folds 
Uncalled bet ($0.01) returned to Sr ÁviIa
Sr ÁviIa collected $0.02 from pot
Sr ÁviIa: doesn't show hand 
*** SUMMARY ***
Total pot $0.02 | Rake $0 
Seat 1: Sr ÁviIa (big blind) collected ($0.02)
Seat 3: Valduzas folded before Flop (didn't bet)
Seat 5: kAiba109 folded before Flop (didn't bet)
Seat 7: donramon9 folded before Flop (didn't bet)
Seat 8: Dorex2007 (button) folded before Flop (didn't bet)
Seat 9: olioli264 (small blind) folded before Flop



PokerStars Hand #238031738669:  Hold'em No Limit ($0.01/$0.02 USD) - 2022/08/16 13:35:33 PT [2022/08/16 16:35:33 ET]
Table 'McMath II' 9-max Seat #9 is the button
Seat 1: Sr ÁviIa ($1.31 in chips) 
Seat 2: yurayahip ($1.20 in chips) 
Seat 3: Valduzas ($1.95 in chips) 
Seat 5: kAiba109 ($0.43 in chips) 
Seat 7: donramon9 ($1.32 in chips) 
Seat 8: Dorex2007 ($2 in chips) 
Seat 9: olioli264 ($3.44 in chips) 
Sr ÁviIa: posts small blind $0.01
yurayahip: posts big blind $0.02
BrenoVns: sits out 
MandoopB: sits out 
*** HOLE CARDS ***
Dealt to Dorex2007 [2c Qc]
Valduzas: folds 
kAiba109: folds 
donramon9: folds 
Dorex2007: folds 
olioli264: folds 
Sr ÁviIa: raises $0.04 to $0.06
yurayahip: raises $0.04 to $0.10
Sr ÁviIa: calls $0.04
*** FLOP *** [5s 8h 9s]
Sr ÁviIa: checks 
yurayahip: bets $0.06
Sr ÁviIa: calls $0.06
*** TURN *** [5s 8h 9s] [Ts]
Sr ÁviIa: checks 
yurayahip: bets $0.14
Sr ÁviIa: calls $0.14
*** RIVER *** [5s 8h 9s Ts] [Jc]
Sr ÁviIa: checks 
yurayahip: checks 
*** SHOW DOWN ***
Sr ÁviIa: shows [Th Jh] (two pair, Jacks and Tens)
yurayahip: mucks hand 
Sr ÁviIa collected $0.58 from pot
*** SUMMARY ***
Total pot $0.60 | Rake $0.02 
Board [5s 8h 9s Ts Jc]
Seat 1: Sr ÁviIa (small blind) showed [Th Jh] and won ($0.58) with two pair, Jacks and Tens
Seat 2: yurayahip (big blind) mucked [Kc Ks]
Seat 3: Valduzas folded before Flop (didn't bet)
Seat 5: kAiba109 folded before Flop (didn't bet)
Seat 7: donramon9 folded before Flop (didn't bet)
Seat 8: Dorex2007 folded before Flop (didn't bet)
Seat 9: olioli264 (button) folded before Flop (didn't bet)



PokerStars Hand #238031764215:  Hold'em No Limit ($0.01/$0.02 USD) - 2022/08/16 13:36:39 PT [2022/08/16 16:36:39 ET]
Table 'McMath II' 9-max Seat #1 is the button
Seat 1: Sr ÁviIa ($1.59 in chips) 
Seat 2: yurayahip ($0.90 in chips) 
Seat 3: Valduzas ($1.95 in chips) 
Seat 5: kAiba109 ($0.43 in chips) 
Seat 7: donramon9 ($1.32 in chips) 
Seat 8: Dorex2007 ($2 in chips) 
Seat 9: olioli264 ($3.44 in chips) 
yurayahip: posts small blind $0.01
Valduzas: posts big blind $0.02
BrenoVns: sits out 
MandoopB: sits out 
*** HOLE CARDS ***
Dealt to Dorex2007 [Jh Kc]
kAiba109: raises $0.41 to $0.43 and is all-in
donramon9: folds 
Dorex2007: folds 
olioli264: folds 
Sr ÁviIa: folds 
yurayahip: folds 
Valduzas: folds 
Uncalled bet ($0.41) returned to kAiba109
kAiba109 collected $0.05 from pot
*** SUMMARY ***
Total pot $0.05 | Rake $0 
Seat 1: Sr ÁviIa (button) folded before Flop (didn't bet)
Seat 2: yurayahip (small blind) folded before Flop
Seat 3: Valduzas (big blind) folded before Flop
Seat 5: kAiba109 collected ($0.05)
Seat 7: donramon9 folded before Flop (didn't bet)
Seat 8: Dorex2007 folded before Flop (didn't bet)
Seat 9: olioli264 folded before Flop (didn't bet)



PokerStars Hand #238031780111:  Hold'em No Limit ($0.01/$0.02 USD) - 2022/08/16 13:37:21 PT [2022/08/16 16:37:21 ET]
Table 'McMath II' 9-max Seat #2 is the button
Seat 1: Sr ÁviIa ($1.59 in chips) 
Seat 2: yurayahip ($0.89 in chips) 
Seat 3: Valduzas ($1.93 in chips) 
Seat 4: BrenoVns ($2 in chips) 
Seat 5: kAiba109 ($0.46 in chips) 
Seat 7: donramon9 ($1.32 in chips) 
Seat 8: Dorex2007 ($2 in chips) 
Seat 9: olioli264 ($3.44 in chips) 
Valduzas: posts small blind $0.01
BrenoVns: posts big blind $0.02
MandoopB: sits out 
*** HOLE CARDS ***
Dealt to Dorex2007 [5h Ac]
kAiba109: raises $0.44 to $0.46 and is all-in
donramon9: folds 
Dorex2007: folds 
olioli264: folds 
Sr ÁviIa: folds 
yurayahip: folds 
Valduzas: folds 
BrenoVns: calls $0.44
*** FLOP *** [8c 3h 9s]
*** TURN *** [8c 3h 9s] [Kc]
*** RIVER *** [8c 3h 9s Kc] [7c]
*** SHOW DOWN ***
BrenoVns: shows [Ks As] (a pair of Kings)
kAiba109: shows [Kd Qd] (a pair of Kings - lower kicker)
BrenoVns collected $0.90 from pot
*** SUMMARY ***
Total pot $0.93 | Rake $0.03 
Board [8c 3h 9s Kc 7c]
Seat 1: Sr ÁviIa folded before Flop (didn't bet)
Seat 2: yurayahip (button) folded before Flop (didn't bet)
Seat 3: Valduzas (small blind) folded before Flop
Seat 4: BrenoVns (big blind) showed [Ks As] and won ($0.90) with a pair of Kings
Seat 5: kAiba109 showed [Kd Qd] and lost with a pair of Kings
Seat 7: donramon9 folded before Flop (didn't bet)
Seat 8: Dorex2007 folded before Flop (didn't bet)
Seat 9: olioli264 folded before Flop (didn't bet)



PokerStars Hand #238031793191:  Hold'em No Limit ($0.01/$0.02 USD) - 2022/08/16 13:37:55 PT [2022/08/16 16:37:55 ET]
Table 'McMath II' 9-max Seat #3 is the button
Seat 1: Sr ÁviIa ($1.59 in chips) 
Seat 2: yurayahip ($0.89 in chips) 
Seat 3: Valduzas ($1.92 in chips) 
Seat 4: BrenoVns ($2.44 in chips) 
Seat 6: MandoopB ($2.23 in chips) 
Seat 7: donramon9 ($1.32 in chips) 
Seat 8: Dorex2007 ($2 in chips) 
Seat 9: olioli264 ($3.44 in chips) 
BrenoVns: posts small blind $0.01
MandoopB: posts big blind $0.02
*** HOLE CARDS ***
Dealt to Dorex2007 [6d 6h]
donramon9: folds 
Dorex2007: calls $0.02
kAiba109 leaves the table
olioli264: folds 
Sr ÁviIa: folds 
yurayahip: folds 
Valduzas: folds 
BrenoVns: folds 
MandoopB: checks 
*** FLOP *** [3s Qs 3c]
MandoopB: checks 
Dorex2007: checks 
*** TURN *** [3s Qs 3c] [3h]
MandoopB: checks 
Dorex2007: bets $0.05
MandoopB: folds 
Uncalled bet ($0.05) returned to Dorex2007
Dorex2007 collected $0.05 from pot
Dorex2007: doesn't show hand 
*** SUMMARY ***
Total pot $0.05 | Rake $0 
Board [3s Qs 3c 3h]
Seat 1: Sr ÁviIa folded before Flop (didn't bet)
Seat 2: yurayahip folded before Flop (didn't bet)
Seat 3: Valduzas (button) folded before Flop (didn't bet)
Seat 4: BrenoVns (small blind) folded before Flop
Seat 6: MandoopB (big blind) folded on the Turn
Seat 7: donramon9 folded before Flop (didn't bet)
Seat 8: Dorex2007 collected ($0.05)
Seat 9: olioli264 folded before Flop (didn't bet)



PokerStars Hand #238031807753:  Hold'em No Limit ($0.01/$0.02 USD) - 2022/08/16 13:38:34 PT [2022/08/16 16:38:34 ET]
Table 'McMath II' 9-max Seat #4 is the button
Seat 1: Sr ÁviIa ($1.59 in chips) 
Seat 2: yurayahip ($0.89 in chips) 
Seat 3: Valduzas ($1.92 in chips) 
Seat 4: BrenoVns ($2.43 in chips) 
Seat 6: MandoopB ($2.21 in chips) 
Seat 7: donramon9 ($1.32 in chips) 
Seat 8: Dorex2007 ($2.03 in chips) 
Seat 9: olioli264 ($3.44 in chips) 
MandoopB: posts small blind $0.01
donramon9: posts big blind $0.02
*** HOLE CARDS ***
Dealt to Dorex2007 [4h 8c]
Dorex2007: folds 
olioli264: calls $0.02
Sr ÁviIa: calls $0.02
yurayahip: folds 
Valduzas: folds 
BrenoVns: folds 
MandoopB: raises $0.06 to $0.08
donramon9: folds 
vavillonn joins the table at seat #5 
olioli264: calls $0.06
Sr ÁviIa: calls $0.06
*** FLOP *** [4d 2s Ts]
MandoopB: bets $0.19
olioli264: folds 
Sr ÁviIa: folds 
Uncalled bet ($0.19) returned to MandoopB
MandoopB collected $0.25 from pot
MandoopB: doesn't show hand 
*** SUMMARY ***
Total pot $0.26 | Rake $0.01 
Board [4d 2s Ts]
Seat 1: Sr ÁviIa folded on the Flop
Seat 2: yurayahip folded before Flop (didn't bet)
Seat 3: Valduzas folded before Flop (didn't bet)
Seat 4: BrenoVns (button) folded before Flop (didn't bet)
Seat 6: MandoopB (small blind) collected ($0.25)
Seat 7: donramon9 (big blind) folded before Flop
Seat 8: Dorex2007 folded before Flop (didn't bet)
Seat 9: olioli264 folded on the Flop



PokerStars Hand #238031829397:  Hold'em No Limit ($0.01/$0.02 USD) - 2022/08/16 13:39:30 PT [2022/08/16 16:39:30 ET]
Table 'McMath II' 9-max Seat #6 is the button
Seat 1: Sr ÁviIa ($1.51 in chips) 
Seat 2: yurayahip ($1.23 in chips) 
Seat 3: Valduzas ($1.92 in chips) 
Seat 4: BrenoVns ($2.43 in chips) 
Seat 5: vavillonn ($0.80 in chips) 
Seat 6: MandoopB ($2.38 in chips) 
Seat 8: Dorex2007 ($2.03 in chips) 
Seat 9: olioli264 ($3.36 in chips) 
Dorex2007: posts small blind $0.01
olioli264: posts big blind $0.02
vavillonn: posts big blind $0.02
*** HOLE CARDS ***
Dealt to Dorex2007 [9d 4c]
Sr ÁviIa: folds 
yurayahip: folds 
Valduzas: folds 
BrenoVns: folds 
vavillonn: checks 
MandoopB: folds 
Dorex2007: folds 
olioli264: raises $0.04 to $0.06
vavillonn: folds 
Uncalled bet ($0.04) returned to olioli264
olioli264 collected $0.05 from pot
olioli264: doesn't show hand 
*** SUMMARY ***
Total pot $0.05 | Rake $0 
Seat 1: Sr ÁviIa folded before Flop (didn't bet)
Seat 2: yurayahip folded before Flop (didn't bet)
Seat 3: Valduzas folded before Flop (didn't bet)
Seat 4: BrenoVns folded before Flop (didn't bet)
Seat 5: vavillonn folded before Flop (didn't bet)
Seat 6: MandoopB (button) folded before Flop (didn't bet)
Seat 8: Dorex2007 (small blind) folded before Flop
Seat 9: olioli264 (big blind) collected ($0.05)



PokerStars Hand #238031836235:  Hold'em No Limit ($0.01/$0.02 USD) - 2022/08/16 13:39:48 PT [2022/08/16 16:39:48 ET]
Table 'McMath II' 9-max Seat #8 is the button
Seat 1: Sr ÁviIa ($1.51 in chips) 
Seat 2: yurayahip ($1.23 in chips) 
Seat 3: Valduzas ($1.92 in chips) 
Seat 4: BrenoVns ($2.43 in chips) 
Seat 5: vavillonn ($0.78 in chips) 
Seat 6: MandoopB ($2.38 in chips) 
Seat 8: Dorex2007 ($2.02 in chips) 
Seat 9: olioli264 ($3.39 in chips) 
olioli264: posts small blind $0.01
Sr ÁviIa: posts big blind $0.02
*** HOLE CARDS ***
Dealt to Dorex2007 [2c As]
yurayahip: folds 
Valduzas: raises $0.04 to $0.06
BrenoVns: folds 
vavillonn: folds 
MandoopB: folds 
Dorex2007: folds 
olioli264: folds 
Sr ÁviIa: folds 
Uncalled bet ($0.04) returned to Valduzas
Valduzas collected $0.05 from pot
Valduzas: doesn't show hand 
*** SUMMARY ***
Total pot $0.05 | Rake $0 
Seat 1: Sr ÁviIa (big blind) folded before Flop
Seat 2: yurayahip folded before Flop (didn't bet)
Seat 3: Valduzas collected ($0.05)
Seat 4: BrenoVns folded before Flop (didn't bet)
Seat 5: vavillonn folded before Flop (didn't bet)
Seat 6: MandoopB folded before Flop (didn't bet)
Seat 8: Dorex2007 (button) folded before Flop (didn't bet)
Seat 9: olioli264 (small blind) folded before Flop



PokerStars Hand #238031841922:  Hold'em No Limit ($0.01/$0.02 USD) - 2022/08/16 13:40:03 PT [2022/08/16 16:40:03 ET]
Table 'McMath II' 9-max Seat #9 is the button
Seat 1: Sr ÁviIa ($1.49 in chips) 
Seat 2: yurayahip ($1.23 in chips) 
Seat 3: Valduzas ($1.95 in chips) 
Seat 4: BrenoVns ($2.43 in chips) 
Seat 5: vavillonn ($0.78 in chips) 
Seat 6: MandoopB ($2.38 in chips) 
Seat 8: Dorex2007 ($2.02 in chips) 
Seat 9: olioli264 ($3.38 in chips) 
Sr ÁviIa: posts small blind $0.01
yurayahip: posts big blind $0.02
*** HOLE CARDS ***
Dealt to Dorex2007 [4h Js]
Valduzas: raises $0.03 to $0.05
BrenoVns: folds 
vavillonn: folds 
MandoopB: folds 
Dorex2007: folds 
olioli264: folds 
Sr ÁviIa: folds 
yurayahip: folds 
Uncalled bet ($0.03) returned to Valduzas
Valduzas collected $0.05 from pot
Valduzas: doesn't show hand 
*** SUMMARY ***
Total pot $0.05 | Rake $0 
Seat 1: Sr ÁviIa (small blind) folded before Flop
Seat 2: yurayahip (big blind) folded before Flop
Seat 3: Valduzas collected ($0.05)
Seat 4: BrenoVns folded before Flop (didn't bet)
Seat 5: vavillonn folded before Flop (didn't bet)
Seat 6: MandoopB folded before Flop (didn't bet)
Seat 8: Dorex2007 folded before Flop (didn't bet)
Seat 9: olioli264 (button) folded before Flop (didn't bet)



PokerStars Hand #238031852735:  Hold'em No Limit ($0.01/$0.02 USD) - 2022/08/16 13:40:32 PT [2022/08/16 16:40:32 ET]
Table 'McMath II' 9-max Seat #1 is the button
Seat 1: Sr ÁviIa ($1.48 in chips) 
Seat 2: yurayahip ($1.21 in chips) 
Seat 3: Valduzas ($1.98 in chips) 
Seat 4: BrenoVns ($2.43 in chips) 
Seat 5: vavillonn ($0.78 in chips) 
Seat 6: MandoopB ($2.38 in chips) 
Seat 8: Dorex2007 ($2.02 in chips) 
Seat 9: olioli264 ($3.38 in chips) 
yurayahip: posts small blind $0.01
Valduzas: posts big blind $0.02
*** HOLE CARDS ***
Dealt to Dorex2007 [9c 3c]
BrenoVns: folds 
vavillonn: raises $0.04 to $0.06
MandoopB: folds 
Dorex2007: folds 
olioli264: calls $0.06
Sr ÁviIa: folds 
yurayahip: folds 
Valduzas: folds 
*** FLOP *** [4d Kc 3s]
vavillonn: bets $0.09
olioli264: calls $0.09
*** TURN *** [4d Kc 3s] [6c]
vavillonn: bets $0.63 and is all-in
olioli264: calls $0.63
*** RIVER *** [4d Kc 3s 6c] [3h]
*** SHOW DOWN ***
vavillonn: shows [Ac Kh] (two pair, Kings and Threes)
olioli264: shows [4h 4c] (a full house, Fours full of Threes)
olioli264 collected $1.53 from pot
*** SUMMARY ***
Total pot $1.59 | Rake $0.06 
Board [4d Kc 3s 6c 3h]
Seat 1: Sr ÁviIa (button) folded before Flop (didn't bet)
Seat 2: yurayahip (small blind) folded before Flop
Seat 3: Valduzas (big blind) folded before Flop
Seat 4: BrenoVns folded before Flop (didn't bet)
Seat 5: vavillonn showed [Ac Kh] and lost with two pair, Kings and Threes
Seat 6: MandoopB folded before Flop (didn't bet)
Seat 8: Dorex2007 folded before Flop (didn't bet)
Seat 9: olioli264 showed [4h 4c] and won ($1.53) with a full house, Fours full of Threes



